  <div class='ocr_page' id='page_1' title='image "/cluster/home/n/w/nwhite01/storage/ocr_20150623/35/uva.x000827104/343.png"; bbox 0 0 3994 6374; ppageno 0'>
   <div class='ocr_carea' id='block_1_1' title="bbox 626 259 765 316">
    <p class='ocr_par' dir='ltr' id='par_1_1' title="bbox 626 259 765 316">
     <span class='ocr_line' id='line_1_1' title="bbox 626 259 765 316; baseline 0 0"><span class='ocrx_word' id='word_1_1' title='bbox 626 259 765 316; x_wconf 76' lang='grc'><strong>1979</strong></span> 
     </span>
    </p>
   </div>
   <div class='ocr_carea' id='block_1_2' title="bbox 628 354 2205 443">
    <p class='ocr_par' dir='ltr' id='par_1_2' title="bbox 628 354 2205 443">
     <span class='ocr_line' id='line_1_2' title="bbox 628 354 2205 443; baseline -0.02 -11"><span class='ocrx_word' id='word_1_2' title='bbox 628 379 776 432; x_wconf 70' lang='lat' dir='ltr'><strong>homo</strong></span> <span class='ocrx_word' id='word_1_3' title='bbox 806 371 978 443; x_wconf 80' lang='lat' dir='ltr'><strong>(Psat.</strong></span> <span class='ocrx_word' id='word_1_4' title='bbox 1018 382 1214 432; x_wconf 66' lang='lat' dir='ltr'><strong>cum,</strong></span> <span class='ocrx_word' id='word_1_5' title='bbox 1248 363 1362 436; x_wconf 72' lang='lat'><strong>25).</strong></span> <span class='ocrx_word' id='word_1_6' title='bbox 1404 362 1545 432; x_wconf 84' lang='lat' dir='ltr'><strong>Ergo</strong></span> <span class='ocrx_word' id='word_1_7' title='bbox 1584 354 1920 412; x_wconf 84' lang='lat' dir='ltr'><strong>manifestata</strong></span> <span class='ocrx_word' id='word_1_8' title='bbox 1966 360 2048 404; x_wconf 90' lang='lat' dir='ltr'><strong>est</strong></span> <span class='ocrx_word' id='word_1_9' title='bbox 2089 360 2205 418; x_wconf 80' lang='lat' dir='ltr'><strong>ipsa</strong></span> 
     </span>
    </p>
   </div>
   <div class='ocr_carea' id='block_1_3' title="bbox 629 447 2209 532">
    <p class='ocr_par' dir='ltr' id='par_1_3' title="bbox 629 447 2209 532">
     <span class='ocr_line' id='line_1_3' title="bbox 629 447 2209 532; baseline -0.02 -8"><span class='ocrx_word' id='word_1_10' title='bbox 629 469 735 524; x_wconf 87' lang='lat' dir='ltr'><strong>vita</strong></span> <span class='ocrx_word' id='word_1_11' title='bbox 766 467 818 521; x_wconf 89' lang='lat' dir='ltr'><strong>in</strong></span> <span class='ocrx_word' id='word_1_12' title='bbox 855 477 1051 527; x_wconf 88' lang='lat' dir='ltr'><strong>carne;</strong></span> <span class='ocrx_word' id='word_1_13' title='bbox 1080 460 1202 532; x_wconf 85' lang='lat' dir='ltr'><strong>quia</strong></span> <span class='ocrx_word' id='word_1_14' title='bbox 1233 458 1285 513; x_wconf 91' lang='lat' dir='ltr'><strong>in</strong></span> <span class='ocrx_word' id='word_1_15' title='bbox 1316 452 1745 517; x_wconf 78' lang='lat' dir='ltr'><strong>ntanilestatione</strong></span> <span class='ocrx_word' id='word_1_16' title='bbox 1786 447 1958 518; x_wconf 82' lang='lat' dir='ltr'><strong>posita</strong></span> <span class='ocrx_word' id='word_1_17' title='bbox 1995 450 2109 508; x_wconf 86' lang='lat' dir='ltr'><strong>est,</strong></span> <span class='ocrx_word' id='word_1_18' title='bbox 2151 448 2209 494; x_wconf 92' lang='lat' dir='ltr'><strong>ut</strong></span> 
     </span>
    </p>
   </div>
   <div class='ocr_carea' id='block_1_4' title="bbox 627 533 2206 627">
    <p class='ocr_par' dir='ltr' id='par_1_4' title="bbox 627 533 2206 627">
     <span class='ocr_line' id='line_1_4' title="bbox 627 533 2206 627; baseline -0.02 -10"><span class='ocrx_word' id='word_1_19' title='bbox 627 576 719 617; x_wconf 80' lang='lat' dir='ltr'><strong>res</strong></span> <span class='ocrx_word' id='word_1_20' title='bbox 744 572 863 627; x_wconf 70' lang='lat' dir='ltr'><strong>qum</strong></span> <span class='ocrx_word' id='word_1_21' title='bbox 890 554 1006 610; x_wconf 90' lang='lat' dir='ltr'><strong>solo</strong></span> <span class='ocrx_word' id='word_1_22' title='bbox 1031 551 1194 619; x_wconf 80' lang='lat' dir='ltr'><strong>corde</strong></span> <span class='ocrx_word' id='word_1_23' title='bbox 1217 549 1401 623; x_wconf 38' lang='lat' dir='ltr'><strong>videri-</strong></span> <span class='ocrx_word' id='word_1_24' title='bbox 1406 555 1610 623; x_wconf 85' lang='lat' dir='ltr'><strong>potest,</strong></span> <span class='ocrx_word' id='word_1_25' title='bbox 1640 542 1915 619; x_wconf 80' lang='lat' dir='ltr'><strong>videretur</strong></span> <span class='ocrx_word' id='word_1_26' title='bbox 1937 543 1991 609; x_wconf 83' lang='lat' dir='ltr'><strong>ct</strong></span> <span class='ocrx_word' id='word_1_27' title='bbox 2018 533 2206 599; x_wconf 84' lang='lat' dir='ltr'><strong>oculis,</strong></span> 
     </span>
    </p>
   </div>
   <div class='ocr_carea' id='block_1_5' title="bbox 629 628 2204 708">
    <p class='ocr_par' dir='ltr' id='par_1_5' title="bbox 629 628 2204 708">
     <span class='ocr_line' id='line_1_5' title="bbox 629 628 2204 708; baseline -0.019 0"><span class='ocrx_word' id='word_1_28' title='bbox 629 661 689 708; x_wconf 89' lang='grc' dir='ltr'><strong>ιιι</strong></span> <span class='ocrx_word' id='word_1_29' title='bbox 713 648 875 706; x_wconf 90' lang='lat' dir='ltr'><strong>corda</strong></span> <span class='ocrx_word' id='word_1_30' title='bbox 900 652 1134 701; x_wconf 88' lang='lat' dir='ltr'><strong>sanaret.</strong></span> <span class='ocrx_word' id='word_1_31' title='bbox 1162 642 1288 698; x_wconf 91' lang='lat' dir='ltr'><strong>Solo</strong></span> <span class='ocrx_word' id='word_1_32' title='bbox 1315 640 1457 697; x_wconf 91' lang='lat' dir='ltr'><strong>enim</strong></span> <span class='ocrx_word' id='word_1_33' title='bbox 1503 636 1663 694; x_wconf 87' lang='lat' dir='ltr'><strong>corde</strong></span> <span class='ocrx_word' id='word_1_34' title='bbox 1693 634 1899 689; x_wconf 89' lang='lat' dir='ltr'><strong>videtur</strong></span> <span class='ocrx_word' id='word_1_35' title='bbox 1933 628 2161 684; x_wconf 82' lang='lat' dir='ltr'><strong>Verbum</strong></span> <span class='ocrx_word' id='word_1_36' title='bbox 2192 642 2204 678; x_wconf 93' lang='lat'>:</span> 
     </span>
    </p>
   </div>
   <div class='ocr_carea' id='block_1_6' title="bbox 629 717 2213 802">
    <p class='ocr_par' dir='ltr' id='par_1_6' title="bbox 629 717 2213 802">
     <span class='ocr_line' id='line_1_6' title="bbox 629 717 2213 802; baseline -0.015 -4"><span class='ocrx_word' id='word_1_37' title='bbox 629 757 755 799; x_wconf 86' lang='lat' dir='ltr'><strong>caro</strong></span> <span class='ocrx_word' id='word_1_38' title='bbox 779 748 957 795; x_wconf 88' lang='lat' dir='ltr'><strong>autem</strong></span> <span class='ocrx_word' id='word_1_39' title='bbox 986 744 1042 792; x_wconf 88' lang='lat' dir='ltr'><strong>et</strong></span> <span class='ocrx_word' id='word_1_40' title='bbox 1065 734 1232 789; x_wconf 90' lang='lat' dir='ltr'><strong>oculis</strong></span> <span class='ocrx_word' id='word_1_41' title='bbox 1260 729 1623 802; x_wconf 79' lang='lat' dir='ltr'><strong>corporalibus</strong></span> <span class='ocrx_word' id='word_1_42' title='bbox 1650 722 2048 787; x_wconf 49' lang='lat' dir='ltr'><strong>videtur.-Erat</strong></span> <span class='ocrx_word' id='word_1_43' title='bbox 2072 717 2213 774; x_wconf 81' lang='lat' dir='ltr'><strong>unde</strong></span> 
     </span>
    </p>
   </div>
   <div class='ocr_carea' id='block_1_7' title="bbox 630 810 2214 895">
    <p class='ocr_par' dir='ltr' id='par_1_7' title="bbox 630 810 2214 895">
     <span class='ocr_line' id='line_1_7' title="bbox 630 810 2214 895; baseline -0.016 -6"><span class='ocrx_word' id='word_1_44' title='bbox 630 832 933 889; x_wconf 82' lang='lat' dir='ltr'><strong>videremus</strong></span> <span class='ocrx_word' id='word_1_45' title='bbox 977 840 1215 891; x_wconf 88' lang='lat' dir='ltr'><strong>carnem,</strong></span> <span class='ocrx_word' id='word_1_46' title='bbox 1268 821 1364 878; x_wconf 90' lang='lat' dir='ltr'><strong>sed</strong></span> <span class='ocrx_word' id='word_1_47' title='bbox 1413 836 1519 875; x_wconf 92' lang='lat' dir='ltr'><strong>non</strong></span> <span class='ocrx_word' id='word_1_48' title='bbox 1571 826 1685 874; x_wconf 87' lang='lat' dir='ltr'><strong>erat</strong></span> <span class='ocrx_word' id='word_1_49' title='bbox 1736 814 1877 870; x_wconf 93' lang='lat' dir='ltr'><strong>unde</strong></span> <span class='ocrx_word' id='word_1_50' title='bbox 1910 810 2214 895; x_wconf 78' lang='lat' dir='ltr'><strong>videremus</strong></span> 
     </span>
    </p>
   </div>
   <div class='ocr_carea' id='block_1_8' title="bbox 633 896 2216 981">
    <p class='ocr_par' dir='ltr' id='par_1_8' title="bbox 633 896 2216 981">
     <span class='ocr_line' id='line_1_8' title="bbox 633 896 2216 981; baseline -0.017 0"><span class='ocrx_word' id='word_1_51' title='bbox 633 924 869 981; x_wconf 80' lang='lat' dir='ltr'><strong>Verbum</strong></span> <span class='ocrx_word' id='word_1_52' title='bbox 916 938 931 974; x_wconf 89' lang='lat'><strong>:</strong></span> <span class='ocrx_word' id='word_1_53' title='bbox 984 918 1180 974; x_wconf 82' lang='lat' dir='ltr'><strong>factum</strong></span> <span class='ocrx_word' id='word_1_54' title='bbox 1226 922 1311 971; x_wconf 87' lang='lat' dir='ltr'><strong>est</strong></span> <span class='ocrx_word' id='word_1_55' title='bbox 1356 902 1588 969; x_wconf 71' lang='lat' dir='ltr'><strong>Verbum</strong></span> <span class='ocrx_word' id='word_1_56' title='bbox 1634 924 1783 973; x_wconf 88' lang='lat' dir='ltr'><strong>caro,</strong></span> <span class='ocrx_word' id='word_1_57' title='bbox 1831 898 1992 977; x_wconf 82' lang='lat' dir='ltr'><strong>quam</strong></span> <span class='ocrx_word' id='word_1_58' title='bbox 2026 896 2216 957; x_wconf 60' lang='lat' dir='ltr'><strong>Videre</strong></span> 
     </span>
    </p>
   </div>
   <div class='ocr_carea' id='block_1_9' title="bbox 633 994 2218 1089">
    <p class='ocr_par' dir='ltr' id='par_1_9' title="bbox 633 994 2218 1089">
     <span class='ocr_line' id='line_1_9' title="bbox 633 994 2218 1089; baseline -0.015 -18"><span class='ocrx_word' id='word_1_59' title='bbox 633 1028 913 1089; x_wconf 84' lang='lat' dir='ltr'><strong>possemus</strong></span> <span class='ocrx_word' id='word_1_60' title='bbox 935 1052 953 1081; x_wconf 93' lang='lat'><strong>,</strong></span> <span class='ocrx_word' id='word_1_61' title='bbox 993 1018 1051 1076; x_wconf 90' lang='lat' dir='ltr'><strong>ut</strong></span> <span class='ocrx_word' id='word_1_62' title='bbox 1094 1014 1372 1065; x_wconf 87' lang='lat' dir='ltr'><strong>sanaretur</strong></span> <span class='ocrx_word' id='word_1_63' title='bbox 1394 1006 1471 1059; x_wconf 11' lang='lat' dir='ltr'><strong>elui</strong></span> <span class='ocrx_word' id='word_1_64' title='bbox 1501 1000 1660 1058; x_wconf 80' lang='lat' dir='ltr'><strong>nobis</strong></span> <span class='ocrx_word' id='word_1_65' title='bbox 1698 996 1838 1056; x_wconf 76' lang='lat' dir='ltr'><strong>unde</strong></span> <span class='ocrx_word' id='word_1_66' title='bbox 1871 994 2104 1053; x_wconf 71' lang='lat' dir='ltr'><strong>Verbum</strong></span> <span class='ocrx_word' id='word_1_67' title='bbox 2138 994 2218 1048; x_wconf 80' lang='lat' dir='ltr'><strong>vi-</strong></span> 
     </span>
    </p>
   </div>
   <div class='ocr_carea' id='block_1_10' title="bbox 633 1108 903 1165">
    <p class='ocr_par' dir='ltr' id='par_1_10' title="bbox 633 1108 903 1165">
     <span class='ocr_line' id='line_1_10' title="bbox 633 1108 903 1165; baseline -0.026 0"><span class='ocrx_word' id='word_1_68' title='bbox 633 1108 903 1165; x_wconf 85' lang='lat' dir='ltr'><strong>deremus.</strong></span> 
     </span>
    </p>
   </div>
   <div class='ocr_carea' id='block_1_11' title="bbox 706 1179 2217 1259">
    <p class='ocr_par' dir='ltr' id='par_1_11' title="bbox 706 1179 2217 1259">
     <span class='ocr_line' id='line_1_11' title="bbox 706 1179 2217 1259; baseline -0.017 -4"><span class='ocrx_word' id='word_1_69' title='bbox 706 1200 764 1254; x_wconf 73' lang='grc'><strong>2.</strong></span> <span class='ocrx_word' id='word_1_70' title='bbox 786 1197 858 1253; x_wconf 82' lang='lat' dir='ltr'><strong>Et</strong></span> <span class='ocrx_word' id='word_1_71' title='bbox 882 1194 1119 1259; x_wconf 82' lang='lat' dir='ltr'><strong>uidimus,</strong></span> <span class='ocrx_word' id='word_1_72' title='bbox 1148 1201 1195 1247; x_wconf 89' lang='lat' dir='ltr'><strong>et</strong></span> <span class='ocrx_word' id='word_1_73' title='bbox 1219 1198 1365 1246; x_wconf 64' lang='lat' dir='ltr'><strong>testis</strong></span> <span class='ocrx_word' id='word_1_74' title='bbox 1386 1198 1576 1244; x_wconf 76' lang='lat' dir='ltr'><strong>sumus.</strong></span> <span class='ocrx_word' id='word_1_75' title='bbox 1598 1185 1769 1239; x_wconf 71' lang='lat' dir='ltr'><strong>Ferte</strong></span> <span class='ocrx_word' id='word_1_76' title='bbox 1796 1181 1959 1252; x_wconf 85' lang='lat' dir='ltr'><strong>aliqui</strong></span> <span class='ocrx_word' id='word_1_77' title='bbox 1996 1179 2217 1233; x_wconf 76' lang='lat' dir='ltr'><strong>fratrum</strong></span> 
     </span>
    </p>
   </div>
   <div class='ocr_carea' id='block_1_12' title="bbox 635 1274 2219 1360">
    <p class='ocr_par' dir='ltr' id='par_1_12' title="bbox 635 1274 2219 1360">
     <span class='ocr_line' id='line_1_12' title="bbox 635 1274 2219 1360; baseline -0.016 -10"><span class='ocrx_word' id='word_1_78' title='bbox 635 1294 917 1357; x_wconf 89' lang='lat' dir='ltr'><strong>nesciunt,</strong></span> <span class='ocrx_word' id='word_1_79' title='bbox 946 1289 1034 1360; x_wconf 89' lang='lat' dir='ltr'><strong>qui</strong></span> <span class='ocrx_word' id='word_1_80' title='bbox 1062 1301 1234 1358; x_wconf 63' lang='lat' dir='ltr'><strong>graece</strong></span> <span class='ocrx_word' id='word_1_81' title='bbox 1263 1276 1367 1339; x_wconf 72' lang='lat' dir='ltr'><strong>rion</strong></span> <span class='ocrx_word' id='word_1_82' title='bbox 1397 1282 1611 1345; x_wconf 75' lang='lat' dir='ltr'><strong>norunt,</strong></span> <span class='ocrx_word' id='word_1_83' title='bbox 1634 1274 1891 1351; x_wconf 64' lang='lat' dir='ltr'><strong>quid‘sint</strong></span> <span class='ocrx_word' id='word_1_84' title='bbox 1917 1284 2064 1331; x_wconf 83' lang='lat' dir='ltr'><strong>testes</strong></span> <span class='ocrx_word' id='word_1_85' title='bbox 2084 1288 2219 1344; x_wconf 64' lang='lat' dir='ltr'><strong>grae-</strong></span> 
     </span>
    </p>
   </div>
   <div class='ocr_carea' id='block_1_13' title="bbox 635 1367 2216 1442">
    <p class='ocr_par' dir='ltr' id='par_1_13' title="bbox 635 1367 2216 1442">
     <span class='ocr_line' id='line_1_13' title="bbox 635 1367 2216 1442; baseline -0.016 0"><span class='ocrx_word' id='word_1_86' title='bbox 635 1402 700 1442; x_wconf 89' lang='lat' dir='ltr'><strong>ce</strong></span> <span class='ocrx_word' id='word_1_87' title='bbox 726 1403 740 1438; x_wconf 91' lang='lat'><strong>:</strong></span> <span class='ocrx_word' id='word_1_88' title='bbox 767 1394 821 1440; x_wconf 89' lang='lat' dir='ltr'><strong>et</strong></span> <span class='ocrx_word' id='word_1_89' title='bbox 846 1383 1095 1437; x_wconf 88' lang='lat' dir='ltr'><strong>usitatum</strong></span> <span class='ocrx_word' id='word_1_90' title='bbox 1126 1392 1321 1432; x_wconf 86' lang='lat' dir='ltr'><strong>nomen</strong></span> <span class='ocrx_word' id='word_1_91' title='bbox 1359 1383 1442 1429; x_wconf 92' lang='lat' dir='ltr'><strong>est</strong></span> <span class='ocrx_word' id='word_1_92' title='bbox 1477 1372 1723 1427; x_wconf 90' lang='lat' dir='ltr'><strong>omnibus</strong></span> <span class='ocrx_word' id='word_1_93' title='bbox 1763 1377 1818 1423; x_wconf 92' lang='lat' dir='ltr'><strong>et</strong></span> <span class='ocrx_word' id='word_1_94' title='bbox 1865 1367 2171 1436; x_wconf 80' lang='lat' dir='ltr'><strong>religiosum</strong></span> <span class='ocrx_word' id='word_1_95' title='bbox 2201 1381 2216 1429; x_wconf 90' lang='lat'><strong>;</strong></span> 
     </span>
    </p>
   </div>
   <div class='ocr_carea' id='block_1_14' title="bbox 636 1464 2217 1549">
    <p class='ocr_par' dir='ltr' id='par_1_14' title="bbox 636 1464 2217 1549">
     <span class='ocr_line' id='line_1_14' title="bbox 636 1464 2217 1549; baseline -0.015 -16"><span class='ocrx_word' id='word_1_96' title='bbox 636 1493 770 1549; x_wconf 91' lang='lat' dir='ltr'><strong>quos</strong></span> <span class='ocrx_word' id='word_1_97' title='bbox 789 1475 932 1531; x_wconf 90' lang='lat' dir='ltr'><strong>enim</strong></span> <span class='ocrx_word' id='word_1_98' title='bbox 960 1483 1122 1533; x_wconf 90' lang='lat' dir='ltr'><strong>testes</strong></span> <span class='ocrx_word' id='word_1_99' title='bbox 1152 1470 1314 1526; x_wconf 90' lang='lat' dir='ltr'><strong>latine</strong></span> <span class='ocrx_word' id='word_1_100' title='bbox 1340 1466 1579 1530; x_wconf 84' lang='lat' dir='ltr'><strong>dicimus,</strong></span> <span class='ocrx_word' id='word_1_101' title='bbox 1601 1476 1771 1536; x_wconf 66' lang='lat' dir='ltr'><strong>graece</strong></span> <span class='ocrx_word' id='word_1_102' title='bbox 1791 1469 2057 1532; x_wconf 80' lang='lat' dir='ltr'><strong>martyres</strong></span> <span class='ocrx_word' id='word_1_103' title='bbox 2076 1464 2217 1513; x_wconf 84' lang='lat' dir='ltr'><strong>sunt.</strong></span> 
     </span>
    </p>
   </div>
   <div class='ocr_carea' id='block_1_15' title="bbox 637 1548 2223 1640">
    <p class='ocr_par' dir='ltr' id='par_1_15' title="bbox 637 1548 2223 1640">
     <span class='ocr_line' id='line_1_15' title="bbox 637 1548 2223 1640; baseline -0.015 -15"><span class='ocrx_word' id='word_1_104' title='bbox 637 1548 767 1640; x_wconf 87' lang='lat' dir='ltr'><strong>Quis</strong></span> <span class='ocrx_word' id='word_1_105' title='bbox 796 1577 970 1623; x_wconf 86' lang='lat' dir='ltr'><strong>autem</strong></span> <span class='ocrx_word' id='word_1_106' title='bbox 999 1581 1105 1621; x_wconf 92' lang='lat' dir='ltr'><strong>non</strong></span> <span class='ocrx_word' id='word_1_107' title='bbox 1134 1562 1333 1618; x_wconf 85' lang='lat' dir='ltr'><strong>audivit</strong></span> <span class='ocrx_word' id='word_1_108' title='bbox 1360 1569 1620 1629; x_wconf 80' lang='lat' dir='ltr'><strong>martyres</strong></span> <span class='ocrx_word' id='word_1_109' title='bbox 1638 1598 1653 1623; x_wconf 92' lang='lat'><strong>,</strong></span> <span class='ocrx_word' id='word_1_110' title='bbox 1700 1564 1790 1608; x_wconf 88' lang='lat' dir='ltr'><strong>aut</strong></span> <span class='ocrx_word' id='word_1_111' title='bbox 1823 1554 1876 1607; x_wconf 90' lang='lat' dir='ltr'><strong>in</strong></span> <span class='ocrx_word' id='word_1_112' title='bbox 1905 1552 2054 1621; x_wconf 82' lang='lat' dir='ltr'><strong>cujus</strong></span> <span class='ocrx_word' id='word_1_113' title='bbox 2082 1548 2223 1604; x_wconf 88' lang='lat' dir='ltr'><strong>chri-</strong></span> 
     </span>
    </p>
   </div>
   <div class='ocr_carea' id='block_1_16' title="bbox 638 1641 2222 1725">
    <p class='ocr_par' dir='ltr' id='par_1_16' title="bbox 638 1641 2222 1725">
     <span class='ocr_line' id='line_1_16' title="bbox 638 1641 2222 1725; baseline -0.014 -9"><span class='ocrx_word' id='word_1_114' title='bbox 638 1660 793 1716; x_wconf 88' lang='lat' dir='ltr'><strong>stiani</strong></span> <span class='ocrx_word' id='word_1_115' title='bbox 831 1674 927 1714; x_wconf 88' lang='lat' dir='ltr'><strong>ore</strong></span> <span class='ocrx_word' id='word_1_116' title='bbox 968 1672 1075 1711; x_wconf 92' lang='lat' dir='ltr'><strong>non</strong></span> <span class='ocrx_word' id='word_1_117' title='bbox 1112 1653 1350 1725; x_wconf 88' lang='lat' dir='ltr'><strong>quotidie</strong></span> <span class='ocrx_word' id='word_1_118' title='bbox 1395 1650 1595 1705; x_wconf 84' lang='lat' dir='ltr'><strong>habitat</strong></span> <span class='ocrx_word' id='word_1_119' title='bbox 1646 1661 1843 1701; x_wconf 83' lang='lat' dir='ltr'><strong>nomen</strong></span> <span class='ocrx_word' id='word_1_120' title='bbox 1884 1641 2222 1714; x_wconf 79' lang='lat' dir='ltr'><strong>martyrum?</strong></span> 
     </span>
    </p>
   </div>
   <div class='ocr_carea' id='block_1_17' title="bbox 640 1733 2224 1822">
    <p class='ocr_par' dir='ltr' id='par_1_17' title="bbox 640 1733 2224 1822">
     <span class='ocr_line' id='line_1_17' title="bbox 640 1733 2224 1822; baseline -0.015 -14"><span class='ocrx_word' id='word_1_121' title='bbox 640 1754 813 1822; x_wconf 82' lang='lat' dir='ltr'><strong>Atque</strong></span> <span class='ocrx_word' id='word_1_122' title='bbox 841 1750 1042 1805; x_wconf 89' lang='lat' dir='ltr'><strong>utinam</strong></span> <span class='ocrx_word' id='word_1_123' title='bbox 1072 1748 1148 1802; x_wconf 90' lang='lat' dir='ltr'><strong>sic</strong></span> <span class='ocrx_word' id='word_1_124' title='bbox 1186 1744 1389 1800; x_wconf 89' lang='lat' dir='ltr'><strong>habitet</strong></span> <span class='ocrx_word' id='word_1_125' title='bbox 1427 1751 1481 1795; x_wconf 90' lang='lat' dir='ltr'><strong>et</strong></span> <span class='ocrx_word' id='word_1_126' title='bbox 1530 1740 1584 1793; x_wconf 90' lang='lat' dir='ltr'><strong>in</strong></span> <span class='ocrx_word' id='word_1_127' title='bbox 1632 1736 1812 1801; x_wconf 90' lang='lat' dir='ltr'><strong>corde,</strong></span> <span class='ocrx_word' id='word_1_128' title='bbox 1858 1743 1913 1789; x_wconf 93' lang='lat' dir='ltr'><strong>ut</strong></span> <span class='ocrx_word' id='word_1_129' title='bbox 1951 1733 2224 1804; x_wconf 87' lang='lat' dir='ltr'><strong>passiones</strong></span> 
     </span>
    </p>
   </div>
   <div class='ocr_carea' id='block_1_18' title="bbox 642 1828 2221 1913">
    <p class='ocr_par' dir='ltr' id='par_1_18' title="bbox 642 1828 2221 1913">
     <span class='ocr_line' id='line_1_18' title="bbox 642 1828 2221 1913; baseline -0.014 -15"><span class='ocrx_word' id='word_1_130' title='bbox 642 1853 935 1913; x_wconf 85' lang='lat' dir='ltr'><strong>martyrum</strong></span> <span class='ocrx_word' id='word_1_131' title='bbox 986 1838 1294 1903; x_wconf 88' lang='lat' dir='ltr'><strong>imitemur,</strong></span> <span class='ocrx_word' id='word_1_132' title='bbox 1346 1849 1452 1888; x_wconf 92' lang='lat' dir='ltr'><strong>non</strong></span> <span class='ocrx_word' id='word_1_133' title='bbox 1504 1845 1597 1886; x_wconf 91' lang='lat' dir='ltr'><strong>eos</strong></span> <span class='ocrx_word' id='word_1_134' title='bbox 1648 1828 1882 1883; x_wconf 86' lang='lat' dir='ltr'><strong>calcibus</strong></span> <span class='ocrx_word' id='word_1_135' title='bbox 1929 1838 2221 1896; x_wconf 87' lang='lat' dir='ltr'><strong>persequa-</strong></span> 
     </span>
    </p>
   </div>
   <div class='ocr_carea' id='block_1_19' title="bbox 642 1921 2224 1999">
    <p class='ocr_par' dir='ltr' id='par_1_19' title="bbox 642 1921 2224 1999">
     <span class='ocr_line' id='line_1_19' title="bbox 642 1921 2224 1999; baseline -0.013 -12"><span class='ocrx_word' id='word_1_136' title='bbox 642 1948 779 1987; x_wconf 88' lang='lat' dir='ltr'><strong>mur.</strong></span> <span class='ocrx_word' id='word_1_137' title='bbox 836 1929 977 1999; x_wconf 82' lang='lat' dir='ltr'><strong>Ergo</strong></span> <span class='ocrx_word' id='word_1_138' title='bbox 1029 1927 1133 1983; x_wconf 89' lang='lat' dir='ltr'><strong>hoc</strong></span> <span class='ocrx_word' id='word_1_139' title='bbox 1177 1925 1349 1991; x_wconf 78' lang='lat' dir='ltr'><strong>dixit,</strong></span> <span class='ocrx_word' id='word_1_140' title='bbox 1399 1921 1661 1985; x_wconf 76' lang='lat' dir='ltr'><strong>Vidimus,</strong></span> <span class='ocrx_word' id='word_1_141' title='bbox 1698 1929 1745 1974; x_wconf 85' lang='lat' dir='ltr'><strong>et</strong></span> <span class='ocrx_word' id='word_1_142' title='bbox 1802 1922 1947 1971; x_wconf 79' lang='lat' dir='ltr'><strong>testes</strong></span> <span class='ocrx_word' id='word_1_143' title='bbox 2002 1928 2224 1969; x_wconf 82' lang='lat' dir='ltr'><strong>sumus:</strong></span> 
     </span>
    </p>
   </div>
   <div class='ocr_carea' id='block_1_20' title="bbox 646 2004 2227 2087">
    <p class='ocr_par' dir='ltr' id='par_1_20' title="bbox 646 2004 2227 2087">
     <span class='ocr_line' id='line_1_20' title="bbox 646 2004 2227 2087; baseline -0.009 -13"><span class='ocrx_word' id='word_1_144' title='bbox 646 2020 885 2074; x_wconf 86' lang='lat' dir='ltr'><strong>Vidimus</strong></span> <span class='ocrx_word' id='word_1_145' title='bbox 905 2059 920 2085; x_wconf 96' lang='lat'><strong>,</strong></span> <span class='ocrx_word' id='word_1_146' title='bbox 959 2025 1014 2073; x_wconf 88' lang='lat' dir='ltr'><strong>et</strong></span> <span class='ocrx_word' id='word_1_147' title='bbox 1041 2025 1301 2087; x_wconf 83' lang='lat' dir='ltr'><strong>martyres</strong></span> <span class='ocrx_word' id='word_1_148' title='bbox 1329 2026 1532 2067; x_wconf 90' lang='lat' dir='ltr'><strong>sumus.</strong></span> <span class='ocrx_word' id='word_1_149' title='bbox 1564 2008 1948 2065; x_wconf 82' lang='lat' dir='ltr'><strong>Testimonium</strong></span> <span class='ocrx_word' id='word_1_150' title='bbox 1974 2006 2117 2060; x_wconf 90' lang='lat' dir='ltr'><strong>enim</strong></span> <span class='ocrx_word' id='word_1_151' title='bbox 2146 2004 2227 2060; x_wconf 86' lang='lat' dir='ltr'><strong>di-</strong></span> 
     </span>
    </p>
   </div>
   <div class='ocr_carea' id='block_1_21' title="bbox 643 2086 2227 2178">
    <p class='ocr_par' dir='ltr' id='par_1_21' title="bbox 643 2086 2227 2178">
     <span class='ocr_line' id='line_1_21' title="bbox 643 2086 2227 2178; baseline -0.011 -10"><span class='ocrx_word' id='word_1_152' title='bbox 643 2110 815 2168; x_wconf 88' lang='lat' dir='ltr'><strong>cendo</strong></span> <span class='ocrx_word' id='word_1_153' title='bbox 852 2124 918 2165; x_wconf 80' lang='lat' dir='ltr'><strong>ex</strong></span> <span class='ocrx_word' id='word_1_154' title='bbox 964 2124 1029 2165; x_wconf 88' lang='lat' dir='ltr'><strong>eo</strong></span> <span class='ocrx_word' id='word_1_155' title='bbox 1067 2086 1208 2178; x_wconf 84' lang='lat' dir='ltr'><strong>quod</strong></span> <span class='ocrx_word' id='word_1_156' title='bbox 1239 2105 1500 2168; x_wconf 91' lang='lat' dir='ltr'><strong>viderunt,</strong></span> <span class='ocrx_word' id='word_1_157' title='bbox 1532 2112 1586 2156; x_wconf 91' lang='lat' dir='ltr'><strong>et</strong></span> <span class='ocrx_word' id='word_1_158' title='bbox 1614 2100 1975 2155; x_wconf 90' lang='lat' dir='ltr'><strong>testimonium</strong></span> <span class='ocrx_word' id='word_1_159' title='bbox 2000 2086 2227 2178; x_wconf 86' lang='lat' dir='ltr'><strong>dicendo</strong></span> 
     </span>
    </p>
   </div>
   <div class='ocr_carea' id='block_1_22' title="bbox 643 2174 2228 2274">
    <p class='ocr_par' dir='ltr' id='par_1_22' title="bbox 643 2174 2228 2274">
     <span class='ocr_line' id='line_1_22' title="bbox 643 2174 2228 2274; baseline -0.009 -15"><span class='ocrx_word' id='word_1_160' title='bbox 643 2220 711 2260; x_wconf 83' lang='lat' dir='ltr'><strong>ex</strong></span> <span class='ocrx_word' id='word_1_161' title='bbox 741 2220 808 2259; x_wconf 89' lang='lat' dir='ltr'><strong>eo</strong></span> <span class='ocrx_word' id='word_1_162' title='bbox 834 2200 974 2274; x_wconf 89' lang='lat' dir='ltr'><strong>quod</strong></span> <span class='ocrx_word' id='word_1_163' title='bbox 1005 2174 1286 2256; x_wconf 87' lang='lat' dir='ltr'><strong>audierunt</strong></span> <span class='ocrx_word' id='word_1_164' title='bbox 1309 2199 1376 2252; x_wconf 87' lang='lat' dir='ltr'><strong>ab</strong></span> <span class='ocrx_word' id='word_1_165' title='bbox 1402 2198 1484 2253; x_wconf 86' lang='lat' dir='ltr'><strong>his</strong></span> <span class='ocrx_word' id='word_1_166' title='bbox 1508 2196 1594 2267; x_wconf 90' lang='lat' dir='ltr'><strong>qui</strong></span> <span class='ocrx_word' id='word_1_167' title='bbox 1616 2195 1881 2261; x_wconf 84' lang='lat' dir='ltr'><strong>viderunt,</strong></span> <span class='ocrx_word' id='word_1_168' title='bbox 1903 2174 2228 2261; x_wconf 31' lang='lat' dir='ltr'><strong>cum‘displi-</strong></span> 
     </span>
    </p>
   </div>
   <div class='ocr_carea' id='block_1_23' title="bbox 644 2274 2228 2364">
    <p class='ocr_par' dir='ltr' id='par_1_23' title="bbox 644 2274 2228 2364">
     <span class='ocr_line' id='line_1_23' title="bbox 644 2274 2228 2364; baseline -0.009 -14"><span class='ocrx_word' id='word_1_169' title='bbox 644 2303 791 2350; x_wconf 84' lang='lat' dir='ltr'><strong>ceret</strong></span> <span class='ocrx_word' id='word_1_170' title='bbox 828 2294 1000 2364; x_wconf 89' lang='lat' dir='ltr'><strong>ipsum</strong></span> <span class='ocrx_word' id='word_1_171' title='bbox 1045 2291 1403 2347; x_wconf 91' lang='lat' dir='ltr'><strong>testimonium</strong></span> <span class='ocrx_word' id='word_1_172' title='bbox 1448 2274 1750 2342; x_wconf 88' lang='lat' dir='ltr'><strong>hominibus</strong></span> <span class='ocrx_word' id='word_1_173' title='bbox 1793 2284 2049 2339; x_wconf 83' lang='lat' dir='ltr'><strong>adversus</strong></span> <span class='ocrx_word' id='word_1_174' title='bbox 2095 2297 2228 2353; x_wconf 90' lang='lat' dir='ltr'><strong>quos</strong></span> 
     </span>
    </p>
   </div>
   <div class='ocr_carea' id='block_1_24' title="bbox 645 2378 2227 2455">
    <p class='ocr_par' dir='ltr' id='par_1_24' title="bbox 645 2378 2227 2455">
     <span class='ocr_line' id='line_1_24' title="bbox 645 2378 2227 2455; baseline -0.011 -13"><span class='ocrx_word' id='word_1_175' title='bbox 645 2387 939 2451; x_wconf 83' lang='lat' dir='ltr'><strong>dicebatur,</strong></span> <span class='ocrx_word' id='word_1_176' title='bbox 961 2383 1105 2455; x_wconf 86' lang='lat' dir='ltr'><strong>passi</strong></span> <span class='ocrx_word' id='word_1_177' title='bbox 1123 2391 1245 2437; x_wconf 88' lang='lat' dir='ltr'><strong>sunt</strong></span> <span class='ocrx_word' id='word_1_178' title='bbox 1270 2379 1445 2436; x_wconf 87' lang='lat' dir='ltr'><strong>omnia</strong></span> <span class='ocrx_word' id='word_1_179' title='bbox 1476 2386 1593 2449; x_wconf 65' lang='lat' dir='ltr'><strong>quae</strong></span> <span class='ocrx_word' id='word_1_180' title='bbox 1622 2378 1764 2447; x_wconf 86' lang='lat' dir='ltr'><strong>passi</strong></span> <span class='ocrx_word' id='word_1_181' title='bbox 1794 2385 1917 2430; x_wconf 91' lang='lat' dir='ltr'><strong>sunt</strong></span> <span class='ocrx_word' id='word_1_182' title='bbox 1945 2384 2227 2444; x_wconf 88' lang='lat' dir='ltr'><strong>martyres.</strong></span> 
     </span>
    </p>
   </div>
   <div class='ocr_carea' id='block_1_25' title="bbox 646 2464 2231 2544">
    <p class='ocr_par' dir='ltr' id='par_1_25' title="bbox 646 2464 2231 2544">
     <span class='ocr_line' id='line_1_25' title="bbox 646 2464 2231 2544; baseline -0.011 -8"><span class='ocrx_word' id='word_1_183' title='bbox 646 2478 841 2543; x_wconf 24' lang='lat' dir='ltr'><strong>Testes,</strong></span> <span class='ocrx_word' id='word_1_184' title='bbox 863 2477 961 2532; x_wconf 89' lang='lat' dir='ltr'><strong>Dci</strong></span> <span class='ocrx_word' id='word_1_185' title='bbox 1000 2484 1124 2539; x_wconf 81' lang='lat' dir='ltr'><strong>sunt</strong></span> <span class='ocrx_word' id='word_1_186' title='bbox 1164 2482 1448 2544; x_wconf 82' lang='lat' dir='ltr'><strong>martyres.</strong></span> <span class='ocrx_word' id='word_1_187' title='bbox 1477 2473 1619 2529; x_wconf 85' lang='lat' dir='ltr'><strong>Deus</strong></span> <span class='ocrx_word' id='word_1_188' title='bbox 1649 2478 1813 2525; x_wconf 81' lang='lat' dir='ltr'><strong>testes</strong></span> <span class='ocrx_word' id='word_1_189' title='bbox 1841 2467 2040 2523; x_wconf 88' lang='lat' dir='ltr'><strong>habere</strong></span> <span class='ocrx_word' id='word_1_190' title='bbox 2066 2464 2231 2519; x_wconf 91' lang='lat' dir='ltr'><strong>voluit</strong></span> 
     </span>
    </p>
   </div>
   <div class='ocr_carea' id='block_1_26' title="bbox 648 2554 2230 2634">
    <p class='ocr_par' dir='ltr' id='par_1_26' title="bbox 648 2554 2230 2634">
     <span class='ocr_line' id='line_1_26' title="bbox 648 2554 2230 2634; baseline -0.011 -10"><span class='ocrx_word' id='word_1_191' title='bbox 648 2570 913 2634; x_wconf 80' lang='lat' dir='ltr'><strong>homines,</strong></span> <span class='ocrx_word' id='word_1_192' title='bbox 945 2576 1002 2621; x_wconf 91' lang='lat' dir='ltr'><strong>ut</strong></span> <span class='ocrx_word' id='word_1_193' title='bbox 1028 2575 1083 2623; x_wconf 87' lang='lat' dir='ltr'><strong>et</strong></span> <span class='ocrx_word' id='word_1_194' title='bbox 1109 2565 1354 2627; x_wconf 85' lang='lat' dir='ltr'><strong>homines</strong></span> <span class='ocrx_word' id='word_1_195' title='bbox 1383 2563 1613 2621; x_wconf 83' lang='lat' dir='ltr'><strong>habeant</strong></span> <span class='ocrx_word' id='word_1_196' title='bbox 1638 2569 1827 2617; x_wconf 85' lang='lat' dir='ltr'><strong>testem</strong></span> <span class='ocrx_word' id='word_1_197' title='bbox 1860 2559 2050 2614; x_wconf 89' lang='lat' dir='ltr'><strong>Deum.</strong></span> <span class='ocrx_word' id='word_1_198' title='bbox 2090 2554 2230 2608; x_wconf 87' lang='lat' dir='ltr'><strong>Vidi-</strong></span> 
     </span>
    </p>
   </div>
   <div class='ocr_carea' id='block_1_27' title="bbox 640 2647 2231 2733">
    <p class='ocr_par' dir='ltr' id='par_1_27' title="bbox 640 2647 2231 2733">
     <span class='ocr_line' id='line_1_27' title="bbox 640 2647 2231 2733; baseline -0.009 -18"><span class='ocrx_word' id='word_1_199' title='bbox 640 2676 794 2733; x_wconf 78' lang='lat' dir='ltr'><strong>mus,</strong></span> <span class='ocrx_word' id='word_1_200' title='bbox 819 2658 1011 2730; x_wconf 83' lang='lat' dir='ltr'><strong>inquit,</strong></span> <span class='ocrx_word' id='word_1_201' title='bbox 1038 2668 1086 2713; x_wconf 87' lang='lat' dir='ltr'><strong>et</strong></span> <span class='ocrx_word' id='word_1_202' title='bbox 1109 2667 1256 2719; x_wconf 75' lang='lat' dir='ltr'><strong>testes</strong></span> <span class='ocrx_word' id='word_1_203' title='bbox 1282 2672 1476 2715; x_wconf 75' lang='lat' dir='ltr'><strong>sumus.</strong></span> <span class='ocrx_word' id='word_1_204' title='bbox 1506 2653 1605 2710; x_wconf 89' lang='lat' dir='ltr'><strong>Ubi</strong></span> <span class='ocrx_word' id='word_1_205' title='bbox 1645 2650 1925 2707; x_wconf 83' lang='lat' dir='ltr'><strong>viderunt?</strong></span> <span class='ocrx_word' id='word_1_206' title='bbox 1952 2649 2013 2704; x_wconf 88' lang='lat' dir='ltr'><strong>In</strong></span> <span class='ocrx_word' id='word_1_207' title='bbox 2058 2647 2231 2703; x_wconf 83' lang='lat' dir='ltr'><strong>mani-</strong></span> 
     </span>
    </p>
   </div>
   <div class='ocr_carea' id='block_1_28' title="bbox 650 2739 2236 2819">
    <p class='ocr_par' dir='ltr' id='par_1_28' title="bbox 650 2739 2236 2819">
     <span class='ocr_line' id='line_1_28' title="bbox 650 2739 2236 2819; baseline -0.009 -13"><span class='ocrx_word' id='word_1_208' title='bbox 650 2750 947 2808; x_wconf 81' lang='lat' dir='ltr'><strong>festatione.</strong></span> <span class='ocrx_word' id='word_1_209' title='bbox 975 2749 1109 2819; x_wconf 88' lang='lat' dir='ltr'><strong>Quid</strong></span> <span class='ocrx_word' id='word_1_210' title='bbox 1133 2758 1235 2814; x_wconf 90' lang='lat' dir='ltr'><strong>est,</strong></span> <span class='ocrx_word' id='word_1_211' title='bbox 1266 2749 1316 2801; x_wconf 91' lang='lat' dir='ltr'><strong>in</strong></span> <span class='ocrx_word' id='word_1_212' title='bbox 1343 2742 1808 2802; x_wconf 84' lang='lat' dir='ltr'><strong>manilestatione?</strong></span> <span class='ocrx_word' id='word_1_213' title='bbox 1827 2741 1885 2797; x_wconf 85' lang='lat' dir='ltr'><strong>In</strong></span> <span class='ocrx_word' id='word_1_214' title='bbox 1903 2741 2038 2805; x_wconf 89' lang='lat' dir='ltr'><strong>sole,</strong></span> <span class='ocrx_word' id='word_1_215' title='bbox 2071 2739 2126 2793; x_wconf 87' lang='lat' dir='ltr'><strong>id</strong></span> <span class='ocrx_word' id='word_1_216' title='bbox 2152 2747 2236 2793; x_wconf 89' lang='lat' dir='ltr'><strong>est</strong></span> 
     </span>
    </p>
   </div>
   <div class='ocr_carea' id='block_1_29' title="bbox 650 2829 2235 2908">
    <p class='ocr_par' dir='ltr' id='par_1_29' title="bbox 650 2829 2235 2908">
     <span class='ocr_line' id='line_1_29' title="bbox 650 2829 2235 2908; baseline -0.008 -12"><span class='ocrx_word' id='word_1_217' title='bbox 650 2843 701 2897; x_wconf 92' lang='lat' dir='ltr'><strong>in</strong></span> <span class='ocrx_word' id='word_1_218' title='bbox 732 2840 831 2896; x_wconf 91' lang='lat' dir='ltr'><strong>hac</strong></span> <span class='ocrx_word' id='word_1_219' title='bbox 860 2842 998 2895; x_wconf 92' lang='lat' dir='ltr'><strong>luce.</strong></span> <span class='ocrx_word' id='word_1_220' title='bbox 1032 2839 1183 2895; x_wconf 83' lang='lat' dir='ltr'><strong>Unde</strong></span> <span class='ocrx_word' id='word_1_221' title='bbox 1197 2849 1372 2893; x_wconf 89' lang='lat' dir='ltr'><strong>autem</strong></span> <span class='ocrx_word' id='word_1_222' title='bbox 1392 2836 1561 2908; x_wconf 91' lang='lat' dir='ltr'><strong>potuit</strong></span> <span class='ocrx_word' id='word_1_223' title='bbox 1583 2834 1744 2889; x_wconf 90' lang='lat' dir='ltr'><strong>videri</strong></span> <span class='ocrx_word' id='word_1_224' title='bbox 1770 2834 1821 2887; x_wconf 91' lang='lat' dir='ltr'><strong>in</strong></span> <span class='ocrx_word' id='word_1_225' title='bbox 1849 2832 1960 2886; x_wconf 90' lang='lat' dir='ltr'><strong>sole</strong></span> <span class='ocrx_word' id='word_1_226' title='bbox 1987 2829 2079 2902; x_wconf 90' lang='lat' dir='ltr'><strong>qui</strong></span> <span class='ocrx_word' id='word_1_227' title='bbox 2108 2829 2235 2885; x_wconf 85' lang='lat' dir='ltr'><strong>fecit</strong></span> 
     </span>
    </p>
   </div>
   <div class='ocr_carea' id='block_1_30' title="bbox 650 2916 2236 3005">
    <p class='ocr_par' dir='ltr' id='par_1_30' title="bbox 650 2916 2236 3005">
     <span class='ocr_line' id='line_1_30' title="bbox 650 2916 2236 3005; baseline -0.009 -15"><span class='ocrx_word' id='word_1_228' title='bbox 650 2936 847 2999; x_wconf 82' lang='lat' dir='ltr'><strong>solem,</strong></span> <span class='ocrx_word' id='word_1_229' title='bbox 890 2916 989 2989; x_wconf 80' lang='lat' dir='ltr'><strong>nisi</strong></span> <span class='ocrx_word' id='word_1_230' title='bbox 1020 2932 1141 3005; x_wconf 88' lang='lat' dir='ltr'><strong>quia</strong></span> <span class='ocrx_word' id='word_1_231' title='bbox 1169 2931 1222 2985; x_wconf 84' lang='lat' dir='ltr'><strong>in</strong></span> <span class='ocrx_word' id='word_1_232' title='bbox 1247 2929 1353 2985; x_wconf 78' lang='lat' dir='ltr'><strong>sole</strong></span> <span class='ocrx_word' id='word_1_233' title='bbox 1387 2929 1552 3002; x_wconf 80' lang='lat' dir='ltr'><strong>posuit</strong></span> <span class='ocrx_word' id='word_1_234' title='bbox 1578 2916 1950 3001; x_wconf 75' lang='lat' dir='ltr'><strong>tabernaculum</strong></span> <span class='ocrx_word' id='word_1_235' title='bbox 1978 2939 2146 2989; x_wconf 87' lang='lat' dir='ltr'><strong>suum,</strong></span> <span class='ocrx_word' id='word_1_236' title='bbox 2188 2930 2236 2976; x_wconf 83' lang='lat' dir='ltr'><strong>et</strong></span> 
     </span>
    </p>
   </div>
   <div class='ocr_carea' id='block_1_31' title="bbox 651 3012 2236 3096">
    <p class='ocr_par' dir='ltr' id='par_1_31' title="bbox 651 3012 2236 3096">
     <span class='ocr_line' id='line_1_31' title="bbox 651 3012 2236 3096; baseline -0.008 -15"><span class='ocrx_word' id='word_1_237' title='bbox 651 3028 756 3096; x_wconf 84' lang='lat' dir='ltr'><strong>ipse</strong></span> <span class='ocrx_word' id='word_1_238' title='bbox 784 3035 1023 3093; x_wconf 83' lang='lat' dir='ltr'><strong>tanquam</strong></span> <span class='ocrx_word' id='word_1_239' title='bbox 1047 3040 1261 3095; x_wconf 83' lang='lat' dir='ltr'><strong>sponsus</strong></span> <span class='ocrx_word' id='word_1_240' title='bbox 1288 3021 1560 3093; x_wconf 73' lang='lat' dir='ltr'><strong>procedens</strong></span> <span class='ocrx_word' id='word_1_241' title='bbox 1581 3019 1643 3073; x_wconf 88' lang='lat' dir='ltr'><strong>de</strong></span> <span class='ocrx_word' id='word_1_242' title='bbox 1669 3016 1891 3071; x_wconf 82' lang='lat' dir='ltr'><strong>thalamo</strong></span> <span class='ocrx_word' id='word_1_243' title='bbox 1918 3032 2031 3080; x_wconf 89' lang='lat' dir='ltr'><strong>suo,</strong></span> <span class='ocrx_word' id='word_1_244' title='bbox 2061 3012 2236 3068; x_wconf 73' lang='lat' dir='ltr'><strong>exsul-</strong></span> 
     </span>
    </p>
   </div>
   <div class='ocr_carea' id='block_1_32' title="bbox 651 3103 2235 3187">
    <p class='ocr_par' dir='ltr' id='par_1_32' title="bbox 651 3103 2235 3187">
     <span class='ocr_line' id='line_1_32' title="bbox 651 3103 2235 3187; baseline -0.009 -15"><span class='ocrx_word' id='word_1_245' title='bbox 651 3119 773 3172; x_wconf 82' lang='lat' dir='ltr'><strong>tavit</strong></span> <span class='ocrx_word' id='word_1_246' title='bbox 813 3126 867 3170; x_wconf 89' lang='lat' dir='ltr'><strong>ut</strong></span> <span class='ocrx_word' id='word_1_247' title='bbox 912 3106 1054 3187; x_wconf 76' lang='lat' dir='ltr'><strong>gigas</strong></span> <span class='ocrx_word' id='word_1_248' title='bbox 1100 3114 1168 3167; x_wconf 90' lang='lat' dir='ltr'><strong>ad</strong></span> <span class='ocrx_word' id='word_1_249' title='bbox 1208 3111 1508 3167; x_wconf 81' lang='lat' dir='ltr'><strong>currendum</strong></span> <span class='ocrx_word' id='word_1_250' title='bbox 1555 3110 1685 3163; x_wconf 81' lang='lat' dir='ltr'><strong>viam</strong></span> <span class='ocrx_word' id='word_1_251' title='bbox 1737 3105 1921 3179; x_wconf 82' lang='lat' dir='ltr'><strong>(Psal.</strong></span> <span class='ocrx_word' id='word_1_252' title='bbox 1956 3121 2105 3172; x_wconf 81' lang='lat' dir='ltr'><strong>xvm,</strong></span> <span class='ocrx_word' id='word_1_253' title='bbox 2137 3103 2235 3174; x_wconf 79' lang='lat'><strong>6)?</strong></span> 
     </span>
    </p>
   </div>
   <div class='ocr_carea' id='block_1_33' title="bbox 652 3192 2233 3278">
    <p class='ocr_par' dir='ltr' id='par_1_33' title="bbox 652 3192 2233 3278">
     <span class='ocr_line' id='line_1_33' title="bbox 652 3192 2233 3278; baseline -0.009 -13"><span class='ocrx_word' id='word_1_254' title='bbox 652 3208 746 3265; x_wconf 89' lang='lat' dir='ltr'><strong>Ille</strong></span> <span class='ocrx_word' id='word_1_255' title='bbox 770 3219 894 3264; x_wconf 85' lang='lat' dir='ltr'><strong>ante</strong></span> <span class='ocrx_word' id='word_1_256' title='bbox 921 3209 1086 3264; x_wconf 87' lang='lat' dir='ltr'><strong>solem</strong></span> <span class='ocrx_word' id='word_1_257' title='bbox 1112 3208 1201 3278; x_wconf 88' lang='lat' dir='ltr'><strong>qui</strong></span> <span class='ocrx_word' id='word_1_258' title='bbox 1233 3203 1357 3260; x_wconf 87' lang='lat' dir='ltr'><strong>fecit</strong></span> <span class='ocrx_word' id='word_1_259' title='bbox 1380 3204 1550 3259; x_wconf 89' lang='lat' dir='ltr'><strong>solem</strong></span> <span class='ocrx_word' id='word_1_260' title='bbox 1579 3202 1619 3270; x_wconf 84' lang='grc'>¹,</span> <span class='ocrx_word' id='word_1_261' title='bbox 1652 3200 1739 3255; x_wconf 89' lang='lat' dir='ltr'><strong>ille</strong></span> <span class='ocrx_word' id='word_1_262' title='bbox 1765 3208 1887 3255; x_wconf 85' lang='lat' dir='ltr'><strong>ante</strong></span> <span class='ocrx_word' id='word_1_263' title='bbox 1915 3192 2188 3253; x_wconf 87' lang='lat' dir='ltr'><strong>luciferum</strong></span> <span class='ocrx_word' id='word_1_264' title='bbox 2216 3238 2233 3264; x_wconf 96' lang='lat'><strong>,</strong></span> 
     </span>
    </p>
   </div>
   <div class='ocr_carea' id='block_1_34' title="bbox 652 3293 2238 3365">
    <p class='ocr_par' dir='ltr' id='par_1_34' title="bbox 652 3293 2238 3365">
     <span class='ocr_line' id='line_1_34' title="bbox 652 3293 2238 3365; baseline -0.006 -12"><span class='ocrx_word' id='word_1_265' title='bbox 652 3311 775 3355; x_wconf 84' lang='lat' dir='ltr'><strong>ante</strong></span> <span class='ocrx_word' id='word_1_266' title='bbox 799 3301 975 3356; x_wconf 90' lang='lat' dir='ltr'><strong>omnia</strong></span> <span class='ocrx_word' id='word_1_267' title='bbox 997 3298 1192 3365; x_wconf 87' lang='lat' dir='ltr'><strong>sidera,</strong></span> <span class='ocrx_word' id='word_1_268' title='bbox 1217 3305 1340 3351; x_wconf 91' lang='lat' dir='ltr'><strong>ante</strong></span> <span class='ocrx_word' id='word_1_269' title='bbox 1365 3293 1823 3363; x_wconf 80' lang='lat' dir='ltr'><strong>omnesAngelos,</strong></span> <span class='ocrx_word' id='word_1_270' title='bbox 1845 3305 2002 3345; x_wconf 87' lang='lat' dir='ltr'><strong>verus</strong></span> <span class='ocrx_word' id='word_1_271' title='bbox 2030 3299 2238 3344; x_wconf 85' lang='lat' dir='ltr'><strong>creator</strong></span> 
     </span>
    </p>
   </div>
   <div class='ocr_carea' id='block_1_35' title="bbox 655 3382 2234 3465">
    <p class='ocr_par' dir='ltr' id='par_1_35' title="bbox 655 3382 2234 3465">
     <span class='ocr_line' id='line_1_35' title="bbox 655 3382 2234 3465; baseline -0.008 -17"><span class='ocrx_word' id='word_1_272' title='bbox 655 3394 802 3465; x_wconf 89' lang='lat' dir='ltr'><strong>(quia</strong></span> <span class='ocrx_word' id='word_1_273' title='bbox 830 3393 1007 3446; x_wconf 89' lang='lat' dir='ltr'><strong>omnia</strong></span> <span class='ocrx_word' id='word_1_274' title='bbox 1036 3406 1128 3461; x_wconf 88' lang='lat' dir='ltr'><strong>per</strong></span> <span class='ocrx_word' id='word_1_275' title='bbox 1158 3386 1328 3463; x_wconf 73' lang='lat' dir='ltr'><strong>ipsum</strong></span> <span class='ocrx_word' id='word_1_276' title='bbox 1356 3388 1493 3443; x_wconf 86' lang='lat' dir='ltr'><strong>facta</strong></span> <span class='ocrx_word' id='word_1_277' title='bbox 1518 3397 1660 3453; x_wconf 84' lang='lat' dir='ltr'><strong>sunt,</strong></span> <span class='ocrx_word' id='word_1_278' title='bbox 1683 3395 1737 3440; x_wconf 89' lang='lat' dir='ltr'><strong>ct</strong></span> <span class='ocrx_word' id='word_1_279' title='bbox 1755 3385 1872 3440; x_wconf 89' lang='lat' dir='ltr'><strong>sine</strong></span> <span class='ocrx_word' id='word_1_280' title='bbox 1898 3386 2013 3457; x_wconf 78' lang='lat' dir='ltr'><strong>ipsp</strong></span> <span class='ocrx_word' id='word_1_281' title='bbox 2040 3382 2234 3438; x_wconf 86' lang='lat' dir='ltr'><strong>factum</strong></span> 
     </span>
    </p>
   </div>
   <div class='ocr_carea' id='block_1_36' title="bbox 654 3476 2237 3557">
    <p class='ocr_par' dir='ltr' id='par_1_36' title="bbox 654 3476 2237 3557">
     <span class='ocr_line' id='line_1_36' title="bbox 654 3476 2237 3557; baseline -0.006 -16"><span class='ocrx_word' id='word_1_282' title='bbox 654 3495 737 3541; x_wconf 90' lang='lat' dir='ltr'><strong>est</strong></span> <span class='ocrx_word' id='word_1_283' title='bbox 764 3478 893 3538; x_wconf 84' lang='lat' dir='ltr'><strong>nihil</strong></span> <span class='ocrx_word' id='word_1_284' title='bbox 924 3476 1100 3557; x_wconf 70' lang='lat' dir='ltr'><strong>[Joam</strong></span> <span class='ocrx_word' id='word_1_285' title='bbox 1129 3499 1166 3548; x_wconf 85' lang='grc' dir='ltr'><strong>ι,</strong></span> <span class='ocrx_word' id='word_1_286' title='bbox 1191 3481 1299 3556; x_wconf 78' lang='grc'>5]),</span> <span class='ocrx_word' id='word_1_287' title='bbox 1334 3490 1391 3535; x_wconf 88' lang='grc' dir='ltr'><strong>ιιι</strong></span> <span class='ocrx_word' id='word_1_288' title='bbox 1426 3480 1695 3534; x_wconf 81' lang='lat' dir='ltr'><strong>videretur</strong></span> <span class='ocrx_word' id='word_1_289' title='bbox 1722 3478 1889 3533; x_wconf 90' lang='lat' dir='ltr'><strong>oculis</strong></span> <span class='ocrx_word' id='word_1_290' title='bbox 1911 3479 2119 3533; x_wconf 88' lang='lat' dir='ltr'><strong>carneis</strong></span> <span class='ocrx_word' id='word_1_291' title='bbox 2147 3478 2237 3548; x_wconf 89' lang='lat' dir='ltr'><strong>qui</strong></span> 
     </span>
    </p>
   </div>
   <div class='ocr_carea' id='block_1_37' title="bbox 653 3569 2236 3647">
    <p class='ocr_par' dir='ltr' id='par_1_37' title="bbox 653 3569 2236 3647">
     <span class='ocr_line' id='line_1_37' title="bbox 653 3569 2236 3647; baseline -0.008 -13"><span class='ocrx_word' id='word_1_292' title='bbox 653 3579 823 3635; x_wconf 88' lang='lat' dir='ltr'><strong>solem</strong></span> <span class='ocrx_word' id='word_1_293' title='bbox 849 3578 1062 3640; x_wconf 87' lang='lat' dir='ltr'><strong>vident;</strong></span> <span class='ocrx_word' id='word_1_294' title='bbox 1109 3576 1281 3647; x_wconf 90' lang='lat' dir='ltr'><strong>ipsum</strong></span> <span class='ocrx_word' id='word_1_295' title='bbox 1315 3572 1711 3629; x_wconf 85' lang='lat' dir='ltr'><strong>tabernaculum</strong></span> <span class='ocrx_word' id='word_1_296' title='bbox 1741 3586 1894 3626; x_wconf 89' lang='lat' dir='ltr'><strong>suum</strong></span> <span class='ocrx_word' id='word_1_297' title='bbox 1923 3569 1977 3624; x_wconf 90' lang='lat' dir='ltr'><strong>in</strong></span> <span class='ocrx_word' id='word_1_298' title='bbox 1999 3570 2111 3624; x_wconf 87' lang='lat' dir='ltr'><strong>sole</strong></span> <span class='ocrx_word' id='word_1_299' title='bbox 2138 3584 2236 3639; x_wconf 83' lang='lat' dir='ltr'><strong>po-</strong></span> 
     </span>
    </p>
   </div>
   <div class='ocr_carea' id='block_1_38' title="bbox 653 3660 2238 3740">
    <p class='ocr_par' dir='ltr' id='par_1_38' title="bbox 653 3660 2238 3740">
     <span class='ocr_line' id='line_1_38' title="bbox 653 3660 2238 3740; baseline -0.009 -11"><span class='ocrx_word' id='word_1_300' title='bbox 653 3673 781 3740; x_wconf 86' lang='lat' dir='ltr'><strong>suit,</strong></span> <span class='ocrx_word' id='word_1_301' title='bbox 812 3670 861 3726; x_wconf 89' lang='lat' dir='ltr'><strong>id</strong></span> <span class='ocrx_word' id='word_1_302' title='bbox 888 3681 969 3725; x_wconf 90' lang='lat' dir='ltr'><strong>est</strong></span> <span class='ocrx_word' id='word_1_303' title='bbox 990 3685 1203 3726; x_wconf 82' lang='lat' dir='ltr'><strong>carnem</strong></span> <span class='ocrx_word' id='word_1_304' title='bbox 1231 3683 1380 3723; x_wconf 84' lang='lat' dir='ltr'><strong>suam</strong></span> <span class='ocrx_word' id='word_1_305' title='bbox 1407 3667 1458 3720; x_wconf 90' lang='lat' dir='ltr'><strong>in</strong></span> <span class='ocrx_word' id='word_1_306' title='bbox 1483 3662 1904 3719; x_wconf 73' lang='lat' dir='ltr'><strong>manifestatione</strong></span> <span class='ocrx_word' id='word_1_307' title='bbox 1926 3661 2081 3740; x_wconf 85' lang='lat' dir='ltr'><strong>hujus</strong></span> <span class='ocrx_word' id='word_1_308' title='bbox 2105 3660 2238 3715; x_wconf 89' lang='lat' dir='ltr'><strong>lucis</strong></span> 
     </span>
    </p>
   </div>
   <div class='ocr_carea' id='block_1_39' title="bbox 655 3736 2233 3833">
    <p class='ocr_par' dir='ltr' id='par_1_39' title="bbox 655 3736 2233 3833">
     <span class='ocr_line' id='line_1_39' title="bbox 655 3736 2233 3833; baseline -0.007 -12"><span class='ocrx_word' id='word_1_309' title='bbox 655 3764 921 3821; x_wconf 89' lang='lat' dir='ltr'><strong>ostendit:</strong></span> <span class='ocrx_word' id='word_1_310' title='bbox 949 3772 1003 3818; x_wconf 91' lang='lat' dir='ltr'><strong>et</strong></span> <span class='ocrx_word' id='word_1_311' title='bbox 1022 3762 1159 3817; x_wconf 89' lang='lat' dir='ltr'><strong>illius</strong></span> <span class='ocrx_word' id='word_1_312' title='bbox 1179 3762 1360 3833; x_wconf 90' lang='lat' dir='ltr'><strong>sponsi</strong></span> <span class='ocrx_word' id='word_1_313' title='bbox 1389 3761 1647 3814; x_wconf 81' lang='lat' dir='ltr'><strong>thalamus</strong></span> <span class='ocrx_word' id='word_1_314' title='bbox 1674 3757 1962 3813; x_wconf 84' lang='lat' dir='ltr'><strong>fuituterus</strong></span> <span class='ocrx_word' id='word_1_315' title='bbox 1986 3736 2233 3825; x_wconf 71' lang='lat' dir='ltr'><strong>Virginis,</strong></span> 
     </span>
    </p>
   </div>
   <div class='ocr_carea' id='block_1_40' title="bbox 654 3850 2239 3930">
    <p class='ocr_par' dir='ltr' id='par_1_40' title="bbox 654 3850 2239 3930">
     <span class='ocr_line' id='line_1_40' title="bbox 654 3850 2239 3930; baseline -0.006 -18"><span class='ocrx_word' id='word_1_316' title='bbox 654 3858 777 3930; x_wconf 90' lang='lat' dir='ltr'><strong>quia</strong></span> <span class='ocrx_word' id='word_1_317' title='bbox 804 3858 854 3912; x_wconf 92' lang='lat' dir='ltr'><strong>in</strong></span> <span class='ocrx_word' id='word_1_318' title='bbox 876 3856 965 3911; x_wconf 91' lang='lat' dir='ltr'><strong>illo</strong></span> <span class='ocrx_word' id='word_1_319' title='bbox 986 3864 1136 3910; x_wconf 90' lang='lat' dir='ltr'><strong>utero</strong></span> <span class='ocrx_word' id='word_1_320' title='bbox 1160 3855 1395 3923; x_wconf 83' lang='lat' dir='ltr'><strong>virginali</strong></span> <span class='ocrx_word' id='word_1_321' title='bbox 1418 3852 1682 3922; x_wconf 88' lang='lat' dir='ltr'><strong>conjuncti</strong></span> <span class='ocrx_word' id='word_1_322' title='bbox 1710 3860 1833 3905; x_wconf 91' lang='lat' dir='ltr'><strong>sunt</strong></span> <span class='ocrx_word' id='word_1_323' title='bbox 1855 3850 1978 3915; x_wconf 91' lang='lat' dir='ltr'><strong>duo,</strong></span> <span class='ocrx_word' id='word_1_324' title='bbox 2013 3863 2239 3918; x_wconf 82' lang='lat' dir='ltr'><strong>sponsus</strong></span> 
     </span>
    </p>
   </div>
   <div class='ocr_carea' id='block_1_41' title="bbox 654 3940 2239 4022">
    <p class='ocr_par' dir='ltr' id='par_1_41' title="bbox 654 3940 2239 4022">
     <span class='ocr_line' id='line_1_41' title="bbox 654 3940 2239 4022; baseline -0.006 -16"><span class='ocrx_word' id='word_1_325' title='bbox 654 3960 709 4006; x_wconf 91' lang='lat' dir='ltr'><strong>et</strong></span> <span class='ocrx_word' id='word_1_326' title='bbox 753 3964 946 4022; x_wconf 85' lang='lat' dir='ltr'><strong>sponsa</strong></span> <span class='ocrx_word' id='word_1_327' title='bbox 973 3988 990 4012; x_wconf 92' lang='lat'><strong>,</strong></span> <span class='ocrx_word' id='word_1_328' title='bbox 1041 3962 1268 4020; x_wconf 87' lang='lat' dir='ltr'><strong>sponsus</strong></span> <span class='ocrx_word' id='word_1_329' title='bbox 1313 3946 1542 4009; x_wconf 79' lang='lat' dir='ltr'><strong>Verbum</strong></span> <span class='ocrx_word' id='word_1_330' title='bbox 1581 3953 1633 3998; x_wconf 89' lang='lat' dir='ltr'><strong>et</strong></span> <span class='ocrx_word' id='word_1_331' title='bbox 1670 3958 1863 4014; x_wconf 83' lang='lat' dir='ltr'><strong>sponsa</strong></span> <span class='ocrx_word' id='word_1_332' title='bbox 1908 3956 2069 4005; x_wconf 85' lang='lat' dir='ltr'><strong>caro;</strong></span> <span class='ocrx_word' id='word_1_333' title='bbox 2118 3940 2239 4015; x_wconf 84' lang='lat' dir='ltr'><strong>quia</strong></span> 
     </span>
    </p>
   </div>
   <div class='ocr_carea' id='block_1_42' title="bbox 654 4032 2236 4112">
    <p class='ocr_par' dir='ltr' id='par_1_42' title="bbox 654 4032 2236 4112">
     <span class='ocr_line' id='line_1_42' title="bbox 654 4032 2236 4112; baseline -0.008 -15"><span class='ocrx_word' id='word_1_334' title='bbox 654 4040 910 4112; x_wconf 77' lang='lat' dir='ltr'><strong>scriptum</strong></span> <span class='ocrx_word' id='word_1_335' title='bbox 931 4049 1033 4105; x_wconf 80' lang='lat' dir='ltr'><strong>est,</strong></span> <span class='ocrx_word' id='word_1_336' title='bbox 1064 4035 1130 4091; x_wconf 79' lang='lat' dir='ltr'><strong>Et</strong></span> <span class='ocrx_word' id='word_1_337' title='bbox 1159 4049 1299 4092; x_wconf 87' lang='lat' dir='ltr'><strong>erunt</strong></span> <span class='ocrx_word' id='word_1_338' title='bbox 1328 4038 1428 4090; x_wconf 90' lang='lat' dir='ltr'><strong>duo</strong></span> <span class='ocrx_word' id='word_1_339' title='bbox 1456 4038 1507 4090; x_wconf 87' lang='lat' dir='ltr'><strong>in</strong></span> <span class='ocrx_word' id='word_1_340' title='bbox 1533 4053 1682 4090; x_wconf 84' lang='lat' dir='ltr'><strong>carne</strong></span> <span class='ocrx_word' id='word_1_341' title='bbox 1705 4052 1807 4088; x_wconf 86' lang='lat' dir='ltr'><strong>una</strong></span> <span class='ocrx_word' id='word_1_342' title='bbox 1835 4032 1984 4106; x_wconf 82' lang='lat' dir='ltr'><strong>(Gen.</strong></span> <span class='ocrx_word' id='word_1_343' title='bbox 2018 4048 2072 4096; x_wconf 85' lang='lat' dir='ltr'><strong>tt,</strong></span> <span class='ocrx_word' id='word_1_344' title='bbox 2104 4032 2193 4104; x_wconf 74' lang='grc'><strong>24)</strong></span> <span class='ocrx_word' id='word_1_345' title='bbox 2221 4049 2236 4099; x_wconf 87' lang='lat'><strong>;</strong></span> 
     </span>
    </p>
   </div>
   <div class='ocr_carea' id='block_1_43' title="bbox 654 4112 2236 4198">
    <p class='ocr_par' dir='ltr' id='par_1_43' title="bbox 654 4112 2236 4198">
     <span class='ocr_line' id='line_1_43' title="bbox 654 4112 2236 4198; baseline -0.007 -11"><span class='ocrx_word' id='word_1_346' title='bbox 654 4140 710 4187; x_wconf 86' lang='lat' dir='ltr'><strong>et</strong></span> <span class='ocrx_word' id='word_1_347' title='bbox 740 4131 996 4195; x_wconf 84' lang='lat' dir='ltr'><strong>Dominus</strong></span> <span class='ocrx_word' id='word_1_348' title='bbox 1024 4130 1151 4186; x_wconf 87' lang='lat' dir='ltr'><strong>dicit</strong></span> <span class='ocrx_word' id='word_1_349' title='bbox 1192 4130 1244 4184; x_wconf 92' lang='lat' dir='ltr'><strong>in</strong></span> <span class='ocrx_word' id='word_1_350' title='bbox 1270 4112 1593 4198; x_wconf 76' lang='lat' dir='ltr'><strong>Evangelia,</strong></span> <span class='ocrx_word' id='word_1_351' title='bbox 1641 4125 1805 4197; x_wconf 84' lang='lat' dir='ltr'><strong>Igitur</strong></span> <span class='ocrx_word' id='word_1_352' title='bbox 1825 4127 1935 4195; x_wconf 88' lang='lat' dir='ltr'><strong>jam</strong></span> <span class='ocrx_word' id='word_1_353' title='bbox 1966 4142 2067 4179; x_wconf 88' lang='lat' dir='ltr'><strong>non</strong></span> <span class='ocrx_word' id='word_1_354' title='bbox 2093 4124 2192 4177; x_wconf 89' lang='lat' dir='ltr'><strong>duo</strong></span> <span class='ocrx_word' id='word_1_355' title='bbox 2221 4165 2236 4190; x_wconf 90' lang='lat'><strong>,</strong></span> 
     </span>
    </p>
   </div>
   <div class='ocr_carea' id='block_1_44' title="bbox 655 4216 2240 4301">
    <p class='ocr_par' dir='ltr' id='par_1_44' title="bbox 655 4216 2240 4301">
     <span class='ocr_line' id='line_1_44' title="bbox 655 4216 2240 4301; baseline -0.006 -22"><span class='ocrx_word' id='word_1_356' title='bbox 655 4222 873 4301; x_wconf 27' lang='lat' dir='ltr'><strong>sed‘uua</strong></span> <span class='ocrx_word' id='word_1_357' title='bbox 898 4238 1016 4275; x_wconf 88' lang='lat' dir='ltr'><strong>caro</strong></span> <span class='ocrx_word' id='word_1_358' title='bbox 1048 4221 1258 4296; x_wconf 76' lang='lat' dir='ltr'><strong>(Matth.</strong></span> <span class='ocrx_word' id='word_1_359' title='bbox 1292 4236 1398 4283; x_wconf 79' lang='lat' dir='ltr'><strong>xix,</strong></span> <span class='ocrx_word' id='word_1_360' title='bbox 1429 4220 1507 4289; x_wconf 87' lang='lat'><strong>6).</strong></span> <span class='ocrx_word' id='word_1_361' title='bbox 1543 4220 1607 4273; x_wconf 89' lang='lat' dir='ltr'><strong>Et</strong></span> <span class='ocrx_word' id='word_1_362' title='bbox 1639 4218 1797 4272; x_wconf 78' lang='lat' dir='ltr'><strong>Isaias</strong></span> <span class='ocrx_word' id='word_1_363' title='bbox 1822 4218 2021 4288; x_wconf 88' lang='lat' dir='ltr'><strong>optime</strong></span> <span class='ocrx_word' id='word_1_364' title='bbox 2051 4216 2240 4272; x_wconf 86' lang='lat' dir='ltr'><strong>memi-</strong></span> 
     </span>
    </p>
   </div>
   <div class='ocr_carea' id='block_1_45' title="bbox 656 4310 2240 4397">
    <p class='ocr_par' dir='ltr' id='par_1_45' title="bbox 656 4310 2240 4397">
     <span class='ocr_line' id='line_1_45' title="bbox 656 4310 2240 4397; baseline -0.005 -26"><span class='ocrx_word' id='word_1_365' title='bbox 656 4314 737 4397; x_wconf 83' lang='lat' dir='ltr'><strong>nit</strong></span> <span class='ocrx_word' id='word_1_366' title='bbox 765 4330 929 4369; x_wconf 90' lang='lat' dir='ltr'><strong>unum</strong></span> <span class='ocrx_word' id='word_1_367' title='bbox 957 4329 1075 4367; x_wconf 88' lang='lat' dir='ltr'><strong>esse</strong></span> <span class='ocrx_word' id='word_1_368' title='bbox 1110 4314 1251 4383; x_wconf 83' lang='lat' dir='ltr'><strong>ipsos</strong></span> <span class='ocrx_word' id='word_1_369' title='bbox 1278 4311 1413 4365; x_wconf 88' lang='lat' dir='ltr'><strong>duos</strong></span> <span class='ocrx_word' id='word_1_370' title='bbox 1450 4329 1461 4363; x_wconf 89' lang='lat'>:</span> <span class='ocrx_word' id='word_1_371' title='bbox 1494 4312 1725 4381; x_wconf 89' lang='lat' dir='ltr'><strong>loquitur</strong></span> <span class='ocrx_word' id='word_1_372' title='bbox 1751 4310 1892 4365; x_wconf 86' lang='lat' dir='ltr'><strong>enim</strong></span> <span class='ocrx_word' id='word_1_373' title='bbox 1918 4325 1986 4364; x_wconf 84' lang='lat' dir='ltr'><strong>ex</strong></span> <span class='ocrx_word' id='word_1_374' title='bbox 2014 4324 2240 4381; x_wconf 89' lang='lat' dir='ltr'><strong>persona</strong></span> 
     </span>
    </p>
   </div>
   <div class='ocr_carea' id='block_1_46' title="bbox 659 4398 2238 4471">
    <p class='ocr_par' dir='ltr' id='par_1_46' title="bbox 659 4398 2238 4471">
     <span class='ocr_line' id='line_1_46' title="bbox 659 4398 2238 4471; baseline -0.002 -13"><span class='ocrx_word' id='word_1_375' title='bbox 659 4398 882 4471; x_wconf 84' lang='lat' dir='ltr'><strong>Christi,</strong></span> <span class='ocrx_word' id='word_1_376' title='bbox 914 4412 968 4457; x_wconf 88' lang='lat' dir='ltr'><strong>et</strong></span> <span class='ocrx_word' id='word_1_377' title='bbox 996 4403 1143 4465; x_wconf 89' lang='lat' dir='ltr'><strong>dicit,</strong></span> <span class='ocrx_word' id='word_1_378' title='bbox 1184 4404 1329 4456; x_wconf 84' lang='lat' dir='ltr'><strong>Sicut</strong></span> <span class='ocrx_word' id='word_1_379' title='bbox 1375 4418 1557 4470; x_wconf 82' lang='lat' dir='ltr'><strong>sponso</strong></span> <span class='ocrx_word' id='word_1_380' title='bbox 1588 4402 1823 4471; x_wconf 82' lang='lat' dir='ltr'><strong>imposuit</strong></span> <span class='ocrx_word' id='word_1_381' title='bbox 1853 4402 1977 4471; x_wconf 82' lang='lat' dir='ltr'><strong>mihi</strong></span> <span class='ocrx_word' id='word_1_382' title='bbox 2002 4403 2200 4455; x_wconf 88' lang='lat' dir='ltr'><strong>mitram</strong></span> <span class='ocrx_word' id='word_1_383' title='bbox 2223 4445 2238 4469; x_wconf 96' lang='lat'><strong>,</strong></span> 
     </span>
    </p>
   </div>
   <div class='ocr_carea' id='block_1_47' title="bbox 660 4491 2241 4566">
    <p class='ocr_par' dir='ltr' id='par_1_47' title="bbox 660 4491 2241 4566">
     <span class='ocr_line' id='line_1_47' title="bbox 660 4491 2241 4566; baseline 0.001 -18"><span class='ocrx_word' id='word_1_384' title='bbox 660 4504 707 4549; x_wconf 86' lang='lat' dir='ltr'><strong>et</strong></span> <span class='ocrx_word' id='word_1_385' title='bbox 730 4494 859 4547; x_wconf 88' lang='lat' dir='ltr'><strong>sicut</strong></span> <span class='ocrx_word' id='word_1_386' title='bbox 883 4509 1123 4563; x_wconf 84' lang='lat' dir='ltr'><strong>sponsam</strong></span> <span class='ocrx_word' id='word_1_387' title='bbox 1152 4493 1343 4545; x_wconf 82' lang='lat' dir='ltr'><strong>ornavit</strong></span> <span class='ocrx_word' id='word_1_388' title='bbox 1376 4507 1453 4544; x_wconf 86' lang='lat' dir='ltr'><strong>me</strong></span> <span class='ocrx_word' id='word_1_389' title='bbox 1476 4502 1768 4545; x_wconf 84' lang='lat' dir='ltr'><strong>ornamento</strong></span> <span class='ocrx_word' id='word_1_390' title='bbox 1800 4491 1949 4566; x_wconf 82' lang='lat' dir='ltr'><strong>(Isai.</strong></span> <span class='ocrx_word' id='word_1_391' title='bbox 1982 4509 2097 4565; x_wconf 71' lang='grc' dir='ltr'>ῳιι,</span> <span class='ocrx_word' id='word_1_392' title='bbox 2131 4495 2241 4565; x_wconf 77' lang='lat' dir='ltr'><strong>ill).</strong></span> 
     </span>
    </p>
   </div>
   <div class='ocr_carea' id='block_1_48' title="bbox 660 4581 2242 4652">
    <p class='ocr_par' dir='ltr' id='par_1_48' title="bbox 660 4581 2242 4652">
     <span class='ocr_line' id='line_1_48' title="bbox 660 4581 2242 4652; baseline 0.003 -16"><span class='ocrx_word' id='word_1_393' title='bbox 660 4584 810 4641; x_wconf 89' lang='lat' dir='ltr'><strong>Unus</strong></span> <span class='ocrx_word' id='word_1_394' title='bbox 831 4584 1041 4638; x_wconf 86' lang='lat' dir='ltr'><strong>videtur</strong></span> <span class='ocrx_word' id='word_1_395' title='bbox 1071 4583 1234 4652; x_wconf 91' lang='lat' dir='ltr'><strong>loqui,</strong></span> <span class='ocrx_word' id='word_1_396' title='bbox 1265 4594 1317 4635; x_wconf 89' lang='lat' dir='ltr'><strong>et</strong></span> <span class='ocrx_word' id='word_1_397' title='bbox 1345 4596 1601 4651; x_wconf 86' lang='lat' dir='ltr'><strong>Sponsum</strong></span> <span class='ocrx_word' id='word_1_398' title='bbox 1642 4597 1702 4637; x_wconf 88' lang='lat' dir='ltr'><strong>se</strong></span> <span class='ocrx_word' id='word_1_399' title='bbox 1744 4581 1868 4637; x_wconf 88' lang='lat' dir='ltr'><strong>fecit</strong></span> <span class='ocrx_word' id='word_1_400' title='bbox 1902 4592 1956 4637; x_wconf 90' lang='lat' dir='ltr'><strong>et</strong></span> <span class='ocrx_word' id='word_1_401' title='bbox 1992 4598 2242 4652; x_wconf 85' lang='lat' dir='ltr'><strong>sponsam</strong></span> 
     </span>
    </p>
   </div>
   <div class='ocr_carea' id='block_1_49' title="bbox 659 4673 2245 4745">
    <p class='ocr_par' dir='ltr' id='par_1_49' title="bbox 659 4673 2245 4745">
     <span class='ocr_line' id='line_1_49' title="bbox 659 4673 2245 4745; baseline -0.001 -13"><span class='ocrx_word' id='word_1_402' title='bbox 659 4691 721 4732; x_wconf 86' lang='lat' dir='ltr'><strong>se</strong></span> <span class='ocrx_word' id='word_1_403' title='bbox 766 4674 922 4739; x_wconf 86' lang='lat' dir='ltr'><strong>fecit;</strong></span> <span class='ocrx_word' id='word_1_404' title='bbox 950 4674 1071 4739; x_wconf 84' lang='lat' dir='ltr'><strong>quia</strong></span> <span class='ocrx_word' id='word_1_405' title='bbox 1101 4690 1203 4727; x_wconf 84' lang='lat' dir='ltr'><strong>non</strong></span> <span class='ocrx_word' id='word_1_406' title='bbox 1229 4674 1364 4733; x_wconf 88' lang='lat' dir='ltr'><strong>duo,</strong></span> <span class='ocrx_word' id='word_1_407' title='bbox 1392 4673 1480 4725; x_wconf 89' lang='lat' dir='ltr'><strong>sed</strong></span> <span class='ocrx_word' id='word_1_408' title='bbox 1521 4689 1624 4725; x_wconf 85' lang='lat' dir='ltr'><strong>una</strong></span> <span class='ocrx_word' id='word_1_409' title='bbox 1663 4689 1781 4727; x_wconf 87' lang='lat' dir='ltr'><strong>caro</strong></span> <span class='ocrx_word' id='word_1_410' title='bbox 1820 4689 1839 4728; x_wconf 89' lang='lat'><strong><em>:</em></strong></span> <span class='ocrx_word' id='word_1_411' title='bbox 1875 4675 1996 4745; x_wconf 84' lang='lat' dir='ltr'><strong>quia</strong></span> <span class='ocrx_word' id='word_1_412' title='bbox 2030 4675 2245 4731; x_wconf 80' lang='lat' dir='ltr'><strong>Verbum</strong></span> 
     </span>
    </p>
   </div>
   <div class='ocr_carea' id='block_1_50' title="bbox 661 4765 2245 4841">
    <p class='ocr_par' dir='ltr' id='par_1_50' title="bbox 661 4765 2245 4841">
     <span class='ocr_line' id='line_1_50' title="bbox 661 4765 2245 4841; baseline 0.001 -17"><span class='ocrx_word' id='word_1_413' title='bbox 661 4785 781 4824; x_wconf 90' lang='lat' dir='ltr'><strong>caro</strong></span> <span class='ocrx_word' id='word_1_414' title='bbox 805 4771 993 4839; x_wconf 79' lang='lat' dir='ltr'><strong>factum</strong></span> <span class='ocrx_word' id='word_1_415' title='bbox 1020 4775 1091 4821; x_wconf 84' lang='lat' dir='ltr'><strong>est</strong></span> <span class='ocrx_word' id='word_1_416' title='bbox 1107 4809 1120 4831; x_wconf 91' lang='lat'><strong>,</strong></span> <span class='ocrx_word' id='word_1_417' title='bbox 1159 4775 1206 4819; x_wconf 87' lang='lat' dir='ltr'><strong>et</strong></span> <span class='ocrx_word' id='word_1_418' title='bbox 1234 4765 1476 4819; x_wconf 80' lang='lat' dir='ltr'><strong>habitavit</strong></span> <span class='ocrx_word' id='word_1_419' title='bbox 1502 4767 1553 4819; x_wconf 84' lang='lat' dir='ltr'><strong>in</strong></span> <span class='ocrx_word' id='word_1_420' title='bbox 1583 4766 1742 4820; x_wconf 85' lang='lat' dir='ltr'><strong>nobis.</strong></span> <span class='ocrx_word' id='word_1_421' title='bbox 1779 4765 1854 4822; x_wconf 89' lang='lat' dir='ltr'><strong>Illi</strong></span> <span class='ocrx_word' id='word_1_422' title='bbox 1882 4770 2026 4823; x_wconf 90' lang='lat' dir='ltr'><strong>carni</strong></span> <span class='ocrx_word' id='word_1_423' title='bbox 2053 4770 2245 4841; x_wconf 85' lang='lat' dir='ltr'><strong>adjun-</strong></span> 
     </span>
    </p>
   </div>
   <div class='ocr_carea' id='block_1_51' title="bbox 661 4857 2214 4931">
    <p class='ocr_par' dir='ltr' id='par_1_51' title="bbox 661 4857 2214 4931">
     <span class='ocr_line' id='line_1_51' title="bbox 661 4857 2214 4931; baseline 0.002 -19"><span class='ocrx_word' id='word_1_424' title='bbox 661 4863 801 4931; x_wconf 74' lang='lat' dir='ltr'><strong>gitm-</strong></span> <span class='ocrx_word' id='word_1_425' title='bbox 827 4858 1173 4924; x_wconf 77' lang='lat' dir='ltr'><strong>Ecclesia,.et</strong></span> <span class='ocrx_word' id='word_1_426' title='bbox 1201 4860 1259 4911; x_wconf 86' lang='lat' dir='ltr'><strong>tit</strong></span> <span class='ocrx_word' id='word_1_427' title='bbox 1284 4857 1524 4912; x_wconf 89' lang='lat' dir='ltr'><strong>Christus</strong></span> <span class='ocrx_word' id='word_1_428' title='bbox 1553 4865 1712 4925; x_wconf 87' lang='lat' dir='ltr'><strong>totus,</strong></span> <span class='ocrx_word' id='word_1_429' title='bbox 1740 4870 1896 4927; x_wconf 88' lang='lat' dir='ltr'><strong>caput</strong></span> <span class='ocrx_word' id='word_1_430' title='bbox 1919 4868 1973 4914; x_wconf 88' lang='lat' dir='ltr'><strong>et</strong></span> <span class='ocrx_word' id='word_1_431' title='bbox 2004 4876 2214 4931; x_wconf 89' lang='lat' dir='ltr'><strong>corpus.</strong></span> 
     </span>
    </p>
   </div>
   <div class='ocr_carea' id='block_1_52' title="bbox 734 4951 2247 5022">
    <p class='ocr_par' dir='ltr' id='par_1_52' title="bbox 734 4951 2247 5022">
     <span class='ocr_line' id='line_1_52' title="bbox 734 4951 2247 5022; baseline -0.001 -11"><span class='ocrx_word' id='word_1_432' title='bbox 734 4956 786 5011; x_wconf 81' lang='grc'><strong>5.</strong></span> <span class='ocrx_word' id='word_1_433' title='bbox 838 4951 904 5006; x_wconf 81' lang='lat' dir='ltr'><strong>Et</strong></span> <span class='ocrx_word' id='word_1_434' title='bbox 944 4962 1121 5016; x_wconf 82' lang='lat' dir='ltr'><strong>testes,</strong></span> <span class='ocrx_word' id='word_1_435' title='bbox 1168 4951 1367 5022; x_wconf 90' lang='lat' dir='ltr'><strong>inquit,</strong></span> <span class='ocrx_word' id='word_1_436' title='bbox 1406 4966 1616 5016; x_wconf 78' lang='lat' dir='ltr'><strong>sumus;</strong></span> <span class='ocrx_word' id='word_1_437' title='bbox 1641 4958 1689 5004; x_wconf 89' lang='lat' dir='ltr'><strong>et</strong></span> <span class='ocrx_word' id='word_1_438' title='bbox 1726 4954 2083 5008; x_wconf 79' lang='lat' dir='ltr'><strong>annuulianms</strong></span> <span class='ocrx_word' id='word_1_439' title='bbox 2113 4954 2247 5010; x_wconf 69' lang='lat' dir='ltr'><strong>vobis</strong></span> 
     </span>
    </p>
   </div>
   <div class='ocr_carea' id='block_1_53' title="bbox 662 5041 2248 5117">
    <p class='ocr_par' dir='ltr' id='par_1_53' title="bbox 662 5041 2248 5117">
     <span class='ocr_line' id='line_1_53' title="bbox 662 5041 2248 5117; baseline 0.001 -19"><span class='ocrx_word' id='word_1_440' title='bbox 662 5045 814 5098; x_wconf 76' lang='lat' dir='ltr'><strong>vitam</strong></span> <span class='ocrx_word' id='word_1_441' title='bbox 840 5054 1100 5108; x_wconf 69' lang='lat' dir='ltr'><strong>cateruam,</strong></span> <span class='ocrx_word' id='word_1_442' title='bbox 1128 5059 1241 5114; x_wconf 67' lang='lat' dir='ltr'><strong>qua</strong></span> <span class='ocrx_word' id='word_1_443' title='bbox 1275 5051 1381 5097; x_wconf 85' lang='lat' dir='ltr'><strong>erat</strong></span> <span class='ocrx_word' id='word_1_444' title='bbox 1408 5042 1547 5115; x_wconf 84' lang='lat' dir='ltr'><strong>apud</strong></span> <span class='ocrx_word' id='word_1_445' title='bbox 1575 5041 1805 5109; x_wconf 86' lang='lat' dir='ltr'><strong>Patrem,</strong></span> <span class='ocrx_word' id='word_1_446' title='bbox 1844 5056 1891 5098; x_wconf 85' lang='lat' dir='ltr'><strong>et</strong></span> <span class='ocrx_word' id='word_1_447' title='bbox 1930 5047 2248 5117; x_wconf 74' lang='lat' dir='ltr'><strong>manifestata</strong></span> 
     </span>
    </p>
   </div>
   <div class='ocr_carea' id='block_1_54' title="bbox 576 5136 2250 5213">
    <p class='ocr_par' dir='ltr' id='par_1_54' title="bbox 576 5136 2250 5213">
     <span class='ocr_line' id='line_1_54' title="bbox 576 5136 2250 5213; baseline 0.003 -25"><span class='ocrx_word' id='word_1_448' title='bbox 576 5204 583 5213; x_wconf 18' lang='grc' dir='ltr'>κ</span> <span class='ocrx_word' id='word_1_449' title='bbox 666 5147 738 5190; x_wconf 86' lang='lat' dir='ltr'><strong>est</strong></span> <span class='ocrx_word' id='word_1_450' title='bbox 771 5138 821 5189; x_wconf 88' lang='lat' dir='ltr'><strong>in</strong></span> <span class='ocrx_word' id='word_1_451' title='bbox 853 5136 993 5189; x_wconf 84' lang='lat' dir='ltr'><strong>nobis</strong></span> <span class='ocrx_word' id='word_1_452' title='bbox 1022 5152 1039 5188; x_wconf 92' lang='lat'><strong><em>:</em></strong></span> <span class='ocrx_word' id='word_1_453' title='bbox 1070 5136 1171 5190; x_wconf 84' lang='lat' dir='ltr'><strong>hoc</strong></span> <span class='ocrx_word' id='word_1_454' title='bbox 1190 5142 1292 5200; x_wconf 87' lang='lat' dir='ltr'><strong>est,</strong></span> <span class='ocrx_word' id='word_1_455' title='bbox 1321 5136 1651 5191; x_wconf 83' lang='lat' dir='ltr'><strong>manifestata</strong></span> <span class='ocrx_word' id='word_1_456' title='bbox 1678 5145 1761 5191; x_wconf 88' lang='lat' dir='ltr'><strong>est</strong></span> <span class='ocrx_word' id='word_1_457' title='bbox 1789 5136 1925 5189; x_wconf 88' lang='lat' dir='ltr'><strong>inter</strong></span> <span class='ocrx_word' id='word_1_458' title='bbox 1952 5153 2080 5202; x_wconf 88' lang='lat' dir='ltr'><strong>nos;</strong></span> <span class='ocrx_word' id='word_1_459' title='bbox 2110 5138 2250 5207; x_wconf 89' lang='lat' dir='ltr'><strong>quod</strong></span> 
     </span>
    </p>
   </div>
   <div class='ocr_carea' id='block_1_55' title="bbox 665 5229 2250 5302">
    <p class='ocr_par' dir='ltr' id='par_1_55' title="bbox 665 5229 2250 5302">
     <span class='ocr_line' id='line_1_55' title="bbox 665 5229 2250 5302; baseline 0.003 -17"><span class='ocrx_word' id='word_1_460' title='bbox 665 5230 903 5299; x_wconf 84' lang='lat' dir='ltr'><strong>apertius</strong></span> <span class='ocrx_word' id='word_1_461' title='bbox 941 5229 1229 5291; x_wconf 87' lang='lat' dir='ltr'><strong>diceretur,</strong></span> <span class='ocrx_word' id='word_1_462' title='bbox 1273 5229 1600 5284; x_wconf 77' lang='lat' dir='ltr'><strong>manifestata</strong></span> <span class='ocrx_word' id='word_1_463' title='bbox 1646 5238 1728 5284; x_wconf 87' lang='lat' dir='ltr'><strong>est</strong></span> <span class='ocrx_word' id='word_1_464' title='bbox 1771 5231 1942 5285; x_wconf 86' lang='lat' dir='ltr'><strong>nobis.</strong></span> <span class='ocrx_word' id='word_1_465' title='bbox 1974 5230 2250 5302; x_wconf 58' lang='lat' dir='ltr'><strong>{lutet-rgo</strong></span> 
     </span>
    </p>
   </div>
   <div class='ocr_carea' id='block_1_56' title="bbox 665 5319 2249 5399">
    <p class='ocr_par' dir='ltr' id='par_1_56' title="bbox 665 5319 2249 5399">
     <span class='ocr_line' id='line_1_56' title="bbox 665 5319 2249 5399; baseline -0.001 -20"><span class='ocrx_word' id='word_1_466' title='bbox 665 5323 882 5379; x_wconf 78' lang='lat' dir='ltr'><strong>vidimus</strong></span> <span class='ocrx_word' id='word_1_467' title='bbox 910 5319 1283 5399; x_wconf 73' lang='lat' dir='ltr'><strong>etaudivimus,</strong></span> <span class='ocrx_word' id='word_1_468' title='bbox 1313 5321 1604 5375; x_wconf 82' lang='lat' dir='ltr'><strong>nuutiamus</strong></span> <span class='ocrx_word' id='word_1_469' title='bbox 1630 5320 1784 5375; x_wconf 82' lang='lat' dir='ltr'><strong>vobis.</strong></span> <span class='ocrx_word' id='word_1_470' title='bbox 1828 5322 2069 5377; x_wconf 89' lang='lat' dir='ltr'><strong>lntendat</strong></span> <span class='ocrx_word' id='word_1_471' title='bbox 2109 5323 2249 5379; x_wconf 83' lang='lat' dir='ltr'><strong>Cha-</strong></span> 
     </span>
    </p>
   </div>
   <div class='ocr_carea' id='block_1_57' title="bbox 668 5412 2249 5482">
    <p class='ocr_par' dir='ltr' id='par_1_57' title="bbox 668 5412 2249 5482">
     <span class='ocr_line' id='line_1_57' title="bbox 668 5412 2249 5482; baseline -0.002 -7"><span class='ocrx_word' id='word_1_472' title='bbox 668 5419 798 5475; x_wconf 80' lang='lat' dir='ltr'><strong>ritas</strong></span> <span class='ocrx_word' id='word_1_473' title='bbox 840 5424 1015 5470; x_wconf 80' lang='lat' dir='ltr'><strong>vestra</strong></span> <span class='ocrx_word' id='word_1_474' title='bbox 1047 5431 1060 5465; x_wconf 91' lang='lat'>:</span> <span class='ocrx_word' id='word_1_475' title='bbox 1095 5412 1221 5479; x_wconf 62' lang='lat' dir='ltr'><strong>Qua:</strong></span> <span class='ocrx_word' id='word_1_476' title='bbox 1247 5427 1374 5482; x_wconf 73' lang='lat' dir='ltr'><strong>ergo</strong></span> <span class='ocrx_word' id='word_1_477' title='bbox 1397 5415 1612 5469; x_wconf 81' lang='lat' dir='ltr'><strong>vidimus</strong></span> <span class='ocrx_word' id='word_1_478' title='bbox 1636 5426 1680 5468; x_wconf 88' lang='lat' dir='ltr'><strong>et</strong></span> <span class='ocrx_word' id='word_1_479' title='bbox 1709 5416 2017 5482; x_wconf 83' lang='lat' dir='ltr'><strong>audivimus,</strong></span> <span class='ocrx_word' id='word_1_480' title='bbox 2047 5419 2249 5472; x_wconf 86' lang='lat' dir='ltr'><strong>nuntia-</strong></span> 
     </span>
    </p>
   </div>
   <div class='ocr_carea' id='block_1_58' title="bbox 668 5507 2249 5580">
    <p class='ocr_par' dir='ltr' id='par_1_58' title="bbox 668 5507 2249 5580">
     <span class='ocr_line' id='line_1_58' title="bbox 668 5507 2249 5580; baseline -0.003 -12"><span class='ocrx_word' id='word_1_481' title='bbox 668 5528 779 5569; x_wconf 89' lang='lat' dir='ltr'><strong>mus</strong></span> <span class='ocrx_word' id='word_1_482' title='bbox 804 5509 957 5566; x_wconf 80' lang='lat' dir='ltr'><strong>vobis.</strong></span> <span class='ocrx_word' id='word_1_483' title='bbox 984 5509 1060 5564; x_wconf 91' lang='lat' dir='ltr'><strong>Illi</strong></span> <span class='ocrx_word' id='word_1_484' title='bbox 1088 5507 1330 5562; x_wconf 84' lang='lat' dir='ltr'><strong>viderunt</strong></span> <span class='ocrx_word' id='word_1_485' title='bbox 1355 5507 1523 5577; x_wconf 87' lang='lat' dir='ltr'><strong>ipsum</strong></span> <span class='ocrx_word' id='word_1_486' title='bbox 1554 5509 1833 5563; x_wconf 89' lang='lat' dir='ltr'><strong>Dominum</strong></span> <span class='ocrx_word' id='word_1_487' title='bbox 1860 5525 2172 5580; x_wconf 58' lang='lat' dir='ltr'><strong>praesentem</strong></span> <span class='ocrx_word' id='word_1_488' title='bbox 2198 5514 2249 5569; x_wconf 89' lang='lat' dir='ltr'><strong>in</strong></span> 
     </span>
    </p>
   </div>
   <div class='ocr_carea' id='block_1_59' title="bbox 735 5634 2255 5702">
    <p class='ocr_par' dir='ltr' id='par_1_59' title="bbox 735 5634 2255 5702">
     <span class='ocr_line' id='line_1_59' title="bbox 735 5634 2255 5702; baseline 0.002 -11"><span class='ocrx_word' id='word_1_489' title='bbox 735 5643 753 5675; x_wconf 77' lang='grc' dir='ltr'>ί</span> <span class='ocrx_word' id='word_1_490' title='bbox 772 5646 1037 5702; x_wconf 40' lang='lat' dir='ltr'><strong>vestisse</strong></span> <span class='ocrx_word' id='word_1_491' title='bbox 1061 5634 1428 5702; x_wconf 63' lang='lat' dir='ltr'><strong>uteautemsol</strong></span> <span class='ocrx_word' id='word_1_492' title='bbox 1447 5636 1531 5702; x_wconf 86' lang='lat' dir='ltr'><strong>qui</strong></span> <span class='ocrx_word' id='word_1_493' title='bbox 1560 5634 1671 5700; x_wconf 82' lang='lat' dir='ltr'><strong>fecit</strong></span> <span class='ocrx_word' id='word_1_494' title='bbox 1707 5636 1869 5688; x_wconf 84' lang='lat' dir='ltr'><strong>solem.</strong></span> <span class='ocrx_word' id='word_1_495' title='bbox 1894 5638 1980 5690; x_wconf 76' lang='grc' dir='ltr'>Αιιι</span> <span class='ocrx_word' id='word_1_496' title='bbox 2000 5640 2125 5691; x_wconf 91' lang='lat' dir='ltr'><strong>duo:</strong></span> <span class='ocrx_word' id='word_1_497' title='bbox 2146 5650 2255 5695; x_wconf 84' lang='lat' dir='ltr'><strong>Jam</strong></span> 
     </span>
    </p>
   </div>
   <div class='ocr_carea' id='block_1_60' title="bbox 671 5697 1436 5767">
    <p class='ocr_par' dir='ltr' id='par_1_60' title="bbox 671 5697 1436 5767">
     <span class='ocr_line' id='line_1_60' title="bbox 671 5697 1436 5767; baseline -0.01 -9"><span class='ocrx_word' id='word_1_498' title='bbox 671 5697 1436 5767; x_wconf 69' lang='lat' dir='ltr'><strong>Mandlesolquifecitsofem.</strong></span> 
     </span>
    </p>
   </div>
   <div class='ocr_carea' id='block_1_61' title="bbox 1366 221 3187 322">
    <p class='ocr_par' dir='ltr' id='par_1_61' title="bbox 1366 221 3187 322">
     <span class='ocr_line' id='line_1_61' title="bbox 1366 221 3187 322; baseline -0.013 -23"><span class='ocrx_word' id='word_1_499' title='bbox 1366 245 1431 300; x_wconf 83' lang='lat' dir='ltr'><strong>IN</strong></span> <span class='ocrx_word' id='word_1_500' title='bbox 1469 235 1849 297; x_wconf 79' lang='lat' dir='ltr'><strong>EPISTOLAM</strong></span> <span class='ocrx_word' id='word_1_501' title='bbox 1887 230 2169 291; x_wconf 80' lang='lat' dir='ltr'><strong>JOANNIS</strong></span> <span class='ocrx_word' id='word_1_502' title='bbox 2197 228 2298 322; x_wconf 28' lang='grc' dir='ltr'><strong>,ΑΒ</strong></span> <span class='ocrx_word' id='word_1_503' title='bbox 2337 225 2655 282; x_wconf 77' lang='lat' dir='ltr'><strong>PARTHOS</strong></span> <span class='ocrx_word' id='word_1_504' title='bbox 2715 226 2773 280; x_wconf 94' lang='lat' dir='ltr'><strong>S.</strong></span> <span class='ocrx_word' id='word_1_505' title='bbox 2814 221 3187 280; x_wconf 79' lang='lat' dir='ltr'><strong>AUGUSTINI</strong></span> 
     </span>
    </p>
   </div>
   <div class='ocr_carea' id='block_1_62' title="bbox 3685 228 3783 285">
    <p class='ocr_par' dir='ltr' id='par_1_62' title="bbox 3685 228 3783 285">
     <span class='ocr_line' id='line_1_62' title="bbox 3685 228 3783 285; baseline 0.01 -1"><span class='ocrx_word' id='word_1_506' title='bbox 3685 228 3783 285; x_wconf 73' lang='lat'><strong>1980</strong></span> 
     </span>
    </p>
   </div>
   <div class='ocr_carea' id='block_1_63' title="bbox 2315 334 3772 408">
    <p class='ocr_par' dir='ltr' id='par_1_63' title="bbox 2315 334 3772 408">
     <span class='ocr_line' id='line_1_63' title="bbox 2315 334 3772 408; baseline -0.005 -11"><span class='ocrx_word' id='word_1_507' title='bbox 2315 357 2495 408; x_wconf 87' lang='lat' dir='ltr'><strong>carne,</strong></span> <span class='ocrx_word' id='word_1_508' title='bbox 2527 351 2581 396; x_wconf 88' lang='lat' dir='ltr'><strong>et</strong></span> <span class='ocrx_word' id='word_1_509' title='bbox 2605 340 2883 396; x_wconf 89' lang='lat' dir='ltr'><strong>audierunt</strong></span> <span class='ocrx_word' id='word_1_510' title='bbox 2910 336 3068 394; x_wconf 83' lang='lat' dir='ltr'><strong>verba</strong></span> <span class='ocrx_word' id='word_1_511' title='bbox 3094 354 3157 394; x_wconf 77' lang='lat' dir='ltr'><strong>ex</strong></span> <span class='ocrx_word' id='word_1_512' title='bbox 3196 353 3284 392; x_wconf 92' lang='lat' dir='ltr'><strong>ore</strong></span> <span class='ocrx_word' id='word_1_513' title='bbox 3325 334 3536 404; x_wconf 88' lang='lat' dir='ltr'><strong>Domini,</strong></span> <span class='ocrx_word' id='word_1_514' title='bbox 3563 344 3605 395; x_wconf 81' lang='lat' dir='ltr'><strong>ct</strong></span> <span class='ocrx_word' id='word_1_515' title='bbox 3623 344 3772 402; x_wconf 78' lang='lat' dir='ltr'><strong>annua.</strong></span> 
     </span>
    </p>
   </div>
   <div class='ocr_carea' id='block_1_64' title="bbox 2317 430 3777 503">
    <p class='ocr_par' dir='ltr' id='par_1_64' title="bbox 2317 430 3777 503">
     <span class='ocr_line' id='line_1_64' title="bbox 2317 430 3777 503; baseline -0.005 -14"><span class='ocrx_word' id='word_1_516' title='bbox 2317 435 2583 493; x_wconf 81' lang='lat' dir='ltr'><strong>tiaverunt</strong></span> <span class='ocrx_word' id='word_1_517' title='bbox 2623 432 2795 487; x_wconf 87' lang='lat' dir='ltr'><strong>nobis.</strong></span> <span class='ocrx_word' id='word_1_518' title='bbox 2836 431 2901 486; x_wconf 87' lang='lat' dir='ltr'><strong>Et</strong></span> <span class='ocrx_word' id='word_1_519' title='bbox 2929 446 3025 485; x_wconf 89' lang='lat' dir='ltr'><strong>nos</strong></span> <span class='ocrx_word' id='word_1_520' title='bbox 3051 445 3173 499; x_wconf 82' lang='lat' dir='ltr'><strong>ergo</strong></span> <span class='ocrx_word' id='word_1_521' title='bbox 3197 430 3494 503; x_wconf 81' lang='lat' dir='ltr'><strong>audivimus.</strong></span> <span class='ocrx_word' id='word_1_522' title='bbox 3518 433 3598 486; x_wconf 87' lang='lat' dir='ltr'><strong>sed</strong></span> <span class='ocrx_word' id='word_1_523' title='bbox 3621 451 3697 487; x_wconf 88' lang='lat' dir='ltr'><strong>non</strong></span> <span class='ocrx_word' id='word_1_524' title='bbox 3723 439 3777 493; x_wconf 66' lang='lat' dir='ltr'><strong>vi.</strong></span> 
     </span>
    </p>
   </div>
   <div class='ocr_carea' id='block_1_65' title="bbox 2276 521 3778 605">
    <p class='ocr_par' dir='ltr' id='par_1_65' title="bbox 2276 521 3778 605">
     <span class='ocr_line' id='line_1_65' title="bbox 2276 521 3778 605; baseline -0.003 -22"><span class='ocrx_word' id='word_1_525' title='bbox 2276 598 2289 605; x_wconf 72' lang='lat'><strong><em>_</em></strong></span> <span class='ocrx_word' id='word_1_526' title='bbox 2316 527 2509 605; x_wconf 74' lang='lat' dir='ltr'><strong>dimus.</strong></span> <span class='ocrx_word' id='word_1_527' title='bbox 2524 527 2702 604; x_wconf 59' lang='lat' dir='ltr'><strong>yinus</strong></span> <span class='ocrx_word' id='word_1_528' title='bbox 2721 540 2849 596; x_wconf 82' lang='lat' dir='ltr'><strong>ergo</strong></span> <span class='ocrx_word' id='word_1_529' title='bbox 2873 538 3058 605; x_wconf 71' lang='lat' dir='ltr'><strong>sumus</strong></span> <span class='ocrx_word' id='word_1_530' title='bbox 3078 521 3258 603; x_wconf 57' lang='lat' dir='ltr'><strong>felices</strong></span> <span class='ocrx_word' id='word_1_531' title='bbox 3268 532 3416 592; x_wconf 85' lang='lat' dir='ltr'><strong>quam</strong></span> <span class='ocrx_word' id='word_1_532' title='bbox 3430 522 3495 576; x_wconf 84' lang='lat' dir='ltr'><strong>illi</strong></span> <span class='ocrx_word' id='word_1_533' title='bbox 3512 524 3587 593; x_wconf 88' lang='lat' dir='ltr'><strong>qui</strong></span> <span class='ocrx_word' id='word_1_534' title='bbox 3603 525 3778 585; x_wconf 76' lang='lat' dir='ltr'><strong>viderant</strong></span> 
     </span>
    </p>
   </div>
   <div class='ocr_carea' id='block_1_66' title="bbox 2317 611 3774 685">
    <p class='ocr_par' dir='ltr' id='par_1_66' title="bbox 2317 611 3774 685">
     <span class='ocr_line' id='line_1_66' title="bbox 2317 611 3774 685; baseline -0.001 -11"><span class='ocrx_word' id='word_1_535' title='bbox 2317 628 2371 674; x_wconf 90' lang='lat' dir='ltr'><strong>et</strong></span> <span class='ocrx_word' id='word_1_536' title='bbox 2389 618 2701 673; x_wconf 83' lang='lat' dir='ltr'><strong>audierunt?</strong></span> <span class='ocrx_word' id='word_1_537' title='bbox 2731 617 2796 671; x_wconf 88' lang='lat' dir='ltr'><strong>Et</strong></span> <span class='ocrx_word' id='word_1_538' title='bbox 2820 614 3086 685; x_wconf 89' lang='lat' dir='ltr'><strong>quomodo</strong></span> <span class='ocrx_word' id='word_1_539' title='bbox 3113 614 3358 683; x_wconf 81' lang='lat' dir='ltr'><strong>adjungit,</strong></span> <span class='ocrx_word' id='word_1_540' title='bbox 3387 611 3448 669; x_wconf 86' lang='lat' dir='ltr'><strong>Ut</strong></span> <span class='ocrx_word' id='word_1_541' title='bbox 3469 625 3512 668; x_wconf 88' lang='lat' dir='ltr'><strong>et</strong></span> <span class='ocrx_word' id='word_1_542' title='bbox 3534 631 3604 669; x_wconf 72' lang='lat' dir='ltr'><strong>vos</strong></span> <span class='ocrx_word' id='word_1_543' title='bbox 3625 619 3774 673; x_wconf 78' lang='lat' dir='ltr'><strong>societa-</strong></span> 
     </span>
    </p>
   </div>
   <div class='ocr_carea' id='block_1_67' title="bbox 2306 705 3783 777">
    <p class='ocr_par' dir='ltr' id='par_1_67' title="bbox 2306 705 3783 777">
     <span class='ocr_line' id='line_1_67' title="bbox 2306 705 3783 777; baseline 0 -13"><span class='ocrx_word' id='word_1_544' title='bbox 2306 715 2417 764; x_wconf 69' lang='lat' dir='ltr'><strong>tem</strong></span> <span class='ocrx_word' id='word_1_545' title='bbox 2442 708 2664 777; x_wconf 66' lang='lat' dir='ltr'><strong>habeatis</strong></span> <span class='ocrx_word' id='word_1_546' title='bbox 2681 705 2978 773; x_wconf 66' lang='lat' dir='ltr'><strong>nobiscum?</strong></span> <span class='ocrx_word' id='word_1_547' title='bbox 3006 705 3085 761; x_wconf 90' lang='lat' dir='ltr'><strong>llli</strong></span> <span class='ocrx_word' id='word_1_548' title='bbox 3114 706 3369 769; x_wconf 88' lang='lat' dir='ltr'><strong>viderunt,</strong></span> <span class='ocrx_word' id='word_1_549' title='bbox 3387 718 3476 758; x_wconf 91' lang='lat' dir='ltr'><strong>nos</strong></span> <span class='ocrx_word' id='word_1_550' title='bbox 3495 721 3585 759; x_wconf 90' lang='lat' dir='ltr'><strong>non</strong></span> <span class='ocrx_word' id='word_1_551' title='bbox 3603 707 3783 777; x_wconf 75' lang='lat' dir='ltr'><strong>vidimus,</strong></span> 
     </span>
    </p>
   </div>
   <div class='ocr_carea' id='block_1_68' title="bbox 2319 795 3787 866">
    <p class='ocr_par' dir='ltr' id='par_1_68' title="bbox 2319 795 3787 866">
     <span class='ocr_line' id='line_1_68' title="bbox 2319 795 3787 866; baseline 0 -12"><span class='ocrx_word' id='word_1_552' title='bbox 2319 808 2373 854; x_wconf 89' lang='lat' dir='ltr'><strong>et</strong></span> <span class='ocrx_word' id='word_1_553' title='bbox 2395 809 2568 854; x_wconf 89' lang='lat' dir='ltr'><strong>tamen</strong></span> <span class='ocrx_word' id='word_1_554' title='bbox 2595 800 2726 854; x_wconf 89' lang='lat' dir='ltr'><strong>socii</strong></span> <span class='ocrx_word' id='word_1_555' title='bbox 2753 812 2971 863; x_wconf 86' lang='lat' dir='ltr'><strong>sumus;</strong></span> <span class='ocrx_word' id='word_1_556' title='bbox 3013 797 3135 866; x_wconf 87' lang='lat' dir='ltr'><strong>quia</strong></span> <span class='ocrx_word' id='word_1_557' title='bbox 3181 795 3332 850; x_wconf 89' lang='lat' dir='ltr'><strong>tidem</strong></span> <span class='ocrx_word' id='word_1_558' title='bbox 3372 810 3660 851; x_wconf 88' lang='lat' dir='ltr'><strong>communem</strong></span> <span class='ocrx_word' id='word_1_559' title='bbox 3683 808 3787 854; x_wconf 82' lang='lat' dir='ltr'><strong>tene-</strong></span> 
     </span>
    </p>
   </div>
   <div class='ocr_carea' id='block_1_69' title="bbox 2320 885 3788 965">
    <p class='ocr_par' dir='ltr' id='par_1_69' title="bbox 2320 885 3788 965">
     <span class='ocr_line' id='line_1_69' title="bbox 2320 885 3788 965; baseline -0.003 -19"><span class='ocrx_word' id='word_1_560' title='bbox 2320 886 2692 965; x_wconf 33' lang='lat' dir='ltr'><strong>mttstarti&#39;ei</strong></span> <span class='ocrx_word' id='word_1_561' title='bbox 2710 888 2924 959; x_wconf 84' lang='lat' dir='ltr'><strong>quidam</strong></span> <span class='ocrx_word' id='word_1_562' title='bbox 2948 885 3179 942; x_wconf 61' lang='lat' dir='ltr'><strong>Videndo</strong></span> <span class='ocrx_word' id='word_1_563' title='bbox 3192 902 3304 940; x_wconf 82' lang='lat' dir='ltr'><strong>non</strong></span> <span class='ocrx_word' id='word_1_564' title='bbox 3325 885 3549 949; x_wconf 88' lang='lat' dir='ltr'><strong>credidit,</strong></span> <span class='ocrx_word' id='word_1_565' title='bbox 3572 895 3617 942; x_wconf 89' lang='lat' dir='ltr'><strong>ct</strong></span> <span class='ocrx_word' id='word_1_566' title='bbox 3641 889 3788 958; x_wconf 81' lang='lat' dir='ltr'><strong>palpare</strong></span> 
     </span>
    </p>
   </div>
   <div class='ocr_carea' id='block_1_70' title="bbox 2322 976 3789 1049">
    <p class='ocr_par' dir='ltr' id='par_1_70' title="bbox 2322 976 3789 1049">
     <span class='ocr_line' id='line_1_70' title="bbox 2322 976 3789 1049; baseline -0.001 -12"><span class='ocrx_word' id='word_1_567' title='bbox 2322 983 2507 1047; x_wconf 88' lang='lat' dir='ltr'><strong>voluit,</strong></span> <span class='ocrx_word' id='word_1_568' title='bbox 2543 992 2601 1037; x_wconf 83' lang='lat' dir='ltr'><strong>et</strong></span> <span class='ocrx_word' id='word_1_569' title='bbox 2620 981 2700 1036; x_wconf 86' lang='lat' dir='ltr'><strong>sic</strong></span> <span class='ocrx_word' id='word_1_570' title='bbox 2726 980 2966 1045; x_wconf 86' lang='lat' dir='ltr'><strong>credere,</strong></span> <span class='ocrx_word' id='word_1_571' title='bbox 2986 988 3049 1034; x_wconf 81' lang='lat' dir='ltr'><strong>et</strong></span> <span class='ocrx_word' id='word_1_572' title='bbox 3068 978 3143 1032; x_wconf 79' lang='lat' dir='ltr'><strong>ait</strong></span> <span class='ocrx_word' id='word_1_573' title='bbox 3169 997 3187 1047; x_wconf 64' lang='grc' dir='ltr'>ξ</span> <span class='ocrx_word' id='word_1_574' title='bbox 3219 976 3338 1031; x_wconf 82' lang='grc' dir='ltr'><strong>Νοη</strong></span> <span class='ocrx_word' id='word_1_575' title='bbox 3362 978 3545 1031; x_wconf 85' lang='lat' dir='ltr'><strong>credam</strong></span> <span class='ocrx_word' id='word_1_576' title='bbox 3568 979 3648 1031; x_wconf 83' lang='lat' dir='ltr'><strong>nisi</strong></span> <span class='ocrx_word' id='word_1_577' title='bbox 3669 980 3789 1049; x_wconf 78' lang='lat' dir='ltr'><strong>digitos</strong></span> 
     </span>
    </p>
   </div>
   <div class='ocr_carea' id='block_1_71' title="bbox 2322 1071 3786 1140">
    <p class='ocr_par' dir='ltr' id='par_1_71' title="bbox 2322 1071 3786 1140">
     <span class='ocr_line' id='line_1_71' title="bbox 2322 1071 3786 1140; baseline -0.003 -10"><span class='ocrx_word' id='word_1_578' title='bbox 2322 1092 2457 1129; x_wconf 86' lang='lat' dir='ltr'><strong>meos</strong></span> <span class='ocrx_word' id='word_1_579' title='bbox 2473 1075 2650 1128; x_wconf 87' lang='lat' dir='ltr'><strong>misero</strong></span> <span class='ocrx_word' id='word_1_580' title='bbox 2670 1074 2722 1127; x_wconf 88' lang='lat' dir='ltr'><strong>in</strong></span> <span class='ocrx_word' id='word_1_581' title='bbox 2748 1073 2910 1126; x_wconf 82' lang='lat' dir='ltr'><strong>locum</strong></span> <span class='ocrx_word' id='word_1_582' title='bbox 2934 1071 3209 1136; x_wconf 76' lang='lat' dir='ltr'><strong>clavorum,</strong></span> <span class='ocrx_word' id='word_1_583' title='bbox 3224 1080 3269 1123; x_wconf 90' lang='lat' dir='ltr'><strong>et</strong></span> <span class='ocrx_word' id='word_1_584' title='bbox 3280 1071 3514 1123; x_wconf 82' lang='lat' dir='ltr'><strong>cicatrices</strong></span> <span class='ocrx_word' id='word_1_585' title='bbox 3525 1071 3618 1140; x_wconf 79' lang='lat' dir='ltr'><strong>ejus</strong></span> <span class='ocrx_word' id='word_1_586' title='bbox 3634 1072 3786 1140; x_wconf 71' lang='lat' dir='ltr'><strong>tetigero.</strong></span> 
     </span>
    </p>
   </div>
   <div class='ocr_carea' id='block_1_72' title="bbox 2323 1164 3792 1241">
    <p class='ocr_par' dir='ltr' id='par_1_72' title="bbox 2323 1164 3792 1241">
     <span class='ocr_line' id='line_1_72' title="bbox 2323 1164 3792 1241; baseline -0.002 -19"><span class='ocrx_word' id='word_1_587' title='bbox 2323 1169 2389 1224; x_wconf 85' lang='lat' dir='ltr'><strong>Et</strong></span> <span class='ocrx_word' id='word_1_588' title='bbox 2419 1168 2645 1241; x_wconf 67' lang='lat' dir='ltr'><strong>praebuit</strong></span> <span class='ocrx_word' id='word_1_589' title='bbox 2663 1182 2807 1237; x_wconf 68' lang='lat' dir='ltr'><strong>seex</strong></span> <span class='ocrx_word' id='word_1_590' title='bbox 2836 1176 3078 1236; x_wconf 79' lang='lat' dir='ltr'><strong>tetnpore</strong></span> <span class='ocrx_word' id='word_1_591' title='bbox 3115 1164 3426 1235; x_wconf 82' lang='lat' dir='ltr'><strong>palpandum</strong></span> <span class='ocrx_word' id='word_1_592' title='bbox 3460 1164 3667 1217; x_wconf 88' lang='lat' dir='ltr'><strong>manibus</strong></span> <span class='ocrx_word' id='word_1_593' title='bbox 3682 1165 3792 1219; x_wconf 80' lang='lat' dir='ltr'><strong>homi-</strong></span> 
     </span>
    </p>
   </div>
   <div class='ocr_carea' id='block_1_73' title="bbox 2325 1246 3795 1327">
    <p class='ocr_par' dir='ltr' id='par_1_73' title="bbox 2325 1246 3795 1327">
     <span class='ocr_line' id='line_1_73' title="bbox 2325 1246 3795 1327; baseline -0.003 -13"><span class='ocrx_word' id='word_1_594' title='bbox 2325 1275 2491 1323; x_wconf 90' lang='lat' dir='ltr'><strong>num,</strong></span> <span class='ocrx_word' id='word_1_595' title='bbox 2539 1259 2626 1327; x_wconf 84' lang='lat' dir='ltr'><strong>qui</strong></span> <span class='ocrx_word' id='word_1_596' title='bbox 2677 1258 2887 1326; x_wconf 78' lang='lat' dir='ltr'><strong>semper</strong></span> <span class='ocrx_word' id='word_1_597' title='bbox 2935 1270 2994 1310; x_wconf 88' lang='lat' dir='ltr'><strong>se</strong></span> <span class='ocrx_word' id='word_1_598' title='bbox 3043 1246 3243 1324; x_wconf 66' lang='lat' dir='ltr'><strong>praebet</strong></span> <span class='ocrx_word' id='word_1_599' title='bbox 3278 1254 3541 1309; x_wconf 87' lang='lat' dir='ltr'><strong>videndum</strong></span> <span class='ocrx_word' id='word_1_600' title='bbox 3581 1257 3795 1326; x_wconf 76' lang='lat' dir='ltr'><strong>aspectibus</strong></span> 
     </span>
    </p>
   </div>
   <div class='ocr_carea' id='block_1_74' title="bbox 2325 1346 3796 1420">
    <p class='ocr_par' dir='ltr' id='par_1_74' title="bbox 2325 1346 3796 1420">
     <span class='ocr_line' id='line_1_74' title="bbox 2325 1346 3796 1420; baseline -0.002 -16"><span class='ocrx_word' id='word_1_601' title='bbox 2325 1350 2646 1420; x_wconf 80' lang='lat' dir='ltr'><strong>Angelorum</strong></span> <span class='ocrx_word' id='word_1_602' title='bbox 2678 1365 2692 1401; x_wconf 88' lang='lat'>:</span> <span class='ocrx_word' id='word_1_603' title='bbox 2724 1355 2778 1402; x_wconf 89' lang='lat' dir='ltr'><strong>et</strong></span> <span class='ocrx_word' id='word_1_604' title='bbox 2805 1347 3038 1417; x_wconf 81' lang='lat' dir='ltr'><strong>palpavit</strong></span> <span class='ocrx_word' id='word_1_605' title='bbox 3063 1347 3151 1400; x_wconf 86' lang='lat' dir='ltr'><strong>ille</strong></span> <span class='ocrx_word' id='word_1_606' title='bbox 3180 1346 3460 1414; x_wconf 86' lang='lat' dir='ltr'><strong>discipulus</strong></span> <span class='ocrx_word' id='word_1_607' title='bbox 3480 1354 3529 1399; x_wconf 91' lang='lat' dir='ltr'><strong>et</strong></span> <span class='ocrx_word' id='word_1_608' title='bbox 3550 1346 3796 1411; x_wconf 68' lang='lat' dir='ltr'><strong>exclamavit,</strong></span> 
     </span>
    </p>
   </div>
   <div class='ocr_carea' id='block_1_75' title="bbox 2330 1434 3798 1504">
    <p class='ocr_par' dir='ltr' id='par_1_75' title="bbox 2330 1434 3798 1504">
     <span class='ocr_line' id='line_1_75' title="bbox 2330 1434 3798 1504; baseline -0.003 -11"><span class='ocrx_word' id='word_1_609' title='bbox 2330 1440 2575 1495; x_wconf 82' lang='lat' dir='ltr'><strong>Dominus</strong></span> <span class='ocrx_word' id='word_1_610' title='bbox 2620 1452 2760 1492; x_wconf 84' lang='lat' dir='ltr'><strong>meus</strong></span> <span class='ocrx_word' id='word_1_611' title='bbox 2806 1446 2850 1490; x_wconf 87' lang='lat' dir='ltr'><strong>et</strong></span> <span class='ocrx_word' id='word_1_612' title='bbox 2890 1435 3027 1491; x_wconf 73' lang='lat' dir='ltr'><strong>Deus</strong></span> <span class='ocrx_word' id='word_1_613' title='bbox 3058 1450 3216 1498; x_wconf 68' lang='lat' dir='ltr'><strong>meus.</strong></span> <span class='ocrx_word' id='word_1_614' title='bbox 3244 1435 3374 1503; x_wconf 79' lang='lat' dir='ltr'><strong>Quia</strong></span> <span class='ocrx_word' id='word_1_615' title='bbox 3403 1437 3557 1504; x_wconf 79' lang='lat' dir='ltr'><strong>tetigit</strong></span> <span class='ocrx_word' id='word_1_616' title='bbox 3573 1434 3798 1497; x_wconf 85' lang='lat' dir='ltr'><strong>hominem,</strong></span> 
     </span>
    </p>
   </div>
   <div class='ocr_carea' id='block_1_76' title="bbox 2326 1525 3804 1604">
    <p class='ocr_par' dir='ltr' id='par_1_76' title="bbox 2326 1525 3804 1604">
     <span class='ocr_line' id='line_1_76' title="bbox 2326 1525 3804 1604; baseline -0.003 -19"><span class='ocrx_word' id='word_1_617' title='bbox 2326 1530 2602 1587; x_wconf 83' lang='lat' dir='ltr'><strong>confessus</strong></span> <span class='ocrx_word' id='word_1_618' title='bbox 2628 1536 2712 1583; x_wconf 86' lang='lat' dir='ltr'><strong>est</strong></span> <span class='ocrx_word' id='word_1_619' title='bbox 2742 1528 2931 1604; x_wconf 88' lang='lat' dir='ltr'><strong>Deum.</strong></span> <span class='ocrx_word' id='word_1_620' title='bbox 2960 1526 3027 1581; x_wconf 87' lang='lat' dir='ltr'><strong>Et</strong></span> <span class='ocrx_word' id='word_1_621' title='bbox 3065 1526 3319 1580; x_wconf 86' lang='lat' dir='ltr'><strong>Dominus</strong></span> <span class='ocrx_word' id='word_1_622' title='bbox 3360 1525 3613 1581; x_wconf 86' lang='lat' dir='ltr'><strong>consolans</strong></span> <span class='ocrx_word' id='word_1_623' title='bbox 3645 1541 3719 1580; x_wconf 88' lang='lat' dir='ltr'><strong>nos</strong></span> <span class='ocrx_word' id='word_1_624' title='bbox 3744 1526 3804 1595; x_wconf 84' lang='lat' dir='ltr'><strong>qui</strong></span> 
     </span>
    </p>
   </div>
   <div class='ocr_carea' id='block_1_77' title="bbox 2326 1622 3804 1694">
    <p class='ocr_par' dir='ltr' id='par_1_77' title="bbox 2326 1622 3804 1694">
     <span class='ocr_line' id='line_1_77' title="bbox 2326 1622 3804 1694; baseline -0.004 -15"><span class='ocrx_word' id='word_1_625' title='bbox 2326 1626 2500 1694; x_wconf 78' lang='lat' dir='ltr'><strong>ipsum</strong></span> <span class='ocrx_word' id='word_1_626' title='bbox 2526 1624 2635 1693; x_wconf 91' lang='lat' dir='ltr'><strong>jam</strong></span> <span class='ocrx_word' id='word_1_627' title='bbox 2666 1625 2719 1678; x_wconf 92' lang='lat' dir='ltr'><strong>in</strong></span> <span class='ocrx_word' id='word_1_628' title='bbox 2750 1624 2888 1680; x_wconf 61' lang='lat' dir='ltr'><strong>caelo</strong></span> <span class='ocrx_word' id='word_1_629' title='bbox 2931 1622 3206 1677; x_wconf 88' lang='lat' dir='ltr'><strong>sedentem</strong></span> <span class='ocrx_word' id='word_1_630' title='bbox 3249 1636 3403 1675; x_wconf 89' lang='lat' dir='ltr'><strong>manu</strong></span> <span class='ocrx_word' id='word_1_631' title='bbox 3432 1630 3711 1675; x_wconf 85' lang='lat' dir='ltr'><strong>contrectare</strong></span> <span class='ocrx_word' id='word_1_632' title='bbox 3737 1635 3804 1674; x_wconf 82' lang='lat' dir='ltr'><strong>non</strong></span> 
     </span>
    </p>
   </div>
   <div class='ocr_carea' id='block_1_78' title="bbox 2328 1711 3807 1786">
    <p class='ocr_par' dir='ltr' id='par_1_78' title="bbox 2328 1711 3807 1786">
     <span class='ocr_line' id='line_1_78' title="bbox 2328 1711 3807 1786; baseline -0.002 -17"><span class='ocrx_word' id='word_1_633' title='bbox 2328 1731 2631 1786; x_wconf 84' lang='lat' dir='ltr'><strong>possumus,</strong></span> <span class='ocrx_word' id='word_1_634' title='bbox 2662 1715 2758 1771; x_wconf 88' lang='lat' dir='ltr'><strong>sed</strong></span> <span class='ocrx_word' id='word_1_635' title='bbox 2791 1715 2895 1770; x_wconf 85' lang='lat' dir='ltr'><strong>ﬁde</strong></span> <span class='ocrx_word' id='word_1_636' title='bbox 2919 1716 3227 1783; x_wconf 75' lang='lat' dir='ltr'><strong>contingere</strong></span> <span class='ocrx_word' id='word_1_637' title='bbox 3246 1756 3261 1780; x_wconf 92' lang='lat'><strong>,</strong></span> <span class='ocrx_word' id='word_1_638' title='bbox 3295 1714 3367 1767; x_wconf 89' lang='lat' dir='ltr'><strong>ait</strong></span> <span class='ocrx_word' id='word_1_639' title='bbox 3392 1713 3461 1767; x_wconf 92' lang='lat' dir='ltr'><strong>illi</strong></span> <span class='ocrx_word' id='word_1_640' title='bbox 3489 1731 3502 1767; x_wconf 88' lang='lat'><strong>:</strong></span> <span class='ocrx_word' id='word_1_641' title='bbox 3529 1711 3637 1780; x_wconf 84' lang='lat' dir='ltr'><strong>Quia</strong></span> <span class='ocrx_word' id='word_1_642' title='bbox 3659 1713 3807 1778; x_wconf 76' lang='lat' dir='ltr'><strong>vidisti,</strong></span> 
     </span>
    </p>
   </div>
   <div class='ocr_carea' id='block_1_79' title="bbox 2326 1805 3808 1880">
    <p class='ocr_par' dir='ltr' id='par_1_79' title="bbox 2326 1805 3808 1880">
     <span class='ocr_line' id='line_1_79' title="bbox 2326 1805 3808 1880; baseline -0.005 -16"><span class='ocrx_word' id='word_1_643' title='bbox 2326 1809 2614 1872; x_wconf 67' lang='lat' dir='ltr'><strong>credidit&quot;;</strong></span> <span class='ocrx_word' id='word_1_644' title='bbox 2644 1808 2775 1862; x_wconf 85' lang='lat' dir='ltr'><strong>beati</strong></span> <span class='ocrx_word' id='word_1_645' title='bbox 2816 1809 2904 1880; x_wconf 84' lang='lat' dir='ltr'><strong>qui</strong></span> <span class='ocrx_word' id='word_1_646' title='bbox 2942 1825 3044 1863; x_wconf 84' lang='lat' dir='ltr'><strong>non</strong></span> <span class='ocrx_word' id='word_1_647' title='bbox 3072 1808 3241 1861; x_wconf 78' lang='lat' dir='ltr'><strong>rident</strong></span> <span class='ocrx_word' id='word_1_648' title='bbox 3274 1815 3322 1860; x_wconf 89' lang='lat' dir='ltr'><strong>et</strong></span> <span class='ocrx_word' id='word_1_649' title='bbox 3358 1806 3550 1861; x_wconf 86' lang='lat' dir='ltr'><strong>credunt</strong></span> <span class='ocrx_word' id='word_1_650' title='bbox 3585 1805 3808 1878; x_wconf 63' lang='lat' dir='ltr'><strong>(locum,</strong></span> 
     </span>
    </p>
   </div>
   <div class='ocr_carea' id='block_1_80' title="bbox 2327 1895 3810 1972">
    <p class='ocr_par' dir='ltr' id='par_1_80' title="bbox 2327 1895 3810 1972">
     <span class='ocr_line' id='line_1_80' title="bbox 2327 1895 3810 1972; baseline -0.004 -18"><span class='ocrx_word' id='word_1_651' title='bbox 2327 1898 2537 1972; x_wconf 74' lang='lat'><strong>25-29).</strong></span> <span class='ocrx_word' id='word_1_652' title='bbox 2554 1899 2663 1954; x_wconf 75' lang='lat' dir='ltr'><strong>Nos</strong></span> <span class='ocrx_word' id='word_1_653' title='bbox 2688 1900 2940 1969; x_wconf 86' lang='lat' dir='ltr'><strong>descripti</strong></span> <span class='ocrx_word' id='word_1_654' title='bbox 2961 1914 3164 1963; x_wconf 88' lang='lat' dir='ltr'><strong>sumus,</strong></span> <span class='ocrx_word' id='word_1_655' title='bbox 3188 1913 3287 1953; x_wconf 90' lang='lat' dir='ltr'><strong>nos</strong></span> <span class='ocrx_word' id='word_1_656' title='bbox 3303 1898 3545 1969; x_wconf 79' lang='lat' dir='ltr'><strong>designati</strong></span> <span class='ocrx_word' id='word_1_657' title='bbox 3559 1911 3716 1951; x_wconf 84' lang='lat' dir='ltr'><strong>sumus.</strong></span> <span class='ocrx_word' id='word_1_658' title='bbox 3731 1895 3810 1949; x_wconf 85' lang='lat' dir='ltr'><strong>Fiat</strong></span> 
     </span>
    </p>
   </div>
   <div class='ocr_carea' id='block_1_81' title="bbox 2330 1988 3808 2064">
    <p class='ocr_par' dir='ltr' id='par_1_81' title="bbox 2330 1988 3808 2064">
     <span class='ocr_line' id='line_1_81' title="bbox 2330 1988 3808 2064; baseline -0.005 -16"><span class='ocrx_word' id='word_1_659' title='bbox 2330 2007 2458 2064; x_wconf 75' lang='lat' dir='ltr'><strong>ergo</strong></span> <span class='ocrx_word' id='word_1_660' title='bbox 2484 1995 2537 2046; x_wconf 91' lang='lat' dir='ltr'><strong>in</strong></span> <span class='ocrx_word' id='word_1_661' title='bbox 2566 1992 2719 2046; x_wconf 90' lang='lat' dir='ltr'><strong>nobis</strong></span> <span class='ocrx_word' id='word_1_662' title='bbox 2750 1991 3022 2051; x_wconf 87' lang='lat' dir='ltr'><strong>beatitudo</strong></span> <span class='ocrx_word' id='word_1_663' title='bbox 3044 2006 3207 2063; x_wconf 89' lang='lat' dir='ltr'><strong>quam</strong></span> <span class='ocrx_word' id='word_1_664' title='bbox 3255 1991 3498 2043; x_wconf 88' lang='lat' dir='ltr'><strong>Dominus</strong></span> <span class='ocrx_word' id='word_1_665' title='bbox 3532 1989 3724 2061; x_wconf 63' lang='lat' dir='ltr'><strong>prmdisit</strong></span> <span class='ocrx_word' id='word_1_666' title='bbox 3752 1988 3808 2041; x_wconf 86' lang='lat' dir='ltr'><strong>fu-</strong></span> 
     </span>
    </p>
   </div>
   <div class='ocr_carea' id='block_1_82' title="bbox 2333 2064 3810 2155">
    <p class='ocr_par' dir='ltr' id='par_1_82' title="bbox 2333 2064 3810 2155">
     <span class='ocr_line' id='line_1_82' title="bbox 2333 2064 3810 2155; baseline -0.003 -17"><span class='ocrx_word' id='word_1_667' title='bbox 2333 2092 2504 2139; x_wconf 90' lang='lat' dir='ltr'><strong>turam</strong></span> <span class='ocrx_word' id='word_1_668' title='bbox 2532 2102 2546 2138; x_wconf 88' lang='lat'><strong>:</strong></span> <span class='ocrx_word' id='word_1_669' title='bbox 2578 2083 2729 2140; x_wconf 89' lang='lat' dir='ltr'><strong>firme</strong></span> <span class='ocrx_word' id='word_1_670' title='bbox 2754 2093 3030 2138; x_wconf 87' lang='lat' dir='ltr'><strong>teneamus</strong></span> <span class='ocrx_word' id='word_1_671' title='bbox 3056 2085 3200 2155; x_wconf 85' lang='lat' dir='ltr'><strong>quod</strong></span> <span class='ocrx_word' id='word_1_672' title='bbox 3245 2098 3352 2138; x_wconf 89' lang='lat' dir='ltr'><strong>non</strong></span> <span class='ocrx_word' id='word_1_673' title='bbox 3380 2064 3623 2146; x_wconf 82' lang='lat' dir='ltr'><strong>videmus;</strong></span> <span class='ocrx_word' id='word_1_674' title='bbox 3650 2080 3739 2151; x_wconf 81' lang='lat' dir='ltr'><strong>quia</strong></span> <span class='ocrx_word' id='word_1_675' title='bbox 3761 2082 3810 2149; x_wconf 89' lang='lat' dir='ltr'><strong>illi</strong></span> 
     </span>
    </p>
   </div>
   <div class='ocr_carea' id='block_1_83' title="bbox 2332 2156 3811 2248">
    <p class='ocr_par' dir='ltr' id='par_1_83' title="bbox 2332 2156 3811 2248">
     <span class='ocr_line' id='line_1_83' title="bbox 2332 2156 3811 2248; baseline -0.003 -17"><span class='ocrx_word' id='word_1_676' title='bbox 2332 2179 2577 2231; x_wconf 86' lang='lat' dir='ltr'><strong>nuntiant</strong></span> <span class='ocrx_word' id='word_1_677' title='bbox 2600 2179 2690 2248; x_wconf 88' lang='lat' dir='ltr'><strong>qui</strong></span> <span class='ocrx_word' id='word_1_678' title='bbox 2712 2156 3070 2233; x_wconf 61' lang='lat' dir='ltr'><strong>videruntL&#39;Ut</strong></span> <span class='ocrx_word' id='word_1_679' title='bbox 3098 2186 3145 2231; x_wconf 88' lang='lat' dir='ltr'><strong>et</strong></span> <span class='ocrx_word' id='word_1_680' title='bbox 3177 2166 3283 2239; x_wconf 80' lang='lat' dir='ltr'><strong>vos,</strong></span> <span class='ocrx_word' id='word_1_681' title='bbox 3309 2177 3487 2245; x_wconf 81' lang='lat' dir='ltr'><strong>inquit.</strong></span> <span class='ocrx_word' id='word_1_682' title='bbox 3505 2178 3729 2230; x_wconf 83' lang='lat' dir='ltr'><strong>societatem</strong></span> <span class='ocrx_word' id='word_1_683' title='bbox 3747 2174 3811 2226; x_wconf 85' lang='lat' dir='ltr'><strong>ltit-</strong></span> 
     </span>
    </p>
   </div>
   <div class='ocr_carea' id='block_1_84' title="bbox 2334 2256 3810 2341">
    <p class='ocr_par' dir='ltr' id='par_1_84' title="bbox 2334 2256 3810 2341">
     <span class='ocr_line' id='line_1_84' title="bbox 2334 2256 3810 2341; baseline -0.005 -16"><span class='ocrx_word' id='word_1_684' title='bbox 2334 2271 2487 2326; x_wconf 84' lang='lat' dir='ltr'><strong>beutis</strong></span> <span class='ocrx_word' id='word_1_685' title='bbox 2523 2256 2798 2326; x_wconf 75' lang='lat' dir='ltr'><strong>nobiscum.</strong></span> <span class='ocrx_word' id='word_1_686' title='bbox 2827 2270 2892 2326; x_wconf 88' lang='lat' dir='ltr'><strong>Et</strong></span> <span class='ocrx_word' id='word_1_687' title='bbox 2918 2264 3041 2341; x_wconf 83' lang='lat' dir='ltr'><strong>quid</strong></span> <span class='ocrx_word' id='word_1_688' title='bbox 3082 2286 3331 2340; x_wconf 83' lang='lat' dir='ltr'><strong>magnum</strong></span> <span class='ocrx_word' id='word_1_689' title='bbox 3377 2269 3646 2323; x_wconf 81' lang='lat' dir='ltr'><strong>societatem</strong></span> <span class='ocrx_word' id='word_1_690' title='bbox 3676 2264 3810 2319; x_wconf 82' lang='lat' dir='ltr'><strong>habere</strong></span> 
     </span>
    </p>
   </div>
   <div class='ocr_carea' id='block_1_85' title="bbox 2334 2352 3809 2428">
    <p class='ocr_par' dir='ltr' id='par_1_85' title="bbox 2334 2352 3809 2428">
     <span class='ocr_line' id='line_1_85' title="bbox 2334 2352 3809 2428; baseline -0.007 -11"><span class='ocrx_word' id='word_1_691' title='bbox 2334 2379 2453 2418; x_wconf 91' lang='lat' dir='ltr'><strong>cum</strong></span> <span class='ocrx_word' id='word_1_692' title='bbox 2500 2360 2842 2417; x_wconf 87' lang='lat' dir='ltr'><strong>hominibus?</strong></span> <span class='ocrx_word' id='word_1_693' title='bbox 2869 2361 2982 2416; x_wconf 85' lang='lat' dir='ltr'><strong>Noli</strong></span> <span class='ocrx_word' id='word_1_694' title='bbox 3023 2372 3401 2423; x_wconf 88' lang='lat' dir='ltr'><strong>contemnere;</strong></span> <span class='ocrx_word' id='word_1_695' title='bbox 3429 2359 3537 2414; x_wconf 85' lang='lat' dir='ltr'><strong>vide</strong></span> <span class='ocrx_word' id='word_1_696' title='bbox 3560 2358 3660 2428; x_wconf 87' lang='lat' dir='ltr'><strong>quid</strong></span> <span class='ocrx_word' id='word_1_697' title='bbox 3675 2352 3809 2410; x_wconf 74' lang='lat' dir='ltr'><strong>addat:</strong></span> 
     </span>
    </p>
   </div>
   <div class='ocr_carea' id='block_1_86' title="bbox 2339 2446 3811 2518">
    <p class='ocr_par' dir='ltr' id='par_1_86' title="bbox 2339 2446 3811 2518">
     <span class='ocr_line' id='line_1_86' title="bbox 2339 2446 3811 2518; baseline -0.005 -9"><span class='ocrx_word' id='word_1_698' title='bbox 2339 2453 2401 2509; x_wconf 87' lang='lat' dir='ltr'><strong>Et</strong></span> <span class='ocrx_word' id='word_1_699' title='bbox 2431 2455 2638 2508; x_wconf 87' lang='lat' dir='ltr'><strong>societas</strong></span> <span class='ocrx_word' id='word_1_700' title='bbox 2683 2465 2855 2507; x_wconf 81' lang='lat' dir='ltr'><strong>nostra</strong></span> <span class='ocrx_word' id='word_1_701' title='bbox 2897 2452 2960 2509; x_wconf 87' lang='lat' dir='ltr'><strong>sit</strong></span> <span class='ocrx_word' id='word_1_702' title='bbox 3004 2472 3116 2508; x_wconf 88' lang='lat' dir='ltr'><strong>cum</strong></span> <span class='ocrx_word' id='word_1_703' title='bbox 3145 2452 3260 2508; x_wconf 86' lang='lat' dir='ltr'><strong>Deo</strong></span> <span class='ocrx_word' id='word_1_704' title='bbox 3288 2452 3454 2518; x_wconf 86' lang='lat' dir='ltr'><strong>Patre,</strong></span> <span class='ocrx_word' id='word_1_705' title='bbox 3484 2463 3526 2506; x_wconf 82' lang='lat' dir='ltr'><strong>et</strong></span> <span class='ocrx_word' id='word_1_706' title='bbox 3547 2449 3648 2506; x_wconf 76' lang='lat' dir='ltr'><strong>Iesu</strong></span> <span class='ocrx_word' id='word_1_707' title='bbox 3679 2446 3811 2503; x_wconf 71' lang='lat' dir='ltr'><strong>Christo</strong></span> 
     </span>
    </p>
   </div>
   <div class='ocr_carea' id='block_1_87' title="bbox 2337 2536 3813 2616">
    <p class='ocr_par' dir='ltr' id='par_1_87' title="bbox 2337 2536 3813 2616">
     <span class='ocr_line' id='line_1_87' title="bbox 2337 2536 3813 2616; baseline -0.005 -18"><span class='ocrx_word' id='word_1_708' title='bbox 2337 2543 2474 2599; x_wconf 86' lang='lat' dir='ltr'><strong>Filio</strong></span> <span class='ocrx_word' id='word_1_709' title='bbox 2501 2547 2627 2614; x_wconf 87' lang='lat' dir='ltr'><strong>ejus.</strong></span> <span class='ocrx_word' id='word_1_710' title='bbox 2661 2543 2726 2597; x_wconf 85' lang='lat' dir='ltr'><strong>Et</strong></span> <span class='ocrx_word' id='word_1_711' title='bbox 2758 2544 2885 2611; x_wconf 67' lang='lat' dir='ltr'><strong>hinc,</strong></span> <span class='ocrx_word' id='word_1_712' title='bbox 2915 2544 3105 2616; x_wconf 88' lang='lat' dir='ltr'><strong>inquit,</strong></span> <span class='ocrx_word' id='word_1_713' title='bbox 3134 2546 3398 2599; x_wconf 85' lang='lat' dir='ltr'><strong>scribimus</strong></span> <span class='ocrx_word' id='word_1_714' title='bbox 3424 2544 3566 2607; x_wconf 79' lang='lat' dir='ltr'><strong>vobis,</strong></span> <span class='ocrx_word' id='word_1_715' title='bbox 3586 2551 3629 2596; x_wconf 89' lang='lat' dir='ltr'><strong>ut</strong></span> <span class='ocrx_word' id='word_1_716' title='bbox 3645 2536 3813 2612; x_wconf 57' lang='lat' dir='ltr'><strong>gaudium</strong></span> 
     </span>
    </p>
   </div>
   <div class='ocr_carea' id='block_1_88' title="bbox 2338 2632 3813 2706">
    <p class='ocr_par' dir='ltr' id='par_1_88' title="bbox 2338 2632 3813 2706">
     <span class='ocr_line' id='line_1_88' title="bbox 2338 2632 3813 2706; baseline -0.005 -16"><span class='ocrx_word' id='word_1_717' title='bbox 2338 2645 2552 2690; x_wconf 84' lang='lat' dir='ltr'><strong>vestrum</strong></span> <span class='ocrx_word' id='word_1_718' title='bbox 2577 2637 2639 2689; x_wconf 88' lang='lat' dir='ltr'><strong>sit</strong></span> <span class='ocrx_word' id='word_1_719' title='bbox 2667 2635 2891 2706; x_wconf 78' lang='lat' dir='ltr'><strong>plenum.</strong></span> <span class='ocrx_word' id='word_1_720' title='bbox 2926 2636 3147 2690; x_wconf 86' lang='lat' dir='ltr'><strong>Plenum</strong></span> <span class='ocrx_word' id='word_1_721' title='bbox 3180 2635 3422 2706; x_wconf 82' lang='lat' dir='ltr'><strong>gaudium</strong></span> <span class='ocrx_word' id='word_1_722' title='bbox 3459 2633 3572 2690; x_wconf 86' lang='lat' dir='ltr'><strong>dicit</strong></span> <span class='ocrx_word' id='word_1_723' title='bbox 3594 2633 3637 2688; x_wconf 89' lang='lat' dir='ltr'><strong>in</strong></span> <span class='ocrx_word' id='word_1_724' title='bbox 3658 2632 3813 2702; x_wconf 76' lang='lat' dir='ltr'><strong>ipsasa-</strong></span> 
     </span>
    </p>
   </div>
   <div class='ocr_carea' id='block_1_89' title="bbox 2338 2722 3521 2803">
    <p class='ocr_par' dir='ltr' id='par_1_89' title="bbox 2338 2722 3521 2803">
     <span class='ocr_line' id='line_1_89' title="bbox 2338 2722 3521 2803; baseline -0.002 -21"><span class='ocrx_word' id='word_1_725' title='bbox 2338 2728 2547 2789; x_wconf 87' lang='lat' dir='ltr'><strong>cietate,</strong></span> <span class='ocrx_word' id='word_1_726' title='bbox 2572 2728 2625 2783; x_wconf 89' lang='lat' dir='ltr'><strong>in</strong></span> <span class='ocrx_word' id='word_1_727' title='bbox 2653 2730 2765 2799; x_wconf 85' lang='lat' dir='ltr'><strong>ipsa</strong></span> <span class='ocrx_word' id='word_1_728' title='bbox 2786 2722 3067 2794; x_wconf 78' lang='lat' dir='ltr'><strong>charitate,</strong></span> <span class='ocrx_word' id='word_1_729' title='bbox 3098 2728 3152 2781; x_wconf 91' lang='lat' dir='ltr'><strong>in</strong></span> <span class='ocrx_word' id='word_1_730' title='bbox 3176 2727 3289 2803; x_wconf 86' lang='lat' dir='ltr'><strong>ipsa</strong></span> <span class='ocrx_word' id='word_1_731' title='bbox 3315 2730 3521 2783; x_wconf 89' lang='lat' dir='ltr'><strong>unitate.</strong></span> 
     </span>
    </p>
   </div>
   <div class='ocr_carea' id='block_1_90' title="bbox 2408 2812 3815 2890">
    <p class='ocr_par' dir='ltr' id='par_1_90' title="bbox 2408 2812 3815 2890">
     <span class='ocr_line' id='line_1_90' title="bbox 2408 2812 3815 2890; baseline -0.005 -18"><span class='ocrx_word' id='word_1_732' title='bbox 2408 2816 2460 2872; x_wconf 75' lang='grc'><strong>4.</strong></span> <span class='ocrx_word' id='word_1_733' title='bbox 2503 2817 2570 2871; x_wconf 80' lang='lat' dir='ltr'><strong>Et</strong></span> <span class='ocrx_word' id='word_1_734' title='bbox 2596 2814 2701 2872; x_wconf 65' lang='lat' dir='ltr'><strong>haec</strong></span> <span class='ocrx_word' id='word_1_735' title='bbox 2726 2812 2795 2872; x_wconf 79' lang='lat' dir='ltr'><strong>est</strong></span> <span class='ocrx_word' id='word_1_736' title='bbox 2819 2819 3137 2872; x_wconf 87' lang='lat' dir='ltr'><strong>annuntiatio</strong></span> <span class='ocrx_word' id='word_1_737' title='bbox 3168 2836 3323 2890; x_wconf 90' lang='lat' dir='ltr'><strong>quam</strong></span> <span class='ocrx_word' id='word_1_738' title='bbox 3350 2817 3606 2872; x_wconf 85' lang='lat' dir='ltr'><strong>audivimus</strong></span> <span class='ocrx_word' id='word_1_739' title='bbox 3628 2816 3676 2869; x_wconf 81' lang='lat' dir='ltr'><strong>ab</strong></span> <span class='ocrx_word' id='word_1_740' title='bbox 3713 2818 3765 2880; x_wconf 68' lang='lat' dir='ltr'><strong>eo,</strong></span> <span class='ocrx_word' id='word_1_741' title='bbox 3783 2819 3815 2865; x_wconf 75' lang='lat' dir='ltr'><strong>et</strong></span> 
     </span>
    </p>
   </div>
   <div class='ocr_carea' id='block_1_91' title="bbox 2338 2892 3814 2981">
    <p class='ocr_par' dir='ltr' id='par_1_91' title="bbox 2338 2892 3814 2981">
     <span class='ocr_line' id='line_1_91' title="bbox 2338 2892 3814 2981; baseline -0.005 -16"><span class='ocrx_word' id='word_1_742' title='bbox 2338 2913 2696 2966; x_wconf 73' lang='lat' dir='ltr'><strong>annuntiamus</strong></span> <span class='ocrx_word' id='word_1_743' title='bbox 2723 2898 2876 2965; x_wconf 82' lang='lat' dir='ltr'><strong>vobis.</strong></span> <span class='ocrx_word' id='word_1_744' title='bbox 2909 2892 3044 2980; x_wconf 81' lang='lat' dir='ltr'><strong>Quid</strong></span> <span class='ocrx_word' id='word_1_745' title='bbox 3074 2921 3157 2967; x_wconf 88' lang='lat' dir='ltr'><strong>est</strong></span> <span class='ocrx_word' id='word_1_746' title='bbox 3192 2911 3330 2966; x_wconf 86' lang='lat' dir='ltr'><strong>hoc?</strong></span> <span class='ocrx_word' id='word_1_747' title='bbox 3361 2911 3457 2981; x_wconf 87' lang='lat' dir='ltr'><strong>Ipsi</strong></span> <span class='ocrx_word' id='word_1_748' title='bbox 3483 2908 3709 2971; x_wconf 80' lang='lat' dir='ltr'><strong>viderunt,</strong></span> <span class='ocrx_word' id='word_1_749' title='bbox 3731 2919 3814 2979; x_wconf 68' lang='lat' dir='ltr'><strong>cou-</strong></span> 
     </span>
    </p>
   </div>
   <div class='ocr_carea' id='block_1_92' title="bbox 2341 2990 3809 3079">
    <p class='ocr_par' dir='ltr' id='par_1_92' title="bbox 2341 2990 3809 3079">
     <span class='ocr_line' id='line_1_92' title="bbox 2341 2990 3809 3079; baseline -0.008 -21"><span class='ocrx_word' id='word_1_750' title='bbox 2341 2994 2697 3059; x_wconf 82' lang='lat' dir='ltr'><strong>trectavcrunt</strong></span> <span class='ocrx_word' id='word_1_751' title='bbox 2721 2990 2966 3079; x_wconf 81' lang='lat' dir='ltr'><strong>manibus</strong></span> <span class='ocrx_word' id='word_1_752' title='bbox 3001 2992 3247 3079; x_wconf 77' lang='lat' dir='ltr'><strong>Verbum</strong></span> <span class='ocrx_word' id='word_1_753' title='bbox 3279 3004 3433 3059; x_wconf 65' lang='lat' dir='ltr'><strong>vitae:</strong></span> <span class='ocrx_word' id='word_1_754' title='bbox 3476 3002 3536 3056; x_wconf 88' lang='lat' dir='ltr'><strong>ab</strong></span> <span class='ocrx_word' id='word_1_755' title='bbox 3572 2999 3689 3054; x_wconf 85' lang='lat' dir='ltr'><strong>initio</strong></span> <span class='ocrx_word' id='word_1_756' title='bbox 3716 3003 3809 3051; x_wconf 71' lang='lat' dir='ltr'><strong>erit.</strong></span> 
     </span>
    </p>
   </div>
   <div class='ocr_carea' id='block_1_93' title="bbox 2339 3078 3815 3165">
    <p class='ocr_par' dir='ltr' id='par_1_93' title="bbox 2339 3078 3815 3165">
     <span class='ocr_line' id='line_1_93' title="bbox 2339 3078 3815 3165; baseline -0.007 -17"><span class='ocrx_word' id='word_1_757' title='bbox 2339 3093 2406 3148; x_wconf 88' lang='lat' dir='ltr'><strong>ad</strong></span> <span class='ocrx_word' id='word_1_758' title='bbox 2458 3103 2666 3163; x_wconf 84' lang='lat' dir='ltr'><strong>tempus</strong></span> <span class='ocrx_word' id='word_1_759' title='bbox 2709 3084 3027 3158; x_wconf 37' lang='lat' dir='ltr'><strong>visibilishet</strong></span> <span class='ocrx_word' id='word_1_760' title='bbox 3068 3078 3352 3165; x_wconf 79' lang='lat' dir='ltr'><strong>palpabilis</strong></span> <span class='ocrx_word' id='word_1_761' title='bbox 3390 3093 3545 3148; x_wconf 88' lang='lat' dir='ltr'><strong>factus</strong></span> <span class='ocrx_word' id='word_1_762' title='bbox 3583 3100 3650 3146; x_wconf 88' lang='lat' dir='ltr'><strong>cst</strong></span> <span class='ocrx_word' id='word_1_763' title='bbox 3691 3086 3815 3142; x_wconf 59' lang='lat' dir='ltr'><strong>unius</strong></span> 
     </span>
    </p>
   </div>
   <div class='ocr_carea' id='block_1_94' title="bbox 2340 3183 3814 3258">
    <p class='ocr_par' dir='ltr' id='par_1_94' title="bbox 2340 3183 3814 3258">
     <span class='ocr_line' id='line_1_94' title="bbox 2340 3183 3814 3258; baseline -0.007 -16"><span class='ocrx_word' id='word_1_764' title='bbox 2340 3186 2508 3242; x_wconf 90' lang='lat' dir='ltr'><strong>Filius</strong></span> <span class='ocrx_word' id='word_1_765' title='bbox 2530 3186 2641 3242; x_wconf 88' lang='lat' dir='ltr'><strong>Dei.</strong></span> <span class='ocrx_word' id='word_1_766' title='bbox 2668 3186 2747 3241; x_wconf 82' lang='lat' dir='ltr'><strong>Ad</strong></span> <span class='ocrx_word' id='word_1_767' title='bbox 2775 3202 2932 3257; x_wconf 81' lang='lat' dir='ltr'><strong>quam</strong></span> <span class='ocrx_word' id='word_1_768' title='bbox 2956 3202 3065 3241; x_wconf 89' lang='lat' dir='ltr'><strong>rem</strong></span> <span class='ocrx_word' id='word_1_769' title='bbox 3096 3187 3279 3255; x_wconf 90' lang='lat' dir='ltr'><strong>venit,</strong></span> <span class='ocrx_word' id='word_1_770' title='bbox 3310 3187 3388 3242; x_wconf 85' lang='lat' dir='ltr'><strong>vel</strong></span> <span class='ocrx_word' id='word_1_771' title='bbox 3409 3186 3522 3258; x_wconf 89' lang='lat' dir='ltr'><strong>quid</strong></span> <span class='ocrx_word' id='word_1_772' title='bbox 3543 3183 3667 3238; x_wconf 88' lang='lat' dir='ltr'><strong>nobis</strong></span> <span class='ocrx_word' id='word_1_773' title='bbox 3688 3192 3814 3234; x_wconf 73' lang='lat' dir='ltr'><strong>novum</strong></span> 
     </span>
    </p>
   </div>
   <div class='ocr_carea' id='block_1_95' title="bbox 2342 3267 3816 3349">
    <p class='ocr_par' dir='ltr' id='par_1_95' title="bbox 2342 3267 3816 3349">
     <span class='ocr_line' id='line_1_95' title="bbox 2342 3267 3816 3349; baseline -0.009 -13"><span class='ocrx_word' id='word_1_774' title='bbox 2342 3281 2637 3336; x_wconf 82' lang='lat' dir='ltr'><strong>nuntiavit?</strong></span> <span class='ocrx_word' id='word_1_775' title='bbox 2677 3280 2813 3349; x_wconf 86' lang='lat' dir='ltr'><strong>Quid</strong></span> <span class='ocrx_word' id='word_1_776' title='bbox 2850 3280 3041 3334; x_wconf 88' lang='lat' dir='ltr'><strong>docere</strong></span> <span class='ocrx_word' id='word_1_777' title='bbox 3068 3279 3276 3334; x_wconf 85' lang='lat' dir='ltr'><strong>voluit?</strong></span> <span class='ocrx_word' id='word_1_778' title='bbox 3303 3280 3469 3348; x_wconf 85' lang='lat' dir='ltr'><strong>Quare</strong></span> <span class='ocrx_word' id='word_1_779' title='bbox 3498 3277 3603 3331; x_wconf 77' lang='lat' dir='ltr'><strong>fecit</strong></span> <span class='ocrx_word' id='word_1_780' title='bbox 3629 3268 3705 3327; x_wconf 85' lang='lat' dir='ltr'><strong>hoc</strong></span> <span class='ocrx_word' id='word_1_781' title='bbox 3726 3267 3816 3339; x_wconf 85' lang='lat' dir='ltr'><strong>quod</strong></span> 
     </span>
    </p>
   </div>
   <div class='ocr_carea' id='block_1_96' title="bbox 2342 3358 3818 3435">
    <p class='ocr_par' dir='ltr' id='par_1_96' title="bbox 2342 3358 3818 3435">
     <span class='ocr_line' id='line_1_96' title="bbox 2342 3358 3818 3435; baseline -0.01 -8"><span class='ocrx_word' id='word_1_782' title='bbox 2342 3372 2498 3435; x_wconf 83' lang='lat' dir='ltr'><strong>fecit,</strong></span> <span class='ocrx_word' id='word_1_783' title='bbox 2530 3381 2588 3427; x_wconf 91' lang='lat' dir='ltr'><strong>ut</strong></span> <span class='ocrx_word' id='word_1_784' title='bbox 2616 3371 2843 3426; x_wconf 82' lang='lat' dir='ltr'><strong>Verbum</strong></span> <span class='ocrx_word' id='word_1_785' title='bbox 2883 3385 3008 3425; x_wconf 88' lang='lat' dir='ltr'><strong>caro</strong></span> <span class='ocrx_word' id='word_1_786' title='bbox 3038 3368 3193 3425; x_wconf 80' lang='lat' dir='ltr'><strong>fieret</strong></span> <span class='ocrx_word' id='word_1_787' title='bbox 3216 3411 3232 3435; x_wconf 85' lang='lat'><strong>,</strong></span> <span class='ocrx_word' id='word_1_788' title='bbox 3283 3381 3338 3425; x_wconf 92' lang='lat' dir='ltr'><strong>ut</strong></span> <span class='ocrx_word' id='word_1_789' title='bbox 3383 3371 3512 3424; x_wconf 85' lang='lat' dir='ltr'><strong>Deus</strong></span> <span class='ocrx_word' id='word_1_790' title='bbox 3545 3380 3674 3435; x_wconf 88' lang='lat' dir='ltr'><strong>super</strong></span> <span class='ocrx_word' id='word_1_791' title='bbox 3701 3358 3818 3414; x_wconf 75' lang='lat' dir='ltr'><strong>omnis</strong></span> 
     </span>
    </p>
   </div>
   <div class='ocr_carea' id='block_1_97' title="bbox 2342 3456 3818 3533">
    <p class='ocr_par' dir='ltr' id='par_1_97' title="bbox 2342 3456 3818 3533">
     <span class='ocr_line' id='line_1_97' title="bbox 2342 3456 3818 3533; baseline -0.01 -15"><span class='ocrx_word' id='word_1_792' title='bbox 2342 3463 2556 3533; x_wconf 82' lang='lat' dir='ltr'><strong>indigna</strong></span> <span class='ocrx_word' id='word_1_793' title='bbox 2603 3456 2671 3516; x_wconf 82' lang='lat' dir='ltr'><strong>ab</strong></span> <span class='ocrx_word' id='word_1_794' title='bbox 2712 3459 3021 3515; x_wconf 84' lang='lat' dir='ltr'><strong>hominibus</strong></span> <span class='ocrx_word' id='word_1_795' title='bbox 3068 3469 3377 3530; x_wconf 84' lang='lat' dir='ltr'><strong>pateretur,</strong></span> <span class='ocrx_word' id='word_1_796' title='bbox 3425 3469 3477 3514; x_wconf 87' lang='lat' dir='ltr'><strong>ut</strong></span> <span class='ocrx_word' id='word_1_797' title='bbox 3516 3459 3665 3527; x_wconf 83' lang='lat' dir='ltr'><strong>alapas</strong></span> <span class='ocrx_word' id='word_1_798' title='bbox 3696 3463 3818 3506; x_wconf 80' lang='lat' dir='ltr'><strong>eorum</strong></span> 
     </span>
    </p>
   </div>
   <div class='ocr_carea' id='block_1_98' title="bbox 2344 3541 3821 3624">
    <p class='ocr_par' dir='ltr' id='par_1_98' title="bbox 2344 3541 3821 3624">
     <span class='ocr_line' id='line_1_98' title="bbox 2344 3541 3821 3624; baseline -0.005 -16"><span class='ocrx_word' id='word_1_799' title='bbox 2344 3555 2626 3608; x_wconf 85' lang='lat' dir='ltr'><strong>sustineret</strong></span> <span class='ocrx_word' id='word_1_800' title='bbox 2656 3552 2722 3607; x_wconf 88' lang='lat' dir='ltr'><strong>de</strong></span> <span class='ocrx_word' id='word_1_801' title='bbox 2765 3550 3008 3605; x_wconf 83' lang='lat' dir='ltr'><strong>manibus</strong></span> <span class='ocrx_word' id='word_1_802' title='bbox 3033 3546 3166 3621; x_wconf 85' lang='lat' dir='ltr'><strong>quas</strong></span> <span class='ocrx_word' id='word_1_803' title='bbox 3206 3553 3318 3624; x_wconf 90' lang='lat' dir='ltr'><strong>ipse</strong></span> <span class='ocrx_word' id='word_1_804' title='bbox 3354 3548 3614 3605; x_wconf 83' lang='lat' dir='ltr'><strong>formavit?</strong></span> <span class='ocrx_word' id='word_1_805' title='bbox 3639 3541 3743 3614; x_wconf 77' lang='lat' dir='ltr'><strong>Quid</strong></span> <span class='ocrx_word' id='word_1_806' title='bbox 3763 3552 3821 3591; x_wconf 72' lang='grc' dir='ltr'><strong>νο·</strong></span> 
     </span>
    </p>
   </div>
   <div class='ocr_carea' id='block_1_99' title="bbox 2344 3632 3823 3713">
    <p class='ocr_par' dir='ltr' id='par_1_99' title="bbox 2344 3632 3823 3713">
     <span class='ocr_line' id='line_1_99' title="bbox 2344 3632 3823 3713; baseline -0.011 -14"><span class='ocrx_word' id='word_1_807' title='bbox 2344 3645 2441 3699; x_wconf 86' lang='lat' dir='ltr'><strong>luit</strong></span> <span class='ocrx_word' id='word_1_808' title='bbox 2467 3643 2699 3699; x_wconf 87' lang='lat' dir='ltr'><strong>docere?</strong></span> <span class='ocrx_word' id='word_1_809' title='bbox 2743 3642 2869 3713; x_wconf 69' lang='lat' dir='ltr'><strong>Quid</strong></span> <span class='ocrx_word' id='word_1_810' title='bbox 2915 3641 3077 3697; x_wconf 90' lang='lat' dir='ltr'><strong>voluit</strong></span> <span class='ocrx_word' id='word_1_811' title='bbox 3112 3642 3432 3698; x_wconf 84' lang='lat' dir='ltr'><strong>ostendere?</strong></span> <span class='ocrx_word' id='word_1_812' title='bbox 3457 3638 3567 3712; x_wconf 83' lang='lat' dir='ltr'><strong>quid</strong></span> <span class='ocrx_word' id='word_1_813' title='bbox 3602 3632 3729 3691; x_wconf 71' lang='lat' dir='ltr'><strong>valuit</strong></span> <span class='ocrx_word' id='word_1_814' title='bbox 3760 3645 3823 3684; x_wconf 83' lang='lat' dir='ltr'><strong>an-</strong></span> 
     </span>
    </p>
   </div>
   <div class='ocr_carea' id='block_1_100' title="bbox 2344 3721 3823 3805">
    <p class='ocr_par' dir='ltr' id='par_1_100' title="bbox 2344 3721 3823 3805">
     <span class='ocr_line' id='line_1_100' title="bbox 2344 3721 3823 3805; baseline -0.011 -13"><span class='ocrx_word' id='word_1_815' title='bbox 2344 3728 2626 3792; x_wconf 82' lang='lat' dir='ltr'><strong>nuntiare&#39;?</strong></span> <span class='ocrx_word' id='word_1_816' title='bbox 2654 3736 2973 3789; x_wconf 79' lang='lat' dir='ltr'><strong>Audiamus:</strong></span> <span class='ocrx_word' id='word_1_817' title='bbox 3004 3726 3269 3791; x_wconf 38' lang='lat' dir='ltr'><strong>nam‘si&#39;ne</strong></span> <span class='ocrx_word' id='word_1_818' title='bbox 3292 3734 3458 3791; x_wconf 84' lang='lat' dir='ltr'><strong>fructu</strong></span> <span class='ocrx_word' id='word_1_819' title='bbox 3481 3721 3823 3805; x_wconf 71' lang='lat' dir='ltr'><strong>prmcepti,audi-</strong></span> 
     </span>
    </p>
   </div>
   <div class='ocr_carea' id='block_1_101' title="bbox 2344 3824 3824 3899">
    <p class='ocr_par' dir='ltr' id='par_1_101' title="bbox 2344 3824 3824 3899">
     <span class='ocr_line' id='line_1_101' title="bbox 2344 3824 3824 3899; baseline -0.009 -15"><span class='ocrx_word' id='word_1_820' title='bbox 2344 3830 2418 3884; x_wconf 89' lang='lat' dir='ltr'><strong>tio</strong></span> <span class='ocrx_word' id='word_1_821' title='bbox 2448 3830 2522 3884; x_wconf 92' lang='lat' dir='ltr'><strong>rei</strong></span> <span class='ocrx_word' id='word_1_822' title='bbox 2548 3838 2709 3899; x_wconf 66' lang='lat' dir='ltr'><strong>gesta:</strong></span> <span class='ocrx_word' id='word_1_823' title='bbox 2734 3869 2749 3896; x_wconf 90' lang='lat'><strong>,</strong></span> <span class='ocrx_word' id='word_1_824' title='bbox 2779 3828 2901 3897; x_wconf 91' lang='lat' dir='ltr'><strong>quia</strong></span> <span class='ocrx_word' id='word_1_825' title='bbox 2928 3837 3080 3881; x_wconf 81' lang='lat' dir='ltr'><strong>natus</strong></span> <span class='ocrx_word' id='word_1_826' title='bbox 3102 3838 3186 3882; x_wconf 89' lang='lat' dir='ltr'><strong>cst</strong></span> <span class='ocrx_word' id='word_1_827' title='bbox 3212 3826 3449 3884; x_wconf 85' lang='lat' dir='ltr'><strong>Christus</strong></span> <span class='ocrx_word' id='word_1_828' title='bbox 3470 3869 3484 3893; x_wconf 91' lang='lat'><strong>,</strong></span> <span class='ocrx_word' id='word_1_829' title='bbox 3515 3835 3564 3881; x_wconf 86' lang='lat' dir='ltr'><strong>et</strong></span> <span class='ocrx_word' id='word_1_830' title='bbox 3582 3824 3680 3895; x_wconf 85' lang='lat' dir='ltr'><strong>quia</strong></span> <span class='ocrx_word' id='word_1_831' title='bbox 3699 3828 3824 3889; x_wconf 69' lang='lat' dir='ltr'><strong>passus</strong></span> 
     </span>
    </p>
   </div>
   <div class='ocr_carea' id='block_1_102' title="bbox 2345 3906 3823 3984">
    <p class='ocr_par' dir='ltr' id='par_1_102' title="bbox 2345 3906 3823 3984">
     <span class='ocr_line' id='line_1_102' title="bbox 2345 3906 3823 3984; baseline -0.014 -7"><span class='ocrx_word' id='word_1_832' title='bbox 2345 3930 2427 3977; x_wconf 86' lang='lat' dir='ltr'><strong>est</strong></span> <span class='ocrx_word' id='word_1_833' title='bbox 2452 3906 2693 3976; x_wconf 76' lang='lat' dir='ltr'><strong>Christus</strong></span> <span class='ocrx_word' id='word_1_834' title='bbox 2717 3962 2730 3983; x_wconf 87' lang='lat'><strong>,</strong></span> <span class='ocrx_word' id='word_1_835' title='bbox 2771 3930 3176 3975; x_wconf 85' lang='lat' dir='ltr'><strong>avocamentum</strong></span> <span class='ocrx_word' id='word_1_836' title='bbox 3216 3922 3403 3976; x_wconf 85' lang='lat' dir='ltr'><strong>mentis</strong></span> <span class='ocrx_word' id='word_1_837' title='bbox 3432 3929 3540 3984; x_wconf 85' lang='lat' dir='ltr'><strong>est,</strong></span> <span class='ocrx_word' id='word_1_838' title='bbox 3585 3930 3669 3969; x_wconf 87' lang='lat' dir='ltr'><strong>non</strong></span> <span class='ocrx_word' id='word_1_839' title='bbox 3705 3912 3823 3963; x_wconf 84' lang='lat' dir='ltr'><strong>firma-</strong></span> 
     </span>
    </p>
   </div>
   <div class='ocr_carea' id='block_1_103' title="bbox 2344 3998 3823 4083">
    <p class='ocr_par' dir='ltr' id='par_1_103' title="bbox 2344 3998 3823 4083">
     <span class='ocr_line' id='line_1_103' title="bbox 2344 3998 3823 4083; baseline -0.009 -17"><span class='ocrx_word' id='word_1_840' title='bbox 2344 4022 2604 4071; x_wconf 87' lang='lat' dir='ltr'><strong>mentum.</strong></span> <span class='ocrx_word' id='word_1_841' title='bbox 2656 4010 2793 4080; x_wconf 83' lang='lat' dir='ltr'><strong>Quid</strong></span> <span class='ocrx_word' id='word_1_842' title='bbox 2835 4027 3081 4080; x_wconf 80' lang='lat' dir='ltr'><strong>magnnm</strong></span> <span class='ocrx_word' id='word_1_843' title='bbox 3121 4011 3309 4068; x_wconf 80' lang='lat' dir='ltr'><strong>audis?</strong></span> <span class='ocrx_word' id='word_1_844' title='bbox 3352 4028 3453 4083; x_wconf 90' lang='lat' dir='ltr'><strong>quo</strong></span> <span class='ocrx_word' id='word_1_845' title='bbox 3492 4009 3641 4063; x_wconf 88' lang='lat' dir='ltr'><strong>fructu</strong></span> <span class='ocrx_word' id='word_1_846' title='bbox 3662 3998 3823 4060; x_wconf 84' lang='lat' dir='ltr'><strong>audis&#39;,</strong></span> 
     </span>
    </p>
   </div>
   <div class='ocr_carea' id='block_1_104' title="bbox 2346 4088 3821 4183">
    <p class='ocr_par' dir='ltr' id='par_1_104' title="bbox 2346 4088 3821 4183">
     <span class='ocr_line' id='line_1_104' title="bbox 2346 4088 3821 4183; baseline -0.008 -25"><span class='ocrx_word' id='word_1_847' title='bbox 2346 4102 2486 4158; x_wconf 88' lang='lat' dir='ltr'><strong>vide.</strong></span> <span class='ocrx_word' id='word_1_848' title='bbox 2535 4103 2671 4171; x_wconf 86' lang='lat' dir='ltr'><strong>Quid</strong></span> <span class='ocrx_word' id='word_1_849' title='bbox 2715 4103 2881 4157; x_wconf 89' lang='lat' dir='ltr'><strong>voluit</strong></span> <span class='ocrx_word' id='word_1_850' title='bbox 2914 4102 3144 4177; x_wconf 80' lang='lat' dir='ltr'><strong>docere?</strong></span> <span class='ocrx_word' id='word_1_851' title='bbox 3190 4092 3315 4183; x_wconf 78' lang='lat' dir='ltr'><strong>quid</strong></span> <span class='ocrx_word' id='word_1_852' title='bbox 3356 4096 3669 4183; x_wconf 82' lang='lat' dir='ltr'><strong>anmmtiare?</strong></span> <span class='ocrx_word' id='word_1_853' title='bbox 3700 4088 3821 4146; x_wconf 74' lang='lat' dir='ltr'><strong>Audi:</strong></span> 
     </span>
    </p>
   </div>
   <div class='ocr_carea' id='block_1_105' title="bbox 2351 4185 3827 4264">
    <p class='ocr_par' dir='ltr' id='par_1_105' title="bbox 2351 4185 3827 4264">
     <span class='ocr_line' id='line_1_105' title="bbox 2351 4185 3827 4264; baseline -0.009 -17"><span class='ocrx_word' id='word_1_854' title='bbox 2351 4194 2482 4261; x_wconf 83' lang='lat' dir='ltr'><strong>Quia</strong></span> <span class='ocrx_word' id='word_1_855' title='bbox 2523 4194 2659 4250; x_wconf 83' lang='lat' dir='ltr'><strong>Deus</strong></span> <span class='ocrx_word' id='word_1_856' title='bbox 2686 4195 2775 4249; x_wconf 72' lang='lat' dir='ltr'><strong>lux</strong></span> <span class='ocrx_word' id='word_1_857' title='bbox 2815 4203 2920 4261; x_wconf 87' lang='lat' dir='ltr'><strong>est,</strong></span> <span class='ocrx_word' id='word_1_858' title='bbox 2964 4195 3131 4264; x_wconf 91' lang='lat' dir='ltr'><strong>inquit</strong></span> <span class='ocrx_word' id='word_1_859' title='bbox 3152 4237 3166 4257; x_wconf 88' lang='lat'><strong>,</strong></span> <span class='ocrx_word' id='word_1_860' title='bbox 3206 4195 3482 4257; x_wconf 75' lang='lat' dir='ltr'><strong>ettenebru:</strong></span> <span class='ocrx_word' id='word_1_861' title='bbox 3514 4185 3827 4247; x_wconf 67' lang='lat' dir='ltr'><strong>inconcussa!</strong></span> 
     </span>
    </p>
   </div>
   <div class='ocr_carea' id='block_1_106' title="bbox 2346 4270 3824 4358">
    <p class='ocr_par' dir='ltr' id='par_1_106' title="bbox 2346 4270 3824 4358">
     <span class='ocr_line' id='line_1_106' title="bbox 2346 4270 3824 4358; baseline -0.005 -15"><span class='ocrx_word' id='word_1_862' title='bbox 2346 4276 2486 4343; x_wconf 62' lang='lat' dir='ltr'><strong>ulla.</strong></span> <span class='ocrx_word' id='word_1_863' title='bbox 2533 4287 2722 4343; x_wconf 87' lang='lat' dir='ltr'><strong>Adhuc</strong></span> <span class='ocrx_word' id='word_1_864' title='bbox 2748 4289 2921 4344; x_wconf 87' lang='lat' dir='ltr'><strong>lucem</strong></span> <span class='ocrx_word' id='word_1_865' title='bbox 2970 4270 3195 4358; x_wconf 83' lang='lat' dir='ltr'><strong>quidem</strong></span> <span class='ocrx_word' id='word_1_866' title='bbox 3229 4270 3643 4351; x_wconf 24' lang='lat' dir='ltr'><strong>nominavit,“sed</strong></span> <span class='ocrx_word' id='word_1_867' title='bbox 3673 4278 3824 4332; x_wconf 63' lang='lat' dir='ltr'><strong>obscura</strong></span> 
     </span>
    </p>
   </div>
   <div class='ocr_carea' id='block_1_107' title="bbox 2348 4360 3827 4450">
    <p class='ocr_par' dir='ltr' id='par_1_107' title="bbox 2348 4360 3827 4450">
     <span class='ocr_line' id='line_1_107' title="bbox 2348 4360 3827 4450; baseline -0.006 -15"><span class='ocrx_word' id='word_1_868' title='bbox 2348 4388 2474 4435; x_wconf 87' lang='lat' dir='ltr'><strong>sunt</strong></span> <span class='ocrx_word' id='word_1_869' title='bbox 2500 4380 2654 4435; x_wconf 90' lang='lat' dir='ltr'><strong>verba</strong></span> <span class='ocrx_word' id='word_1_870' title='bbox 2682 4398 2694 4434; x_wconf 91' lang='lat'><strong>:</strong></span> <span class='ocrx_word' id='word_1_871' title='bbox 2726 4380 2924 4434; x_wconf 88' lang='lat' dir='ltr'><strong>bonum</strong></span> <span class='ocrx_word' id='word_1_872' title='bbox 2954 4390 3033 4435; x_wconf 90' lang='lat' dir='ltr'><strong>est</strong></span> <span class='ocrx_word' id='word_1_873' title='bbox 3066 4380 3219 4434; x_wconf 88' lang='lat' dir='ltr'><strong>nobis</strong></span> <span class='ocrx_word' id='word_1_874' title='bbox 3241 4389 3297 4435; x_wconf 90' lang='lat' dir='ltr'><strong>ut</strong></span> <span class='ocrx_word' id='word_1_875' title='bbox 3326 4366 3434 4450; x_wconf 89' lang='lat' dir='ltr'><strong>ipsa</strong></span> <span class='ocrx_word' id='word_1_876' title='bbox 3461 4379 3539 4432; x_wconf 81' lang='lat' dir='ltr'><strong>lux</strong></span> <span class='ocrx_word' id='word_1_877' title='bbox 3563 4388 3693 4450; x_wconf 72' lang='lat' dir='ltr'><strong>quant</strong></span> <span class='ocrx_word' id='word_1_878' title='bbox 3715 4360 3827 4421; x_wconf 74' lang='grc' dir='ltr'>ιιηωί·</span> 
     </span>
    </p>
   </div>
   <div class='ocr_carea' id='block_1_108' title="bbox 2349 4446 3823 4538">
    <p class='ocr_par' dir='ltr' id='par_1_108' title="bbox 2349 4446 3823 4538">
     <span class='ocr_line' id='line_1_108' title="bbox 2349 4446 3823 4538; baseline -0.016 -12"><span class='ocrx_word' id='word_1_879' title='bbox 2349 4471 2523 4538; x_wconf 88' lang='lat' dir='ltr'><strong>navit,</strong></span> <span class='ocrx_word' id='word_1_880' title='bbox 2559 4472 2786 4526; x_wconf 78' lang='lat' dir='ltr'><strong>illustrat</strong></span> <span class='ocrx_word' id='word_1_881' title='bbox 2811 4471 2970 4525; x_wconf 84' lang='lat' dir='ltr'><strong>corda</strong></span> <span class='ocrx_word' id='word_1_882' title='bbox 3005 4462 3206 4536; x_wconf 74' lang='lat' dir='ltr'><strong>nostra,</strong></span> <span class='ocrx_word' id='word_1_883' title='bbox 3242 4483 3294 4525; x_wconf 86' lang='lat' dir='ltr'><strong>et</strong></span> <span class='ocrx_word' id='word_1_884' title='bbox 3323 4446 3580 4524; x_wconf 83' lang='lat' dir='ltr'><strong>videamus</strong></span> <span class='ocrx_word' id='word_1_885' title='bbox 3604 4446 3705 4532; x_wconf 81' lang='lat' dir='ltr'><strong>quid</strong></span> <span class='ocrx_word' id='word_1_886' title='bbox 3724 4453 3823 4508; x_wconf 59' lang='lat' dir='ltr'><strong>dixit.</strong></span> 
     </span>
    </p>
   </div>
   <div class='ocr_carea' id='block_1_109' title="bbox 2349 4550 3826 4637">
    <p class='ocr_par' dir='ltr' id='par_1_109' title="bbox 2349 4550 3826 4637">
     <span class='ocr_line' id='line_1_109' title="bbox 2349 4550 3826 4637; baseline -0.001 -17"><span class='ocrx_word' id='word_1_887' title='bbox 2349 4564 2462 4621; x_wconf 84' lang='lat' dir='ltr'><strong>Hoc</strong></span> <span class='ocrx_word' id='word_1_888' title='bbox 2487 4573 2568 4619; x_wconf 88' lang='lat' dir='ltr'><strong>est</strong></span> <span class='ocrx_word' id='word_1_889' title='bbox 2596 4550 2737 4636; x_wconf 87' lang='lat' dir='ltr'><strong>quod</strong></span> <span class='ocrx_word' id='word_1_890' title='bbox 2767 4566 3144 4619; x_wconf 86' lang='lat' dir='ltr'><strong>annuntiamus</strong></span> <span class='ocrx_word' id='word_1_891' title='bbox 3169 4607 3183 4631; x_wconf 91' lang='lat'><strong>,</strong></span> <span class='ocrx_word' id='word_1_892' title='bbox 3216 4565 3335 4637; x_wconf 79' lang='lat' dir='ltr'><strong>quia</strong></span> <span class='ocrx_word' id='word_1_893' title='bbox 3366 4563 3493 4618; x_wconf 86' lang='lat' dir='ltr'><strong>Deus</strong></span> <span class='ocrx_word' id='word_1_894' title='bbox 3518 4561 3599 4633; x_wconf 61' lang='lat' dir='ltr'><strong>lu;</strong></span> <span class='ocrx_word' id='word_1_895' title='bbox 3621 4564 3705 4619; x_wconf 67' lang='grc' dir='ltr'><strong>ων</strong></span> <span class='ocrx_word' id='word_1_896' title='bbox 3727 4562 3759 4605; x_wconf 54' lang='lat' dir='ltr'><strong>ei</strong></span> <span class='ocrx_word' id='word_1_897' title='bbox 3779 4558 3826 4597; x_wconf 67' lang='grc' dir='ltr'><em>η’</em></span> 
     </span>
    </p>
   </div>
   <div class='ocr_carea' id='block_1_110' title="bbox 2315 4642 3826 4723">
    <p class='ocr_par' dir='ltr' id='par_1_110' title="bbox 2315 4642 3826 4723">
     <span class='ocr_line' id='line_1_110' title="bbox 2315 4642 3826 4723; baseline -0.011 -10"><span class='ocrx_word' id='word_1_898' title='bbox 2315 4697 2322 4705; x_wconf 75' lang='lat'><strong>.</strong></span> <span class='ocrx_word' id='word_1_899' title='bbox 2350 4657 2518 4713; x_wconf 71' lang='lat' dir='ltr'><strong>nebrte</strong></span> <span class='ocrx_word' id='word_1_900' title='bbox 2550 4659 2606 4711; x_wconf 88' lang='lat' dir='ltr'><strong>in</strong></span> <span class='ocrx_word' id='word_1_901' title='bbox 2628 4674 2685 4712; x_wconf 78' lang='lat' dir='ltr'><strong>eo</strong></span> <span class='ocrx_word' id='word_1_902' title='bbox 2717 4673 2822 4711; x_wconf 85' lang='lat' dir='ltr'><strong>non</strong></span> <span class='ocrx_word' id='word_1_903' title='bbox 2859 4668 2974 4712; x_wconf 83' lang='lat' dir='ltr'><strong>sunt</strong></span> <span class='ocrx_word' id='word_1_904' title='bbox 3011 4658 3149 4711; x_wconf 62' lang='lat' dir='ltr'><strong>ulla.</strong></span> <span class='ocrx_word' id='word_1_905' title='bbox 3184 4657 3317 4723; x_wconf 84' lang='lat' dir='ltr'><strong>Quis</strong></span> <span class='ocrx_word' id='word_1_906' title='bbox 3340 4657 3475 4711; x_wconf 87' lang='lat' dir='ltr'><strong>enim</strong></span> <span class='ocrx_word' id='word_1_907' title='bbox 3503 4651 3689 4707; x_wconf 83' lang='lat' dir='ltr'><strong>auderet</strong></span> <span class='ocrx_word' id='word_1_908' title='bbox 3708 4642 3826 4696; x_wconf 66' lang='lat' dir='ltr'><strong>diem</strong></span> 
     </span>
    </p>
   </div>
   <div class='ocr_carea' id='block_1_111' title="bbox 2351 4733 3827 4820">
    <p class='ocr_par' dir='ltr' id='par_1_111' title="bbox 2351 4733 3827 4820">
     <span class='ocr_line' id='line_1_111' title="bbox 2351 4733 3827 4820; baseline -0.01 -16"><span class='ocrx_word' id='word_1_909' title='bbox 2351 4750 2473 4820; x_wconf 88' lang='lat' dir='ltr'><strong>quia</strong></span> <span class='ocrx_word' id='word_1_910' title='bbox 2501 4750 2551 4805; x_wconf 92' lang='lat' dir='ltr'><strong>in</strong></span> <span class='ocrx_word' id='word_1_911' title='bbox 2578 4749 2685 4804; x_wconf 91' lang='lat' dir='ltr'><strong>Deo</strong></span> <span class='ocrx_word' id='word_1_912' title='bbox 2710 4758 2832 4804; x_wconf 86' lang='lat' dir='ltr'><strong>sunt</strong></span> <span class='ocrx_word' id='word_1_913' title='bbox 2867 4749 3137 4803; x_wconf 70' lang='lat' dir='ltr'><strong>tenebmz?</strong></span> <span class='ocrx_word' id='word_1_914' title='bbox 3160 4751 3267 4803; x_wconf 81' lang='lat' dir='ltr'><strong>Aut</strong></span> <span class='ocrx_word' id='word_1_915' title='bbox 3292 4747 3413 4818; x_wconf 86' lang='lat' dir='ltr'><strong>quid</strong></span> <span class='ocrx_word' id='word_1_916' title='bbox 3439 4753 3515 4801; x_wconf 89' lang='lat' dir='ltr'><strong>est</strong></span> <span class='ocrx_word' id='word_1_917' title='bbox 3540 4745 3635 4815; x_wconf 87' lang='lat' dir='ltr'><strong>ipsa</strong></span> <span class='ocrx_word' id='word_1_918' title='bbox 3654 4733 3751 4793; x_wconf 77' lang='lat' dir='ltr'><strong>lux?</strong></span> <span class='ocrx_word' id='word_1_919' title='bbox 3771 4733 3827 4782; x_wconf 68' lang='grc' dir='ltr'>ιυι</span> 
     </span>
    </p>
   </div>
   <div class='ocr_carea' id='block_1_112' title="bbox 2352 4826 3826 4917">
    <p class='ocr_par' dir='ltr' id='par_1_112' title="bbox 2352 4826 3826 4917">
     <span class='ocr_line' id='line_1_112' title="bbox 2352 4826 3826 4917; baseline -0.008 -22"><span class='ocrx_word' id='word_1_920' title='bbox 2352 4841 2476 4909; x_wconf 88' lang='lat' dir='ltr'><strong>quid</strong></span> <span class='ocrx_word' id='word_1_921' title='bbox 2503 4849 2628 4894; x_wconf 85' lang='lat' dir='ltr'><strong>sunt</strong></span> <span class='ocrx_word' id='word_1_922' title='bbox 2656 4841 2925 4895; x_wconf 75' lang='lat' dir='ltr'><strong>tenebrae?</strong></span> <span class='ocrx_word' id='word_1_923' title='bbox 2957 4855 3025 4894; x_wconf 89' lang='lat' dir='ltr'><strong>ne</strong></span> <span class='ocrx_word' id='word_1_924' title='bbox 3047 4840 3182 4917; x_wconf 71' lang='lat' dir='ltr'><strong>forte</strong></span> <span class='ocrx_word' id='word_1_925' title='bbox 3208 4840 3331 4893; x_wconf 81' lang='lat' dir='ltr'><strong>talia</strong></span> <span class='ocrx_word' id='word_1_926' title='bbox 3359 4839 3527 4901; x_wconf 80' lang='lat' dir='ltr'><strong>dicat,</strong></span> <span class='ocrx_word' id='word_1_927' title='bbox 3552 4846 3653 4903; x_wconf 63' lang='lat' dir='ltr'><strong>quae</strong></span> <span class='ocrx_word' id='word_1_928' title='bbox 3676 4826 3722 4880; x_wconf 67' lang='lat' dir='ltr'><strong>ad</strong></span> <span class='ocrx_word' id='word_1_929' title='bbox 3742 4834 3826 4917; x_wconf 49' lang='lat' dir='ltr'><strong>Oct&quot;</strong></span> 
     </span>
    </p>
   </div>
   <div class='ocr_carea' id='block_1_113' title="bbox 2354 4911 3827 5002">
    <p class='ocr_par' dir='ltr' id='par_1_113' title="bbox 2354 4911 3827 5002">
     <span class='ocr_line' id='line_1_113' title="bbox 2354 4911 3827 5002; baseline -0.009 -14"><span class='ocrx_word' id='word_1_930' title='bbox 2354 4934 2436 4988; x_wconf 87' lang='lat' dir='ltr'><strong>ius</strong></span> <span class='ocrx_word' id='word_1_931' title='bbox 2463 4935 2595 4987; x_wconf 73' lang='lat' dir='ltr'><strong>istos</strong></span> <span class='ocrx_word' id='word_1_932' title='bbox 2633 4944 2845 4988; x_wconf 90' lang='lat' dir='ltr'><strong>nostros</strong></span> <span class='ocrx_word' id='word_1_933' title='bbox 2876 4911 3188 5002; x_wconf 73' lang='lat' dir='ltr'><strong>pertineant.</strong></span> <span class='ocrx_word' id='word_1_934' title='bbox 3236 4932 3370 4987; x_wconf 84' lang='lat' dir='ltr'><strong>Deus</strong></span> <span class='ocrx_word' id='word_1_935' title='bbox 3395 4931 3481 4985; x_wconf 62' lang='lat' dir='ltr'><strong>tua</strong></span> <span class='ocrx_word' id='word_1_936' title='bbox 3499 4935 3565 4982; x_wconf 70' lang='lat' dir='ltr'><strong>est</strong></span> <span class='ocrx_word' id='word_1_937' title='bbox 3593 4922 3689 4979; x_wconf 78' lang='lat' dir='ltr'><strong>:sit</strong></span> <span class='ocrx_word' id='word_1_938' title='bbox 3706 4911 3827 4971; x_wconf 59' lang='lat' dir='ltr'><strong>nescio</strong></span> 
     </span>
    </p>
   </div>
   <div class='ocr_carea' id='block_1_114' title="bbox 2354 5005 3827 5099">
    <p class='ocr_par' dir='ltr' id='par_1_114' title="bbox 2354 5005 3827 5099">
     <span class='ocr_line' id='line_1_114' title="bbox 2354 5005 3827 5099; baseline -0.014 -22"><span class='ocrx_word' id='word_1_939' title='bbox 2354 5025 2505 5096; x_wconf 90' lang='lat' dir='ltr'><strong>quis,</strong></span> <span class='ocrx_word' id='word_1_940' title='bbox 2538 5026 2601 5099; x_wconf 82' lang='lat' dir='ltr'><strong>Et</strong></span> <span class='ocrx_word' id='word_1_941' title='bbox 2626 5026 2704 5079; x_wconf 80' lang='lat' dir='ltr'><strong>snl</strong></span> <span class='ocrx_word' id='word_1_942' title='bbox 2736 5026 2822 5079; x_wconf 81' lang='lat' dir='ltr'><strong>lux</strong></span> <span class='ocrx_word' id='word_1_943' title='bbox 2862 5034 2944 5080; x_wconf 87' lang='lat' dir='ltr'><strong>est</strong></span> <span class='ocrx_word' id='word_1_944' title='bbox 2966 5066 2981 5090; x_wconf 94' lang='lat'><strong>,</strong></span> <span class='ocrx_word' id='word_1_945' title='bbox 3011 5034 3067 5078; x_wconf 85' lang='lat' dir='ltr'><strong>et</strong></span> <span class='ocrx_word' id='word_1_946' title='bbox 3102 5025 3223 5079; x_wconf 83' lang='lat' dir='ltr'><strong>luna</strong></span> <span class='ocrx_word' id='word_1_947' title='bbox 3246 5025 3346 5078; x_wconf 72' lang='lat' dir='ltr'><strong>.lux</strong></span> <span class='ocrx_word' id='word_1_948' title='bbox 3375 5031 3481 5087; x_wconf 79' lang='lat' dir='ltr'><strong>est,</strong></span> <span class='ocrx_word' id='word_1_949' title='bbox 3510 5017 3752 5073; x_wconf 81' lang='lat' dir='ltr'><strong>etluecrns</strong></span> <span class='ocrx_word' id='word_1_950' title='bbox 3773 5005 3827 5056; x_wconf 75' lang='lat' dir='ltr'><strong>lux</strong></span> 
     </span>
    </p>
   </div>
   <div class='ocr_carea' id='block_1_115' title="bbox 2355 5108 3827 5189">
    <p class='ocr_par' dir='ltr' id='par_1_115' title="bbox 2355 5108 3827 5189">
     <span class='ocr_line' id='line_1_115' title="bbox 2355 5108 3827 5189; baseline -0.007 -19"><span class='ocrx_word' id='word_1_951' title='bbox 2355 5124 2453 5170; x_wconf 77' lang='lat' dir='ltr'><strong>est.</strong></span> <span class='ocrx_word' id='word_1_952' title='bbox 2487 5116 2696 5189; x_wconf 81' lang='lat' dir='ltr'><strong>Aliquid</strong></span> <span class='ocrx_word' id='word_1_953' title='bbox 2724 5114 2882 5171; x_wconf 88' lang='lat' dir='ltr'><strong>debet</strong></span> <span class='ocrx_word' id='word_1_954' title='bbox 2917 5131 3037 5170; x_wconf 85' lang='lat' dir='ltr'><strong>esse</strong></span> <span class='ocrx_word' id='word_1_955' title='bbox 3081 5117 3233 5186; x_wconf 78' lang='lat' dir='ltr'><strong>longe</strong></span> <span class='ocrx_word' id='word_1_956' title='bbox 3276 5115 3355 5189; x_wconf 85' lang='lat' dir='ltr'><strong>his</strong></span> <span class='ocrx_word' id='word_1_957' title='bbox 3385 5114 3558 5180; x_wconf 87' lang='lat' dir='ltr'><strong>majus,</strong></span> <span class='ocrx_word' id='word_1_958' title='bbox 3587 5108 3713 5174; x_wconf 68' lang='lat' dir='ltr'><strong>longe</strong></span> <span class='ocrx_word' id='word_1_959' title='bbox 3740 5108 3827 5167; x_wconf 65' lang='grc' dir='ltr'><strong>νη·</strong></span> 
     </span>
    </p>
   </div>
   <div class='ocr_carea' id='block_1_116' title="bbox 2354 5190 3825 5277">
    <p class='ocr_par' dir='ltr' id='par_1_116' title="bbox 2354 5190 3825 5277">
     <span class='ocr_line' id='line_1_116' title="bbox 2354 5190 3825 5277; baseline -0.01 -16"><span class='ocrx_word' id='word_1_960' title='bbox 2354 5207 2607 5271; x_wconf 87' lang='lat' dir='ltr'><strong>stantius,</strong></span> <span class='ocrx_word' id='word_1_961' title='bbox 2634 5190 2894 5277; x_wconf 71' lang='lat' dir='ltr'><strong>longeque</strong></span> <span class='ocrx_word' id='word_1_962' title='bbox 2920 5205 3413 5274; x_wconf 82' lang='lat' dir='ltr'><strong>supercminentius.</strong></span> <span class='ocrx_word' id='word_1_963' title='bbox 3442 5201 3672 5270; x_wconf 77' lang='lat' dir='ltr'><strong>Quantum</strong></span> <span class='ocrx_word' id='word_1_964' title='bbox 3697 5190 3825 5242; x_wconf 63' lang='grc' dir='ltr'><strong>θῦσε*</strong></span> 
     </span>
    </p>
   </div>
   <div class='ocr_carea' id='block_1_117' title="bbox 2356 5283 3824 5367">
    <p class='ocr_par' dir='ltr' id='par_1_117' title="bbox 2356 5283 3824 5367">
     <span class='ocr_line' id='line_1_117' title="bbox 2356 5283 3824 5367; baseline -0.007 -15"><span class='ocrx_word' id='word_1_965' title='bbox 2356 5300 2595 5352; x_wconf 85' lang='lat' dir='ltr'><strong>creatura</strong></span> <span class='ocrx_word' id='word_1_966' title='bbox 2617 5339 2630 5363; x_wconf 91' lang='lat'><strong>,</strong></span> <span class='ocrx_word' id='word_1_967' title='bbox 2662 5305 2916 5367; x_wconf 87' lang='lat' dir='ltr'><strong>quantum</strong></span> <span class='ocrx_word' id='word_1_968' title='bbox 2948 5296 3190 5352; x_wconf 82' lang='lat' dir='ltr'><strong>conditur</strong></span> <span class='ocrx_word' id='word_1_969' title='bbox 3226 5311 3257 5351; x_wconf 88' lang='lat' dir='ltr'><strong>a</strong></span> <span class='ocrx_word' id='word_1_970' title='bbox 3304 5290 3619 5355; x_wconf 83' lang='lat' dir='ltr'><strong>conditione,</strong></span> <span class='ocrx_word' id='word_1_971' title='bbox 3642 5283 3824 5357; x_wconf 64' lang='grc' dir='ltr'>(ιυρηιιωι</span> 
     </span>
    </p>
   </div>
   <div class='ocr_carea' id='block_1_118' title="bbox 2356 5371 3827 5462">
    <p class='ocr_par' dir='ltr' id='par_1_118' title="bbox 2356 5371 3827 5462">
     <span class='ocr_line' id='line_1_118' title="bbox 2356 5371 3827 5462; baseline -0.016 -17"><span class='ocrx_word' id='word_1_972' title='bbox 2356 5390 2613 5460; x_wconf 83' lang='lat' dir='ltr'><strong>sapientia</strong></span> <span class='ocrx_word' id='word_1_973' title='bbox 2635 5390 2703 5445; x_wconf 90' lang='lat' dir='ltr'><strong>ah</strong></span> <span class='ocrx_word' id='word_1_974' title='bbox 2727 5404 2792 5445; x_wconf 89' lang='lat' dir='ltr'><strong>eo</strong></span> <span class='ocrx_word' id='word_1_975' title='bbox 2819 5390 2961 5461; x_wconf 89' lang='lat' dir='ltr'><strong>quod</strong></span> <span class='ocrx_word' id='word_1_976' title='bbox 2984 5390 3177 5447; x_wconf 83' lang='lat' dir='ltr'><strong>factum</strong></span> <span class='ocrx_word' id='word_1_977' title='bbox 3203 5397 3285 5447; x_wconf 86' lang='lat' dir='ltr'><strong>est</strong></span> <span class='ocrx_word' id='word_1_978' title='bbox 3305 5404 3398 5462; x_wconf 83' lang='lat' dir='ltr'><strong>per</strong></span> <span class='ocrx_word' id='word_1_979' title='bbox 3420 5381 3704 5458; x_wconf 79' lang='lat' dir='ltr'><strong>sapientiam,</strong></span> <span class='ocrx_word' id='word_1_980' title='bbox 3722 5371 3827 5434; x_wconf 73' lang='lat' dir='ltr'><strong>longe</strong></span> 
     </span>
    </p>
   </div>
   <div class='ocr_carea' id='block_1_119' title="bbox 2403 5508 3828 5596">
    <p class='ocr_par' dir='ltr' id='par_1_119' title="bbox 2403 5508 3828 5596">
     <span class='ocr_line' id='line_1_119' title="bbox 2403 5508 3828 5596; baseline 0 0"><span class='ocrx_word' id='word_1_981' title='bbox 2403 5524 2439 5596; x_wconf 73' lang='grc' dir='ltr'>,ί</span> <span class='ocrx_word' id='word_1_982' title='bbox 2456 5529 2590 5596; x_wconf 57' lang='grc' dir='ltr'>ειη-ι</span> <span class='ocrx_word' id='word_1_983' title='bbox 2612 5518 2803 5596; x_wconf 62' lang='lat' dir='ltr'><strong>Me.-</strong></span> <span class='ocrx_word' id='word_1_984' title='bbox 2825 5529 2922 5596; x_wconf 61' lang='grc' dir='ltr'><strong>βνοτ</strong></span> <span class='ocrx_word' id='word_1_985' title='bbox 2939 5520 3064 5596; x_wconf 76' lang='grc' dir='ltr'>ρυιιι</span> <span class='ocrx_word' id='word_1_986' title='bbox 3090 5534 3319 5596; x_wconf 59' lang='lat' dir='ltr'><strong>uarum</strong></span> <span class='ocrx_word' id='word_1_987' title='bbox 3348 5508 3828 5596; x_wconf 53' lang='lat' dir='ltr'><strong>«taetram:</strong></span> 
     </span>
    </p>
   </div>
   <div class='ocr_carea' id='block_1_120' title="bbox 2359 5572 3829 5714">
    <p class='ocr_par' dir='ltr' id='par_1_120' title="bbox 2359 5572 3829 5714">
     <span class='ocr_line' id='line_1_120' title="bbox 2359 5572 3829 5714; baseline -0.003 0"><span class='ocrx_word' id='word_1_988' title='bbox 2359 5582 2513 5714; x_wconf 62' lang='grc' dir='ltr'><strong>ἓξὲῑὲ</strong></span> <span class='ocrx_word' id='word_1_989' title='bbox 2536 5572 3829 5714; x_wconf 59' lang='grc' dir='ltr'><strong><em>ἶ</em></strong></span> 
     </span>
    </p>
   </div>
  </div>
