3994 6404
524 419 667 480 1983

523 498 741 611 propter
779 532 1138 605 arrogantiam
1166 546 1238 590 ne
1279 530 1659 601 displiceamus
1700 529 2037 596 hominibus,
2065 527 2115 583 si

1326 411 1398 471 IN
1426 411 1821 495 ,cptsrosiu
1858 409 2140 471 JOANNIS
2175 410 2269 468 so
2307 412 2644 481 PARTHOS,
2681 412 2741 472 s.
2780 411 3146 472 suassuas

2174 537 2183 565 τ
2225 528 2439 586 Christo
2461 530 2796 598 advocatum,
2817 529 3261 609 etinveniriinter
3271 531 3591 589 damnandos
3607 548 3757 607 ωῃα.

3641 422 3753 484 1981

500 646 622 688 nos
656 630 833 701 iustos
857 641 978 685 esse
1010 624 1323 684 dixerimus.
1365 622 1589 679 Faciunt
1630 623 1734 678 hoc
1762 622 1909 691 impii
1948 628 2004 676 et
2028 622 2113 675 in-
2151 629 2189 695 ξ
2221 625 2338 679 bos.
2355 622 2590 691 Fratres,
2612 624 2793 680 Iesum
2812 620 3083 680 Christum
3099 623 3520 696 justum,ipsum
3542 625 3759 690 habemus

523 724 676 782 sani:
705 720 832 778 Seio
854 719 1069 792 quidem
1092 718 1217 790 quia
1234 718 1411 788 justus
1431 732 1575 780 sum,
1602 717 1699 772 sed
1725 716 1850 787 quid
1879 714 2116 770 dicturus

521 833 640 873 sum
663 824 790 872 ante
816 814 1106 885 homines?
1128 811 1175 869 si
1201 827 1289 867 me
1322 811 1520 881 justum
1548 810 1756 871 dixero.
1788 808 1909 879 quis
1937 808 2110 873 terat,

499 909 641 981 quis
668 906 901 965 toleret?
925 905 1067 976 apud
1106 905 1271 961 Deum
1301 913 1424 960 nota
1454 904 1525 959 sit
1561 901 1764 972 iustitia
1796 915 1912 955 mea
1956 916 1969 951 :
2016 913 2117 968 ego

471 1048 474 1067 ,
524 1008 704 1055 tamen
733 998 909 1054 dicam
935 1011 1022 1053 me
1056 1003 1390 1067 peccatorem
1417 1012 1432 1060 ;
1464 1008 1570 1048 non
1593 992 1713 1061 quia
1740 1005 1859 1046 sum
1884 1030 1899 1055 ,
1930 988 2024 1045 sed
2049 1004 2117 1044 ne

471 1063 480 1113 ἱ
522 1063 1073 1163 arrogantiaodiosus
1109 1087 1367 1144 inveniar.
1396 1082 1815 1140 Dicbominibus
1842 1082 1985 1152 quod
2030 1095 2111 1147 es,

523 1184 611 1240 die
637 1184 747 1241 Deo
764 1183 907 1254 quod
947 1197 1025 1238 es.
1062 1181 1197 1248 Quia
1242 1180 1287 1235 si
1339 1194 1446 1234 non
1492 1177 1693 1233 dixeris
1721 1177 1833 1231 Deo
1864 1174 2008 1245 quod
2030 1188 2111 1240 es,

522 1276 743 1333 damnat
788 1275 935 1331 Deus
979 1273 1121 1344 quod
1160 1273 1212 1328 in
1268 1281 1320 1328 te
1368 1272 1618 1327 inveniet.
1668 1269 1785 1324 Non
1814 1269 1897 1323 vis
1941 1276 1999 1322 ut
2023 1266 2115 1322 ille

524 1366 784 1423 damnet?
812 1374 866 1421 tu
890 1365 1105 1421 damna.
1146 1363 1239 1419 Vis
1266 1375 1322 1419 ut
1348 1364 1436 1419 ille
1456 1361 1735 1433 ignoscat?
1764 1370 1819 1414 tu
1843 1372 2075 1430 agnosce
2093 1399 2109 1423 ,

524 1466 581 1514 ut
599 1459 771 1528 possis
812 1459 920 1513 Deo
962 1457 1161 1522 dicere,
1218 1457 1394 1512 Averte
1429 1457 1610 1527 faciem
1659 1463 1797 1508 tuam
1840 1470 1873 1506 a
1900 1453 2115 1523 peccatis

520 1550 662 1606 meis.
692 1549 785 1605 Dic
806 1549 880 1605 illi
902 1550 1062 1606 etiam
1086 1551 1174 1604 illa
1193 1548 1351 1605 verba
1384 1548 1441 1603 in
1460 1549 1576 1620 ipso
1597 1547 1831 1613 Psalmo,
1863 1546 2115 1614 Quoniam

520 1641 843 1712 iniquitatem
889 1658 1054 1696 meam
1086 1657 1177 1711 ego
1201 1655 1419 1710 agnosco
1454 1636 1625 1711 (Psal.
1651 1655 1701 1702 ι,
1728 1638 1815 1702 Η,
1846 1637 1923 1708 5).
1964 1636 2115 1704 Quod

519 1734 567 1789 si
591 1736 808 1805 confessi
830 1734 1075 1803 fuerimus
1102 1731 1287 1787 delicta
1313 1740 1513 1797 nostra,
1548 1729 1714 1800 fidelis
1738 1740 1810 1785 est
1835 1740 1880 1784 et
1903 1732 2079 1801 justus
2096 1772 2111 1796 ,

521 1826 607 1895 qui
635 1824 852 1879 dimittat
882 1824 1023 1879 nobis
1051 1823 1234 1878 delicta
1261 1832 1464 1887 nostra,
1495 1830 1543 1876 et
1570 1830 1747 1893 purget
1769 1838 1861 1876 nos
1888 1837 1951 1875 ca:
1978 1821 2115 1875 οηιηὶ

519 1914 802 1986 iniquitate.
850 1914 1000 1981 Quod
1041 1915 1086 1967 si
1132 1914 1408 1968 dixerimus
1455 1914 1574 1983 quia
1620 1929 1721 1966 non
1767 1911 2108 1982 peccavimus,

522 2005 815 2060 mendacem
837 2004 1052 2076 facimus
1075 2020 1208 2071 eum,
1232 2014 1277 2059 et
1298 2003 1497 2059 verbum
1523 2005 1635 2070 ejus
1655 2019 1756 2057 non
1779 2012 1851 2057 est
1870 2004 1923 2057 in
1947 2002 2111 2057 nobis.

521 2095 576 2152 Si
604 2095 825 2160 dixeris,
850 2095 968 2151 Non
1007 2097 1254 2166 peccavi;
1285 2096 1432 2153 illum
1465 2095 1593 2152 lacis
1618 2095 1959 2160 nrendacem,
1991 2110 2114 2151 cum

523 2196 578 2241 te
605 2185 683 2241 vis
708 2184 883 2243 facere
909 2202 1173 2244 veracem.
1203 2187 1355 2243 Unde
1384 2186 1497 2243 ﬁeri
1523 2195 1699 2257 potest
1724 2198 1783 2243 ut
1801 2188 1941 2242 Deus
1967 2202 2116 2242 men-

522 2277 627 2332 dax
648 2278 750 2343 sit,
779 2286 835 2333 et
865 2278 1024 2334 homo
1052 2294 1253 2344 verax;
1286 2294 1409 2335 cum
1442 2278 1773 2335 contradicat
1795 2278 2066 2348 Scriptura
2097 2295 2111 2333 :

527 2369 705 2429 Omnis
730 2370 879 2425 homo
908 2372 1151 2436 mendax,
1182 2370 1318 2426 Deus
1343 2373 1482 2426 solus
1509 2388 1663 2426 verum:
1690 2369 1865 2441 (Rom.
1891 2387 1949 2426 stt
1969 2412 1985 2439 ,
2017 2371 2114 2441 4)?

522 2464 668 2536 Ergo
695 2465 834 2523 Deus
863 2480 956 2536 per
989 2465 1223 2535 seipsum
1266 2480 1425 2521 verax
1445 2506 1459 2529 ,
1496 2474 1549 2520 tu
1592 2480 1687 2535 per
1716 2466 1880 2521 Deum
1908 2479 2068 2521 verax
2096 2480 2110 2528 ;

524 2570 649 2611 nam
676 2570 773 2627 per
797 2566 849 2612 te
877 2556 1127 2611 mendax.

596 2646 648 2702 7.
692 2646 760 2703 Et
779 2662 847 2703 ne
873 2646 1009 2703 forte
1038 2648 1406 2718 impunitatem
1430 2649 1698 2703 videretur
1724 2648 1935 2704 dedisse
1981 2663 2111 2718 pec-

523 2740 678 2804 catis,
707 2740 831 2811 quia
853 2739 1005 2807 dixit,
1040 2740 1232 2796 Fidelis
1256 2751 1327 2797 est
1355 2752 1402 2796 et
1422 2742 1597 2812 justus
1622 2785 1635 2808 ,
1664 2743 1750 2813 qui
1791 2743 1995 2799 numdet
2020 2760 2115 2798 nos

524 2832 588 2885 ab
608 2834 745 2885 omni
771 2832 1069 2904 iniquitate;
1094 2842 1147 2888 et
1170 2832 1410 2888 dicerent
1434 2834 1543 2901 jam
1568 2834 1668 2888 sibi
1700 2834 1962 2901 homines,
1981 2835 2112 2890 Pec-

525 2925 932 2989 cemus,secnri
970 2924 1223 2981 faciamus
1269 2924 1412 2995 quod
1452 2927 1728 2987 volumus,
1787 2936 1973 2996 purgat
2014 2942 2115 2983 nos

524 3013 789 3078 Christus,
821 3013 996 3070 fidelis
1014 3024 1095 3071 est
1119 3025 1174 3072 et
1187 3016 1363 3087 justus
1383 3055 1395 3079 ,
1422 3025 1610 3087 purgat
1636 3031 1733 3072 nos
1753 3017 1820 3071 ab
1839 3018 1984 3073 omni
2013 3018 2114 3074 ini-

525 3108 727 3177 quitate
751 3125 764 3161 :
791 3108 925 3163 tollit
944 3108 1034 3163 tibi
1063 3110 1254 3164 malam
1281 3109 1620 3164 securitatem
1640 3150 1655 3174 ,
1685 3119 1740 3164 ct
1769 3110 1953 3165 inserit
2007 3112 2113 3165 uti-

526 3197 633 3253 lem
662 3198 929 3255 timorem.
952 3198 1089 3254 Male
1131 3200 1209 3254 vis
1233 3214 1354 3255 esse
1383 3214 1602 3254 securus
1621 3242 1635 3267 ,
1669 3201 1926 3258 sollicitus
1958 3212 2110 3257 esto.

530 3286 727 3343 Fidelis
750 3288 895 3343 enim
919 3297 1003 3345 est
1023 3297 1079 3345 et
1101 3289 1311 3359 justus,
1358 3298 1415 3343 ut
1451 3290 1683 3345 dimittat
1723 3291 1878 3345 nobis
1920 3291 2113 3347 delicta

530 3387 735 3446 nostra,
765 3381 813 3437 si
840 3396 1053 3450 semper
1078 3380 1193 3437 tibi.
1220 3380 1537 3452 displicens,
1578 3389 1632 3436 et
1670 3383 1909 3436 muterisv
1941 3381 2113 3438 donec

527 3470 838 3543 perlicieris.
869 3470 991 3527 [deo
1010 3471 1139 3539 quid
1159 3471 1436 3542 sequitur?
1462 3471 1641 3525 Filioli
1660 3472 1756 3525 nisi
1777 3513 1791 3537 ,
1825 3472 1932 3525 hrec
1951 3473 2113 3528 scribo

526 3560 684 3628 vobis,
718 3570 895 3616 utnon
919 3563 1152 3634 peccetis.
1183 3562 1290 3618 Sed
1314 3561 1453 3616 forte
1481 3560 1722 3631 subrepit
1759 3562 1824 3616 de
1871 3562 1974 3617 vita
1994 3596 1995 3601 η
2015 3565 2112 3618 hu-

526 3671 682 3712 mana
707 3664 1021 3728 peccatum:
1059 3656 1184 3725 quid
1229 3671 1356 3726 ergo
1394 3656 1517 3710 lict?
1546 3655 1721 3723 Quid?
1762 3655 1872 3724 jam
1923 3655 2113 3728 despe-

524 3747 662 3802 ratio
682 3746 830 3802 erit?
858 3745 996 3801 Audi
1028 3763 1044 3800 :
1077 3745 1141 3800 Et
1169 3746 1214 3800 si
1232 3746 1363 3813 quis,
1392 3746 1594 3815 inquit,
1626 3745 1922 3814 peccaverit,
1958 3747 2112 3801 advo-

524 3848 692 3893 catum
716 3838 960 3895 habemus
975 3838 1043 3891 ad
1062 3835 1272 3891 Patrem
1296 3879 1310 3903 ,
1335 3836 1511 3891 Iesum
1564 3836 1820 3892 Clu-istum
1868 3839 2069 3909 justum
2092 3854 2112 3902 ;

524 3941 569 3985 et
602 3933 711 4003 ipse
727 3931 1026 4000 propitiator
1062 3939 1137 3985 est
1178 3939 1494 4002 peccatorum
1529 3938 1831 3984 nostrorum.
1879 3927 1977 3983 Ille
2028 3937 2113 3985 est

524 4037 654 4093 ergo
676 4021 994 4082 advocatus;
1032 4020 1098 4076 da
1123 4036 1339 4091 operam
1365 4030 1421 4075 tu
1447 4035 1514 4075 ne
1544 4035 1734 4091 pecces
1777 4038 1790 4074 :
1822 4021 1868 4075 si
1908 4019 1977 4075 de
2025 4020 2109 4074 in-

524 4113 773 4169 firmitate
796 4114 919 4168 vita:
945 4114 1272 4183 subrepserit
1311 4120 1584 4182 peccatum
1606 4152 1621 4178 ,
1653 4113 1906 4166 continuo
1950 4109 2070 4165 vide
2089 4152 2107 4178 ,

521 4207 776 4262 continuo
799 4205 1097 4277 displiceat,
1120 4205 1374 4260 continuo
1401 4202 1594 4258 damna
1615 4220 1629 4269 ;
1653 4213 1851 4259 etcum
1883 4201 2109 4258 damna-

521 4301 691 4366 veris,
712 4314 935 4355 securus
956 4298 1022 4352 ad
1047 4298 1278 4368 judicem
1308 4298 1507 4353 venies.
1541 4297 1617 4351 lbi
1641 4297 1825 4353 'habes
1875 4297 2108 4352 advoca-

523 4401 635 4445 ttun
662 4405 679 4456 ;
708 4389 813 4444 noli
842 4390 1032 4445 timere
1060 4404 1128 4442 ne
1153 4389 1343 4458 perdas
1371 4404 1585 4444 causam
1606 4390 1957 4445 confessionis
1982 4400 2106 4446 tute.

520 4480 578 4536 Si
604 4481 745 4535 enim
768 4479 1058 4550 aliquando
1087 4478 1137 4531 in
1169 4478 1269 4533 hac
1296 4479 1403 4532 vita
1422 4480 1708 4534 committit
1733 4497 1792 4535 se
1820 4480 1983 4536 homo
2023 4481 2111 4536 di-

523 4580 683 4626 sertae
702 4570 914 4640 linguai,
948 4580 1003 4625 et
1032 4585 1136 4622 non
1158 4570 1325 4639 perit;
1356 4571 1646 4626 committis
1690 4579 1745 4626 te
1794 4573 1968 4628 Verbo
1989 4617 2004 4640 ,
2054 4582 2110 4630 et

520 4661 788 4732 periturus
839 4661 932 4716 es?
979 4659 1177 4724 Clama,
1224 4659 1532 4714 Advocatum
1595 4660 1837 4717 habemus
1880 4664 1948 4717 ad
1996 4664 2108 4721 Pa-

518 4762 664 4807 trem.

590 4844 644 4900 8.
674 4843 875 4905 .Videte
902 4845 1076 4914 ipsum
1103 4842 1361 4899 Joannem
1385 4853 1687 4901 servantem
1730 4846 2104 4905 humilitatem.

515 4937 678 4994 Certe
702 4938 789 4992 vir
806 4937 983 5008 justus
1006 4945 1127 4992 erat
1153 4946 1207 4992 et
1226 4951 1479 5007 magnus,
1509 4938 1596 5009 qui
1624 4938 1694 4994 de
1731 4947 1944 5009 pectore
1997 4942 2105 4998 Do-

520 5030 649 5084 mini
676 5030 1053 5100 mysteriorum
1076 5036 1281 5086 secreta
1322 5028 1571 5095 bibebat;
1605 5030 1693 5086 ille
1714 5072 1730 5096 ,
1770 5031 1860 5086 ille
1895 5033 1983 5102 qui
2026 5034 2107 5089 bi-

519 5123 700 5177 bendo
728 5122 1069 5194 depectere
1095 5123 1307 5179 Domini
1345 5122 1673 5179 divinitatem
1721 5127 1980 5187 ructavit,
2038 5124 2106 5180 In

519 5214 771 5288 principio
803 5224 908 5268 erat
953 5214 1201 5281 Verbum,
1241 5225 1291 5270 et
1348 5215 1561 5271 Verbum
1613 5227 1718 5273 erat
1750 5219 1892 5290 apud
1943 5218 2106 5274 Deum

519 5306 701 5383 (Joan.
734 5322 770 5369 ι,
805 5306 854 5376 Ι)
886 5322 899 5357 :
926 5306 1017 5361 ille
1045 5307 1165 5361 talis
1193 5308 1275 5362 vir
1296 5322 1400 5363 non
1430 5309 1595 5375 dixit,
1634 5310 1959 5366 Advocatum
2007 5311 2104 5367 ha-

517 5399 805 5471 betisapud
833 5398 1044 5455 Patrem
1067 5398 1215 5464 ;sed,
1245 5398 1306 5452 Si
1327 5401 1437 5470 quis
1465 5402 1758 5468 peccaverit,
1781 5402 2098 5470 advocatum,

518 5493 709 5565 inquit,
737 5492 996 5547 habemus.
1018 5489 1133 5546 Non
1163 5489 1314 5552 dixit,
1351 5490 1589 5557 habetis;
1618 5508 1737 5558 nec,
1767 5509 1852 5550 me
1877 5494 2100 5562 habetis,

519 5587 686 5653 dixit;
716 5600 845 5654 nec,
887 5585 1061 5655 ipsum
1100 5581 1375 5638 Christum
1424 5581 1629 5638 habetis
1653 5626 1666 5648 ,
1708 5585 1837 5639 dixit
1870 5602 1883 5639 :
1911 5584 2007 5641 sed
2050 5595 2106 5641 et

519 5679 789 5735 Christum
815 5677 1033 5751 posuit,
1062 5691 1168 5733 non
1195 5688 1287 5741 se;
1317 5681 1371 5729 et
1404 5674 1642 5730 habemus
1666 5675 1817 5742 dixit,
1854 5693 1982 5746 non,
2011 5677 2108 5732 ha—

521 5771 969 5829 betis.blaluitse
1007 5789 1208 5845 ponere
1250 5774 1300 5830 in
1356 5790 1578 5832 numero
1633 5783 1999 5847 peccatorum,
2047 5784 2106 5833 ut

519 5861 741 5921 haberet
767 5865 1083 5924 advocatum
1113 5868 1419 5941 Christum,
1465 5884 1622 5941 quam
1666 5882 1863 5938 ponere
1899 5884 1958 5927 se
1998 5884 2097 5937 pro

2170 723 2185 753 τ
2224 714 2535 770 advocatum
2546 715 2618 771 ad
2634 714 2880 780 Patrem;
2904 716 3018 786 ipse
3038 713 3340 786 prapitiatio
3366 726 3449 771 est
3468 728 3761 786 peccatorum

2173 827 2186 835 -
2224 806 2685 861 nostrorum-Hoc
2722 807 2813 877 qui
2839 806 3027 872 tenuit,
3060 807 3304 862 haeresim
3346 823 3458 863 non
3505 808 3767 875 lecityhoc

2221 898 2313 970 qui
2343 900 2529 966 tenuit,
2558 898 2790 953 schisma
2818 914 2923 954 non
2952 898 3098 955 fecit.
3127 898 3283 956 Unde
3313 900 3461 956 enim
3496 900 3621 956 facta
3667 916 3766 961 sunt

2223 993 2543 1047 schismata?
2569 992 2701 1049 Cum
2726 993 2910 1049 dicunt
2938 992 3216 1057 homines,
3262 992 3371 1049 Nos
3409 994 3546 1064 justi
3591 1011 3765 1063 sumus;

2223 1100 2346 1141 cum
2366 1085 2549 1141 dicunt
2574 1084 2844 1153 homines,
2891 1084 3006 1142 Nos
3043 1086 3441 1143 sanetiiicamus
3490 1087 3765 1154 immundos,

2223 1192 2323 1233 nos
2341 1177 2690 1247 justiﬁcamus
2717 1177 2937 1248 impios,
2976 1192 3075 1233 nos
3103 1178 3368 1248 petimus,
3406 1191 3511 1233 nos
3555 1179 3765 1249 impetra-

2223 1285 2364 1325 mus.
2393 1268 2628 1324 Joannes
2656 1278 2832 1325 autem
2862 1268 2993 1341 quid
3018 1268 3192 1325 dixit?
3226 1268 3359 1324 Etsi
3377 1271 3495 1340 quis
3518 1272 3769 1339 peccaverit,

2221 1362 2520 1415 advocatum
2538 1361 2776 1416 habemus
2802 1361 2870 1415 ad
2911 1359 3152 1429 Patrem,
3188 1359 3369 1416 Iesum
3428 1360 3673 1417 Christum
3698 1366 3769 1435 ju-

2221 1462 2376 1506 stum.
2399 1451 2502 1509 Sed
2530 1451 2674 1508 dicet
2700 1452 2890 1524 aliquis
2919 1470 2932 1506 :
2964 1452 3105 1523 Ergo
3127 1454 3299 1508 sancti
3324 1468 3441 1507 non
3490 1460 3667 1522 petunt
3699 1469 3774 1523 pro

2222 1546 2407 1601 nobis?
2436 1536 2566 1616 ergo
2589 1544 2823 1617 episcopi
2850 1555 2906 1600 et
2933 1545 3202 1616 prmpositi
3231 1552 3337 1601 non
3363 1555 3556 1617 petunt
3580 1561 3670 1617 pro
3697 1563 3772 1617 po-

2220 1637 2383 1707 pulo?
2413 1636 2519 1692 Sed
2544 1637 2803 1692 attendite
2819 1635 3143 1708 Scripturas,
3164 1642 3221 1692 et
3242 1634 3426 1692 videte
3455 1638 3575 1707 quia
3592 1646 3645 1694 et
3662 1646 3771 1707 pra-

2221 1728 2378 1798 positi
2403 1728 2781 1784 commendant
2817 1744 2877 1785 se
2914 1729 3131 1800 populo.
3175 1728 3309 1784 Nam
3353 1729 3642 1800 Apostolus
3673 1729 3775 1787 dicit

2220 1821 2383 1891 plebi,
2419 1821 2634 1877 Orantes
2660 1822 2814 1876 simul
2836 1829 2885 1875 et
2910 1838 3003 1893 pro
3028 1820 3170 1877 nobis
3202 1820 3434 1894 (Coloss.
3463 1837 3534 1887 tv,
3561 1821 3636 1893 3).
3673 1820 3778 1878 Orat

2219 1913 2509 1983 Apostolus
2533 1927 2632 1983 pro
2652 1912 2806 1983 plebe
2828 1954 2842 1978 ,
2871 1920 2988 1968 orat
3031 1912 3179 1983 plebs
3221 1926 3320 1983 pro
3356 1912 3633 1983 Apostolo.
3672 1912 3776 1969 Ors-

2219 2019 2339 2059 mus
2364 2018 2463 2075 pro
2490 2003 2662 2069 vobis,
2689 2002 2880 2060 fratres
2908 2022 2922 2058 :
2949 2003 3046 2061 sed
3074 2012 3243 2061 etvos
3289 2012 3447 2061 orate
3490 2020 3583 2075 pro
3619 2005 3766 2061 nobis.

2220 2095 2453 2151 Invicem
2477 2111 2572 2167 pro
2592 2111 2651 2152 se
2676 2096 2852 2152 omnia
2869 2097 3107 2153 membra
3137 2104 3310 2161 orent,
3332 2107 3499 2167 caput
3523 2111 3613 2167 pro
3635 2096 3772 2152 omni-

2220 2186 2320 2241 bus
2346 2186 2666 2257 interpellet.
2697 2188 2985 2258 Propterea
3012 2203 3119 2243 non
3146 2188 3341 2243 mirum
3376 2189 3533 2260 quia
3566 2189 3766 2260 sequitur

2220 2276 2327 2344 hic,
2357 2287 2412 2333 et
2438 2279 2637 2334 claudit
2677 2293 2771 2334 ora
2804 2279 3162 2335 dividentibus
3198 2279 3503 2335 Ecclesiam
3543 2279 3648 2336 Dei.
3691 2278 3769 2351 Qui

2217 2371 2359 2427 enim
2378 2371 2514 2426 dixit
2532 2373 2572 2437 ⁸,
2598 2370 2776 2426 Iesum
2797 2369 3053 2428 Christum
3081 2372 3321 2429 habemus
3330 2374 3541 2445 justum
3557 2414 3573 2441 ,
3588 2376 3591 2379 ’
3607 2383 3649 2429 et
3684 2376 3769 2445 ipse

2218 2466 2510 2536 propitiatio
2532 2477 2607 2521 est
2635 2476 2953 2537 peccatorum
2979 2475 3265 2521 nostrorum
3288 2483 3308 2520 :
3331 2473 3559 2539 propter
3582 2467 3684 2522 illos
3698 2466 3766 2538 qui

2218 2573 2277 2614 se
2296 2557 2515 2613 divisuri
2544 2565 2715 2624 erant,
2743 2566 2798 2613 et
2821 2557 3032 2623 dicturi,
3061 2557 3194 2612 Ecce
3216 2558 3298 2612 hic
3319 2566 3395 2613 est
3419 2557 3661 2623 Christus,
3677 2574 3762 2614 ecce

2218 2649 2323 2703 illic
2349 2641 2893 2722 (Matth.'xxtv,25);
2935 2658 2992 2704 et
3011 2648 3206 2705 vellent
3239 2648 3530 2704 ostendere
3577 2664 3679 2707 eum
3722 2649 3764 2705 iu

2219 2750 2372 2813 parte
2396 2742 2487 2813 qui
2510 2741 2642 2797 emit
2664 2749 2872 2805 totum,
2917 2748 2973 2796 et
3017 2740 3254 2811 possidet
3298 2746 3500 2806 totum;
3562 2741 3765 2796 continuo

2217 2842 2432 2889 secutus
2475 2842 2587 2899 est;
2637 2832 2759 2887 Non
2816 2841 3013 2887 tantum
3073 2841 3378 2898 nostrorum,
3428 2831 3520 2887 sed
3563 2841 3608 2887 et
3650 2833 3768 2887 totius

2219 2924 2413 2978 mundi.
2447 2923 2581 2989 Quid
2606 2924 2830 2988 esthoc,
2854 2923 3083 2979 fratres?
3109 2922 3267 2979 Certe
3304 2924 3589 2979 invenimus
3610 2938 3701 2980 east
3724 2925 3766 2977 is

2218 3012 2886 3085 campis'salmum'(Psal.
2927 3004 3121 3077 cxxxt,
3147 3010 3226 3087 6),
3274 3013 3766 3070 invenimusliecle-

2218 3107 2352 3163 siam
2379 3106 2435 3161 in
2458 3105 2707 3161 omnibus
2730 3104 2996 3177 gentibus.
3046 3103 3187 3161 Ecce
3225 3102 3473 3160 Christus
3512 3104 3766 3177 propitiata

2219 3206 2291 3252 est
2313 3207 2631 3269 peccatorum
2655 3186 2939 3251 nostrarum
2968 3212 2986 3261 ;
3017 3202 3117 3249 non
3143 3203 3341 3249 tantum
3365 3205 3648 3250 nostrorum
3666 3237 3680 3262 ,
3700 3193 3767 3249 sed

2218 3298 2263 3342 et
2303 3287 2455 3340 totius
2505 3285 2700 3340 mundi.
2760 3284 2903 3341 Ecce
2950 3283 3115 3341 habes
3158 3284 3453 3341 Ecclesiam
3496 3302 3595 3357 per
3634 3295 3769 3341 totum

2218 3378 2505 3442 mundum;
2546 3377 2655 3432 noli
2696 3377 2846 3448 sequi
2891 3377 3053 3433 falsos
3082 3377 3500 3449 justillcatores,
3546 3390 3603 3436 et
3645 3393 3772 3434 veros

2216 3469 2582 3541 praecisores'.
2620 3468 2677 3524 In
2713 3469 2805 3525 illo
2829 3478 3011 3525 monte
3049 3478 3166 3526 esto
3200 3469 3291 3541 qui
3328 3469 3566 3540 implevit
3617 3470 3772 3527 orbem

2219 3572 2479 3618 terrarum
2509 3561 2672 3634 (Dan.
2702 3580 2760 3627 ιι,
2788 3561 2879 3635 35)
2932 3582 2945 3617 :
2977 3563 3097 3634 quia
3132 3554 3378 3619 Christus
3396 3563 3690 3634 ’propitiatio
3713 3572 3774 3618 est

2218 3663 2534 3725 peccatorum
2563 3665 2889 3719 nostrorum;
2915 3670 3015 3710 non
3045 3663 3241 3709 tantum
3279 3662 3593 3724 nostrorum,
3622 3657 3702 3713 sed
3734 3664 3776 3711 st

2217 3746 2371 3800 totius
2398 3747 2593 3811 mtmdi,
2620 3761 2778 3817 quem
2809 3762 2907 3802 suo
2934 3747 3189 3817 sanguine
3212 3749 3564 3817 comparavit.

2286 3835 2340 3893 9.
2384 3836 2446 3891 Et
2471 3837 2523 3890 in
2554 3837 2668 3903 hoc,
2699 3837 2887 3908 inquit,
2914 3838 3260 3908 cognoscimus
3286 3854 3437 3903 eum,
3482 3840 3527 3895 si
3562 3838 3779 3894 mandata

2217 3931 2325 4003 ejus
2350 3932 2730 3985 servaverimus.
2769 3931 2897 3999 Qua:
2939 3930 3220 3986 mandata?
3264 3930 3366 3999 Qui
3410 3932 3533 3987 dicit
3561 3933 3674 4006 quia
3701 3947 3776 3987 co-

2216 4023 2385 4093 gnovit
2413 4038 2547 4087 eunt,
2578 4032 2626 4076 et
2647 4022 2889 4076 mandata
2913 4024 3024 4084 eius
3046 4039 3147 4077 non
3170 4032 3365 4090 servat;
3394 4026 3607 4080 mendas
3630 4033 3715 4088 est,
3735 4031 3777 4076 et

2215 4114 2266 4168 in
2296 4115 2391 4169 hoc
2415 4115 2595 4169 veritas
2619 4130 2720 4168 non
2740 4123 2830 4169 est.
2858 4114 2964 4171 Sed
2986 4115 3159 4171 adhuc
3190 4116 3386 4186 qumris
3406 4159 3422 4184 ,
3476 4117 3605 4186 Qua:
3639 4132 3775 4173 man-

2213 4204 2372 4259 data?
2404 4203 2502 4270 Qui
2520 4214 2705 4269 autent,
2740 4204 2942 4275 inquit,
2972 4207 3244 4261 servaverit
3272 4207 3479 4262 verbum
3507 4209 3638 4278 ejus,
3678 4220 3776 4262 vers

2212 4296 2266 4350 in
2296 4296 2390 4351 hoc
2423 4301 2640 4369 perfecta
2680 4305 2752 4351 est
2789 4295 2993 4352 dilectio
3031 4295 3145 4353 Dei.
3186 4297 3474 4355 Videamus
3517 4316 3585 4357 ne
3623 4300 3774 4371 ipsum

2214 4386 2521 4445 mandatum
2543 4389 2758 4445 dilectio
2782 4398 3020 4446 vocetur.
3050 4390 3435 4460 Qumrebamus
3462 4395 3631 4458 enim,
3667 4406 3770 4463 qua:

2214 4482 2481 4549 mandata,
2509 4492 2560 4536 et
2589 4482 2683 4549 ait,
2718 4482 2816 4549 Qui
2842 4492 3009 4536 autem
3032 4484 3296 4538 servaverit
3317 4484 3523 4539 verbum
3536 4490 3655 4555 ejus,
3676 4494 3774 4537 me

2213 4576 2267 4631 in
2292 4575 2386 4630 hoc
2415 4576 2636 4646 perfecta
2656 4585 2728 4629 est
2760 4575 2959 4629 dilectio
2986 4574 3102 4630 Dei.
3143 4576 3374 4633 Attende
3422 4577 3765 4649 Evangelium,

2213 4669 2385 4723 sinon
2412 4676 2494 4724 est
2520 4667 2620 4723 hoc
2649 4668 2954 4723 mandatum
2984 4686 2998 4723 :
3032 4667 3336 4724 Mandatum
3356 4712 3372 4737 ,
3396 4670 3592 4743 inquit,
3613 4683 3767 4726 mum

2211 4761 2277 4815 do
2304 4759 2463 4827 vobis,
2496 4769 2550 4813 ut
2572 4776 2658 4814 vos
2677 4759 2886 4814 invicem
2909 4760 3131 4831 diligatis
3153 4760 3173 4832 (
3199 4759 3377 4816 Joan.‘
3401 4776 3532 4831 xm,
3563 4758 3674 4832 54).
3709 4754 3767 4811 In

2213 4856 2307 4910 hoc
2326 4854 2672 4925 cognoscimus
2699 4852 2817 4923 quia
2845 4854 2897 4905 in
2925 4853 3036 4922 ipso
3054 4862 3250 4919 sumus,
3276 4854 3322 4908 si
3363 4861 3417 4909 tn
3450 4856 3559 4925 ipso
3585 4856 3767 4927 perfect;

2213 4947 2517 5028 fuerimus".
2550 4946 2820 5002 Perfectos
2854 4947 2908 4999 in
2955 4945 3241 5002 dilectione
3288 4954 3445 5003 vocat
3488 4966 3503 5002 :
3550 4962 3660 5018 qua:
3692 4948 3767 4999 est

2213 5039 2473 5114 perfectio
2502 5037 2836 5094 dilectionis?
2859 5035 2926 5091 Et
2954 5036 3200 5093 inimicos
3227 5037 3482 5109 diligere,
3511 5048 3565 5096 et
3588 5036 3646 5093 ad
3670 5036 3754 5091 hoc

2211 5134 2451 5203 diligere,
2486 5140 2541 5185 ut
2560 5130 2670 5185 sint
2693 5129 2902 5185 fratres.
2925 5127 3042 5184 Non
3068 5130 3211 5185 enim
3238 5129 3455 5186 dilectio
3479 5139 3646 5187 nostra
3659 5142 3760 5181 car-

2212 5226 2348 5283 nalis
2376 5239 2495 5281 esse
2521 5224 2697 5280 debet.
2728 5220 2926 5292 Optare
2970 5222 3124 5278 alicui
3169 5223 3396 5279 salutem
3426 5222 3758 5294 temporalem,

2211 5320 2410 5376 bonum
2439 5327 2548 5381 est;
2582 5314 2674 5370 sed
2701 5323 2755 5370 et
2779 5314 2822 5368 si
2854 5313 3013 5380 desit,
3040 5314 3212 5368 anima
3242 5323 3352 5368 tuta
3372 5315 3461 5370 sit.
3487 5313 3640 5386 Optas
3677 5309 3762 5366 ali-

2211 5412 2297 5468 cui
2325 5411 2494 5466 amico
2522 5416 2612 5463 tuo
2641 5406 2841 5460 vitam?
2884 5402 3021 5460 bene
3058 5403 3204 5460 facis.
3251 5403 3463 5462 Gaudes
3510 5404 3574 5461 de
3618 5409 3760 5458 morte

2280 5570 2296 5601 ί
2323 5574 2399 5617 Er.
2417 5568 2563 5630 Lugd.
2591 5574 2710 5615 ven.
2736 5572 2871 5630 Lor"
2894 5562 3010 5630 quia
3211 5571 3270 5630 bi.
3504 5599 3542 5630 -_
3617 5628 3625 5630 Α
3729 5613 3742 5630 ,

2276 5635 2296 5664 ³
2318 5622 2525 5701 Quatuor
2546 5635 2672 5678 Mss:
2688 5625 2824 5700 .Qttid
2857 5622 2928 5677 est
2954 5625 3044 5678 hoc
3064 5624 3089 5677 .9
3106 5625 3371 5679 ‘Psalmum
3381 5622 3580 5685 munde,
3606 5622 3754 5671 Invali'

2212 5707 2319 5744 mus
2339 5705 2448 5743 eam
2468 5704 2519 5742 tn
2541 5703 2739 5755 campis.

2278 5758 2299 5790 ³
2321 5755 2457 5813 Editi,
2483 5751 2877 5817 praecipitatores.
2899 5759 3025 5817 Mss,
3050 5764 3187 5817 vero,
3206 5751 3509 5817 pracisores.

2278 5800 2955 5886 islanfsmss‘iargm
3468 5800 3540 5863 inc
3563 5810 3608 5859 ίιι
3624 5800 3742 5856 om

2212 5881 2307 5933 bus
2325 5879 2601 5934 codicibus;
2625 5875 2715 5931 sed
2735 5875 2880 5931 abeSt
2898 5888 2928 5929 a
2948 5875 3100 5929 sacris
3121 5875 3296 5927 Bibliis.
