3994 6366
231 279 332 340 1085

223 389 378 448 inimici
409 389 512 445 tui?
537 386 668 440 male
695 382 845 439 facis.
881 381 987 438 Sed
1020 383 1154 438 forte
1196 389 1248 436 et
1287 381 1458 434 amico
1507 389 1596 434 luo
1635 380 1737 433 vita

217 485 282 544 illa
303 501 442 556 quam
469 492 614 551 optas
639 479 837 532 inutilis
855 487 972 544 est,
1004 487 1056 532 et
1097 476 1308 531 inimico
1357 484 1448 528 tuo
1480 489 1623 528 mors
1676 473 1746 528 de

213 596 294 651 qua
319 575 499 648 gaudes
537 571 674 625 utilis
698 570 811 624 fuit.
844 570 1106 624 Incertum
1134 577 1216 621 est
1255 577 1428 620 utrmn
1473 565 1629 619 alicui
1681 565 1749 618 sit

207 671 333 728 utilis
366 667 461 720 vita
499 665 616 726 ista,
639 679 705 716 an
735 663 967 727 inutilis;
1003 661 1105 715 vita
1147 675 1271 713 vero
1313 657 1429 728 qua:
1476 666 1558 712 est
1607 655 1747 725 apud

201 765 378 824 Deum,
407 759 514 812 sine
540 755 699 810 dubio
724 754 865 808 utilis
895 762 993 808 est.
1017 753 1106 808 Sic
1148 752 1306 822 dilige
1337 751 1580 804 inimicos
1609 757 1746 814 tuos,

199 866 249 912 ut
266 853 441 909 fratres
467 858 618 918 optes
641 864 655 907 ;
684 847 762 901 sic
783 846 941 915 dilige
971 843 1212 897 inimicos
1243 851 1361 895 tuos
1381 884 1395 907 ,
1418 851 1474 894 ut
1500 839 1550 892 in
1574 841 1748 894 socie-

198 957 339 1002 tatem
381 951 518 996 tuam
562 948 834 993 vocentur.
879 936 968 991 Sic
1014 936 1156 989 enim
1197 934 1379 989 dilexit
1425 934 1511 987 ille
1557 932 1646 1002 qui
1696 932 1748 985 in

194 1052 334 1095 cruce
358 1033 586 1105 pendens
613 1032 723 1084 ait:
760 1029 930 1093 Pater,
949 1029 1148 1099 ignosce
1182 1028 1312 1092 illis,
1365 1026 1481 1096 quia
1526 1023 1751 1078 nesciunt

191 1128 301 1199 quid
324 1125 505 1197 faciunt
531 1121 678 1195 (Luc.
709 1135 863 1183 xxm,
887 1119 997 1190 34).
1022 1118 1202 1189 Neque
1233 1118 1373 1172 enim
1395 1117 1544 1177 dixit,
1572 1115 1746 1181 Pater,

192 1221 354 1273 vivant
378 1217 457 1269 isti
487 1215 652 1268 multo
681 1222 953 1282 tempore;
987 1226 1070 1264 me
1105 1210 1314 1279 quidem
1345 1209 1624 1272 occidunt,
1656 1206 1749 1262 sed

193 1312 280 1381 ipsi
301 1311 484 1363 vivant.
516 1306 620 1362 Sed
641 1305 767 1376 quid
799 1306 909 1359 ait?
935 1303 1150 1374 Ignosce
1177 1305 1310 1368 illis,
1351 1303 1470 1373 quia
1525 1300 1751 1354 nesciunt

192 1403 301 1472 quid
317 1402 521 1474 faciunt.
555 1399 775 1454 Mortem
798 1398 1174 1466 sempiternam
1215 1395 1281 1450 ab
1309 1396 1386 1450 eis
1424 1392 1748 1462 expellebat,

192 1510 330 1564 prece
353 1489 844 1548 misericordissima
868 1531 882 1554 ,
924 1496 978 1543 et
1031 1487 1266 1558 potentia
1293 1483 1747 1556 prmstantissima.

187 1585 320 1640 Multi
347 1600 407 1640 ex
429 1584 508 1638 eis
533 1581 893 1646 crediderunt,
916 1588 971 1634 et
997 1579 1247 1633 dimissus
1267 1579 1439 1632 cstcis
1462 1575 1607 1630 fusus
1623 1591 1749 1629 san-

186 1679 293 1749 guis
309 1676 515 1730 Christi.
541 1674 720 1728 Primo
748 1672 995 1726 fuderunt
1025 1686 1145 1725 cum
1173 1670 1416 1724 smvirent
1437 1711 1451 1735 ,
1499 1683 1638 1721 nunc
1668 1667 1751 1721 bi-

190 1772 370 1826 berunt
413 1783 531 1823 cum
569 1766 873 1821 crederent.
922 1763 989 1817 In
1029 1765 1122 1816 hoc
1163 1763 1505 1832 cognoscimus
1543 1760 1661 1830 quia
1699 1761 1752 1813 in

185 1864 288 1931 ipso
315 1876 498 1926 sumus,
526 1859 568 1911 si
591 1859 642 1910 in
674 1858 783 1928 ipso
805 1856 1010 1927 perfecti
1035 1854 1296 1923 fuerimus.
1347 1853 1419 1907 De
1463 1851 1574 1920 ipsa
1626 1865 1744 1919 per-

185 1954 402 2007 fectione
445 1947 830 2020 diligendorum
875 1947 1210 2000 inimicorum
1244 1944 1501 1999 Dominus
1568 1943 1752 1996 admo-

189 2057 320 2097 nens
343 2042 414 2095 ait
442 2059 455 2093 :
484 2039 650 2094 Estote
671 2054 790 2108 ergo
817 2055 901 2092 vos
933 2036 1158 2106 perfecti,
1189 2037 1313 2087 sicut
1341 2043 1388 2088 et
1418 2031 1571 2086 Pater
1598 2042 1753 2086 vester

188 2135 389 2189 celestis
414 2135 651 2202 perfectus
678 2141 749 2185 est
780 2128 990 2201 (Matth.
1019 2145 1073 2196 v,
1107 2126 1219 2198 48).
1260 2126 1359 2192 Qui
1388 2141 1514 2196 ergo
1540 2126 1658 2177 dicit
1701 2140 1753 2177 se

188 2229 236 2278 in
257 2227 359 2294 ipso
386 2240 576 2277 manere
594 2265 610 2289 ,
653 2221 796 2275 debet
820 2222 946 2274 sicut
980 2221 1087 2289 ipse
1119 2217 1392 2271 ambulavit
1431 2227 1476 2271 et
1503 2219 1610 2287 ipse
1637 2235 1750 2269 ain-

192 2317 368 2369 bulare.
424 2313 732 2383 Quomodo,
789 2311 1013 2365 fratres?
1044 2309 1180 2376 Quid
1226 2324 1322 2363 nos
1377 2309 1592 2361 monet?
1655 2307 1753 2374 Qui

195 2407 299 2460 dicit
344 2423 393 2461 se
441 2407 494 2460 in
536 2407 648 2474 ipso
697 2420 926 2470 manere,
976 2401 1027 2455 id
1076 2411 1159 2456 est
1206 2401 1256 2454 in
1313 2399 1556 2465 Christo,
1614 2399 1753 2452 debet

197 2504 308 2555 sicut
334 2500 415 2554 ille
440 2499 711 2553 ambulavit
753 2508 798 2551 et
839 2496 947 2564 ipse
987 2493 1264 2547 ambulare.
1310 2490 1470 2546 Forte
1519 2491 1619 2546 hoc
1657 2508 1752 2546 nos

200 2601 382 2652 mouet,
425 2600 482 2646 ut
531 2588 866 2644 ambulemus
921 2588 970 2640 in
1020 2584 1390 2640 mari?Absit.
1438 2585 1548 2638 lloc
1591 2600 1747 2654 ergo,

204 2696 249 2740 ut
271 2683 584 2738 ambulemus
611 2682 663 2735 in
692 2680 774 2735 via
805 2678 1048 2748 justitim.
1078 2677 1135 2731 ln
1166 2692 1266 2746 qua
1295 2675 1410 2728 via?
1455 2675 1572 2729 Jam
1599 2691 1750 2729 com-

208 2776 479 2830 memoravi.
500 2772 666 2828 Fixus
690 2773 742 2825 in
772 2785 930 2825 cruce
954 2776 1089 2834 erat,
1123 2769 1245 2820 etin
1287 2766 1398 2836 ipsa
1445 2766 1527 2819 via
1568 2766 1754 2820 ambu-

210 2867 359 2923 labat:
389 2868 492 2938 ipsa
531 2875 624 2919 est.
649 2865 734 2918 via
773 2862 1105 2926 charitatisâ€˜,
1150 2859 1322 2924 Pater,
1381 2860 1578 2930 ignosce
1626 2858 1750 2926 illis,

213 2959 305 3026 quia
330 2960 537 3013 nesciunt
561 2955 681 3025 quid
703 2955 915 3026 faciunt.
945 2953 1032 3006 Sic
1056 2967 1182 3022 ergo
1207 2993 1221 3018 ,
1252 2951 1295 3004 si
1323 2950 1572 3006 didiceris
1598 2966 1752 3006 orare

216 3063 290 3116 pro
309 3048 502 3103 inimico
527 3061 639 3114 tuo,
668 3045 909 3100 ambulas
935 3043 1072 3096 viam
1102 3040 1329 3096 Domini.

277 3141 351 3195 10.
389 3138 720 3205 Dilectissimi,
749 3154 848 3191 non
877 3136 1170 3190 mandatum
1200 3150 1382 3186 novum
1407 3133 1567 3187 scribo
1593 3133 1745 3197 vobis,

215 3233 283 3284 sed
308 3232 573 3286 mandatum
621 3239 757 3284 vetus
807 3227 939 3296 quod
973 3225 1226 3278 habebatis
1264 3223 1326 3276 ab
1381 3223 1540 3276 initio.
1597 3223 1750 3292 Quod

215 3328 477 3381 mandatum
509 3335 657 3380 vetus
697 3323 860 3378 dixit?
909 3320 1060 3388 Quod
1102 3317 1353 3372 habebatis
1382 3359 1396 3382 ,
1445 3317 1644 3387 inquit,
1688 3317 1750 3369 ab

214 3419 345 3472 initio.
376 3418 490 3473 Ideo
523 3432 648 3487 ergo
670 3423 842 3478 vetus,
873 3413 992 3483 quia
1013 3413 1120 3480 jam
1149 3409 1276 3465 illud
1304 3409 1523 3464 audistis
1553 3427 1564 3462 :
1615 3409 1748 3463 alio-

213 3510 320 3577 quin
340 3510 618 3564 contrarius
649 3507 751 3563 erit
777 3505 1020 3565 Domino,
1051 3503 1136 3557 ubi
1170 3505 1275 3569 ait,
1308 3501 1608 3555 Mandatum
1658 3520 1750 3555 no-

212 3615 305 3654 vum
325 3604 381 3656 do
407 3601 554 3667 vobis,
577 3609 632 3653 ut
657 3615 742 3652 vos
762 3597 971 3652 invicem
1011 3595 1250 3664 diligatis.
1290 3592 1395 3647 Sed
1446 3592 1748 3646 mandatum

214 3702 342 3749 vetus
359 3694 548 3765 quare?
573 3691 689 3747 Non
713 3691 832 3760 quia
859 3688 923 3741 ad
947 3695 1179 3742 veterem
1209 3686 1476 3739 hominem
1501 3685 1746 3753 pertinet.

209 3783 299 3841 Sed
323 3787 498 3858 quare?
524 3786 672 3852 Quod
699 3783 952 3835 habebatis
983 3778 1043 3832 ab
1069 3779 1234 3832 initio.
1263 3776 1562 3830 Mandatum
1591 3786 1745 3841 vetus,

207 3887 266 3932 est
288 3881 469 3932 verbum
494 3876 628 3948 quod
653 3875 882 3928 audistis.
913 3871 1034 3924 Ideo
1064 3884 1194 3939 ergo
1236 3879 1386 3922 vetus
1410 3910 1423 3933 ,
1475 3869 1594 3936 quia
1638 3867 1747 3935 jam

205 3968 415 4027 audistis.
441 3967 754 4036 Elidipsum
793 3978 988 4017 novum
1013 3959 1244 4014 ost-ndit
1285 3959 1466 4011 dicens
1491 3997 1506 4022 ,
1557 3955 1749 4009 Iterum

205 4061 464 4113 mandatum
492 4073 674 4112 novum
701 4053 861 4109 scribo
886 4052 1038 4104 vobis.
1067 4049 1180 4103 Non
1210 4048 1455 4108 alterum,
1489 4047 1578 4100 sed
1611 4046 1748 4100 idem

201 4148 352 4220 ipsum
377 4151 509 4222 quod
531 4151 662 4204 dixit
688 4154 857 4211 vetus,
885 4145 1021 4198 idem
1066 4151 1147 4196 est
1189 4150 1241 4194 et
1272 4127 1482 4193 novum.
1539 4137 1749 4206 Quare?

207 4239 337 4308 Quod
361 4252 428 4298 est
451 4257 619 4297 verum
646 4240 699 4293 in
729 4240 837 4308 ipso
867 4247 912 4288 et
939 4235 989 4286 in
1012 4234 1166 4287 vobis.
1207 4231 1323 4285 Jam
1365 4245 1527 4299 quare
1578 4238 1746 4292 vetus,

193 4333 427 4400 audistis;
456 4334 577 4404 quia
611 4332 720 4399 jam
749 4327 872 4382 illud
903 4324 1188 4379 noveratis.
1219 4322 1393 4387 Quare
1433 4329 1608 4372 autem
1655 4334 1750 4371 no-

193 4425 337 4478 vum?
367 4425 496 4493 Quia
525 4423 740 4477 tenebrw
765 4420 1087 4478 transierunt,
1112 4423 1158 4468 et
1189 4414 1280 4466 tua:
1319 4427 1433 4464 vera
1458 4411 1572 4480 jam
1599 4411 1746 4462 lucrt.

191 4515 316 4571 Ecce
333 4517 468 4572 unde
495 4530 690 4570 novum
729 4531 742 4565 :
773 4511 893 4581 quia
925 4509 1153 4564 tenebrm
1181 4505 1246 4558 ad
1287 4517 1522 4558 veterem
1572 4501 1747 4556 humi-

191 4623 320 4675 nem,
348 4611 433 4666 lux
472 4624 603 4664 vero
628 4608 692 4661 ad
719 4621 910 4660 novum
942 4603 1189 4672 pertinet.
1212 4599 1347 4668 Quid
1373 4598 1502 4652 dicit
1539 4606 1750 4665 Ï€ÏÎ¿ÎµÎ¹Î¸Î¹-

193 4699 266 4757 lus
281 4702 499 4757 Paulus?
542 4701 727 4755 Exuite
767 4715 853 4751 vos
889 4705 1098 4750 veterem
1139 4693 1419 4757 hominem,
1463 4701 1508 4744 et
1560 4691 1752 4743 induite

193 4809 355 4848 novum
378 4793 596 4865 (Coloss.
626 4807 704 4856 III,
726 4792 780 4848 9.
805 4788 913 4856 10).
949 4788 1011 4840 Et
1031 4787 1218 4839 iterum
1245 4783 1367 4853 quid
1400 4782 1562 4836 dicit?
1593 4779 1749 4832 Fuis-

197 4884 252 4936 tis
298 4884 560 4955 aliquando
601 4882 844 4944 tenebrat;
894 4893 1026 4931 nunc
1091 4885 1258 4928 autem
1300 4875 1389 4926 tua:
1428 4873 1480 4925 in
1535 4870 1749 4924 Domino

200 4971 393 5044 (Ephes.
421 4993 470 5040 Î½,
502 4975 580 5042 8).

262 5065 340 5119 il.
378 5067 470 5134 Qui
492 5067 610 5119 dicit
631 5081 684 5118 se
709 5079 816 5118 esse
835 5063 885 5115 in
913 5060 1136 5123 lumine;
1168 5056 1326 5116 modo
1354 5055 1652 5109 manifestat
1673 5062 1751 5107 to-

209 5163 300 5209 tum
320 5161 450 5229 quod
476 5161 637 5214 dixit:
674 5157 774 5224 Qui
801 5157 920 5209 dicit
950 5170 1001 5208 se
1027 5169 1131 5208 esse
1169 5157 1222 5204 in
1271 5153 1488 5214 lumine,
1540 5160 1586 5202 et
1639 5149 1748 5218 fra-

215 5260 313 5307 trem
336 5273 469 5310 suum
491 5259 616 5319 odit,
645 5257 694 5309 in
718 5254 928 5306 tenebris
953 5261 1026 5306 est
1057 5265 1210 5318 usque
1253 5246 1438 5298 adluc.
1479 5243 1601 5308 Eia,
1646 5244 1749 5298 fra-

215 5349 432 5412 lrcsmei,
459 5349 708 5419 quamdiu
751 5347 986 5399 dicemus
1024 5341 1206 5404 vobis,
1265 5338 1469 5407 Diligite
1522 5336 1748 5387 inimicos

217 5433 389 5504 (Matth.
419 5458 469 5507 v,
501 5442 627 5513 44)?
659 5441 862 5502 Villi-Ic,
895 5437 1031 5506 quod
1063 5435 1211 5504 pejus
1230 5443 1414 5494 eshue
1439 5429 1612 5481 adhuc
1639 5425 1747 5479 fm-

215 5537 300 5588 lt'csâ€˜
319 5538 537 5591 oderitis.
567 5537 622 5591 Si
647 5539 836 5588 fratres
857 5533 1026 5584 solum
1047 5529 1315 5590 amarctis,
1343 5524 1574 5579 nondum
1599 5534 1747 5575 esse-

263 5707 276 5740 '
297 5714 342 5759 tu
359 5721 552 5762 quatuor
567 5718 696 5771 its-3.,
716 5709 824 5773 ipsa
841 5706 914 5759 ria
934 5712 1001 5759 est
1023 5702 1250 5756 Charitas.

1343 265 1748 325 TRACTATUS
1785 265 1828 324 l.
1866 265 2060 324 CAPP.
2102 268 2124 324 Î™
2161 268 2248 326 Î•Î¤
2286 267 2348 325 ll.

3293 276 3432 336 i986

1858 380 1925 434 tis
1950 379 2168 449 perfecti
2204 399 2216 433 :
2243 382 2288 437 si
2313 390 2486 438 autem
2515 382 2703 439 fratres
2729 384 2945 452 oditisâ€˜,
2978 388 3100 457 quid
3133 389 3296 442 estis?
3344 391 3434 445 ubi

1853 473 2020 528 estis?
2041 474 2306 545 ReSpiciat
2347 478 2709 547 unusquisque
2737 493 2830 532 cor
2860 495 3012 533 suum
3044 499 3056 534 :
3097 495 3198 535 non
3255 491 3436 536 teneat

1855 565 2030 620 odium
2053 577 2233 620 contra
2261 567 2469 624 fratretr
2498 584 2592 637 pro
2611 569 2786 638 aliquo
2810 570 2971 624 verbo
2991 569 3154 634 duro;
3177 587 3272 640 pro
3293 588 3425 627 con-

1857 659 2090 714 tentione
2113 671 2289 726 terrm,
2321 677 2386 715 ne
2418 661 2506 714 fiat
2533 671 2693 716 terra.
2727 663 2977 731 Quisquis
3003 664 3144 717 enim
3175 664 3286 718 odit
3331 666 3436 718 fra-
3502 730 3503 733 Î·

1858 761 1988 807 trem
2018 770 2192 819 suum,
2225 771 2329 808 non
2352 755 2491 809 dicat
2511 756 2632 823 quia
2662 757 2713 810 in
2744 756 2943 812 lumine
2987 759 3239 813 ambulat.
3299 758 3436 828 Quid

1855 841 1995 896 dixi?
2013 859 2115 898 non
2139 845 2278 898 dicat
2294 845 2414 915 quia
2428 845 2480 899 in
2493 845 2706 901 Christo
2728 848 2979 902 ambulat.
3003 849 3103 915 Qui
3124 849 3244 904 dicit
3265 868 3318 903 se
3335 868 3441 905 esse

1855 933 1906 985 in
1922 933 2052 999 luce,
2068 935 2228 987 etodit
2249 935 2459 1005 fratrem
2475 953 2645 1002 suum,
2662 936 2711 990 in
2735 938 2945 991 tenebris
2975 949 3045 993 est
3069 957 3225 1010 usque
3249 941 3438 995 adhuc.
3465 927 3468 929 Î”

1854 1022 2044 1078 Nescio
2071 1025 2186 1096 quis
2207 1027 2346 1080 enim
2369 1042 2436 1082 ex
2457 1043 2660 1097 pagano
2682 1028 2850 1084 factus
2874 1040 2956 1084 est
2976 1031 3326 1099 Christianus;
3361 1035 3441 1089 in-

1859 1118 2088 1172 tendite:
2120 1133 2244 1172 eccc
2273 1119 2325 1172 in
2351 1119 2583 1174 tenebris
2611 1130 2726 1174 erat
2753 1164 2767 1186 ,
2793 1123 3003 1192 quando
3039 1139 3272 1193 paganus
3301 1137 3439 1194 erat;

1855 1210 2016 1265 modo
2030 1211 2138 1280 jam
2167 1211 2485 1266 christianus
2512 1212 2679 1266 factus
2698 1223 2810 1280 est;
2847 1215 2953 1269 Deo
2981 1217 3198 1284 gratias,
3252 1231 3440 1273 onmes

1856 1303 2184 1372 gratulantur
2230 1320 2242 1354 :
2285 1305 2537 1357 recitatur
2572 1304 2857 1373 Apostolus
2902 1306 3191 1375 gratulans.
3246 1305 3441 1363 Fuistis

1857 1396 1987 1448 enim
2022 1393 2294 1466 aliquando
2321 1395 2568 1462 tenebrat;
2612 1413 2742 1448 nunc
2768 1407 2936 1450 autent
2981 1399 3073 1451 tua:
3108 1398 3162 1452 in
3196 1398 3438 1454 Domino.

1857 1485 2125 1540 Adorabat
2147 1485 2306 1552 idola,
2321 1486 2508 1540 adorat
2529 1487 2694 1541 Deum
2714 1505 2726 1553 ;
2743 1487 2995 1543 adorabat
3013 1505 3130 1559 qua;
3146 1489 3287 1555 fecit,
3312 1490 3442 1546 ado-

1858 1589 1940 1632 rat
1962 1580 2050 1648 qui
2082 1595 2204 1633 cum
2233 1579 2376 1634 fecit.
2408 1579 2633 1633 Mutatus
2661 1589 2772 1643 est;
2817 1581 2926 1634 Deo
2965 1583 3196 1650 gratias,
3250 1598 3439 1637 omnes

1855 1671 2185 1739 gratulantur
2209 1669 2517 1724 Christiani.
2548 1669 2755 1736 Quare?
2783 1671 2912 1736 Quia
2937 1671 3046 1741 jam
3077 1672 3323 1727 adorator
3343 1673 3442 1728 Pa-

1861 1762 1954 1815 tris
1975 1770 2028 1816 et
2048 1761 2164 1815 Filii
2197 1772 2250 1817 ct
2269 1761 2497 1832 Spiritus
2518 1765 2718 1826 sancti,
2752 1771 2805 1817 et
2827 1762 3117 1818 detestator
3141 1764 3436 1819 daemonio-

1858 1871 1974 1908 rum
2017 1864 2070 1910 et
2123 1854 2383 1909 idolorum
2419 1863 2518 1910 est.
2576 1854 2764 1908 Adhuc
2813 1853 2880 1908 de
2924 1854 3025 1908 isto
3068 1854 3300 1910 Joannes
3337 1859 3444 1911 sol-

1859 1946 2032 2000 licitus
2072 1955 2186 2012 est,
2243 1946 2424 2000 multis
2491 1946 2877 2017 gratulantibus
2943 1947 3116 2001 adhuc
3168 1958 3445 2018 suspectus

1857 2047 1958 2091 est.
1991 2038 2224 2102 Fratres,
2272 2047 2567 2093 maternam
2613 2037 3020 2092 sollicitudinem
3075 2038 3300 2095 libenter
3341 2057 3447 2095 am-

1861 2133 2170 2202 plectamur.
2226 2129 2342 2184 Non
2379 2130 2494 2184 sine
2551 2143 2708 2184 causa
2761 2139 2931 2184 mater
2974 2129 3198 2185 sollicita
3242 2141 3326 2187 est
3377 2132 3445 2188 de

1860 2225 2029 2289 nobis,
2063 2239 2184 2278 cum
2209 2222 2298 2276 alii
2324 2221 2594 2292 gaudent:
2643 2231 2865 2276 matrem
2913 2221 3036 2276 dico
3077 2223 3391 2281 charitatem
3425 2243 3441 2288 ;

1862 2319 1973 2388 ipsa
2004 2318 2150 2373 enim
2176 2317 2449 2371 habitabat
2475 2317 2526 2370 in
2555 2315 2717 2370 corde
2742 2313 2982 2379 Joannis,
3017 2331 3138 2370 cum
3161 2317 3258 2371 ista
3302 2317 3447 2373 dice-

1859 2420 1958 2466 ret.
1988 2413 2182 2480 Quare,
2213 2410 2312 2464 nisi
2344 2410 2465 2479 quia
2493 2407 2690 2478 aliquid
2724 2409 2874 2462 timet
2908 2409 2957 2461 in
2982 2409 3133 2463 nobis
3156 2451 3170 2476 ,
3225 2419 3278 2464 et
3322 2426 3442 2465 cum

1855 2503 1964 2571 jam
1995 2502 2145 2556 nobis
2191 2501 2434 2554 homines
2459 2499 2823 2570 gratulantur?
2875 2497 3011 2566 Quid
3062 2509 3144 2553 est
3199 2500 3339 2568 quod
3379 2501 3444 2554 ti-

1859 2594 2002 2649 met?
2035 2594 2136 2661 Qui
2157 2594 2278 2647 dicit
2300 2609 2353 2647 se
2379 2609 2482 2646 esse
2506 2593 2559 2645 in
2595 2592 2804 2645 lumine.
2847 2591 2986 2659 Quid
3036 2601 3118 2646 est
3163 2591 3302 2646 hoc?
3341 2592 3442 2661 Qui

1855 2687 1964 2756 jam
1989 2686 2118 2740 dicit
2138 2701 2196 2739 se
2225 2699 2344 2739 esse
2370 2683 2716 2739 christianum
2753 2701 2766 2737 Îµ
2801 2692 2845 2736 et
2872 2687 3077 2752 fratrem
3125 2700 3271 2737 suum
3315 2685 3440 2752 odit,

1857 2777 1910 2830 in
1953 2777 2162 2832 tenebris
2206 2785 2277 2830 est
2336 2791 2491 2844 usque
2537 2773 2725 2826 adhuc.
2787 2771 2938 2840 Quod
2999 2789 3265 2844 exponere
3334 2789 3441 2829 non

1859 2878 1975 2933 est;
2008 2868 2099 2924 sed
2127 2867 2268 2938 quod
2288 2864 2521 2937 gaudere
2553 2866 2597 2919 si
2622 2880 2726 2919 non
2760 2863 2878 2926 fiat,
2910 2863 3158 2933 autquod
3191 2864 3440 2934 plangere

1858 2960 1901 3015 si
1935 2961 2041 3013 fiat.

1929 3052 2014 3106 Î·.
2045 3051 2144 3118 Qui
2163 3051 2325 3121 diligit
2345 3050 2553 3120 fratrem
2575 3065 2741 3115 suum,
2760 3049 2812 3101 in
2828 3048 3211 3114 lmninemanct,
3236 3059 3279 3103 et
3299 3067 3447 3105 scau-

1857 3147 2029 3199 dalum
2055 3147 2106 3197 in
2128 3160 2184 3198 eo
2214 3159 2312 3198 non
2343 3152 2434 3198 est.
2458 3141 2691 3197 Obsecro
2707 3157 2800 3210 per
2830 3141 3094 3196 Christum
3119 3159 3132 3207 ;
3168 3143 3444 3211 pascitnos

1859 3237 2018 3300 Deus,
2045 3233 2292 3289 refecturi
2318 3248 2501 3290 sumus
2525 3247 2750 3302 corpora
2796 3233 2846 3286 in
2894 3232 3107 3289 nomine
3146 3231 3365 3302 Christi,
3393 3245 3448 3290 et

1855 3330 2178 3398 aliquantum
2213 3326 2408 3382 refecta
2430 3336 2570 3392 sunt,
2596 3335 2650 3380 et
2675 3326 2954 3381 reficienda
2992 3337 3113 3381 sunt
3139 3343 3154 3392 ;
3185 3344 3334 3384 meus
3360 3345 3449 3384 no-

1855 3431 1963 3476 stra
1989 3431 2251 3491 pascatur.
2283 3419 2398 3474 Non
2424 3419 2545 3488 quia
2587 3419 2677 3472 diu
2717 3419 2954 3473 dicturus
2981 3433 3120 3485 sum,
3148 3420 3300 3486 dico;
3324 3437 3446 3477 nam

1855 3528 1979 3568 ecce
2023 3512 2132 3582 jam
2165 3513 2343 3565 linitur
2369 3512 2560 3566 lectio:
2595 3511 2687 3566 sed
2714 3527 2781 3566 nc
2812 3512 2943 3567 forte
2981 3527 3046 3566 ex
3075 3512 3233 3566 tmdio
3272 3515 3446 3569 minus

1853 3615 2054 3660 attente
2072 3605 2346 3660 audiamus
2390 3604 2531 3673 quod
2563 3606 2792 3661 maxime
2835 3607 3191 3660 necessarium
3214 3617 3314 3660 est.
3345 3607 3447 3674 Qui

1854 3697 2017 3766 diligit
2043 3699 2248 3765 fratrem
2294 3711 2459 3758 suum,
2507 3695 2561 3746 in
2602 3695 2788 3748 lumine
2839 3705 3023 3759 manet,
3052 3705 3098 3748 et
3141 3696 3441 3750 scandalum

1854 3790 1907 3842 in
1933 3803 1988 3840 co
2019 3803 2116 3840 non
2147 3796 2238 3840 est.
2265 3785 2362 3853 Qui
2394 3795 2517 3839 sunt
2555 3788 2643 3855 qui
2686 3787 2954 3856 patiuntur
2981 3787 3309 3852 scandalum,
3345 3801 3439 3844 aut

1855 3879 2092 3932 faciunt?
2119 3878 2216 3946 Qui
2239 3876 2657 3930 scandalizantur
2687 3878 2738 3930 in
2778 3875 2991 3932 Christo
3020 3889 3072 3933 et
3103 3879 3153 3933 in
3186 3880 3442 3935 Ecclesia.

1854 3970 1951 4038 Qui
1976 3967 3008 4037 inChristoscandalizantur,tanquama
3035 3970 3149 4023 sole
3185 3983 3441 4039 uruntur;

1853 4066 1941 4133 qui
1973 4064 2022 4116 in
2044 4061 2298 4125 Ecclesia,
2335 4069 2578 4126 tanquam
2605 4074 2634 4112 a
2659 4060 2797 4112 luna.
2821 4059 2956 4113 Dicit
2982 4069 3158 4112 autem
3184 4062 3447 4117 Psalqu-

1857 4155 1957 4210 Per
1984 4156 2113 4208 diem
2139 4153 2213 4205 sol
2245 4169 2342 4205 non
2365 4161 2470 4204 uret
2491 4160 2557 4214 te,
2587 4166 2742 4219 neque
2766 4150 2884 4202 luna
2913 4165 3000 4218 per
3037 4161 3227 4203 nortem
3256 4151 3437 4221 (Î¡Î´á½·Î¹Î¹.

1854 4264 1976 4312 cxx,
2005 4247 2038 4302 Ï
2063 4250 2078 4313 )
2106 4265 2118 4300 :
2151 4246 2200 4299 id
2222 4254 2318 4309 est,
2347 4244 2401 4298 Si
2423 4245 2656 4297 tenueris
2674 4241 3006 4307 ciaritatem,
3033 4257 3127 4296 nec
3155 4243 3204 4296 in
3223 4241 3441 4298 Christo

1855 4341 2160 4398 scandalum
2179 4339 2411 4408 patieris,
2437 4352 2535 4391 nec
2561 4337 2611 4390 in
2638 4335 2898 4394 Ecclesia;
2929 4351 3026 4392 nec
3050 4334 3318 4390 Christum
3347 4354 3435 4394 re-

1855 4437 2081 4504 linques,
2099 4450 2196 4488 nec
2229 4431 2536 4486 Ecclesiam.
2561 4428 2658 4497 Qui
2685 4429 2824 4483 enim
2858 4428 3145 4483 Ecclesium
3169 4429 3437 4499 relinquit,

1856 4525 2121 4598 quomodo
2150 4533 2231 4578 est
2259 4525 2307 4576 in
2335 4521 2569 4586 Christo,
2597 4520 2686 4590 qui
2733 4521 2784 4573 in
2815 4519 3065 4573 membris
3103 4520 3299 4574 Christi
3332 4537 3437 4576 non

1856 4619 1978 4674 est?
2006 4615 2272 4686 quomodo
2302 4622 2384 4667 est
2414 4613 2463 4666 in
2494 4611 2726 4676 Christo,
2752 4611 2844 4679 qui
2895 4611 2946 4664 in
2976 4624 3201 4680 corpore
3243 4610 3441 4667 Christi

1855 4710 2098 4767 nonest?
2128 4709 2203 4762 llli
2232 4722 2358 4776 ergo
2374 4705 2644 4776 patiuntur
2669 4701 2993 4767 scandalum,
3019 4703 3108 4771 qui
3138 4702 3444 4774 relinquunt

1855 4814 1945 4857 aut
1967 4801 2237 4856 Christum
2284 4803 2376 4849 aut
2429 4794 2744 4849 Ecclesiam.
2769 4789 2921 4847 Unde
2947 4791 3291 4861 intelligimus
3319 4796 3442 4862 quia

1856 4895 1978 4950 inde
1999 4893 2131 4947 dixit
2163 4889 2426 4954 Psalmus,
2460 4885 2562 4940 Per
2583 4887 2714 4938 diem
2733 4885 2810 4938 sol
2832 4901 2929 4937 non
2953 4895 3059 4937 uret
3080 4894 3145 4949 te,
3175 4901 3330 4951 neque
3359 4886 3440 4939 lu-

1856 5005 1922 5041 na
1961 5002 2049 5056 per
2093 4993 2304 5048 noctem,
2351 4981 2471 5052 quia
2521 4981 2684 5050 ipsum
2714 4978 2971 5030 ustionem
2999 4975 3304 5030 scandalum
3331 4977 3444 5034 vult

1855 5077 2118 5148 intelligi?
2149 5077 2325 5132 Primo
2348 5075 2512 5143 ipsam
2542 5070 2934 5128 similitudinem
2951 5069 3187 5124 attende.
3203 5069 3442 5139 anmn-

1854 5172 1923 5227 do
1951 5169 2039 5240 qui
2066 5170 2234 5222 uritur
2258 5166 2402 5228 dicit,
2433 5163 2546 5218 Non
2597 5163 2782 5225 tulero,
2813 5177 2917 5214 nnn
2947 5160 3077 5221 fern.
3105 5172 3158 5215 et
3197 5163 3444 5218 subducit

1855 5277 1913 5318 se
1941 5279 1954 5316 :
1985 5263 2062 5315 sic
2082 5260 2170 5330 qui
2199 5257 2438 5328 quaedam
2463 5271 2567 5310 non
2593 5253 2762 5309 ferunt
2789 5253 2842 5307 in
2876 5252 3130 5318 Ecclesia,
3152 5262 3209 5308 et
3236 5256 3443 5308 subtra-

1856 5354 1988 5408 hunt
2014 5368 2072 5407 se
2117 5351 2198 5406 vel
2234 5349 2432 5403 nomini
2470 5346 2668 5402 Christi
2697 5347 2777 5399 vel
2806 5344 3079 5411 Ecclesiae,
3129 5346 3438 5400 scandalum

1919 5509 1935 5539 á½·
1964 5505 2077 5555 aditi
2109 5503 2187 5551 hic
2212 5508 2262 5552 et
2285 5502 2332 5549 in
2349 5499 2490 5548 variis
2512 5497 2630 5546 locis
2651 5504 2955 5553 tractatuum,
2983 5508 3108 5544 nunc
3130 5493 3289 5548 aditis,
3310 5507 3438 5545 nunc

1853 5567 2050 5623 oderitis
2069 5569 2242 5615 lerunt.
2264 5570 2358 5620 Er.,
2385 5563 2477 5621 hic,
2511 5559 2673 5610 aditis.
2700 5568 2828 5618 t.ov.,
2862 5557 3080 5623 oderitis,
3116 5565 3205 5623 sed
3230 5563 3436 5618 quatuor

1854 5615 2301 5706 iiiiigimqg,
2323 5615 2481 5706 aditis,
2519 5631 2572 5675 et
2593 5635 2719 5674 unus
2744 5615 2843 5682 Î´Î¹ÎµÏ‚,
2865 5617 3049 5678 odistis.
3073 5615 3221 5680 Lugd.
3248 5615 3300 5669 ot
3320 5626 3339 5660 Î¹
3353 5632 3434 5668 en.

1853 5688 1898 5752 si
1915 5688 2074 5746 autem
2095 5688 2289 5741 auditis.
2355 5697 2411 5737 at.
