3994 6376
535 648 546 680 i

529 683 551 821 5

533 828 543 843 ς

532 850 549 893 ε

604 314 750 381 1987
768 264 775 315 ᾖ

611 431 902 503 patiuntur.
926 424 1114 489 Videte
1156 422 1297 479 enim
1349 418 1614 491 quomodo
1647 410 1788 488 passi
1823 424 1947 471 sunt
1976 413 2197 470 scanda-

612 522 719 578 lum
761 530 1009 591 tanquam
1038 532 1067 571 a
1110 516 1222 570 sole
1264 513 1335 568 illi
1358 514 1618 576 carnales,
1641 509 1829 583 quibus
1882 505 2197 579 pncdicabal

611 628 829 683 carnem
845 626 994 665 suam
1019 607 1281 670 Christus,
1315 615 1366 659 ct
1387 602 1626 658 dicebat:
1657 600 1756 665 Qui
1786 615 1886 653 non
1918 599 2195 651 manduca-

611 707 733 767 verit
756 717 960 763 carnem
1001 697 1125 752 Filii
1155 695 1390 758 buntinis,
1416 704 1462 749 et
1509 692 1683 746 biberit
1728 692 1837 765 ejus
1880 689 2193 760 sanguinem,

609 814 712 863 non
736 792 930 853 habebit
950 794 1001 845 in
1028 808 1079 845 se
1102 791 1269 844 vitam.
1296 784 1638 857 Septuaginta
1664 782 1826 837 ferme
1848 781 2090 836 homines
2114 779 2198 835 di-

611 895 824 951 xerunt,
871 881 1044 937 Durus
1072 889 1143 934 est
1189 878 1268 940 hic
1297 891 1502 938 sermo;
1528 880 1582 928 et
1630 881 1966 928 recesserunt
1992 870 2059 924 ab
2085 885 2150 924 eo
2180 887 2193 922 :

542 1026 549 1034 .
611 968 1373 1043 etJ-rmanscruntduodecim.
1403 966 1601 1022 Omnes
1626 964 1745 1018 illos
1762 963 1892 1017 ussit
1912 962 2012 1023 sol,
2038 969 2091 1016 et
2115 976 2198 1015 re-

544 1048 554 1085 :
611 1051 907 1135 cesserunt,
939 1078 1043 1118 non
1073 1061 1305 1115 valentes
1327 1054 1467 1111 ferre
1491 1057 1593 1112 vim
1613 1054 1781 1109 verbi.
1807 1053 2198 1107 Rcmanserunt

613 1152 741 1237 ergo
788 1152 1085 1212 duodecim.
1136 1150 1207 1206 Et
1236 1165 1302 1203 ne
1323 1147 1457 1202 forte
1507 1152 1751 1215 putarent
1793 1142 2036 1197 homines
2077 1142 2197 1212 quia

614 1234 743 1333 ipsi“
768 1253 1018 1333 prtestattt
1044 1241 1254 1300 Christo
1285 1236 1554 1296 credendo
1594 1236 1646 1291 iu
1671 1234 1966 1301 Christum,
2013 1243 2066 1288 et
2094 1248 2197 1287 non

614 1324 682 1409 ab
716 1324 829 1415 ipso
862 1330 989 1407 illis
1039 1341 1318 1406 prmstatur
1364 1330 1713 1394 beneficium;
1764 1342 1884 1380 eum
1920 1324 2197 1379 duodecim

614 1424 1017 1493 remansissent,
1042 1426 1114 1479 ait
1139 1425 1243 1479 illis
1271 1423 1525 1478 Dominus
1557 1440 1570 1475 :
1606 1417 1871 1486 Numquid
1897 1426 1943 1471 et
1968 1433 2053 1471 vos
2080 1416 2196 1470 vul-

615 1525 677 1579 tis
698 1523 769 1577 ire
791 1521 815 1575 .’
841 1518 909 1575 Ut
956 1516 1208 1573 noveritis
1238 1512 1359 1583 quia
1386 1512 1535 1565 vobis
1564 1509 1898 1563 necessarius
1930 1521 2030 1577 ego
2055 1520 2195 1573 sum,

613 1632 719 1671 non
742 1594 838 1669 vos
866 1609 1014 1665 mihi.
1044 1607 1312 1662 liliautem
1341 1617 1472 1673 quos
1501 1617 1605 1654 non
1629 1607 1832 1653 asserat
1855 1598 1955 1662 sol,
1984 1612 2199 1665 reSpon-

614 1684 806 1763 derunt
854 1720 918 1758 ex
970 1716 1101 1754 voce
1148 1696 1292 1752 Petri
1326 1713 1339 1750 :
1375 1692 1607 1758 Domine,
1638 1690 1841 1745 verbum
1867 1691 1979 1743 vita:
2003 1699 2201 1744 interm?

614 1798 764 1859 habes
787 1813 806 1861 ;
830 1810 927 1867 quo
973 1791 1154 1846 ibimus
1172 1786 1192 1861 (
1212 1786 1365 1840 Joan.
1394 1800 1469 1849 Vl,
1526 1784 1619 1839 54-
1647 1783 1716 1839 69
1743 1782 1802 1855 )‘l
1828 1783 1973 1852 Quos
2022 1792 2198 1837 autem

614 1891 718 1944 urit
741 1884 977 1942 Ecclesia
1004 1892 1250 1952 tanquam
1274 1879 1392 1932 luna
1422 1892 1515 1947 per
1540 1875 1786 1930 noctem?
1815 1874 1911 1942 Qii
1937 1874 2165 1927 schiqna
2190 1902 2198 1911 .

616 1991 664 2035 ta
697 1978 952 2033 fecerunt.
977 1971 1113 2028 Audi
1141 1972 1310 2040 ipsum
1338 1968 1555 2023 verbum
1579 1966 1805 2035 positum
1829 1966 1880 2019 in
1908 1964 2193 2034 Apostolo:

618 2072 743 2148 Quis
785 2069 1092 2138 inﬁrmatur,
1148 2073 1192 2117 et
1245 2078 1334 2133 ego
1382 2077 1481 2114 non
1526 2059 1759 2127 inﬁrntor
1787 2057 1938 2131 7quis
1988 2057 2201 2110 scanda-

614 2144 815 2229 lizatur,
872 2168 917 2213 et
965 2174 1055 2226 ego
1095 2170 1195 2209 non
1250 2148 1480 2225 uror(ll
1530 2148 1648 2205 Cor.
1706 2162 1794 2215 χι,
1843 2144 2006 2219 ‘29)?
2053 2145 2193 2215 Quo-

615 2254 772 2313 modo
818 2266 943 2321 ergo
996 2264 1100 2303 non
1172 2253 1252 2300 est
1307 2242 1612 2303 scandalum
1673 2240 1726 2295 in
1776 2253 1842 2293 eo
1889 2240 1977 2308 qui
2029 2236 2202 2306 diligit

614 2332 872 2404 fratrem?
918 2341 1050 2411 Quia
1101 2337 1190 2408 qui
1240 2334 1411 2407 diligit
1474 2331 1733 2396 fratrem,
1789 2330 1978 2384 tolerat
2022 2328 2198 2382 omnia

614 2448 829 2509 propter
854 2433 1105 2487 unitatem
1131 2446 1145 2493 ;
1180 2428 1296 2497 quia
1322 2427 1371 2479 in
1397 2424 1594 2478 unitate
1614 2421 1884 2477 cbaritatis
1904 2428 1985 2475 cst
2009 2418 2198 2474 frater-

615 2514 681 2587 na
708 2528 941 2587 dilectio.
972 2520 1203 2579 Oil'cudit
1253 2528 1305 2573 te
1355 2515 1534 2573 nescio
1564 2518 1700 2585 quis,
1733 2514 1843 2568 sive
1869 2513 2058 2569 malus.
2088 2512 2199 2567 sive

613 2632 669 2678 ut
690 2626 746 2677 tu
774 2626 923 2691 putas
952 2616 1141 2680 maius,
1176 2612 1288 2667 sive
1338 2618 1395 2664 ut
1426 2620 1478 2663 tu
1526 2606 1675 2679 lingis
1703 2607 1894 2672 malus,
1920 2616 1971 2660 et
1997 2605 2199 2659 deseris

615 2712 691 2773 tot
736 2711 940 2770 bonos?
968 2709 1148 2780 Qualis
1187 2706 1400 2761 dilectio
1431 2706 1658 2757 fraterna
1690 2711 1791 2764 est,
1824 2702 1996 2769 qualis
2038 2713 2199 2769 appa-

611 2812 718 2868 ruit
741 2811 791 2865 in
812 2807 927 2863 istis
947 2803 1060 2877 ta)?
1085 2802 1214 2855 (lum
1244 2806 1493 2852 accusant
1528 2796 1704 2859 Afros,
1732 2794 2084 2849 deseruerunt
2113 2807 2200 2845 or-

612 2904 732 2960 bem
760 2909 1038 2955 terrarum.
1072 2889 1331 2961 Numquid
1358 2889 1410 2942 in
1441 2886 1571 2942 orbe
1612 2896 1870 2940 terrarum
1898 2884 2061 2939 sancti
2093 2898 2196 2937 non

612 2994 811 3051 erant?
842 2992 946 3045 Aut
990 2984 1213 3041 inauditi
1239 2998 1266 3035 a
1298 2980 1449 3035 vobis
1475 2978 1711 3032 damnari
1742 2976 2067 3049 potuerunt?
2093 2974 2197 3029 Sed

615 3101 649 3141 ο
680 3086 723 3139 si
751 3079 1040 3152 diligi-retis
1062 3075 1271 3137 fratres,
1305 3071 1611 3126 scandalum
1640 3070 1691 3123 in
1718 3068 1867 3123 vobis
1907 3082 2009 3120 non
2035 3076 2194 3120 esset.

615 3174 751 3243 Audi
781 3172 1066 3235 Psalmuut,
1094 3164 1220 3238 quid
1247 3164 1388 3219 dicat
1419 3180 1430 3214 :
1473 3160 1587 3215 Pax
1610 3161 1765 3213 multa
1787 3159 2106 3229 diligentibus
2131 3157 2202 3211 le-

616 3240 727 3339 gent
756 3275 913 3328 tuam,
943 3269 988 3312 et
1017 3275 1116 3311 non
1137 3265 1207 3310 est
1224 3255 1293 3306 eis
1322 3251 1618 3307 scandalum
1646 3248 1823 3320 (Psal.
1846 3265 2024 3310 cxvm,
2051 3248 2197 3318 165).

616 3356 807 3414 Pacem
864 3350 1081 3404 multam
1120 3345 1254 3399 dixit
1301 3342 1380 3397 eis
1413 3342 1500 3410 qui
1529 3340 1751 3408 diligunt
1796 3339 1964 3408 legem
2001 3339 2111 3403 Dei,
2147 3346 2201 3393 et

616 3449 738 3506 idco
761 3461 867 3501 non
887 3443 964 3498 eis
989 3455 1107 3495 esse
1147 3435 1471 3492 scandalum.
1506 3431 1583 3487 liii
1611 3446 1736 3499 ergo
1758 3431 1844 3501 qui
1890 3430 2200 3486 soandnlum

617 3516 907 3615 patiuntur,
932 3548 1113 3604 parem
1146 3528 1392 3599 perdunt.
1414 3526 1477 3579 Et
1496 3536 1627 3593 quos
1645 3523 1777 3577 dixit
1799 3536 1899 3576 non
1920 3524 2024 3593 pati
2052 3538 2204 3578 scan-

618 3612 817 3696 dalum,
840 3637 929 3683 aut
960 3640 1060 3680 uou
1089 3612 1301 3678 facere?
1332 3616 1622 3688 Diligentes
1643 3615 1810 3685 legem
1839 3614 1949 3670 Dei.
1986 3612 2124 3684 Ergo
2150 3615 2205 3669 in

619 3724 874 3782 cbaritatc
898 3720 1051 3791 positi
1082 3720 1233 3771 sunt.‘
1249 3712 1356 3768 Sed
1396 3712 1520 3765 dicit
1544 3708 1751 3775 aliquis,
1799 3707 1977 3777 Legem
2008 3707 2100 3763 Dei
2124 3707 2207 3762 di-

620 3818 697 3872 sit
720 3810 1053 3884 diligentibus,
1073 3824 1177 3863 non
1204 3806 1412 3859 fratres.
1443 3801 1575 3858 Audi
1606 3799 1726 3871 quid
1750 3799 2008 3854 Dominus
2030 3800 2203 3853 dicat:

624 3902 926 3964 Mandatum
978 3915 1159 3955 novum
1205 3897 1269 3951 do
1315 3896 1467 3958 vobis,
1521 3903 1576 3946 ut
1605 3908 1688 3947 vos
1715 3893 1921 3945 invicem
1964 3888 2203 3960 diligatis.

623 3998 768 4074 Quid
796 4007 878 4053 est
920 3995 1026 4057 lcx,
1072 3991 1174 4047 nisi
1228 3985 1573 4045 mandatum?
1596 3984 1873 4054 Quomodo
1902 3993 2074 4038 autem
2104 3972 2215 4038 non

623 4068 895 4173 patiuntur
912 4085 1237 4146 scandalum,
1270 4082 1369 4137 nisi
1400 4080 1525 4134 dum
1555 4077 1815 4132 sufferunt
1834 4076 2056 4129 invicem
2077 4075 2102 4127 τ
2127 4073 2210 4129 Si-

621 4168 711 4243 cut
737 4183 930 4241 Paulus
964 4180 1112 4243 dicit,
1147 4172 1456 4241 Suffcrentes
1480 4171 1685 4225 invicem
1715 4170 1766 4222 in
1793 4168 2076 4233 dilectione,
2105 4175 2210 4220 stu-

622 4277 788 4351 dentes
809 4287 1005 4327 servare
1030 4268 1271 4322 unitatem
1298 4265 1503 4334 spiritus
1524 4262 1573 4314 in
1590 4258 1785 4313 vinculo
1813 4258 1948 4325 pacis
1973 4259 1991 4329 (
2018 4256 2217 4328 Ephes.’

622 4348 775 4432 tv,2.
806 4366 841 4421 ὅ
866 4365 908 4435 ).
937 4360 1005 4415 Et
1032 4360 1154 4429 quia
1182 4357 1295 4425 ipsa
1324 4363 1405 4407 est
1453 4355 1533 4406 lex
1568 4350 1788 4415 Christi,
1814 4349 2059 4404 emudem
2088 4348 2210 4405 audi

623 4459 921 4531 apostolum
943 4446 1403 4505 commendantem
1430 4446 1596 4510 ipsam
1625 4443 1828 4512 legem:
1855 4440 2095 4506 Invicem,
2125 4443 2209 4496 in-

623 4550 755 4623 quit,
779 4562 929 4601 onera
948 4551 1107 4613 vestra
1131 4547 1342 4615 portate,
1368 4545 1413 4590 et
1438 4536 1512 4589 sic
1533 4534 2043 4604 adimplebitislegem
2064 4534 2212 4589 Chri-

622 4640 731 4725 stii(
762 4635 931 4692 Galat.
962 4650 1035 4700 vt,
1064 4631 1101 4686 2
1122 4634 1161 4697 ).
1290 4698 1293 4701 ν

644 4714 649 4797 ί
696 4714 780 4786 l5.
825 4724 960 4782 Nam
992 4725 1078 4796 qui
1104 4722 1208 4777 odit
1235 4720 1436 4790 fratrem
1467 4732 1632 4783 suum,
1660 4716 1713 4769 in
1738 4714 1947 4770 tenebris
1966 4725 2056 4781 est,
2089 4726 2134 4770 et
2156 4718 2211 4771 in

625 4820 834 4889 tenebris
860 4817 1103 4883 ambulat,
1132 4821 1178 4868 et
1207 4812 1359 4866 nescit
1379 4826 1477 4880 quo
1499 4818 1593 4863 eat.
1628 4807 1811 4877 Magna
1849 4823 1952 4874 res,
1983 4806 2206 4874 fratres;

623 4892 898 4978 alteudite,
926 4921 1173 4980 rogamus
1204 4918 1316 4958 vos.
1362 4902 1457 4968 Qui
1487 4901 1589 4955 odit
1623 4905 1828 4973 fratrem
1858 4915 2022 4962 suum,
2054 4898 2105 4951 in
2132 4907 2211 4953 te-

624 5006 784 5062 nebris
800 5001 1035 5064 ambulat,
1062 5009 1107 5053 et
1130 4995 1282 5051 nescit
1301 5010 1399 5064 quo
1417 5003 1498 5047 eat
1519 5006 1538 5055 ;
1560 4991 1795 5062 quoniam
1814 4988 2025 5044 tenebrte
2045 5002 2210 5041 crow-

625 5089 857 5153 caveruut
897 5093 1065 5148 oculos
1091 5092 1216 5162 ejus.
1248 5086 1383 5156 Quid
1416 5098 1519 5140 tam
1563 5097 1782 5147 causam,
1810 5096 1965 5152 quam
2009 5079 2091 5133 isti
2119 5077 2211 5147 qui

625 5188 855 5243 oderunt
900 5181 1124 5237 fratres?
1154 5178 1281 5233 Nam
1323 5186 1378 5230 ut
1404 5175 1657 5229 noveritis
1682 5174 1802 5243 quia
1833 5172 1957 5225 ca‘ci
1981 5178 2121 5230 sunt,
2154 5168 2209 5222 in

625 5288 861 5336 montem
887 5273 1236 5328 oil'euderunt.
1270 5268 1466 5323 Eadem
1492 5264 1633 5327 dico,
1668 5280 1737 5318 ne
1762 5262 1911 5317 vobis
1941 5259 2206 5316 excidant.

625 5350 813 5430 Nonne
840 5366 974 5436 lapis
1001 5367 1099 5419 istc
1140 5364 1229 5433 qui
1258 5362 1506 5430 praecisus
1532 5366 1615 5414 est
1638 5359 1704 5413 de
1748 5362 1926 5411 monte
1953 5355 2068 5408 sine
2096 5364 2211 5406 ma-

626 5464 803 5531 nibus,
831 5460 1076 5527 Christus
1121 5464 1202 5513 est
1245 5453 1315 5515 de
1352 5467 1515 5527 regno
1544 5450 1847 5511 Judaeorum
1891 5446 2006 5500 sine
2050 5458 2210 5513 opere

625 5554 897 5615 maritali?
920 5551 1105 5607 Nonne
1129 5548 1214 5601 ille
1235 5545 1369 5617 lapis
1384 5542 1640 5612 confregit
1657 5540 1829 5597 omnia
1853 5552 2012 5607 regna
2043 5547 2217 5603 terra:

627 5638 851 5715 rum,‘id
872 5651 975 5710 est,
1010 5646 1198 5696 amnes
1224 5626 1614 5692 dominationes
1650 5631 1907 5715 idolorum
1937 5635 1990 5684 et
2013 5627 2216 5682 dmino-

692 5757 767 5821 ta)
799 5730 1097 5805 nomum'

1333 302 1402 363 IN
1435 258 1819 362 Epis'mLsu
1855 296 2136 356 JOANNIS
2172 294 2265 354 an
2300 257 2637 362 maritos,
2681 292 2740 351 s.
2779 292 3145 353 AUGUSTINI

2210 5722 2218 5731 ’
2473 5703 2659 5738 ‘-""'"'
2681 5703 3171 5780 "iamsi,
3188 5703 3299 5766 ne.
3314 5709 3427 5753 etc.

3683 304 3785 367 i988

2306 410 2552 468 niorum‘l
2590 410 2774 465 Nonne
2817 410 2906 466 ille
2935 410 3069 481 lapis
3112 410 3295 475 crevit,
3324 416 3377 465 et
3399 409 3557 468 factus
3584 423 3783 478 estmons

2304 521 2543 576 magnus,
2564 512 2617 559 ct
2634 503 2873 572 implevit
2898 504 3199 558 universum
3224 504 3399 557 orbem
3420 504 3778 581 terrarum(Dan.

2303 616 2361 666 tt,
2394 598 2483 663 '55,
2512 598 2616 671 55)
2643 595 2667 651 ‘i
2705 594 2971 666 Numquid
3002 594 3164 665 digito
3190 595 3500 650 ostendimus
3519 596 3648 652 istum
3673 618 3788 658 mon.

2302 699 2433 755 tem,
2466 687 2733 759 quomodo
2759 686 3058 742 ostenditur
3087 685 3379 761 hominibus
3412 688 3552 741 tertia
3575 690 3673 743 luna
3698 691 3785 763 (t1)?

2302 780 2463 861 verbi
2488 780 2678 851 gratia,
2701 776 2912 849 quando
2932 767 3113 839 volunt
3135 775 3373 831 homines
3396 776 3558 832 videre
3574 777 3713 835 lunam
3727 799 3793 838 uo-

2302 887 2445 949 vam,
2474 872 2675 937 dicunt,
2706 870 2841 924 Ecce
2886 869 3008 924 luna
3027 870 3066 934 ¹,
3096 884 3219 924 ecce
3245 866 3331 922 ubi
3361 879 3439 923 cst
3465 886 3476 921 :
3502 878 3549 924 et
3573 873 3608 924 si
3632 884 3723 926 sunt
3745 876 3792 931 ibi

2302 963 2389 1034 qui
2420 979 2524 1018 non
2552 964 2760 1017 valeant
2804 958 3080 1016 intendere
3108 962 3295 1035 aciem,
3336 971 3389 1016 et
3412 958 3591 1029 dicant,
3617 962 3794 1022 Ubilin.

2302 1057 2536 1115 tenditur
2563 1056 2665 1111 illis
2690 1054 2879 1125 digitus
2924 1063 2980 1108 ut
3004 1054 3231 1111 videant.
3281 1054 3562 1123 Aliquando
3589 1051 3690 1109 dum
3709 1072 3791 1110 ετα-

2302 1147 2525 1221 litescunt
2553 1164 2619 1202 ne
2648 1147 2772 1202 οωςὶ
2801 1155 3070 1218 putentur,
3097 1143 3281 1200 dicunt
3316 1157 3375 1199 se
3400 1144 3577 1201 vidisse
3598 1146 3707 1216 quod
3724 1162 3792 1202 non

2300 1238 2567 1317 viderunt.
2598 1236 2862 1307 Nntnquid
2889 1237 2967 1291 sic
2991 1235 3321 1291 ostendimus
3352 1235 3637 1301 Ecclesium,
3664 1236 3792 1293 fratres

2302 1330 2444 1386 mei?
2471 1330 2657 1389 Nonne
2698 1337 2878 1400 aperta
2908 1327 3031 1382 est?
3065 1342 3238 1382 nonne
3269 1327 3568 1381 manifesta?
3593 1330 3797 1383 nonnctc-

2303 1424 2417 1477 nuit
2464 1437 2651 1481 omnes
2703 1418 2929 1491 gentes?
2959 1434 3136 1472 nonne
3179 1418 3430 1487 impletur
3471 1412 3596 1486 quod
3632 1426 3799 1471 antetot

2302 1510 2470 1569 annos
2493 1515 2807 1584 promissum
2832 1519 2913 1566 est
2945 1511 3191 1574 Abrahae,
3220 1510 3271 1564 iu
3300 1508 3496 1562 semine
3520 1509 3619 1576 ejus
3642 1508 3798 1563 benedi-

2301 1608 2349 1660 ci
2377 1594 2559 1663 omncs
2575 1600 2936 1676 gentes(Gen.
2960 1615 3089 1664 χχιι,
3110 1586 3246 1673 l8)?
3274 1590 3377 1655 Uni
3406 1596 3536 1652 ildcii
3558 1598 3799 1668 promissam

2302 1704 2405 1762 est,
2433 1704 2486 1751 et
2515 1694 2746 1748 millibus
2775 1690 3005 1747 fidelium
3056 1689 3290 1745 mundus
3326 1689 3559 1758 impletus
3598 1696 3680 1743 cst.
3708 1689 3804 1744 Ecce

2302 1803 2457 1843 mons
2507 1786 2733 1856 implens
2776 1777 3074 1839 universam
3103 1781 3294 1837 faciem
3329 1790 3479 1837 terra:
3506 1798 3519 1833 :
3547 1794 3651 1835 cccc
3669 1779 3802 1834 civitas

2302 1881 2371 1938 de
2405 1896 2507 1952 qua
2537 1880 2734 1934 dictum
2763 1887 2865 1942 est,
2898 1876 3018 1930 Non
3070 1884 3232 1945 potest
3270 1873 3442 1928 civitas
3471 1870 3673 1926 αὐδωηῶ
3699 1886 3803 1940 super

2301 1984 2520 2028 montem
2546 1967 3048 2043 constituta(tl!atth.
3082 1983 3133 2033 v,
3166 1964 3297 2039 14).
3322 1965 3399 2020 llli
3422 1962 3799 2019 autemoll'endant

2302 2066 2358 2120 in
2402 2074 2656 2120 montem.
2702 2062 2772 2121 Et
2810 2077 2929 2115 cum
2961 2061 3039 2115 eis
3068 2060 3292 2126 dicitur,
3325 2055 3623 2117 Ascentlitc;
3648 2052 3803 2109 Noncst

2302 2171 2479 2221 mons,
2510 2155 2726 2218 dicunt;
2755 2161 2810 2207 et
2831 2152 3031 2207 facilius
3051 2152 3175 2205 illuc
3193 2150 3385 2205 faciem
3412 2148 3802 2217 impingunt,quam

2302 2249 2409 2305 illic
2440 2247 2792 2302 habitaculum
2819 2254 3080 2315 qttatrttnl.
3117 2228 3286 2299 Isaias
3338 2242 3568 2296 hesterna
3602 2236 3670 2292 die
3691 2237 3804 2293 lectus

2302 2349 2418 2404 est;
2472 2336 2709 2407 quisquis
2748 2345 2981 2390 vestrum
3009 2335 3287 2405 vigilabat,
3315 2347 3416 2385 non
3466 2328 3615 2385 oculis
3643 2336 3800 2392 tantum,

2301 2431 2393 2487 sed
2418 2447 2563 2493 aure,
2592 2446 2687 2483 nec
2709 2445 2837 2483 aure
2857 2428 3116 2497 corporis,
3137 2426 3229 2480 sed
3264 2442 3390 2480 aure
3418 2425 3595 2488 cordis,
3620 2414 3796 2483 advertit,

2300 2522 2416 2576 Erit
2439 2524 2489 2574 in
2515 2518 2793 2575 novissimis
2834 2519 3005 2572 diebus
3035 2518 3342 2585 manifestus
3367 2532 3499 2570 mons
3518 2515 3666 2567 domus
3686 2510 3805 2566 Domi-

2302 2615 2375 2683 ni,
2405 2624 2614 2687 paratus
2635 2615 2687 2667 in
2713 2614 2968 2665 cacumine
2991 2611 3232 2675 montium
3249 2649 3261 2660 .
3282 2608 3414 2677 Quid
3440 2619 3536 2661 tam
3557 2603 3803 2659 manifestum

2300 2726 2458 2780 quam
2491 2707 2681 2763 mons?
2711 2704 2813 2762 Sed
2853 2713 2975 2758 sunt
3003 2712 3055 2759 ct
3101 2716 3323 2757 montes
3351 2700 3524 2773 ignoti,
3559 2699 3659 2769 quia
3681 2698 3718 2750 in
3736 2708 3803 2749 una

2308 2811 2455 2871 parte
2487 2809 2745 2855 terrarum
2778 2797 2930 2868 positi
2963 2804 3105 2848 sunt.
3133 2794 3276 2863 Quis
3306 2802 3527 2847 vestrum
3553 2785 3807 2856 novitOlym-

2302 2908 2426 2961 pum
2454 2889 2728 2944 montem?
2749 2886 3015 2957 quomodo
3037 2884 3105 2938 ibi
3136 2883 3223 2953 qui
3271 2874 3536 2947 habitant,
3564 2874 3806 2935 Giddabam'

2299 2994 2538 3040 nostrum
2587 3000 2690 3038 non
2743 2990 2953 3037 norunt.
3006 2977 3061 3032 in
3095 2977 3231 3049 parti
3250 2978 3348 3031 bus
3386 2980 3504 3031 sunt
3540 2970 3611 3027 isti
3646 2978 3806 3025 montes.

2301 3076 2393 3132 lile
2423 3085 2597 3131 autem
2629 3089 2780 3127 mons
2810 3088 2914 3126 non
2943 3072 3039 3134 sic,
3058 3069 3182 3138 quia
3209 3064 3457 3138 implevit
3485 3066 3729 3119 universam
3754 3058 3807 3111 ia-

2301 3167 2436 3222 cicm
2464 3175 2657 3230 terra);
2689 3174 2742 3218 et
2783 3158 2852 3218 de
2897 3159 2991 3215 illo
3040 3160 3260 3221 dicitur,
3292 3156 3507 3211 Paratus
3544 3157 3589 3207 in
3623 3150 3809 3206 cacumini

2304 3257 2566 3311 montium.
2596 3254 2745 3309 Mons
2773 3263 2853 3308 εει
2873 3266 3031 3322 super
3058 3251 3346 3304 cacumina
3365 3248 3583 3303 omnium
3604 3239 3806 3296 montium.

2303 3346 2371 3402 Et
2396 3345 2845 3419 congregabantur,
2874 3342 3063 3412 inquit,
3094 3340 3163 3394 ad
3183 3356 3307 3394 eum
3350 3354 3512 3393 omnes
3546 3326 3806 3407 gentesfbtti.

2303 3459 2361 3510 ιι,
2407 3442 2443 3496 2
2462 3442 2504 3509 ).
2534 3439 2662 3509 Quis
2703 3448 2845 3491 errat
2872 3433 2922 3490 in
2954 3436 3051 3488 hoc
3077 3442 3266 3487 monte
3285 3432 3310 3472 ν
3334 3431 3461 3501 Quis
3493 3426 3655 3497 frangit
3679 3422 3810 3476 faciem

2305 3532 2622 3589 olfendendo
2639 3531 2691 3582 in
2714 3529 2862 3583 illum
2878 3525 2902 3578 ?
2921 3525 3049 3594 Quis
3070 3524 3285 3593 ignorat
3299 3523 3551 3577 civitatem
3570 3525 3813 3583 superatos-

2309 3634 2414 3680 tem
2445 3623 2784 3678 constitutam
2810 3618 2833 3671 ‘i
2862 3617 2964 3671 Sed
2992 3614 3152 3669 nolite
3176 3612 3365 3667 mirari
3395 3612 3511 3681 quia
3538 3609 3753 3679 ignoratur
3766 3600 3817 3652 Ib

2309 3716 2423 3770 istis
2438 3714 2527 3786 qui
2547 3711 2772 3765 oderunt
2797 3708 2984 3762 fratres
3013 3725 3025 3760 :
3050 3705 3169 3775 quia
3189 3704 3249 3757 in
3279 3701 3505 3758 tenebris
3525 3696 3757 3755 ambulant,
3776 3696 3813 3741 et

2310 3780 2549 3862 nesciunt
2574 3818 2678 3873 quo
2715 3808 2869 3864 eant;
2892 3796 3011 3868 quia
3041 3794 3280 3849 tenebm'
3304 3780 3815 3848 exareavermituruibs

2310 3912 2513 3952 eorum.
2546 3894 2774 3948 Montem
2802 3906 2906 3943 non
2930 3886 3109 3940 vident
3139 3902 3155 3939 :
3185 3880 3317 3939 uolo
3340 3882 3564 3945 mireris,
3741 3876 3815 3922 non

2312 3989 2526 4044 habent.
2550 3982 2703 4041 Unde
2724 3981 2908 4036 oculos
2929 3993 3034 4032 non
3052 3974 3253 4031 habent
3273 3974 3298 4029 τ
3323 3973 3449 4043 Quia
3469 3958 3672 4027 tenebra-
3689 3972 3816 4019 exca-

2311 4087 2565 4139 cth-runt
2607 4090 2719 4129 cos.
2749 4072 2898 4128 Unde
2926 4069 3210 4139 probamus
3230 4066 3259 4119 Υ
3283 4066 3412 4134 Quia
3442 4064 3612 4118 fratres
3632 4056 3810 4111 odeum.

2310 4171 2430 4243 quia
2448 4184 2569 4225 cum
2585 4163 2922 4220 oifenduntur
2943 4160 2995 4214 in
3024 4156 3182 4219 Afris,
3204 4164 3456 4227 separant
3470 4166 3527 4208 se
3544 4151 3605 4205 ab
3623 4148 3725 4243 orbe

2313 4230 2488 4319 rarum
2527 4261 2646 4330 quia
2692 4271 2796 4310 non
2834 4253 3058 4307 tolerant
3079 4264 3173 4319 pro
3211 4263 3344 4318 pace
3370 4244 3554 4301 Christi
3582 4250 3693 4310 quos
3717 4230 3813 4330 infav

2312 4367 2459 4415 maut
2471 4323 2569 4431 (b),
2582 4364 2635 4410 et
2646 4351 2869 4408 tolerant
2884 4364 2978 4417 pro
2996 4361 3056 4414 pa
3064 4355 3143 4400 rte
3156 4342 3347 4398 Donati
3358 4355 3489 4411 quos
3502 4323 3793 4396 damnantia).

2845 4432 3385 4493 TRACTATUSIL'
3700 4499 3707 4508 .

2313 4528 2387 4584 Ab
2412 4545 2467 4583 eo
2493 4519 2755 4586 versiculo,
2786 4516 2974 4572 Scribo
3024 4513 3191 4578 vobis,
3244 4510 3415 4574 ﬁlioli,
3446 4508 3558 4577 quia
3600 4505 3812 4557 remittun-

2384 4630 2468 4676 tur
2490 4616 2638 4671 vobis
2675 4619 2887 4683 pcccata
2926 4623 3020 4678 per
3057 4620 3250 4660 nomen
3283 4605 3431 4673 ejus;
3461 4593 3813 4683 υηαωὶειγιιινη

2382 4711 2479 4780 Qui
2508 4679 2687 4763 autem
2710 4701 2893 4758 fecerit
2922 4699 3246 4753 voluntatem
3279 4694 3395 4759 Dei,
3441 4695 3609 4745 mzmet
3622 4686 3671 4739 iu
3702 4679 3813 4733 ater-

2383 4775 2530 4869 nunt,
2581 4800 2716 4855 sicut
2764 4803 2819 4853 et
2862 4794 2979 4864 ipse
3019 4789 3199 4847 manet
3246 4789 3299 4843 in
3328 4776 3594 4842 azternu'm.
3640 4775 3739 4842 (inp.
3766 4782 3811 4826 υρ

2397 4892 2733 4967 7.1247.‘
3475 4884 3545 4967 ,λ

2384 4941 2434 5043 ί.
2459 4941 2792 5050 Domi—aqua:
2842 4979 3087 5047 leguntur
3133 4972 3198 5027 de
3234 4964 3520 5036 Scripturis
3560 4952 3737 5014 sanctis

2313 5079 2710 5136 instructionem
2760 5079 2817 5128 et
2866 5054 3088 5126 salutem
3138 5072 3391 5121 nostram,
3434 5056 3627 5111 intento
3657 5041 3809 5112 θροηοῑ

2312 5173 2513 5229 audire.
2561 5167 2782 5222 Maxime
2811 5173 2986 5217 tamen
3015 5156 3280 5214 memoria:
3305 5138 3687 5207 cummi-atlantis
3702 5137 3809 5189 sunt.

2314 5280 2431 5338 qua:
2460 5261 2712 5314 adversus
2761 5252 3042 5310 haereticos
3096 5246 3271 5301 valent
3313 5230 3807 5312 plurimumutttm’“

2378 5381 2393 5411 ι
2418 5384 2596 5425 Omnes
2617 5369 2723 5420 fere
2742 5374 2881 5427 Mss,
2899 5358 3062 5415 videre
3084 5356 3241 5409 iuriam
3260 5356 3429 5404 mvatn
3448 5361 3466 5400 :
3486 5352 3595 5399 Ecce
3618 5337 3722 5390 itm-
3739 5334 3808 5380 1⁸⁸

2313 5441 2512 5494 habent,
2538 5432 2718 5484 dicunt
2742 5489 2769 5494 __
2791 5487 2801 5494 _
3090 5480 3158 5494 _..,
3210 5468 3219 5494 :

2377 5464 2515 5555 31232
2538 5464 2910 5557 ἂῗὶῑίῡὺατη.
2936 5494 3054 5546 Duo,
3078 5468 3254 5532 aibant.
3279 5483 3413 5535 nes,
3436 5464 3613 5521 cum

2398 5605 2450 5671 ᾳ)
2482 5602 2583 5671 vn.-
2610 5601 2658 5671 ει)
2679 5564 3495 5671 ξοειξςξῑεξξιετΗςξλἨμὲείζω
3519 5623 3648 5671 ...(ι)
3661 5612 3807 5671 δέκα

2398 5619 2428 5654 a
2482 5605 2583 5675 \‘id.
2610 5605 2658 5649 in
2682 5605 3177 5668 Evang.;trat:t.
3202 5605 3248 5643 ιι,
3268 5605 3316 5654 ιε.
3339 5605 3386 5627 ιι.
3704 5617 3713 5629 ,
3733 5614 3741 5623 ,

2473 5663 2660 5738 scilicet
2994 5643 3509 5771 elusa?
3519 5653 3575 5672 -
3586 5623 3648 5727 (ﬁ)
