3994 6378
192 439 322 504 1989

183 554 382 619 insidiae
403 546 723 605 infirmiores
751 555 993 614 quosque
1031 547 1086 596 et
1107 538 1516 610 negligentiores
1541 535 1766 588 circum-

182 647 358 707 venire
388 659 494 696 non
521 645 752 694 cessant.
785 635 1106 690 Mementote
1135 630 1422 685 Dominum
1448 624 1698 682 nostrum
1716 635 1771 680 et

183 741 496 801 salvatorem
524 733 706 788 Jesum
730 729 1018 792 Christum,
1047 735 1100 782 et
1122 733 1388 780 mortuum
1409 737 1528 776 esse
1551 735 1650 792 pro
1677 728 1771 773 no-

188 834 263 892 bis
285 838 337 882 et
364 823 761 886 resurrexisse;
791 826 1056 875 mortuum
1088 817 1294 872 scilicet
1319 823 1536 884 propter
1573 811 1768 866 delicta

190 931 380 986 nostra,
407 916 767 973 resurrexisse
821 921 1037 981 propter
1079 908 1767 979 jnstitlcationem'nostram

198 1016 368 1093 (Rom.
410 1027 485 1076 tv,
535 1008 669 1082 ΞΒ).
699 1009 848 1063 Sicut
891 1005 1050 1060 modo
1086 1003 1304 1056 audiStis
1332 999 1453 1070 quia
1481 996 1770 1093 discipulo-

198 1087 301 1167 rum
322 1106 543 1159 duorum
573 1115 708 1171 quos
739 1100 940 1153 invenit
969 1097 1020 1150 iu
1053 1096 1156 1157 via,
1186 1093 1508 1147 tenebantur
1538 1087 1673 1143 oculi
1704 1101 1774 1141 ne

200 1213 306 1258 eum
348 1198 694 1264 agnoscerent
715 1197 744 1243 ι’
764 1200 817 1244 ει
847 1188 1045 1242 invenit
1073 1199 1165 1239 eos
1217 1185 1559 1253 desperantes
1585 1181 1652 1235 de
1679 1191 1768 1234 re-

204 1288 484 1355 demptione
527 1298 648 1353 quce
687 1289 800 1337 erat
836 1282 886 1333 in
917 1279 1147 1342 Christo,
1177 1286 1232 1330 et
1259 1275 1626 1330 exiStimantes
1651 1272 1762 1340 jam

208 1371 335 1437 illum
361 1391 567 1447 passum
595 1382 648 1429 et
674 1382 942 1427 martuum
967 1369 1149 1433 fuisse,
1185 1368 1320 1421 sicut
1341 1365 1639 1428 hominem,
1673 1376 1772 1416 nec

215 1483 433 1540 tanquam
474 1465 667 1520 Filium
716 1463 808 1517 Dei
852 1470 1096 1532 putantes
1135 1471 1346 1526 semper
1382 1456 1598 1518 vivere;
1627 1463 1677 1506 et
1719 1453 1771 1505 in

217 1578 353 1620 came
375 1564 441 1614 ita
489 1567 753 1613 mortuum
785 1565 840 1610 ut
868 1571 972 1609 non
1004 1555 1364 1617 revivisceret,
1407 1551 1498 1605 sed
1523 1557 1771 1617 tanquam

219 1667 356 1708 unum
380 1665 443 1704 ex
463 1646 740 1715 Proiihetis
770 1663 782 1697 :
807 1646 943 1700 sicut
964 1645 1122 1697 verba
1141 1655 1324 1700 eorum
1343 1639 1504 1708 paulo
1523 1647 1648 1692 ante
1676 1637 1766 1706 qui

221 1744 380 1800 intenti
408 1741 582 1802 eratis,
613 1735 855 1791 audistis.
901 1735 1049 1790 Tunc
1075 1733 1412 1803 aperuit'iliis.
1449 1731 1771 1798 Scriptor-as,

224 1838 448 1905 incipiens
496 1848 526 1886 a
568 1832 744 1902 Moyse
791 1845 887 1899 per
935 1841 1121 1881 omnes
1150 1827 1460 1894 Prophetas,
1490 1823 1776 1878 ostendens

227 1927 288 1982 eis
307 1927 472 1978 omnia
522 1937 638 1992 qua:
688 1933 877 1989 passus
918 1929 1031 1972 erat
1065 1916 1314 1986 pratdicta
1361 1916 1523 1969 fuisse
1553 1930 1566 1976 ;
1597 1930 1663 1967 ne
1697 1913 1775 1965 illi

232 2019 382 2087 magis
410 2022 756 2076 moverentur,
799 2011 842 2065 si
871 2010 1246 2063 resurrexisset
1275 2007 1550 2071 Dominus,
1573 2017 1625 2058 et
1667 2020 1781 2058 ma-

224 2089 302 2179 gis.
319 2109 365 2162 ei
394 2121 488 2159 non
511 2106 805 2166 crederent,
830 2103 872 2156 si
902 2101 968 2155 de
995 2101 1087 2154 illo
1129 2101 1228 2152 ista
1256 2107 1378 2150 ante
1399 2097 1672 2150 dicta-non
1693 2111 1778 2150 es-

226 2208 345 2256 sem.
375 2196 603 2251 Firntitas
631 2195 774 2249 enim
820 2192 941 2246 fidei
983 2192 1032 2244 in
1077 2206 1143 2245 eo
1171 2200 1271 2253 est,
1304 2189 1426 2257 quia
1462 2188 1640 2241 ontuia
1663 2202 1782 2255 qua:

227 2297 483 2346 evenerunt
508 2289 557 2341 in
583 2287 815 2350 Christo,
876 2283 1122 2353 praedicta
1169 2291 1310 2335 sunt.
1359 2280 1612 2349 Discipuli
1655 2293 1782 2348 ergo

229 2397 329 2437 eum
350 2396 443 2435 non
473 2387 818 2448 agnoverunt,
846 2377 949 2430 nisi
991 2376 1040 2427 in
1075 2374 1332 2428 l'ractione
1371 2372 1538 2439 panis.
1573 2370 1785 2424 Etvere

230 2473 301 2543 qui
327 2488 418 2526 non
441 2471 536 2525 sibi
554 2469 809 2537 judicium
833 2466 1116 2520 manducat
1145 2476 1197 2518 et
1217 2465 1349 2518 bibit
1370 2465 1386 2533 (
1405 2463 1418 2514 l
1439 2462 1555 2516 Cor.
1573 2478 1645 2524 xu,
1661 2457 1780 2530 29),

232 2566 276 2620 in
297 2563 533 2618 frictione
551 2562 698 2630 panis
727 2558 994 2614 Christum
1026 2556 1281 2628 agnoscit.
1317 2556 1502 2608 Postea
1527 2563 1574 2606 et
1602 2553 1674 2608 illi
1699 2567 1786 2605 un-

233 2655 375 2710 decim
399 2655 640 2723 putabant
657 2668 716 2706 se
744 2652 986 2721 spiritum
1002 2649 1200 2704 videre.
1220 2647 1450 2702 Praebuit
1475 2661 1537 2700 se
1566 2645 1783 2714 palpan-

233 2747 446 2817 dum,qui
468 2763 524 2800 se
545 2745 769 2814 praebuit
793 2741 1226 2811 crucifigendum;
1257 2738 1673 2808 crttciiigondnm
1697 2737 1788 2790 iui°

235 2840 379 2899 micis,
403 2837 712 2906 palpandum
735 2835 920 2889 amicis
951 2852 962 2886 :
995 2833 1234 2888 medicus
1256 2841 1430 2885 tamen
1457 2831 1786 2895 omnium,et

235 2928 414 2982 illorum
435 2928 736 2997 impietatis,
765 2935 817 2981 et
837 2927 1053 2980 istorum
1076 2923 1455 2982 incredulitatis
1475 2924 1512 2974 ί.
1551 2921 1788 2990 Namque

237 3018 424 3074 tudinis
450 3035 565 3074 cum
595 3020 756 3072 Actus
774 3017 1144 3085 Apostolorum
1175 3016 1493 3084 legerentur.
1523 3023 1650 3083 quot
1666 3015 1786 3068 mil~

238 3110 294 3165 lis
315 3112 713 3166 credideruntex
737 3107 1160 3164 interfectoribus
1187 3107 1380 3161 Curisti
1404 3105 1420 3175 (
1445 3106 1555 3158 Act.
1591 3123 1647 3169 ιι,
1671 3107 1730 3159 il
1747 3108 1783 3175 ).

234 3200 280 3258 Si
324 3203 647 3257 crediderunt
675 3210 858 3269 postea
888 3199 975 3268 qui
1003 3196 1323 3256 occiderant,
1355 3211 1458 3250 non
1499 3206 1648 3250 erant
1673 3211 1789 3251 (ιι-εκ

231 3291 369 3349 ditari
395 3295 478 3363 qui
504 3293 768 3362 paululum
787 3288 1139 3345 dubitabant?
1171 3289 1233 3342 Et
1257 3287 1382 3356 ipsis
1411 3298 1588 3342 tamen
1608 3291 1625 3358 (
1648 3287 1789 3356 quod

228 3387 433 3441 maxime
481 3385 686 3441 debetis
743 3383 1184 3446 animadvertere,
1215 3387 1270 3435 et
1306 3382 1575 3436 memoria:
1602 3389 1789 3435 vestrae

224 3479 474 3542 mandare,
501 3479 622 3548 quia
648 3489 831 3532 contra
849 3477 1131 3531 insidiosos
1150 3491 1424 3531 errorores
1453 3476 1596 3530 Deus
1626 3475 1789 3531 voluit

221 3583 404 3640 ponere
429 3570 818 3624 firmamentum
847 3569 896 3622 in
950 3567 1258 3635 Scripturis,
1290 3577 1476 3620 contra
1514 3581 1645 3634 quas
1674 3565 1789 3618 nul-

219 3659 298 3721 lus
321 3663 472 3716 audet
502 3664 662 3731 loqui,
686 3662 775 3731 qui
797 3676 1013 3730 quoquo
1039 3660 1196 3714 modo
1216 3674 1274 3713 se
1301 3659 1414 3713 vult
1450 3658 1614 3713 videri
1645 3657 1789 3711 chri-

216 3753 436 3812 stianum
461 3754 477 3824 )
503 3771 622 3809 cum
648 3769 706 3806 se
734 3751 1054 3821 palpandum
1080 3751 1411 3821 pra-buisset,
1446 3766 1550 3803 non
1584 3750 1652 3804 illi
1679 3750 1789 3802 suf-

217 3843 362 3908 fccit,
393 3846 486 3898 nisi
512 3846 577 3902 de
615 3843 905 3912 Scripturis
927 3841 1266 3898 conﬁrmaret
1301 3856 1394 3895 cor
1419 3840 1747 3900 credentium
1775 3859 1788 3896 :

223 3937 563 4004 prospiciebat
614 3937 758 3990 enim
800 3948 898 3990 nos
940 3936 1182 3998 futuros;
1223 3932 1274 3986 in
1307 3947 1410 4000 quo
1437 3932 1576 4000 quod
1607 3934 1788 4000 palpe-

227 4038 338 4082 mus
379 4040 471 4080 nos
497 4042 598 4080 non
630 4025 909 4088 habemus,
936 4023 1031 4082 sed
1070 4022 1211 4091 quod
1243 4023 1477 4092 legamus
1517 4021 1788 4078 habemus.

235 4112 290 4172 Si
310 4117 439 4172 enim
469 4125 743 4186 propterea
773 4116 847 4170 illi
892 4115 1255 4179 crediderunt,
1285 4115 1404 4182 quia
1436 4123 1718 4168 tenuerunt
1741 4121 1796 4167 et

236 4208 555 4276 palpaverunt
581 4225 597 4273 ;
630 4226 727 4263 nos
744 4208 869 4277 quid
891 4206 1183 4266 faciemus?
1208 4206 1321 4262 Jam
1350 4205 1590 4260 Christus
1609 4221 1794 4261 ascen.

237 4295 308 4354 dit
331 4300 376 4354 in
398 4301 605 4364 uelum,
639 4315 743 4354 non
768 4309 850 4353 est
869 4307 1122 4352 venturus
1150 4297 1247 4350 nisi
1273 4297 1327 4356 in
1357 4297 1479 4362 line,
1511 4305 1567 4349 ιιι
1591 4295 1798 4364 judicet

240 4390 297 4450 tit
343 4395 465 4449 viris
505 4402 557 4447 et
587 4392 812 4448 mortuis
845 4409 858 4444 :
893 4391 1030 4446 unde
1058 4391 1308 4444 credituri
1335 4404 1536 4451 sumus,
1570 4389 1670 4443 nisi
1698 4405 1796 4442 un-

240 4480 298 4539 de
317 4493 364 4538 et
388 4485 524 4553 ipsos
551 4487 825 4555 palpantes
842 4484 1005 4537 voluit
1033 4484 1335 4538 confirmari
1357 4483 1379 4538 ?
1408 4483 1630 4550 Aperuit
1653 4483 1794 4540 enim

241 4573 330 4630 illis
350 4575 658 4646 Scriptores,
675 4588 727 4630 et
747 4576 979 4630 ostendit
996 4575 1072 4628 eis
1095 4575 1213 4642 quia
1231 4575 1503 4642 oportebat
1524 4575 1627 4642 pati
1649 4575 1795 4628 Chri-

241 4674 381 4730 stum,
410 4677 459 4724 et
486 4668 688 4736 impleri
709 4667 883 4721 omnia
917 4681 1034 4736 qum
1059 4666 1125 4721 de
1152 4666 1242 4720 illo
1271 4667 1463 4735 scripta
1491 4677 1613 4720 sunt
1641 4670 1689 4719 in
1719 4665 1796 4720 le-

243 4769 298 4823 se
322 4757 489 4828 Moysi,
520 4769 570 4814 et
601 4759 900 4826 Prophetis,
940 4767 993 4810 et
1023 4757 1270 4810 Psalmis.
1298 4757 1521 4811 Omnem
1561 4767 1793 4811 veterem

246 4851 421 4903 textum
444 4849 828 4919 Scripturarum
855 4849 1245 4917 circumplexus
1271 4857 1370 4901 est.
1399 4846 1661 4916 Quidquid
1691 4848 1796 4902 illa-

250 4950 350 4994 tum
372 4940 748 5009 Scripturarum
779 4949 880 5005 est,
909 4938 1175 4994 Christum
1209 4949 1402 5002 sonat;
1435 4938 1527 4992 Sed
1562 4940 1604 4993 si
1640 4955 1796 4994 aures

252 5024 468 5088 inveniat.
494 5033 555 5090 Et
589 5031 797 5102 aperuit
817 5032 894 5086 eis
921 5045 1155 5092 sensum.
1187 5041 1245 5085 ut
1275 5030 1628 5100 intelligerent
1647 5031 1793 5086 Scri-

253 5128 426 5187 pturas.
457 5126 601 5186 [inde
623 5136 678 5184 et
708 5126 859 5180 nobis
887 5127 986 5179 hoc
1009 5125 1267 5180 orandum
1298 5133 1400 5191 est,
1441 5133 1498 5179 ut
1527 5126 1638 5195 ipse
1667 5140 1793 5180 sen-

250 5223 592 5280 lunraustrttm
621 5218 840 5286 aperiat.

306 5305 353 5364 2.
381 5307 508 5376 Quid
534 5317 710 5362 autem
737 5306 970 5362 ostendit
1004 5307 1262 5362 Dominus
1286 5306 1536 5374 scriptum
1564 5307 1630 5360 de
1655 5323 1712 5362 se
1739 5309 1794 5364 in

247 5395 344 5467 lese
383 5400 560 5471 Moysi,
586 5410 641 5457 et
668 5399 966 5469 Prophetis,
994 5409 1047 5454 et
1076 5398 1335 5453 Psalmis?
1375 5398 1500 5467 quid
1525 5399 1794 5454 ostendit?

247 5485 348 5557 Ipse
383 5492 535 5547 dicat.
568 5491 809 5547 Breviter
838 5490 940 5544 hoc
983 5489 1316 5559 Evangelista
1351 5490 1562 5557 posuit,
1595 5498 1652 5546 ut
1697 5506 1794 5546 nos

246 5595 497 5640 nossemus
534 5583 656 5658 quid
689 5583 739 5638 in
768 5591 926 5644 tanta
953 5580 1225 5638 latitudine
1255 5580 1642 5648 Scripturarum
1675 5597 1792 5636 cre-

245 5671 356 5731 tlsre
375 5677 750 5746 etintelligcre
777 5660 1080 5734 debeamus.
1109 5673 1266 5730 Certe
1289 5673 1467 5726 multm
1495 5685 1617 5727 sunt
1648 5671 1794 5741 pagi-

244 5817 685 5928 dyuamssq
702 5821 748 5864 et
768 5813 958 5864 iuerint:
979 5812 1262 5878 iinpietates,
1280 5821 1324 5865 et
1351 5811 1548 5864 istorum
1568 5812 1800 5866 incredu-

351 5895 376 5928 8
395 5895 434 5928 81

351 5895 434 5930 38¢

1343 369 1568 476 CAPIiT
1607 415 1674 470 ll.
1715 411 2129 474 TRACTATUS
2166 416 2233 474 ll.

3313 417 3452 476 i990

1879 545 1981 596 nte,
2001 542 2053 584 et
2079 531 2228 586 multi
2246 531 2388 599 libri,
2408 531 2510 587 hoc
2532 531 2728 588 habent
2752 547 2938 589 omnes
2961 535 3098 605 quod
3120 535 3257 592 dixit
3280 537 3454 598 Domi-

1878 637 1977 676 nus
2003 623 2229 678 breviter
2255 625 2526 694 discipulis
2549 626 2682 683 suis.
2710 625 2845 694 Quid
2867 627 3109 682 esthoc?
3136 629 3268 697 Quia
3297 649 3451 704 apor-

1876 713 2006 770 tebat
2036 717 2140 784 pati
2179 713 2467 785 Christum,
2494 727 2540 771 et
2566 735 2822 789 resurgere
2847 721 3114 777 tertia-die.
3144 724 3319 784 Habes
3343 728 3452 796 jam

1875 805 1941 860 de
1979 818 2194 875 Spenso,
2232 810 2352 878 quia
2394 811 2648 878 oportebat
2685 810 3076 883 Christum'pati
3105 826 3148 870 et
3177 835 3452 889 resurgere.

1876 896 2286 954 Commendatos
2312 910 2394 954 est
2415 901 2564 955 nobis
2591 918 2836 971 sponsus.
2862 883 3454 974 Desponsa-videamus

1875 987 1998 1060 quid
2027 994 2200 1056 dicat;
2246 1004 2302 1047 ut
2333 1005 2385 1048 tu
2411 1007 2537 1049 cum
2567 1001 2884 1072 cognoveris
2913 1015 3163 1069 sponsum
3191 1012 3456 1074 et-spon-

1877 1095 2024 1145 sam,
2055 1099 2158 1138 non
2203 1085 2320 1138 sine
2359 1101 2516 1140 causa
2560 1089 2626 1141 ad
2657 1092 2868 1158 nuptias
2907 1093 3106 1147 venias.
3154 1095 3458 1153 Celobratio

1877 1174 2016 1228 enim
2048 1177 2344 1244 nuptiarum
2387 1178 2560 1232 omnis
2597 1180 2888 1235 celebratio
2921 1200 2934 1236 :
2965 1183 3221 1244 Ecclesia!
3261 1189 3458 1257 nuptite

1876 1266 2226 1320 celebrantur.
2258 1270 2520 1324 Ducturus
2547 1281 2629 1325 est
2655 1287 2872 1328 uxorem
2913 1275 3238 1346 illius'regis,
3261 1281 3460 1348 'etipse

1877 1357 2178 1428 tiliusregis
2207 1375 2298 1413 rex
2333 1378 2346 1414 :
2375 1373 2428 1415 et
2450 1361 2932 1432 qtti-frchentant,
2963 1367 3060 1436 ipsi
3089 1381 3211 1425 sunt
3236 1385 3453 1440 sponsa.

1876 1443 1990 1501 Non
2035 1450 2301 1518 quomodo
2337 1451 2399 1503 in;
2436 1454 2632 1520 nuptiis
2673 1458 3088 1514 carrislibus'alii
3120 1459 3458 1530 frequentant

1880 1541 2115 1611 nuptias,
2135 1552 2186 1597 et
2221 1544 2329 1596 alia
2351 1545 2520 1611 nubit,
2550 1546 2601 1598 in
2641 1546 2878 1602 Ecclesia
2904 1551 2990 1617 qui
3026 1551 3379 1620 frequentant,
3409 1556 3455 1610 si

1878 1635 2013 1689 bene
2041 1637 2393 1704 frequentant,
2421 1651 2616 1705 sponsa
2663 1638 3023 1694 ﬁunt-.Omnis
3048 1643 3186 1696 enim
3217 1644 3458 1702 Ecclesia

1881 1739 2072 1797 Sponsa
2103 1728 2298 1783 Christi
2328 1731 2437 1793 est,
2454 1732 2604 1798 cujus
2632 1733 2945 1801 principium
2975 1744 3029 1789 et
3054 1737 3296 1803 primitiae
3331 1754 3460 1794 mro

1881 1819 2074 1874 Christi
2117 1832 2197 1874 cst
2237 1839 2248 1873 :
2289 1822 2358 1877 ibi
2387 1821 2574 1889 juncta
2610 1833 2691 1877 est
2732 1838 2923 1892 sponsu
2954 1838 3149 1895 sponso
3181 1829 3234 1883 in
3275 1845 3457 1886 carne.

1882 1910 2068 1965 Merito
2109 1927 2342 1966 carnem
2367 1913 2698 1982 ipsam'cum
2729 1917 3144 1970 commendaret.
3177 1919 3229 1983 ι,
3269 1928 3462 1988 panem

1883 2002 2063 2070 fregit;
2094 2013 2146 2056 et
2177 2005 2369 2058 merito
2413 2003 2466 2057 in
2503 2003 2776 2059 fractione.
2795 2009 2950 2075 panis
2970 2009 3148 2077 aperti
3177 2021 3308 2067 sunt
3324 2013 3466 2071 oeuli

1883 2093 2259 2161 discipulorum
2286 2133 2298 2156 ,
2347 2103 2399 2147 et
2435 2105 2762 2163 agnoverunt
2805 2113 2944 2153 eum.
2974 2098 3124 2166 ‘Quid
3165 2115 3294 2170 ergo
3332 2101 3468 2160 dixit

1885 2184 2139 2238 Dominus
2169 2185 2424 2253 scriptum
2436 2201 2555 2240 esse
2575 2186 2644 2240 de
2672 2199 2730 2240 se
2755 2189 2804 2240 in
2835 2189 3384 2260 Lege,et-Prophetis.
3413 2203 3468 2254 οι

1886 2277 2146 2332 Psalmis?
2166 2279 2296 2344 Quia
2316 2279 2573 2348 Oportebat
2595 2281 2700 2347 pati
2721 2278 2994 2335 Christum.
3022 2283 3076 2337 Si
3100 2299 3203 2340 non
3224 2287 3465 2354 adderet,

1887 2378 1932 2423 ot
1954 2383 2226 2438 resurgere,
2257 2379 2399 2423 recte
2430 2370 2499 2422 illi
2527 2371 2854 2439 plangorem,
2883 2373 3110 2440 quorum
3141 2377 3278 2432 οωιιι
3312 2387 3464 2434 tene-2

1889 2460 2112 2523 bantur;
2145 2459 2236 2514 sed
2275 2471 2332 2515 et
2376 2477 2632 2531 resurgere
2675 2463 2980 2529 prmdiotum
3026 2473 3126 2520 est.
3163 2467 3240 2521 'Et
3282 2469 3466 2536 utquid

1889 2551 2020 2605 hoc?
2062 2567 2225 2621 quare
2267 2553 2543 2621 Oportebat
2588 2554 2690 2622 pati
2729 2552 2995 2607 Christum
3039 2565 3092 2609 et
3147 2559 3469 2625 resurgere?

1890 2643 2110 2711 Propter
2140 2645 2286 2698 illum
2315 2645 2571 2713 psalmum
2595 2660 2750 2713 quem
2778 2646 2926 2699 vobis
2945 2647 3172 2701 maxime
3197 2664 3469 2705 commen-

1891 2734 2161 2798 davimus,
2193 2745 2375 2804 quarta
2421 2736 2657 2800 sabbati,
2689 2737 2914 2791 statione
2956 2739 3124 2806 prima
3165 2741 3468 2798 novissima:

1893 2826 2254 2881 hebdomadis.
2287 2827 2460 2894 Quare
2488 2828 3049 2898 oportebatChristum
3077 2833 3184 2900 pati
3215 2843 3266 2886 et
3295 2849 3472 2889 resur—

1891 2920 2048 2990 gere?
2078 2921 2360 2989 Propterea
2385 2922 2407 2960 ³
2435 2937 2450 2974 :
2494 2919 3022 2976 Commemorabuntur
3045 2933 3091 2978 et
3127 2936 3473 2989 convertentur

1893 3014 1960 3065 ad
1988 3013 2258 3067 Dominum
2301 3015 2516 3067 universi
2547 3016 2671 3083 ﬁnes
2698 3025 2858 3078 terra,
2886 3027 2936 3069 et
2953 3017 3234 3072 adorabunt
3255 3020 3310 3072 in
3347 3037 3470 3076 con-

1892 3114 2062 3175 spectu
2091 3109 2195 3176 ejus
2230 3107 2471 3161 universa;
2506 3110 2683 3177 patria:
2714 3109 2934 3179 gentium
2963 3109 2981 3180 (
3000 3109 3148 3164 Paul.
3180 3127 3266 3165 xxt
3288 3155 3301 3176 ,
3344 3112 3469 3185 9.8).

1893 3195 2021 3249 Nam
2055 3205 2109 3250 ut
2150 3198 2403 3252 noveritis
2429 3199 2547 3267 quia
2585 3199 2840 3267 oportebat
2881 3201 2989 3267 puti
3017 3201 3270 3255 Christum
3311 3213 3357 3257 et
3389 3221 3475 3259 re-

1892 3305 2122 3359 surgere;
2146 3299 2198 3343 et
2227 3289 2312 3342 hic
2337 3290 2459 3359 quid
2490 3290 2707 3353 addidit,
2735 3301 2790 3344 nt
2815 3301 2932 3359 post
2959 3295 3475 3352 commendationem

1894 3383 2070 3449 sponsi
2112 3382 2508 3436 commendaret
2550 3392 2603 3437 et
2643 3385 2935 3452 sponsam?
2979 3384 3359 3455 Etpraxticari,
3392 3388 3477 3444 in-

1892 3472 2025 3540 quit,
2055 3473 2106 3525 in
2141 3474 2340 3526 noniine
2367 3475 2476 3543 ejus
2499 3475 2835 3542 paenitentiam
2861 3485 2904 3528 et
2933 3477 3272 3532 remissionem
3297 3494 3478 3549 pecca-

1895 3571 2058 3614 torum
2085 3575 2173 3631 per
2198 3579 2370 3616 ontnes
2395 3574 2580 3632 gentes,
2609 3565 2849 3633 incipiens
2888 3567 2950 3618 ab
2975 3565 3261 3621 Jerusalem
3286 3569 3327 3624 ³.
3366 3571 3476 3625 Λιι-

1895 3654 2062 3715 distis,
2093 3656 2303 3720 fratres,
2337 3665 2529 3710 tenete.
2565 3657 2730 3709 Nemo
2756 3657 2954 3710 dubitet
2983 3659 3050 3711 de
3071 3660 3324 3720 Ecclesia,
3355 3662 3477 3730 quia

1898 3763 1989 3816 per
2017 3759 2202 3801 omnes
2221 3757 2406 3817 gentes
2432 3757 2514 3802 est-
2540 3763 2553 3812 ;
2582 3764 2738 3803 nemo
2757 3748 2982 3816 dubitet,
3016 3751 3138 3820 quia
3164 3752 3234 3804 ab
3255 3751 3445 3808 Jerusa
3462 3785 3475 3796 -

1900 3839 2000 3893 lem
2030 3839 2223 3906 coepit.
2270 3847 2325 3892 et
2367 3853 2554 3893 omnes
2595 3852 2781 3909 gentes
2823 3841 3080 3910 implevit.
3128 3844 3480 3913 Agnescittitls

1896 3944 2081 3999 agrum
2120 3930 2203 3982 ubi
2235 3930 2358 3982 vitis
2393 3931 2624 3998 plantata
2665 3939 2749 3984 est
2788 3949 2800 3983 :
2845 3947 2964 3986 cum
3007 3943 3183 3987 autem
3229 3938 3476 4003 creverit,

1899 4038 2003 4078 non
2030 4024 2383 4092 agnoscimus,
2417 4023 2534 4091 quia
2581 4031 2744 4076 totum
2774 4025 3067 4092 occupavit.
3101 4026 3248 4080 Unde
3275 4030 3479 4095 capit?

1898 4116 1971 4170 Ab
1997 4115 2298 4171 Jerusalem.
2335 4115 2451 4182 Quo
2482 4115 2759 4184 pervenit?
2780 4115 2858 4168 Ad
2879 4131 3049 4169 onum
3072 4126 3257 4185 gentes.
3293 4119 3479 4173 Paucae

1898 4217 2285 4273 remanserunt,
2315 4221 2499 4260 omnes
2525 4205 2746 4260 tenebit.
2790 4205 2994 4260 Interea
3031 4205 3155 4260 dum
3181 4222 3368 4262 omnes
3395 4218 3478 4264 te-

1900 4309 2005 4363 net,
2035 4300 2207 4370 aliqua
2229 4311 2493 4353 sarmenta
2517 4298 2718 4352 inutilia
2742 4299 2853 4353 visa
2877 4306 3000 4351 sunt
3023 4297 3264 4367 agricola:
3289 4301 3478 4368 princi-

1899 4390 2103 4454 denda;
2149 4400 2204 4446 et
2247 4389 2487 4445 fecerunt
2527 4391 2758 4444 harrescs
2799 4397 2852 4443 et
2891 4388 3193 4444 schismata.
3241 4389 3353 4443 Non
3384 4404 3480 4445 vos

1900 4484 2147 4538 inducant
2190 4483 2406 4552 prmcisa
2429 4523 2442 4543 ,
2475 4490 2530 4535 ut
2572 4479 2964 4550 prmcidamini;
3005 4480 3285 4535 hortamini
3315 4482 3480 4552 magis

1899 4592 2017 4648 qua:
2045 4578 2260 4647 przncisa
2304 4585 2446 4640 sunt,
2483 4584 2541 4628 ut
2577 4576 2766 4630 iterum
2796 4577 3113 4630 inserantur.
3149 4575 3478 4632 Manifestum

1902 4678 1984 4724 est
2008 4671 2279 4724 Christum
2307 4683 2518 4737 p:ts_sttm
2541 4709 2555 4732 ,
2597 4669 2973 4732 resurrexisse,
3005 4677 3058 4721 et
3085 4669 3388 4723 ascendisse
3427 4670 3478 4724 in

1899 4765 2091 4820 etclam
2111 4781 2123 4817 :
2141 4763 2473 4817 manifestata
2493 4772 2574 4815 est
2600 4770 2653 4816 ct
2674 4762 2929 4823 Ecclesia,
2952 4761 3072 4829 quia
3089 4762 3403 4829 pra-dicatur
3428 4763 3478 4817 in

1900 4859 2114 4911 nomine
2151 4857 2269 4923 ejus
2313 4854 2619 4924 paenitentia
2647 4861 2700 4907 et
2739 4853 2984 4906 remissio
3016 4861 3353 4918 peccatorum
3388 4870 3482 4921 per

1899 4965 2083 5005 omnes
2112 4958 2315 5019 gentes.
2366 4946 2517 5002 Unde
2556 4946 2754 5014 carpit?
2779 4944 3037 5012 Incipiens
3081 4945 3144 4996 ab
3169 4942 3476 5000 Jerusalem.

1899 5041 2061 5096 Audit
2101 5041 2291 5093 stultus
2313 5080 2327 5103 ,
2373 5051 2539 5091 vanus
2560 5079 2573 5101 ,
2616 5046 2664 5088 et
2697 5034 2822 5104 quid
2848 5034 3073 5102 amplius
3098 5033 3336 5094 dicturus
3364 5051 3482 5092 sum

1897 5147 2054 5203 quam
2077 5146 2269 5193 ca-cus,
2294 5129 2380 5197 qui
2409 5135 2514 5182 tam
2537 5141 2780 5196 magnum
2805 5134 3038 5178 montem
3067 5137 3168 5179 non
3191 5127 3364 5191 videt;
3394 5131 3483 5198 qui

1898 5233 2079 5278 contra
2104 5224 2369 5276 lucernam
2398 5221 2447 5273 in
2467 5219 2781 5273 candelabro
2798 5219 3021 5288 positam
3040 5220 3222 5274 oculos
3252 5221 3486 5275 claudit?

1969 5315 2020 5370 ὃ.
2053 5313 2182 5369 Cum
2215 5313 2294 5367 eis
2325 5311 2582 5376 dicimus,
2621 5310 2679 5366 Si
2710 5311 2986 5365 christiani
3027 5313 3271 5366 catholici
3310 5312 3439 5368 catis
3467 5349 3492 5373 ,.

1898 5408 2283 5464 communicate
2314 5405 2383 5458 illi
2409 5402 2656 5458 Ecclesia:
2678 5403 2817 5458 unde
2841 5403 3184 5474 Evangelium
3217 5410 3326 5454 toto
3349 5400 3478 5455 orbe

1897 5501 2238 5564 diffunditur;
2272 5499 2342 5552 illi
2380 5497 2690 5553 Jerusalem.
2716 5497 3134 5559 eotnmunieate,
3161 5492 3371 5560 quando
3395 5492 3474 5546 eis

1898 5594 2151 5660 dicimus,
2192 5591 2512 5664 respondent
2554 5591 2745 5656 nobis,
2771 5588 2884 5644 Non
2924 5585 3377 5643 communicamus
3400 5583 3476 5642 illi

1963 5753 1981 5785 ί
2005 5758 2096 5800 sex
2115 5758 2243 5800 Mss:
2270 5748 2436 5800 Merito
2457 5763 2506 5798 ut
2530 5760 2724 5798 carnem
2745 5743 2899 5806 ipsum
2918 5739 3274 5796 continendam!

1962 5815 1984 5847 ³
2006 5820 2080 5862 Er.
2105 5813 2248 5876 Lugd.
2277 5820 2327 5876 et
2353 5821 2488 5876 vein,
2529 5814 2719 5874 propter
2740 5803 2996 5871 psalmum
3056 5811 3120 5855 ι.

1965 5877 1988 5907 ³
2008 5882 2084 5925 Er.
2106 5872 2276 5939 Lugd,
2292 5872 2590 5932 inrmietues.
2616 5872 2622 5874 ⁷
2650 5878 2708 5919 Μ.
