3994 6372
596 423 794 484 civitati
824 418 914 475 ubi
940 416 1152 473 occisus
1178 421 1262 470 est
1290 426 1384 467 rex
1404 419 1609 473 uoster,
1639 407 1726 461 ubi
1749 407 1956 461 occisus
1979 413 2059 459 est
2080 405 2184 459 Do-

596 508 773 572 minus
802 506 981 568 noster
1014 524 1027 561 :
1058 504 1207 577 quasi
1232 501 1443 557 oderim
1466 500 1733 554 civitatem
1758 497 1847 552 ubi
1868 497 2077 552 occisus
2101 503 2185 549 est

597 606 855 662 Dominus
893 607 1093 656 noster.
1120 594 1441 652 Deciderunt
1475 589 1647 646 Judaei
1683 603 1842 659 quem
1871 588 2181 643 invenerunt

597 702 649 755 in
678 711 855 762 terra,
896 688 1182 749 essul'ilant
1216 687 1303 741 isti
1332 699 1455 741 eum
1498 683 1590 753 qui
1631 680 1782 737 sedet
1807 681 1858 733 in
1896 679 2053 733 coelo.
2080 677 2181 745 Qui

595 797 723 844 sunt
742 788 975 857 pejores.
1003 780 1092 851 qui
1119 782 1556 844 contempserunt
1583 771 1706 841 quia
1734 770 2001 825 hominem
2029 777 2182 838 puta-

597 884 756 945 bant,
786 892 854 932 an
881 873 973 945 qui
999 872 1338 929 Sacramenta
1365 867 1491 937 ,ejus
1533 863 1848 929 exsuﬂlant,
1889 876 2046 932 quem
2074 861 2183 930 jam

598 973 766 1027 Deum
791 964 1113 1023 conﬁtentur
1133 962 1157 1016 ‘l
1180 959 1286 1017 Sed
1310 957 1536 1014 oderunt
1556 953 1799 1011 videlicet
1832 952 2099 1008 civitatem
2128 951 2182 1006 in

596 1080 699 1135 qua
720 1060 933 1117 occisus
956 1064 1039 1112 est
1061 1051 1319 1109 Dominus
1343 1050 1596 1120 ipsorum.
1624 1046 1702 1102 Pii
1727 1045 1975 1135 homines
1999 1052 2054 1100 et
2080 1044 2180 1098 mi-

597 1134 918 1218 sericordes,
951 1147 1176 1205 multum
1203 1143 1387 1200 dolent
1403 1141 1641 1196 occisum
1669 1152 1791 1194 esse
1813 1134 2103 1202 Christum,
2131 1142 2186 1190 et

596 1243 846 1301 occidunt
869 1241 925 1295 in
946 1235 1255 1294 hominibus
1279 1230 1549 1288 Christum
1579 1229 1594 1283 ι
1625 1229 1696 1284 At
1715 1227 1805 1282 ille
1827 1225 2016 1282 dilexit
2041 1224 2185 1281 illam

595 1336 863 1392 civitatem
886 1370 903 1398 ,
933 1339 990 1386 et
1019 1328 1268 1383 misertus
1301 1332 1388 1380 est
1428 1321 1544 1392 ejus
1573 1338 1586 1375 :
1615 1318 1739 1377 inde
1772 1318 1904 1373 dixit
1951 1317 2188 1388 incipere

598 1426 1030 1503 pracdieatiouem
1068 1434 1241 1484 suam,
1268 1414 1529 1487 Incipiens
1551 1413 1614 1467 ab
1649 1410 1958 1503 Jerusalem.
1997 1408 2089 1465 Ille
2110 1408 2187 1465 ibi

600 1501 912 1592 principium
962 1514 1088 1569 fecit
1143 1507 1539 1582 praedicationis
1592 1502 1825 1560 nominis
1860 1501 1989 1556 sui:
2033 1508 2090 1556 et
2131 1509 2186 1555 ιιι

597 1609 933 1667 exliorrest-is
974 1602 1407 1661 communionem
1436 1598 1580 1652 illius
1608 1595 1838 1652 civitatis
1865 1596 1917 1647 ίῖ
1945 1593 2060 1649 Non
2105 1602 2189 1650 est

596 1703 792 1761 mirum
815 1702 861 1756 si
900 1698 1155 1771 prmeisus
1177 1691 1339 1749 odisti
1368 1690 1621 1746 radicem.
1649 1685 1787 1755 Quid
1813 1686 1887 1741 ait
1914 1685 2002 1741 ille
2029 1684 2189 1740 disci-

597 1798 736 1869 pulis
760 1794 907 1849 suis?
950 1790 1129 1845 Estote
1166 1786 1392 1841 sedentes
1420 1784 1475 1838 in
1517 1783 1715 1836 civitate
1736 1821 1753 1847 ,
1777 1780 1899 1850 quia
1924 1794 2015 1850 ego
2044 1778 2187 1832 mitto

598 1886 980 1960 promissionem
1020 1895 1186 1933 meam
1210 1878 1265 1931 in
1297 1892 1384 1930 vos
1413 1874 1573 1945 (Luc.
1612 1886 1759 1937 xxxv,
1789 1871 2007 1941 i549).
2048 1870 2189 1927 Ecce

596 1994 759 2052 quam
780 1978 1046 2032 civitatem
1080 1971 1328 2027 oderunt.
1363 1967 1524 2022 Forte
1546 1972 1807 2028 anmrcnt,
1834 1963 1879 2017 si
1903 1961 2073 2019 Judaei
2102 1961 2186 2016 iu-

596 2072 915 2128 terfectores
946 2065 1145 2122 Christi
1181 2063 1234 2117 in
1272 2060 1362 2116 illa
1391 2058 1709 2113 habitarent.
1748 2053 2077 2110 Manifestum
2105 2062 2190 2108 est

597 2165 741 2221 enim
766 2173 957 2217 omnes
1001 2155 1369 2213 interfectores
1395 2150 1614 2216 Christi,
1641 2147 1694 2203 id
1718 2156 1801 2203 est
1826 2145 2060 2211 indutos,
2089 2160 2186 2200 ex-

596 2256 786 2329 pulsos
811 2267 933 2310 esse
958 2251 1026 2307 de
1052 2250 1140 2304 illa
1160 2247 1395 2303 civitate.
1420 2243 1550 2312 Quae
1576 2240 1805 2297 habebat
1828 2240 2110 2294 saevientes
2136 2239 2188 2292 in

598 2345 893 2410 Christum,
918 2341 1078 2397 habet
1102 2338 1387 2393 adorantes
1412 2334 1703 2389 Christum.
1734 2331 2019 2400 Propterea
2042 2329 2189 2384 illam

598 2439 685 2495 isti
709 2436 955 2500 oderunt,
989 2432 1114 2503 quia
1132 2427 1419 2486 Christiani
1444 2428 1496 2480 in
1521 2425 1610 2481 illa
1633 2432 1777 2480 sunt.
1808 2421 1883 2476 lbi
1911 2421 2074 2477 voluit
2100 2436 2189 2476 se-

596 2529 727 2585 dere
746 2524 1037 2597 discipulos
1063 2536 1210 2587 suos,
1236 2528 1293 2575 et
1326 2518 1398 2573 ibi
1426 2516 1530 2571 illis
1555 2515 1765 2570 mittere
1786 2512 2039 2583 Spiritum
2068 2526 2191 2566 san-

595 2630 763 2676 ctum.
816 2617 915 2675 Ubi
957 2613 1205 2671 inchoata
1242 2618 1325 2666 est
1362 2607 1635 2674 Ecclesia,
1674 2604 1774 2660 nisi
1816 2604 1905 2659 ubi
1944 2604 2087 2659 venit
2123 2603 2191 2657 de

596 2713 735 2769 cmlo
781 2709 1013 2780 Spiritus
1057 2716 1291 2769 sanctus,
1324 2712 1381 2757 et
1410 2700 1647 2772 implevit
1671 2715 1779 2754 uno
1803 2698 1919 2753 loco
1944 2697 2192 2752 sedentes

598 2813 813 2860 centum
835 2798 1059 2872 viginti?
1086 2794 1452 2851 Duodeuarius
1474 2793 1561 2849 ille
1586 2805 1843 2851 numerus
1880 2788 2192 2858 decuplatus

599 2905 735 2953 erat.
764 2893 1035 2948 Sedebant
1057 2897 1271 2943 centum
1298 2884 1481 2955 viginti
1522 2882 1784 2946 homines,
1815 2889 1871 2936 et
1898 2881 2042 2934 venit
2065 2878 2191 2948 Spi-

598 2991 734 3046 ritus
764 2994 1000 3049 sanctus,
1031 2990 1087 3036 et
1124 2978 1360 3048 implevit
1395 2984 1561 3031 totum
1589 2976 1784 3038 locum,
1821 2981 1875 3027 et
1898 2971 2068 3029 lactus
2110 2978 2193 3025 est

596 3071 782 3146 sonus,
812 3079 961 3149 quasi
985 3074 1213 3129 ferretur
1241 3070 1396 3124 ilatus
1425 3066 1732 3127 vehemens.
1766 3072 1820 3120 et
1844 3064 2033 3133 lingua:
2056 3061 2190 3117 divi-

597 3187 673 3227 sae
693 3180 818 3226 sunt
836 3168 982 3222 velut
1000 3164 1154 3236 ignis.
1177 3160 1413 3217 Audistis
1434 3159 1597 3212 Actus
1618 3155 2011 3226 Apostolorum,
2032 3153 2191 3208 hodie

598 3263 735 3320 lecta
762 3269 848 3317 est
881 3259 992 3328 ipsa
1031 3254 1189 3310 lectio
1227 3251 1306 3324 (α)
1332 3269 1347 3305 :
1372 3251 1640 3317 Carperunt
1676 3247 1860 3316 linguis
1889 3246 2024 3312 loqui
2060 3260 2187 3314 quo-

596 3357 749 3408 modo
778 3350 1003 3420 Spiritus
1031 3347 1187 3401 dabat
1206 3345 1277 3399 eis
1304 3341 1653 3414 pronuntiare.
1681 3340 1748 3393 Et
1766 3353 1952 3392 omnes
1976 3338 2066 3407 qtti
2096 3338 2192 3392 atl-

596 3452 750 3501 erant
771 3442 897 3507 illic,
916 3439 985 3494 de
998 3436 1230 3493 diversis
1251 3434 1497 3505 gentibus
1518 3430 1794 3486 venientes
1812 3427 2003 3492 Judaei,
2024 3443 2189 3498 agno-

548 3588 555 3593 .
595 3536 817 3593 seebant
857 3529 1219 3601 unusquisque
1264 3527 1494 3597 linguam
1539 3536 1725 3585 suam;
1771 3530 1826 3575 et
1862 3520 2190 3577 mirabantur

595 3628 717 3685 illos
755 3625 944 3681 idiotas
969 3630 1025 3677 et
1062 3618 1339 3689 imperitos
1382 3615 1559 3670 subito
1596 3612 1851 3669 didicisse
1876 3626 1979 3666 non
2026 3628 2186 3666 unam

593 3729 688 3776 aut
721 3717 855 3772 duas
882 3714 1111 3784 linguas,
1138 3708 1232 3766 sed
1259 3708 1500 3763 omnium
1528 3702 1751 3759 omnino
1768 3704 2005 3773 gentium
2034 3702 2182 3770 (Act.

595 3830 631 3879 ι,
661 3811 748 3878 ili,
767 3820 814 3864 et
846 3825 902 3875 ιι,
935 3810 988 3876 1,
1013 3806 1138 3877 η).
1164 3804 1265 3860 Ubi
1293 3816 1419 3870 ergo
1448 3800 1558 3869 jam
1582 3813 1772 3853 omnes
1803 3797 1997 3867 linguae
2022 3810 2183 3849 sona-

591 3904 741 3969 bant,
767 3914 953 3957 omnes
979 3899 1174 3969 linguae
1199 3894 1483 3950 creditura:
1510 3889 1947 3945 ostendebantur.
1976 3887 2066 3942 lsti
2090 3902 2185 3941 au-

592 4008 701 4052 tem
727 3993 818 4065 qui
842 3991 1066 4047 multum
1089 3993 1273 4043 amant
1295 3983 1585 4044 Christum.
1613 3988 1667 4033 et
1692 3979 1815 4033 ideo
1844 3977 2028 4032 nolunt
2046 3992 2183 4033 com-

592 4086 866 4143 municare
890 4079 1092 4138 civitati
1134 4093 1256 4149 qua:
1283 4072 1547 4130 interfecit
1569 4070 1863 4133 Christum,
1903 4069 1982 4122 sic
2009 4066 2180 4120 Ιιοιιο-

590 4186 711 4233 rant
749 4174 1132 4237 Christum,ut
1158 4167 1347 4223 dicant
1384 4164 1532 4218 illum
1574 4159 1893 4215 remansisse
1933 4157 2000 4211 ad
2049 4157 2181 4211 duas

588 4269 799 4340 linguas
820 4307 835 4329 ,
867 4264 1114 4325 latinam,
1163 4267 1218 4314 et
1258 4256 1538 4327 punicum,
1572 4250 1624 4305 id
1662 4260 1775 4315 est,
1804 4246 2179 4340 afram.Solus

587 4339 720 4411 auus
764 4356 969 4424 linguas
999 4359 1144 4407 tenet
1182 4344 1462 4401 Christus?
1503 4341 1620 4396 ista:
1662 4341 1805 4395 enim
1837 4339 1956 4393 dua:
1984 4339 2179 4408 linguas

588 4446 720 4501 sola:
744 4452 872 4499 sunt
900 4444 954 4497 in
991 4449 1140 4511 parte
1168 4437 1378 4501 Donati,
1406 4435 1525 4503 plus
1552 4449 1656 4486 non
1696 4433 1910 4486 habent.
1947 4430 2177 4501 Evigilo-

587 4552 726 4599 mus.
767 4534 980 4598 fratres,
1007 4531 1282 4586 videamus
1308 4526 1481 4595 potius
1504 4524 1700 4578 donum
1725 4523 1954 4591 Spiritus
1982 4524 2095 4589 Dei,
2124 4534 2179 4580 et

585 4625 868 4683 credimus
889 4630 1014 4677 ante
1036 4620 1195 4677 dictis
1222 4618 1290 4675 tle
1317 4618 1425 4682 illo,
1448 4625 1502 4671 et
1528 4613 1799 4671 videamus
1824 4613 2036 4680 impleta
2058 4630 2176 4683 qua:

583 4728 709 4772 ante
741 4712 883 4770 dicta
921 4710 1123 4781 suntin
1163 4707 1415 4775 Psahuo;
1459 4703 1587 4759 Non
1621 4713 1735 4765 sunt
1783 4703 1994 4773 loquela:
2021 4720 2177 4773 neque

582 4823 838 4865 sermones
861 4847 876 4873 ,
905 4817 1119 4875 quorum
1158 4816 1260 4855 nou
1298 4799 1573 4867 audiantur
1603 4812 1962 4857 vaccaeorum.
2011 4795 2078 4849 Et
2108 4811 2174 4851 ne

582 4904 718 4961 forte
749 4902 878 4972 ipsa:
914 4898 1108 4967 lingua:
1142 4900 1402 4948 venerunt
1441 4891 1507 4945 ad
1539 4904 1698 4944 unum
1728 4888 1939 4953 locum,
1985 4896 2038 4942 et
2067 4903 2172 4942 non

581 4998 758 5069 potius
794 4993 993 5049 donum
1029 4987 1227 5044 Christi
1260 4983 1403 5040 venit
1440 4981 1507 5037 ad
1541 4994 1729 5038 omnes
1774 4980 1978 5051 linguas
2001 5022 2015 5043 ,
2049 4980 2172 5035 audi

578 5088 704 5160 quid
732 5084 970 5155 sequitur
998 5099 1011 5137 :
1043 5079 1071 5135 Ι
1078 5098 1111 5135 tt
1136 5092 1339 5133 omnem
1361 5086 1546 5130 terram
1570 5074 1689 5129 exiit
1715 5089 1869 5129 sonus
1907 5088 2102 5136 eorum,
2125 5081 2172 5127 et

577 5181 632 5235 iu
662 5181 789 5248 lines
821 5174 955 5229 orbis
981 5182 1125 5227 terra:
1152 5170 1297 5224 verba
1331 5183 1525 5221 eorum.
1559 5166 1736 5234 Quare
1765 5164 1906 5220 hoc?
1950 5162 2082 5230 Quia
2118 5163 2173 5215 iu

573 5275 682 5329 sole
718 5269 883 5342 posuit
908 5264 1286 5321 tabernaculum
1331 5278 1478 5317 suum
1509 5258 1694 5334 (Psal.
1723 5273 1889 5323 ιγιιι,
1916 5259 1952 5313 tl
1979 5259 2083 5330 6),
2118 5256 2170 5312 id

578 5377 680 5431 est,
723 5363 777 5418 in
807 5358 1112 5416 manifesto.
1152 5353 1573 5411 Tabernacnlum
1603 5352 1741 5418 ejus,
1768 5365 1894 5406 caro
1922 5353 2069 5420 ejus;
2100 5360 2170 5405 ta-

638 5487 655 5517 ¹
679 5466 829 5553 aditi;
843 5472 1149 5531 exlwrrescis
1654 5462 1784 5519 illius
2039 5474 2167 5528 mss,

573 5554 968 5598 commotionem.
1767 5591 1777 5602 ,

635 5606 707 5669 (α)
732 5607 870 5655 mer
906 5604 1004 5669 se
1030 5604 1189 5669 Αρρειο
1229 5588 1883 5669 θηηίνιξςδξξείξιξοιεηξηιιεξιεξ
1910 5597 2167 5669 rost?“-

571 5652 975 5721 unumunum
1011 5652 1335 5716 recitabatur,
1370 5666 1434 5704 ex
1457 5659 1611 5702 'I‘ract.
1649 5652 1682 5700 θ
1715 5654 1766 5702 iu
1800 5652 1978 5719 avaris.
2003 5661 2167 5720 Jour...

569 5730 737 5786 ιιι

1260 298 1329 357 ΙΝ
1364 294 1747 355 EPISTOLAM
1785 292 2061 351 JOANNIS
2099 293 2192 349 AD
2229 290 2563 360 PARTHOS,
2606 295 2663 351 S.
2705 294 3069 355 AUGUSTINI

2292 406 2633 463 bcrnaculum
2654 409 2788 479 ejus,
2816 411 3053 467 Ecclesia
3073 411 3185 482 ejus
3206 431 3219 469 :
3242 413 3296 471 in
3314 414 3423 473 sole
3445 422 3600 490 posita
3614 437 3695 497 est,
3713 448 3794 489 non

2293 501 2446 555 estin
2476 512 2651 569 nocte,
2676 502 2771 557 sed
2797 503 2849 558 in
2871 503 2977 559 die.
3003 504 3108 560 Sed
3130 522 3289 577 quare
3309 509 3384 564 illi
3404 527 3502 566 non
3523 527 3794 585 agnoscunt?

2293 590 2483 648 Redite
2495 593 2561 647 ad
2583 594 2885 663 lectionem,
2903 596 2968 653 ad
2984 613 3142 668 quam
3161 598 3269 655 beri
3285 591 3405 659 finis
3419 603 3574 662 factus
3584 619 3669 678 est,
3689 586 3800 672 ειιί.

2294 684 2417 740 dcte
2436 700 2598 756 quare
2618 704 2723 743 non
2740 699 3037 759 agnoscunt
3057 709 3068 744 :
3092 691 3189 758 Qui
3199 693 3306 753 odit
3324 697 3523 766 fratrem
3534 716 3678 770 suam,
3691 706 3734 759 in
3748 716 3802 762 ιι.

2295 775 2458 831 κάνεα
2473 782 2718 844 articulat,
2732 790 2782 833 et
2798 789 2951 835 nescit
2965 798 3064 852 quo
3078 793 3179 847 eat;
3192 787 3425 855 quoniam
3440 789 3631 848 tenebris
3643 811 3802 854 eum
3822 776 3825 777 ν

2295 880 2471 923 uerunt
2489 870 2659 924 oculos
2675 872 2804 941 ejus.
2826 872 2935 928 Nos
2954 888 3082 944 ergo
3099 878 3375 947 sequentia
3389 880 3657 952 videamus,
3673 898 3799 947 etum

2295 960 2462 1014 simus
2480 961 2533 1015 in
2550 962 2802 1018 tenebris.
2824 962 2973 1019 Unde
2988 981 3094 1021 non
3111 968 3309 1024 erimus
3323 969 3376 1025 in
3396 972 3631 1030 tenebris?
3644 977 3688 1033 Si
3698 997 3795 1038 ame-
3832 958 3839 1015 ἶ

2296 1065 2415 1106 mus
2433 1051 2642 1108 fratres.
2662 1052 2815 1110 Unde
2831 1056 3083 1125 probatur
3092 1060 3209 1129 quia
3222 1076 3462 1121 antamus
3476 1064 3795 1128 fraternitatem?

2294 1139 2428 1211 Quia
2445 1158 2553 1200 non
2568 1146 2857 1202 scindimus
2872 1149 3143 1218 unitatem,
3156 1153 3276 1222 quia
3296 1164 3530 1213 tenemus
3540 1159 3790 1221 clm-interii.
3818 1191 3823 1193 Α
3924 1150 3925 1222 Ῑ

2368 1234 2422 1289 4.
2452 1233 2632 1290 Scribo
2654 1236 2807 1305 vobis,
2839 1240 3009 1308 filioli,
3035 1245 3154 1311 quia
3176 1246 3494 1301 remittuntur
3514 1251 3633 1305 vobis
3658 1268 3795 1322 perun

2299 1344 2389 1400 per
2436 1345 2614 1383 nomen
2656 1332 2788 1401 ejus.
2833 1330 2956 1388 Ideo
3002 1334 3181 1402 filioli,
3225 1336 3352 1406 quia
3390 1338 3609 1397 dimissis
3633 1347 3797 1413 peccatis

2298 1420 2598 1477 uascimiui.
2622 1421 2726 1476 Sed
2750 1438 2844 1492 per
2865 1424 3018 1493 cujus
3044 1442 3238 1482 nomen
3263 1429 3590 1487 remittuntur
3614 1437 3798 1502 peccata?

2297 1515 2561 1586 Numquid
2587 1532 2685 1587 per
2708 1516 3025 1588 Augustini?
3049 1519 3189 1590 Ergo
3214 1536 3315 1577 uec
3338 1537 3435 1591 per
3454 1539 3624 1582 nomen
3646 1526 3800 1583 Donati.

2298 1607 2510 1663 Videris
2547 1609 2667 1679 quis
2694 1610 3050 1680 Augustinus,
3083 1622 3176 1667 aut
3198 1613 3318 1682 quis
3362 1613 3581 1672 Donatus
3603 1635 3614 1670 :
3638 1633 3803 1689 uesper

2298 1716 2495 1756 nomen
2524 1701 2693 1769 Pauli,
2710 1718 2810 1759 nec
2837 1720 2932 1775 per
2955 1721 3150 1761 nomen
3166 1705 3340 1761 Petri.
3355 1707 3483 1762 Nam
3501 1708 3799 1780 dividentibus,

2300 1792 2403 1848 sibi
2432 1794 2748 1862 Ecclesium,
2772 1805 2826 1851 et
2851 1807 3027 1867 partes
3055 1797 3231 1855 facere
3258 1798 3328 1854 de
3352 1801 3545 1856 unitate
3562 1804 3805 1859 conantibus

2299 1888 2602 1955 parturiens
2631 1888 2875 1956 parvulos
2916 1896 3086 1942 mater
3115 1889 3353 1944 Charitas
3397 1892 3447 1947 in
3475 1891 3714 1961 Apostolo,
3733 1910 3802 1948 ex-

2301 1978 2449 2047 ponit
2491 1980 2693 2034 viscera
2737 1995 2863 2047 sna,
2921 1982 3220 2037 conscindit
3274 1984 3637 2053 quodaminodo
3674 1984 3801 2041 verbis

2301 2068 2465 2124 ubera
2495 2084 2615 2131 sua.
2645 2070 2818 2140 plorat
2844 2072 2980 2127 lilios
3005 2088 3140 2142 quos
3164 2073 3329 2129 videt-
3355 2075 3543 2137 cil'erri,
3570 2076 3801 2133 revocstad

2301 2179 2464 2217 unum
2495 2177 2686 2218 nomen
2723 2178 2818 2219 eos
2845 2164 2935 2235 qui
2962 2166 3125 2220 multa
3157 2166 3379 2221 nomina
3413 2168 3508 2222 sibi
3534 2167 3679 2223 facere
3698 2168 3798 2222 volc-

2299 2252 2450 2323 bant,
2477 2254 2682 2324 repellit
2708 2253 2779 2309 ab
2805 2271 2988 2311 amore
3012 2272 3110 2311 suo
3129 2263 3189 2311 ut
3210 2256 3461 2313 Christus
3481 2266 3672 2324 ametur,
3693 2258 3800 2314 etdi-

2300 2348 2372 2402 cit
2410 2366 2422 2400 :
2456 2345 2721 2417 Numquid
2749 2346 2950 2403 Paulus
2994 2366 3087 2419 pro
3113 2350 3254 2404 vobis
3293 2351 3552 2420 cruri/inus
3580 2351 3799 2404 estlautin

2301 2442 2503 2494 nomine
2529 2440 2685 2495 Pauli
2708 2441 2949 2511 baptizati
2976 2444 3092 2497 estis
3122 2442 3166 2513 (Ι
3192 2443 3319 2498 Cor.
3342 2459 3381 2509 ι,
3406 2445 3535 2516 13)?
3563 2444 3673 2513 Quid
3688 2444 3798 2499 dicit!

2299 2532 2433 2587 Nolo
2453 2534 2556 2588 mei
2578 2534 2713 2600 sitis,
2732 2544 2791 2588 nt
2816 2549 3024 2590 mecum
3039 2537 3156 2590 sitis
3175 2538 3190 2567 ¹
3217 2555 3232 2590 :
3263 2552 3468 2592 mecum
3486 2548 3797 2602 estotemmnes

2301 2627 2444 2682 illius
2464 2642 2649 2681 sumus
2665 2628 2756 2697 qui
2789 2643 2883 2697 pro
2912 2628 3067 2683 nobis
3098 2636 3348 2685 mortuus
3369 2640 3467 2698 est,
3496 2631 3575 2702 qui
3600 2647 3677 2702 pro
3692 2628 3797 2684 nobis

2300 2718 2588 2774 cruciﬁxus
2616 2728 2700 2774 est
2723 2737 2741 2773 :
2768 2718 2910 2774 unde
2935 2728 2989 2775 et
3017 2720 3122 2781 hic.
3152 2720 3496 2776 Dimittuntur
3516 2724 3632 2777 vobis
3650 2728 3798 2793 promta

2302 2826 2389 2879 per
2414 2825 2593 2863 nomen
2612 2811 2744 2879 ejus,
2768 2824 2872 2865 non
2897 2825 2990 2879 per
3011 2810 3248 2866 hominis
3276 2813 3512 2882 alicujus.

2371 2903 2423 2957 5.
2467 2902 2645 2957 Set-ibo
2669 2903 2825 2970 vobis,
2867 2913 3049 2973 patres.
3080 2904 3263 2972 Quare
3296 2909 3461 2975 primo
3485 2906 3598 2961 lilii?
3624 2905 3722 2973 Quit
3740 2921 3797 2957 rt-

2299 2995 2565 3048 mittuntur
2578 2996 2714 3049 vobis
2736 3005 2939 3066 peccata
2955 3012 3044 3065 per
3058 3014 3243 3051 nomen
3268 3000 3399 3071 ejus,
3425 3008 3477 3055 et
3502 2996 3798 3069 regenetamini

2298 3087 2352 3142 in
2379 3102 2568 3141 novam
2607 3088 2791 3151 vitam,
2820 3088 2941 3157 ideo
2969 3087 3081 3143 lilii.
3111 3088 3305 3146 Patres
3331 3093 3521 3162 quare?
3548 3092 3799 3160 Quicmqu-

2297 3180 2436 3233 oistis
2473 3196 2586 3233 eum
2613 3180 2698 3250 qui
2730 3197 2762 3233 a
2800 3181 3046 3251 principio
3064 3191 3137 3234 est
3154 3198 3174 3235 :
3194 3183 3511 3254 principium
3524 3181 3651 3237 enim
3669 3180 3720 3234 ad
3737 3192 3800 3247 pa-

2299 3268 2598 3325 ternitatem
2629 3270 2875 3340 pertinet.
2905 3270 3082 3326 Novus
3106 3272 3362 3330 Christus
3382 3276 3431 3329 iu
3455 3290 3615 3336 carne.
3639 3270 3711 3327 sed
3731 3285 3799 3324 an-

2298 3361 2474 3431 tiquus
2499 3363 2550 3416 in
2571 3363 2864 3418 divinitate.
2887 3363 3057 3431 Quam
3077 3366 3336 3436 antiquus
3359 3367 3612 3438 putamus?
3627 3363 3820 3434 quotsn-'

2298 3454 2524 3508 uorum?
2554 3454 2875 3510 Putamusne
2916 3456 3088 3524 major
3135 3473 3301 3526 quam
3347 3470 3511 3514 mater
3536 3456 3649 3515 sua?
3680 3453 3801 3522 ltajor

2296 3546 2454 3615 plane
2470 3560 2631 3616 quam
2652 3555 2855 3602 mater:
2882 3548 3059 3603 omnia
3084 3550 3225 3603 enim
3265 3566 3361 3621 per
3388 3552 3548 3621 ipsum
3572 3540 3682 3602 facta
3707 3551 3801 3600 sunt

2295 3636 2474 3708 (Joan.
2508 3654 2544 3704 t,
2567 3638 2647 3709 3).
2670 3637 2727 3693 Si
2751 3639 2950 3705 omnia,
2982 3651 3038 3695 et
3065 3641 3231 3710 ipsam
3266 3653 3487 3698 matrem
3522 3642 3720 3709 antiquus
3739 3634 3798 3691 ie-

2292 3730 2384 3793 cit,
2413 3729 2480 3784 de
2509 3746 2609 3798 qua
2635 3740 2939 3786 nasceretur
2964 3746 3151 3785 novus.
3172 3733 3495 3789 Putamusne
3512 3742 3619 3787 ante
3633 3738 3797 3785 matrem

2291 3822 2501 3876 solum?
2527 3823 2596 3877 Et
2619 3833 2743 3879 ante
2788 3839 2917 3879 avos
2964 3822 3147 3879 matris
3187 3824 3460 3897 antiquus.
3505 3829 3632 3881 Avus
3666 3819 3798 3878 matris

2291 3916 2457 3985 ipsius
2481 3917 2774 3983 Abraham;
2798 3926 2853 3972 et
2885 3918 3142 3972 Dominus
3166 3918 3317 3984 dicit,
3346 3920 3471 3974 Ante
3507 3918 3796 3983 Atratinum

2289 4023 2402 4061 sum
2430 4007 2537 4080 (Id.
2574 4025 2683 4075 vm,
2711 4009 2821 4080 58).
2852 4011 2986 4063 Ante
3009 4008 3281 4064 Abraham
3307 4012 3558 4067 dicimus?
3580 4007 3797 4065 Ctelumet

2290 4106 2451 4163 terra,
2483 4110 2765 4170 antequam
2791 4109 2932 4155 esset
2959 4100 3140 4168 homo,
3166 4101 3307 4157 facta
3334 4104 3476 4158 sunt.
3501 4104 3624 4157 Ante
3640 4100 3717 4153 ista
3732 4093 3795 4149 fuit

2291 4191 2565 4254 Dominus,
2586 4192 2691 4246 imo
2710 4201 2763 4245 et
2787 4199 2889 4246 est.
2908 4190 3124 4262 Optime
3145 4193 3292 4249 enim
3319 4211 3421 4250 non
3438 4198 3526 4260 ait,
3545 4195 3662 4247 Ante
3678 4187 3796 4244 Abn-

2288 4280 2411 4336 ham
2438 4278 2539 4352 ego
2566 4282 2670 4347 fui;
2697 4282 2814 4347 sed,
2845 4285 2974 4336 Ante
2996 4284 3254 4338 Abraham
3292 4302 3382 4357 ego
3399 4302 3524 4341 sum.
3545 4280 3674 4351 Quod
3694 4275 3795 4332 enim

2286 4374 2479 4430 dicitur
2505 4374 2627 4443 quia
2659 4374 2773 4437 fuit,
2818 4388 2921 4428 non
2961 4385 3070 4442 est;
3110 4386 3166 4430 et
3194 4376 3336 4445 quod
3362 4376 3547 4431 dicitur
3579 4372 3680 4442 quia
3701 4364 3791 4427 erit.

2286 4467 2520 4521 nondum
2546 4474 2629 4521 est
2657 4483 2670 4519 :
2703 4465 2790 4520 ille
2810 4480 2914 4520 non
2942 4468 3088 4521 novit
3105 4468 3205 4522 nisi
3235 4483 3373 4525 esse.
3397 4465 3668 4523 Swuudum
3691 4452 3792 4528 quod

2287 4558 2430 4613 Deus
2478 4568 2576 4621 cst,
2622 4570 2742 4611 esse
2784 4559 2959 4623 novit;
3013 4558 3176 4614 fuisse
3226 4571 3281 4615 ct
3314 4560 3542 4614 futurum
3587 4566 3685 4611 esse
3713 4558 3788 4601 n0“

2285 4650 2448 4704 novit.
2482 4649 2609 4704 Dies
2640 4659 2723 4704 est
2755 4650 2824 4704 ibi
2868 4665 3027 4717 unus,
3070 4651 3164 4706 sed
3207 4654 3569 4722 sempiternus.
3603 4645 3696 4700 Non
3717 4651 3789 4710 po-

2285 4750 2417 4797 nunt
2444 4742 2589 4796 illum
2627 4741 2768 4797 diem
2818 4742 2870 4796 in
2918 4740 3096 4797 medio
3147 4742 3517 4798 hesternus'et
3553 4736 3784 4795 crastinus:

2285 4836 2534 4891 hesterno
2559 4835 2700 4890 enim
2726 4835 2812 4890 die
2840 4835 3008 4900 finito,
3042 4835 3297 4904 incipiens
3321 4835 3592 4889 hodiernus
3616 4832 3784 4881 venturo

2282 4929 2517 4983 crastino
2540 4926 2768 4982 finietur.
2800 4926 2891 4982 Ille
2916 4918 3055 4982 unus
3081 4927 3197 4983 dies
3223 4928 3292 4982 ibi
3321 4935 3402 4982 est
3438 4927 3549 4981 sine
3585 4914 3778 4976 tenebt‘ii.

2281 5022 2396 5077 sine
2445 5029 2617 5086 nocte,
2664 5021 2781 5076 sine
2810 5021 3014 5091 spatiis,
3048 5021 3163 5076 sine
3202 5008 3466 5084 mensura,
3513 5015 3614 5071 sine
3656 5007 3779 5062 horis-

2280 5112 2434 5181 Quod
2482 5112 2565 5168 vis
2588 5107 2763 5168 ‘illum
2808 5113 2893 5168 dic
2927 5114 3029 5168 :‘si‘
3052 5114 3153 5178 vis,
3191 5113 3304 5169 dies
3324 5120 3441 5176 est;
3467 5107 3509 5164 si
3547 5105 3628 5168 vis,
3650 5105 3778 5154 annus

2280 5214 2388 5269 est;
2430 5207 2473 5260 si
2498 5206 2599 5273 vis,
2631 5207 2753 5261 anni
2782 5217 2921 5261 sunt.
2954 5206 3163 5262 Dictum
3192 5204 3289 5263 est
3310 5194 3449 5262 Enim
3482 5201 3548 5257 de
3569 5194 3708 5268 ipso’.
3730 5184 3777 5241 5‘

2277 5298 2403 5353 απηί
2427 5298 2498 5351 ταί
2519 5310 2619 5351 non
2642 5298 2875 5366 deﬁcient
2899 5295 3074 5367 (Psal.
3096 5286 3166 5364 ci,
3186 5294 3296 5371 ss).
3310 5293 3532 5364 Quando
3551 5294 3695 5344 autem
3713 5276 3773 5371 di-

2278 5402 2396 5446 ctus
2421 5401 2502 5446 est
2530 5391 2682 5445 dies?
2706 5376 2931 5459 Quando
2955 5378 3153 5473 dictum
3180 5368 3520 5473 est'Doinin'o,
3548 5379 3643 5473 Ego
3662 5368 3771 5473 insit

2277 5482 2429 5554 genui
2471 5494 2517 5537 te
2563 5481 2732 5555 (Paul.
2777 5497 2831 5547 ιι,
2871 5481 2955 5563 '7).
2999 5470 3306 5538 Ab’mterno
3508 5470 3697 5544 genitas,
3720 5467 3767 5511 et

2341 5602 2358 5631 ι
2377 5603 2472 5656 Er.,
2484 5595 2569 5647 sed
2583 5600 2768 5658 mecum
2782 5594 2900 5647 sitis.
2919 5572 3065 5659 Lugd.
3084 5580 3137 5646 et
3146 5574 3377 5660 ἡκέτω
3387 5557 3439 5641 αἳ
3448 5571 3713 5651 ³ἧιὶειιριιείιὲδι
3723 5572 3764 5615 ³ο

2341 5663 2359 5687 ι
2384 5667 2430 5687 ι.-
2457 5666 2485 5687 n
2551 5658 2610 5687 Α..
2630 5657 2734 5687 n'n‘on
2768 5657 2880 5687 A34.
2918 5660 2961 5687 ..ι
3000 5666 3056 5687 ο..
3115 5656 3242 5687 ...ηδ
3291 5664 3382 5687 mm
3431 5648 3481 5687 at
3514 5654 3605 5687 tm.
3636 5632 3766 5687 ad

2339 5663 2359 5692 '
2384 5667 2431 5709 ιιι
2456 5648 2525 5722 it,
2549 5658 2610 5709 de
2630 5650 2734 5722 ipso
2767 5657 2880 5722 die;
2916 5660 2967 5708 at
2984 5648 3075 5708 “Er.
3115 5648 3400 5722 Lugd.'ven.
3431 5648 3482 5702 et
3514 5648 3605 5695 ων.

2277 5726 2446 5783 verbo,
2471 5720 2569 5781 die,
2594 5720 2855 5770 et‘merito.
2922 5726 2976 5769 tt.
