3994 6382
278 316 419 380 1999

275 434 556 489 antichristi
600 432 745 486 inulti
787 430 908 502 facti
937 440 1069 482 sunt.
1107 426 1189 484 Iule
1211 430 1350 483 nobis
1378 430 1603 483 exierunt
1634 445 1651 480 :
1683 424 1855 480 videte

274 525 635 579 antichristus.
683 521 763 576 Ex
800 522 941 575 nobis
976 522 1378 589 eximatuergu
1398 520 1692 589 plangimus
1708 517 1855 571 dam-

275 632 425 672 itum.
479 614 615 671 Audi
649 613 1064 668 consolationem
1099 630 1111 665 :
1142 610 1246 665 Sed
1270 626 1368 663 non
1401 620 1541 663 erant
1580 625 1641 663 ex
1690 606 1849 660 nobis.

270 708 474 763 Omnes
489 705 744 768 Ita-retici,
772 719 957 757 omnes
972 702 1293 757 schismatici
1316 717 1380 755 es
1413 701 1565 755 nobis
1584 700 1848 762 exierunt,

271 798 324 853 id
344 808 445 859 est.
472 814 539 852 es
567 798 799 853 Beclcsia
843 794 1180 859 exemtused
1222 810 1327 848 tum
1354 793 1626 854 exirent,si
1656 808 1721 847 ex
1758 806 1853 845 tio-

270 887 353 944 bis
367 897 567 944 essent.
587 890 881 956 Antequam
900 887 1106 941 exirent
1121 901 1269 956 ergo,
1287 900 1389 937 ton
1415 892 1641 937 erantex
1674 881 1848 935 nobis.

271 977 329 1035 Si
356 988 636 1048 antequam
672 979 905 1043 exiccat,
936 988 1208 1030 nouerant
1246 992 1311 1029 ex
1334 972 1686 1037 uobis;multi
1710 973 1851 1025 intus

272 1080 414 1131 sunt,
451 1086 553 1123 non
585 1070 845 1131 exierunt,
864 1067 1147 1123 scdtattten
1175 1067 1468 1120 antichristi
1500 1074 1648 1119 sunt.
1674 1064 1849 1118 Aude-

272 1175 392 1215 litis
417 1158 516 1214 hoc
532 1159 709 1214 dicere
731 1176 743 1210 :
768 1158 971 1226 utquid.
995 1158 1093 1211 nisi
1112 1168 1163 1211 ut
1185 1158 1546 1226 unusquisque
1561 1172 1681 1209 eum
1712 1155 1850 1207 intus

270 1260 375 1313 est,
390 1266 494 1303 noti
518 1249 581 1303 sit
600 1248 979 1303 antichristus?
999 1248 1363 1317 Descripturus
1384 1249 1524 1302 enim
1545 1257 1599 1301 et
1613 1246 1850 1316 designa-

269 1348 420 1394 turus
437 1352 517 1395 est
542 1340 913 1403 antichristus;
938 1349 992 1394 et
1012 1341 1307 1395 videbimus
1327 1357 1419 1394 eos
1436 1356 1591 1395 nunc.
1610 1340 1672 1393 Et
1690 1340 1851 1393 inter-

270 1445 458 1501 rogare
505 1432 662 1485 debet
688 1432 1047 1501 unusquisque
1075 1431 1452 1486 conscientiam
1482 1445 1653 1493 suam,
1686 1447 1752 1484 an
1780 1431 1851 1485 sit

272 1521 632 1575 antichristus.
664 1521 847 1576 Latine
868 1524 1008 1575 enim
1041 1522 1415 1581 Atiticliristus,
1439 1521 1739 1575 contrarius
1767 1530 1851 1575 est

270 1610 503 1667 Christo.
542 1611 656 1665 Non
686 1612 952 1682 quomodo
984 1612 1220 1665 nonnulli
1256 1611 1559 1680 inlcliigunt
1584 1612 1849 1664 Antichri-

267 1712 408 1756 stum
431 1704 550 1757 ideo
564 1704 785 1766 dictum,
806 1704 946 1771 quod
977 1712 1102 1755 ante
1127 1702 1392 1756 Christum
1412 1713 1664 1756 venturus
1683 1703 1769 1765 sit,
1798 1702 1848 1755 id

266 1803 369 1857 cst,
398 1806 650 1864 postcum
683 1804 934 1847 venturus
960 1794 1027 1847 sit
1055 1792 1297 1846 Christus
1329 1811 1339 1846 :
1368 1811 1471 1847 non
1510 1796 1587 1847 sic
1630 1794 1847 1860 dcitur,

268 1899 368 1939 nec
386 1887 462 1938 sie
495 1885 770 1947 scribitur;
797 1884 889 1937 sed
928 1884 1301 1947 Aniichristus,
1329 1884 1378 1937 id
1409 1894 1513 1948 est,
1550 1884 1848 1938 eunti-arius

266 1973 500 2029 Christo.
522 1974 639 2027 .Iam
655 1975 772 2043 quis
792 1975 858 2027 sit
882 1976 1177 2028 contrarius
1193 1975 1418 2037 Christo,
1450 1992 1590 2029 tiuue
1615 1976 1701 2028 adi
1717 1975 1845 2028 erti-

267 2064 337 2117 iis
358 2063 471 2131 ipso
491 2074 809 2130 esponeiitc,
833 2073 887 2118 et
919 2063 1210 2133 intelligiiis
1229 2081 1331 2117 nou
1356 2080 1513 2134 posse
1532 2064 1679 2119 exire
1706 2063 1846 2117 l'oras

266 2156 368 2210 nisi
385 2155 756 2219 attticltrislos;
783 2170 814 2209 e
837 2170 877 2209 is
893 2164 1068 2209 autem
1092 2156 1181 2225 qui
1205 2172 1307 2209 non
1338 2166 1459 2209 stitit
1481 2156 1693 2209 Christo
1716 2171 1838 2209 con-

267 2246 447 2308 trarii,
506 2245 645 2298 foras
675 2246 820 2300 exire.
857 2246 1000 2299 nullo
1032 2246 1188 2299 modo
1219 2262 1390 2314 posui.
1420 2246 1519 2313 Qui
1562 2245 1702 2299 enim
1737 2261 1840 2297 lttill

267 2344 349 2390 cst
367 2333 904 2397 Christocontrarius,
926 2337 975 2389 iii
993 2333 1213 2405 corpu‘re
1230 2336 1392 2405 ipsius
1411 2336 1594 2393 Ita-ret.
1613 2348 1664 2389 et
1679 2351 1843 2390 tiieiii-

267 2428 421 2482 hriim
448 2439 803 2498 computatur.
839 2428 1115 2498 Nunquam
1156 2429 1252 2482 sibi
1281 2437 1402 2482 sunt
1448 2429 1679 2481 membra
1715 2443 1844 2481 con-

268 2522 448 2574 traria.
483 2521 575 2575 Coi
593 2525 733 2589 poris
759 2522 1030 2591 integritas
1061 2520 1318 2573 universis
1346 2520 1836 2573 iiieittbrisconstat.

269 2610 336 2665 Et
364 2612 488 2679 qtiitl
514 2612 580 2665 de
623 2612 903 2666 cuneordia
952 2612 1311 2667 membrorum
1358 2612 1486 2664 dicit
1521 2612 1841 2679 At‘osmlus?

267 2701 331 2757 Si
359 2704 549 2771 patitur
577 2719 731 2755 unum
758 2709 1052 2768 membrum,
1086 2704 1459 2772 compatiuntur
1487 2706 1652 2757 omnia
1680 2721 1838 2756 meni-

268 2793 394 2856 bra;
422 2804 469 2845 et
518 2794 562 2845 si
606 2794 919 2862 gloriﬁcatur
966 2810 1120 2845 unum
1172 2793 1465 2857 membrum,
1525 2797 1839 2858 congaudent

265 2882 435 2934 omnia
456 2882 671 2933 membra
696 2881 734 2952 (1
756 2880 875 2936 Cor.
907 2898 1001 2946 xu,
1028 2882 1142 2951 ‘26).
1166 2884 1218 2938 Si
1242 2900 1367 2953 ergo
1385 2885 1433 2936 iit
1456 2884 1839 2952 glorilieatione

264 2972 487 3026 membri
531 2982 723 3026 ca-tera
755 2973 990 3025 tncmbra
1034 2974 1387 3043 congatuleut.
1431 2985 1484 3027 et
1515 2974 1563 3027 in
1595 2975 1838 3044 passione

264 3062 441 3115 omnii
464 3062 698 3114 membra
728 3063 1024 3130 patiuntur;
1052 3064 1333 3117 Concordia
1353 3066 1708 3118 membrorum
1730 3080 1835 3118 non

266 3152 426 3207 habet
455 3153 843 3207 antieliristtim.
874 3156 937 3207 lit
965 3166 1085 3207 stitit
1114 3157 1201 3224 qui
1233 3158 1370 3209 iiittis
1395 3157 1471 3210 sic
1500 3167 1623 3211 sunt
1650 3158 1698 3210 in
1718 3173 1838 3211 cor-

266 3259 395 3313 pore
419 3243 623 3296 Domini
648 3247 811 3297 nostri
834 3245 957 3298 Jesti
973 3246 1165 3299 Chriin
1185 3263 1198 3309 ;
1218 3247 1642 3317 quandoqttidein
1664 3249 1836 3304 adhuc

264 3343 480 3389 curatur
500 3349 692 3402 corpus
714 3335 897 3402 ipsius,
920 3346 972 3389 et
998 3338 1193 3391 sanitas
1224 3339 1451 3407 perfecta
1476 3355 1577 3391 izon
1609 3340 1710 3392 erit
1738 3340 1835 3392 nisi

262 3430 316 3482 in
372 3426 761 3482 resurrectione
798 3436 1125 3482 mortuormii
1181 3448 1193 3483 :
1243 3429 1319 3483 sic
1348 3439 1470 3483 situt
1508 3430 1559 3482 iii
1611 3445 1835 3500 corpore

262 3517 481 3583 Christi,
510 3517 777 3587 quomodo
804 3518 1051 3573 humores
1082 3519 1218 3572 tituli.
1249 3519 1470 3587 Quando
1497 3530 1833 3581 evomuittttr,

268 3619 395 3663 tunc
421 3609 683 3663 rclevatur
711 3624 904 3678 corpus
936 3626 948 3662 :
979 3612 1056 3662 sic
1102 3619 1155 3663 et
1200 3611 1319 3663 tuali
1364 3610 1575 3679 quando
1618 3621 1832 3673 exeunt,

265 3710 392 3755 tunc
441 3699 672 3755 Ecclesia
703 3700 985 3753 relevatur.
1020 3699 1085 3753 Et
1111 3699 1238 3753 dicit
1279 3700 1490 3768 quando
1518 3715 1613 3755 eos
1638 3701 1835 3755 evontit

261 3801 421 3860 atque
444 3790 858 3858 trojieitcorpus
887 3808 899 3843 :
931 3791 1005 3844 Ex
1050 3806 1134 3843 me
1164 3792 1406 3845 exierunt
1445 3790 1696 3847 humores
1728 3794 1832 3857 isti,

269 3883 363 3937 sed
388 3899 491 3937 titiit
523 3891 674 3937 erant
697 3897 759 3935 ex
787 3898 891 3937 me.
916 3881 1049 3950 Quid
1072 3892 1173 3945 est,
1203 3898 1306 3935 non
1324 3892 1470 3937 crant
1498 3898 1560 3937 ex
1587 3882 1704 3937 me?
1722 3882 1834 3937 Non

263 3975 333 4031 de
356 3989 516 4029 carne
559 3990 673 4027 mea
703 3972 907 4043 priccisi
936 3983 1077 4040 sunt,
1117 3973 1210 4028 sed
1241 3985 1426 4043 pectus
1455 3975 1581 4028 mihi
1622 3989 1833 4044 preme-

263 4067 392 4123 bant
415 4080 535 4121 cum
561 4066 810 4120 inessent.

338 4158 392 4214 5.
438 4156 518 4210 Ea:
569 4157 708 4209 nobis
737 4156 997 4218 exierunt;
1026 4154 1134 4219 scd,
1162 4155 1324 4208 nolite
1363 4154 1541 4209 tristes
1566 4169 1706 4218 esse,
1734 4171 1833 4208 non

262 4258 405 4302 erant
432 4264 495 4302 ex
523 4249 679 4301 nobis.
715 4245 861 4301 Unde
893 4246 1121 4314 probas?
1152 4244 1298 4311 Quod
1322 4245 1364 4296 si
1394 4246 1603 4314 fuissent
1651 4262 1712 4298 ca:
1738 4262 1832 4298 uo-

258 4340 355 4403 bis,
412 4338 792 4406 pcrmuusisscnt
824 4336 991 4404 utique
1036 4335 1309 4387 nobiscum.
1344 4333 1473 4387 lliite
1505 4351 1632 4403 ergo
1660 4336 1834 4389 videat

258 4432 499 4486 Charitas
521 4430 845 4497 vcstra,qnia
874 4429 1123 4497 multiqui
1155 4437 1481 4482 ιιυιυδιιιιιρκ
1507 4429 1834 4493 tiohis,acci-

263 4528 413 4597 piuitt
443 4524 717 4577 nobiscum
746 4522 1105 4583 Sacraitzenta,
1139 4520 1401 4587 accipiunt
1429 4521 1701 4573 nobiscum
1729 4521 1833 4575 Ba-

263 4622 536 4685 ptismunt,
565 4611 831 4679 accipiunt
860 4609 1131 4663 nobiscum
1163 4608 1302 4677 quod
1333 4618 1526 4662 norunt
1560 4608 1742 4664 [idelcs
1776 4625 1833 4666 se

261 4725 312 4761 at
328 4707 526 4777 cipere,
558 4702 1005 4765 Bettedittionem,
1032 4700 1417 4755 Eucliaristiam
1440 4702 1477 4767 ³,
1500 4710 1554 4756 et
1580 4702 1832 4772 quidquid

262 4797 318 4853 itt
344 4794 702 4853 Saeramcutis
730 4792 925 4847 sanctis
967 4799 1076 4855 est;
1113 4792 1276 4861 ipsius
1319 4791 1499 4846 altat-is
1540 4794 1834 4847 comitiuni-

259 4891 523 4947 cntionem
562 4886 830 4956 accipiunt
858 4884 1153 4945 nobiscum,
1185 4893 1240 4938 ct
1271 4899 1373 4938 tioii
1405 4894 1525 4939 sont
1554 4900 1617 4939 cx
1657 4885 1827 4940 nobis.

240 4982 505 5039 .Tentatio
531 4980 719 5053 probat
739 4979 859 5049 quia
892 4994 994 5031 non
1022 4984 1143 5030 sunt
1171 4991 1235 5030 es
1264 4976 1434 5031 nobis.
1478 4976 1701 5045 Quando
1730 4976 1833 5031 illis

260 5072 483 5129 tciitatio
508 5071 729 5134 venerit,
765 5070 908 5124 velut
932 5067 1210 5121 occasione
1241 5068 1410 5131 venti,
1442 5068 1617 5121 volant
1647 5066 1827 5132 foras;

262 5165 383 5235 quia
409 5176 572 5233 gratia
602 5174 707 5215 nou
742 5170 913 5213 erant.
948 5157 1145 5213 Omnes
1181 5167 1357 5212 autem
1385 5167 1509 5211 tunc
1555 5156 1829 5222 volabunt,

257 5255 395 5328 quod
426 5267 568 5322 sa'pe
592 5249 874 5306 dicendum
904 5262 1141 5308 esucuin
1172 5265 1293 5303 area
1314 5248 1575 5303 dominica
1602 5249 1833 5317 imperil

258 5345 503 5406 ventilari
525 5345 577 5400 iii
600 5342 688 5397 die
703 5340 906 5409 jitdicii.
935 5338 1013 5395 Es:
1029 5339 1167 5393 nobis
1185 5339 1434 5405 exierunt,
1454 5338 1543 5392 sed
1567 5355 1664 5392 non
1687 5347 1831 5392 erant

255 5456 315 5495 ex
340 5439 480 5494 nobis
498 5453 517 5489 :
534 5434 667 5507 quod
686 5433 730 5487 si
750 5432 956 5505 fuissent
980 5447 1043 5484 ea:
1070 5430 1231 5495 nobis,
1256 5430 1637 5497 perinausisseut
1664 5430 1832 5497 utique

257 5532 511 5586 uobiscum
544 5528 717 5583 :l\am
750 5524 906 5579 vultis
927 5522 1439 5585 uosse.eharissimi,
1462 5537 1616 5591 quam
1644 5522 1831 5574 certis-

258 5624 391 5677 sime
418 5622 624 5676 dicatur
653 5618 774 5683 hoc,
818 5627 875 5670 ut
912 5615 999 5683 qui
1034 5613 1168 5669 forte
1211 5612 1451 5667 exierunt
1482 5623 1534 5667 et
1577 5612 1821 5679 redeunt,

261 5726 365 5765 non
394 5712 501 5764 sint
541 5708 858 5772 antichristi,
889 5722 992 5760 non
1029 5705 1137 5760 sint
1167 5704 1418 5759 contrarii
1444 5703 1693 5760 Christo?
1725 5704 1827 5772 Qui

320 5818 337 5855 t
364 5821 416 5872 tn
433 5811 621 5865 duobus
640 5821 765 5865 Mssa
794 5812 1171 5867 emedt'cticuem
1194 5810 1503 5871 Ettde

996 314 1063 372 lN
1101 311 1479 371 EPISTOLAM
1518 302 1796 369 JO.\NNlS
1833 305 1923 363 AD
1960 300 2298 370 PARTHOS,
2339 306 2395 364 S.
2438 304 2822 366 AUGUSTINI.

3410 298 3575 372 206)

1974 436 2079 475 non
2130 430 2249 476 sunt
2273 422 2567 477 antichristi
2594 424 2631 487 ί,
2666 439 2769 478 non
2802 433 2973 494 potest
2997 425 3111 483 ﬁeri
3141 436 3197 483 iit
3234 434 3582 484 remaneant

1964 511 2110 567 foris.
2133 512 2235 568 Sed
2260 515 2327 570 de
2360 514 2625 569 voluntate
2654 532 2747 569 sua
2793 517 3016 586 quisque
3058 529 3149 573 aut
3176 519 3582 585 antichristus,

1959 614 2050 657 aut
2075 604 2125 657 iii
2147 605 2362 659 Christo
2380 616 2480 660 est.
2509 609 2615 660 Aut
2638 606 2688 659 itt
2722 608 2975 662 membris
3003 604 3209 676 sumtis,
3240 622 3337 665 aut
3370 611 3432 664 in
3464 608 3586 664 liu-

1958 694 2197 748 moribus
2223 697 2395 750 malis.
2427 696 2528 763 Qui
2568 712 2626 751 se
2667 700 2717 751 in
2764 699 2953 754 melius
2989 710 3303 767 commutat,
3341 701 3399 754 iit
3433 713 3583 754 cor-

1958 799 2087 853 pore
2117 786 2411 840 membrum
2441 798 2522 839 t‘SI.
2553 804 2563 838 :
2597 788 2686 856 qui
2714 798 2888 843 autem
2918 790 2968 842 iii
3012 791 3208 844 malitia
3235 798 3583 861 permanet,

1958 874 2150 927 humor
2176 875 2346 928 maliis
2370 886 2451 929 est
2476 892 2489 940 ;
2518 886 2570 929 ct
2586 878 2796 945 quando
2811 879 3021 942 exierit.
3044 880 3451 935 celet-abutitur
3475 880 3587 950 qui

1958 966 2352 1032 premebantur.
2382 965 2460 1019 Ex
2488 968 2630 1020 nobis
2657 969 2906 1032 exierunt,
2939 971 3027 1024 sed
3053 982 3324 1026 nouerant
3353 988 3436 1027 ea:
3485 988 3594 1027 sto-

1955 1053 2029 1107 bis
2065 1071 2083 1107 :
2122 1057 2257 1124 quod
2295 1056 2339 1108 si
2378 1056 2589 1125 fuissent
2637 1074 2699 1112 cx
2726 1060 2889 1125 nobis,
2933 1063 3324 1132 permansissent
3381 1063 3597 1133 utique

1955 1143 2209 1198 nobiscum
2246 1161 2265 1198 :
2290 1146 2376 1198 sed
2422 1158 2473 1198 ut
2527 1150 2984 1219 manifestarentur,
3024 1154 3157 1220 quod
3206 1170 3310 1207 non
3368 1170 3593 1209 attines

1954 1247 2094 1287 erant
2120 1252 2182 1288 ea:
2210 1236 2369 1290 nobis.
2403 1235 2522 1291 Ideo
2550 1239 2773 1301 addidit,
2791 1251 2847 1293 ut
2869 1242 3507 1314 nianifestarentiir,qui.i
3533 1253 3599 1299 et

1958 1325 2098 1378 intus
2123 1340 2243 1379 cum
2270 1335 2412 1390 sunt,
2445 1343 2548 1380 non
2575 1344 2638 1382 ex
2663 1330 2815 1382 iioh's
2841 1341 2957 1384 stitit
2982 1348 2995 1395 ;
3022 1348 3127 1385 ttoti
3152 1343 3339 1387 tamen
3368 1333 3597 1387 titani-

1954 1415 2073 1469 lcsti
2103 1426 2243 1473 sunt.
2277 1417 2370 1471 sed
2414 1417 2660 1470 exeundo
2686 1420 3107 1474 mauifestanttir.
3136 1420 3198 1474 Et
3226 1438 3319 1476 ros
3346 1423 3599 1478 tinctio-

1954 1523 2062 1559 nem
2089 1506 2276 1560 habetis
2300 1524 2330 1559 a
2367 1518 2560 1571 sancto,
2594 1520 2646 1562 ut
2679 1511 2777 1580 ipsi
2815 1512 2947 1565 ratiis
2976 1512 3229 1581 manifesti
3255 1513 3404 1567 sitis.
3457 1511 3595 1570 Uno

1953 1597 2059 1651 ctio
2084 1598 2371 1667 spiratialis
2402 1600 2513 1667 ipse
2543 1599 2773 1670 Spiritus
2797 1616 3009 1657 sanctus
3036 1614 3138 1668 est,
3168 1605 3330 1673 cujus
3356 1622 3589 1661 sacra-

1955 1698 2191 1741 mentum
2249 1702 2328 1742 cst
2375 1692 2426 1743 in
2474 1692 2721 1746 unctione
2780 1692 2993 1749 visibili.
3036 1694 3182 1751 lianc
3226 1696 3590 1752 unctionem

1951 1780 2145 1834 Christi
2176 1782 2306 1835 dicit
2331 1798 2518 1835 omnes
2543 1783 2629 1852 qui
2660 1784 2875 1849 habent,
2916 1800 3239 1855 cognoscere
3282 1788 3502 1844 malus
3528 1798 3592 1844 et

1952 1869 2152 1934 lionos;
2188 1886 2287 1926 nec
2313 1886 2447 1942 Opus
2476 1888 2595 1928 esse
2626 1884 2681 1928 tit
2707 1874 3017 1941 doceantur,
3048 1876 3167 1945 quia
3200 1876 3321 1946 ipsa
3355 1878 3591 1933 unctio

1952 1961 2109 2015 docet
2131 1978 2246 2017 ros.

2026 2054 2078 2107 6.
2122 2054 2301 2108 Scriba
2324 2055 2480 2118 vobis,
2525 2071 2624 2108 non
2654 2055 2788 2125 quod
2823 2057 3092 2110 nescieritis
3120 2058 3399 2113 veritatem
3421 2073 3453 2123 ;
3486 2061 3592 2114 sed

1947 2146 2064 2215 quia
2085 2148 2239 2198 nostis
2258 2162 2390 2207 eam,
2418 2158 2464 2199 et
2483 2148 2601 2215 quia
2628 2164 2773 2201 omne
2802 2148 3112 2201 mendacium
3139 2166 3237 2203 non
3259 2162 3345 2204 est
3366 2168 3461 2205 ex
3496 2170 3593 2207 lie-

1948 2236 2115 2289 ritate.
2161 2238 2294 2291 Ecce
2321 2238 2574 2291 :idmoniti
2615 2253 2798 2293 sumus
2840 2239 3105 2307 quomodo
3141 2256 3592 2309 cognoscamus

1947 2328 2346 2381 Atitieliristum.
2376 2329 2508 2396 Quid
2535 2341 2615 2383 est
2644 2330 2928 2384 Christus?
2968 2331 3193 2387 Veritas.
3226 2334 3356 2403 Ipse
3390 2337 3587 2403 dixit,

1947 2417 2058 2488 Ego
2087 2436 2197 2472 sum
2240 2420 2418 2473 raritas
2443 2419 2627 2491 (Joau.
2659 2438 2766 2485 xiv,
2797 2421 2871 2493 ϐ).
2908 2422 3069 2477 Omne
3102 2434 3287 2480 autem
3322 2430 3589 2482 menda-

1945 2510 2075 2561 cium
2106 2526 2205 2561 non
2232 2520 2300 2562 cst
2321 2527 2384 2563 ex
2411 2513 2644 2564 ueritate:
2665 2526 2852 2566 omnes
2877 2513 3032 2583 igitur
3052 2515 3141 2583 qui
3169 2517 3387 2570 mentiti
3400 2527 3585 2587 titur,

1947 2599 2179 2653 nondum
2207 2611 2325 2653 sunt
2354 2618 2418 2654 cit
2461 2601 2693 2655 Christo.
2722 2602 2834 2656 Non
2862 2604 2989 2658 dixit
3016 2606 3280 2674 quoddam
3314 2611 3590 2665 utenda-

1945 2692 2083 2745 cittm
2110 2707 2171 2745 ex
2206 2693 2445 2757 veritate,
2466 2704 2512 2747 et
2529 2695 2793 2763 quoddam
2821 2696 3147 2751 mendacium
3170 2714 3279 2753 noti
3304 2715 3380 2756 ex
3409 2704 3587 2760 veli-

1949 2790 2075 2835 tatc.
2091 2782 2420 2838 Seittcntiani
2437 2785 2690 2839 attendite
2710 2803 2725 2849 ;
2749 2802 2924 2841 ueros
2939 2788 3178 2856 palpetis.
3198 2806 3268 2843 ne
3290 2805 3404 2845 vos
3426 2794 3589 2849 adu-

1946 2872 2088 2933 lctis,
2106 2890 2172 2926 ne
2195 2890 2287 2926 vos
2308 2875 2603 2943 det-ipiaiis.
2625 2891 2690 2929 ne
2724 2892 2816 2929 vos
2840 2876 3101 2931 illudatis:
3128 2878 3294 2933 Omne
3318 2883 3583 2938 metuiss—

1944 2963 2076 3015 cium
2102 2979 2199 3015 non
2226 2974 2295 3016 est
2320 2981 2383 3017 ex
2412 2966 2631 3018 i'critatr.
2659 2965 2940 3020 Videamus
2955 2984 3080 3038 ergo
3100 2971 3385 3039 quomodo
3409 2975 3587 3029 anti-

1943 3052 2125 3108 christi
2156 3056 2477 3109 itu-titiuittur
2496 3058 2731 3126 quianon
2752 3067 2830 3111 cst
2856 3074 3014 3112 unum
3044 3076 3210 3128 genus
3233 3063 3583 3121 mendacii.

1946 3146 2070 3211 Quis
2116 3158 2187 3199 cst
2217 3149 2451 3211 mendax,
2481 3149 2577 3201 nisi
2602 3151 2645 3201 is
2669 3150 2755 3215 qui
2781 3160 2925 3218 negat
2959 3152 3092 3220 quod
3117 3151 3269 3206 Jcsus
3312 3171 3441 3209 non
3499 3168 3587 3213 est

1944 3234 2393 3290 Christtts?Ali:iiii
2424 3236 2854 3305 signiﬁcationem
2880 3238 3034 3293 habet
3050 3240 3223 3306 .lestts,
3240 3242 3429 3298 aliam
3462 3246 3585 3302 lia-

1943 3328 2031 3382 bet
2057 3328 2297 3382 Christus
2319 3330 2549 3384 :cumsit
2578 3346 2711 3384 unus
2730 3332 2917 3385 JC>US(
2946 3331 3146 3387 liristits
3170 3335 3433 3391 salvator
3459 3355 3581 3395 tio-

1942 3430 2070 3482 ster,
2102 3422 2254 3474 Jestis
2278 3431 2451 3476 tamen
2474 3422 2742 3491 propritim
2768 3438 2800 3475 ii
2825 3438 2961 3475 uncti
2996 3431 3079 3476 est
3114 3423 3207 3477 illi.
3237 3424 3579 3491 Quomodo

1942 3510 2149 3580 Moyses
2172 3512 2382 3581 proprio
2404 3512 2614 3565 nomine
2627 3528 2695 3580 ap
2731 3512 2920 3565 ellattts
2938 3521 3039 3575 est,
3062 3512 3336 3583 quomodo
3357 3515 3573 3587 Elias,

1941 3603 2207 3669 quontodo
2249 3602 2546 3665 Abraham;
2589 3601 2665 3655 sic
2711 3612 2955 3671 tanquam
3005 3603 3273 3672 propritim
3325 3621 3577 3665 nomen

1943 3690 2101 3745 habet
2136 3692 2386 3746 Dominus
2428 3702 2606 3746 noster
2628 3691 2782 3746 Jestts
2816 3708 2827 3742 :
2864 3691 3103 3745 tiliristiis
3129 3701 3309 3746 autent
3335 3709 3577 3752 sacra-

1943 3783 2103 3836 iiuitti
2136 3799 2327 3837 nomen
2359 3791 2459 3837 cst.
2487 3782 2762 3850 Quomodo
2788 3782 2831 3835 si
2852 3782 3060 3836 dicatur
3080 3782 3366 3853 propheta,
3406 3804 3585 3859 quo.

1944 3873 2102 3926 modo
2132 3874 2174 3927 si
2202 3874 2409 3927 dit-attn-
2436 3873 2716 3935 sacerdos;
2745 3875 2821 3927 sic
2845 3872 3085 3928 Christus
3111 3879 3585 3938 eottttnetidatur

1943 3974 2155 4029 unctus,
2203 3966 2252 4017 iii
2285 3981 2390 4035 quo
2418 3973 2557 4018 esset
2601 3964 2893 4033 redemptio
2936 3965 3095 4019 totius
3122 3966 3300 4034 populi
3335 3965 3574 4027 Israel.

1944 4057 2046 4111 Iste
2075 4057 2321 4111 Christus
2371 4057 2957 4125 Spemhainrventurus
3003 4072 3032 4109 a
3078 4056 3269 4125 populo
3306 4057 3579 4118 .ltukco-

1941 4162 2087 4209 rum;
2116 4156 2167 4199 et
2188 4147 2307 4215 quia
2341 4146 2553 4200 hutnilis
2580 4147 2740 4211 venit,
2784 4163 2887 4200 iiott
2914 4156 2995 4199 cst
3018 4147 3252 4217 agnitus;
3286 4150 3439 4217 quia
3480 4154 3578 4209 la-

1943 4238 2023 4306 pis
2054 4252 2243 4305 parvus
2273 4247 2405 4301 cmi,
2435 4235 2768 4290 otii-tulerunt
2811 4237 2863 4289 iii
2892 4236 3058 4299 illittii,
3086 4246 3141 4289 et
3179 4235 3337 4290 fracti
3370 4252 3568 4297 sunt.

1940 4328 2043 4383 Sed
2071 4330 2235 4381 crevit
2265 4327 2417 4397 lapis,
2442 4339 2490 4381 et
2525 4328 2589 4379 fat
2608 4336 2691 4381 tus
2734 4337 2813 4379 est
2840 4342 2990 4380 motis
3016 4341 3232 4395 magnus
3257 4324 3458 4393 (Dan.
3493 4348 3569 4399 is,

1940 4420 2066 4491 55);
2096 4428 2148 4474 et
2194 4418 2314 4487 quid
2360 4419 2433 4471 ait
2475 4416 2782 4486 Scriptura?
2810 4416 3127 4485 Quinctiique
3155 4413 3451 4481 oﬂ'ciideril
3501 4424 3569 4478 iss

1940 4511 2159 4581 ltqiidem
2189 4512 2355 4570 istum,
2399 4507 2841 4577 conquassubitur;
2886 4516 2929 4558 et
2970 4522 3121 4573 super
3144 4520 3289 4573 quens
3332 4513 3571 4567 veneri:

1943 4602 2071 4673 lupis
2099 4604 2207 4662 istc.
2227 4609 2441 4654 conteret
2464 4615 2574 4651 eunt
2592 4597 2738 4668 (Luc.
2761 4613 2850 4655 xx.
2878 4597 2983 4667 l8).
3007 4596 3360 4651 liiseeriienda
3402 4610 3568 4658 sum

1944 4694 2102 4747 verba
2140 4712 2151 4745 :
2180 4691 2539 4746 attendentem
2567 4691 2698 4744 dixit
2726 4706 2769 4743 ei
2794 4689 3096 4754 tiqtmssari:
3143 4702 3305 4756 super
3351 4704 3560 4761 quem

1941 4797 2114 4837 autem
2138 4783 2357 4847 venerit,
2385 4781 2607 4835 conteri.
2638 4780 2813 4834 Primo
2841 4780 2961 4848 quia
2990 4778 3200 4833 humilis
3228 4779 3407 4839 venit.
3447 4782 3559 4838 οι-

1942 4872 2223 4927 fenderunt
2269 4871 2319 4925 itt
2355 4872 2497 4924 illutii
2528 4870 2766 4923 homines
2798 4888 2809 4921 :
2838 4869 2957 4938 quia
2984 4869 3228 4923 excelsus
3254 4878 3560 4930 venturus

1941 4965 2023 5010 est
2046 4955 2109 5007 ad
2151 4954 2426 5022 judicium,
2473 4968 2633 5022 super
2658 4968 2816 5022 quem
2847 4952 3069 5014 venerit,
3095 4961 3338 5005 conteret
3364 4970 3552 5011 eum.

1941 5046 2043 5099 Sed
2076 5045 2218 5098 illtitii
2250 5058 2353 5097 non
2384 5053 2623 5097 conteret
2659 5052 2931 5103 venturus,
2958 5057 3116 5111 quem
3148 5056 3251 5095 iioa
3281 5056 3558 5111 quassa-

1943 5130 2020 5184 vit
2042 5143 2161 5181 cum
2193 5127 2353 5179 venit.
2376 5127 2474 5192 Qui
2503 5127 2554 5181 in
2584 5125 2833 5180 lmmdein
2864 5141 2966 5179 itott
2996 5125 3237 5186 oll'endit,
3264 5140 3373 5177 non
3408 5126 3557 5180 for-

1941 5216 2471 5274 midabitescelstmi.
2519 5215 2756 5270 Breviter
2778 5215 3019 5280 audistis,
3060 5214 3294 5269 fratres:
3336 5214 3441 5283 qui
3475 5217 3545 5272 in

1942 5308 2190 5365 humilem
2220 5322 2322 5360 non
2353 5306 2591 5367 oliettdit,
2612 5322 2715 5359 non
2743 5304 3039 5360 foritiidahit
3068 5303 3361 5360 exet-latin.
3386 5304 3542 5360 0m-

1940 5402 2092 5455 tiilms
2118 5400 2256 5453 enim
2285 5398 2437 5453 mal’is
2465 5397 2595 5467 lapis
2622 5397 2929 5453 oll'ensiouis
2950 5405 3032 5451 est
3054 5395 3330 5459 Chrisuts;
3356 5395 3539 5465 quid.

1940 5490 2063 5562 quid
2095 5489 2219 5543 dicit
2251 5489 2507 5552 Christus,
2533 5503 2772 5543 amarum
2800 5496 2881 5542 est
2910 5486 3031 5541 illis.

2011 5582 2064 5636 'i.
2084 5579 2288 5635 Etenim
2319 5580 2515 5637 audite.
2539 5590 2593 5634 et
2617 5580 2806 5635 videte.
2828 5579 3027 5633 Omnes
3041 5588 3182 5633 certe
3197 5578 3284 5647 qtti
3306 5589 3529 5635 exeunt

2002 5694 2018 5725 ι
2036 5700 2115 5754 pta,
2134 5690 2380 5754 plerisque
2534 5690 2685 5754 utqui
2714 5692 2835 5753 forte
2855 5696 3093 5754 exierunt.
3116 5702 3207 5754 non
3247 5687 3342 5754 sint
3377 5696 3523 5739 ωας

1936 5749 2379 5812 christiftiedaint.
2415 5758 2460 5802 et
2492 5765 2583 5803 non
2617 5749 2724 5803 sunt
2750 5751 2981 5804 contrarii
3020 5749 3207 5803 Christo
3233 5763 3251 5802 :
3273 5750 3363 5803 hoc
3390 5758 3522 5808 stult

1935 5814 2062 5870 enim
2082 5811 2373 5868 amicitiai.
2390 5822 2489 5870 Non
2510 5820 2655 5868 votest
2678 5812 2785 5871 ﬁeri
2806 5819 2855 5867 ut
2878 5820 3167 5874 remanente
3191 5819 3283 5869 etc.
