3994 6370
456 265 495 299 ἓν
537 283 561 294 ρο
747 292 783 314 (τ
790 271 920 312 Tag.

307 366 450 427 20M
591 323 602 332 .
764 315 841 337 ,,,..

313 481 382 536 de
407 476 672 540 Eeilesia,
701 482 753 529 ct
781 471 848 526 ab
871 470 1072 526 unitate
1107 466 1358 523 Ecclesia:
1388 464 1766 535 praecidantur,
1796 478 1892 516 an-

314 573 546 628 tichristi
576 578 699 623 sunt
729 586 742 620 :
778 581 933 620 nemo
971 563 1202 626 dubitet;
1237 561 1348 629 ipse
1389 559 1530 612 coitn
1572 555 1893 625 designavit,

319 665 402 720 EI
431 665 572 719 nobis
600 662 854 722 exierunt,
883 657 970 711 sed
1013 673 1110 710 non
1164 663 1309 708 erunt
1362 669 1424 705 ea:
1473 651 1612 705 nobis
1652 666 1670 703 :
1707 666 1822 704 nom
1853 648 1895 702 si

319 761 528 828 fuissent
560 770 623 809 ei:
660 751 823 813 nobis,
849 748 1232 820 pernmnsissent
1265 746 1432 812 utique
1460 743 1733 796 nobiscum.
1763 742 1894 808 Qni-

320 862 544 916 cumque
569 859 699 911 ergo
726 858 829 894 non
879 848 1091 892 manent
1141 836 1438 894 nobiscutn,
1470 831 1563 887 sed
1605 841 1804 886 exeam
1828 845 1894 884 ex

323 938 494 1003 nobis,
528 931 866 990 manifestum
893 939 974 983 est
1000 928 1137 999 quod
1168 924 1464 980 antichristi
1495 931 1636 977 stitit.
1666 921 1728 975 Et
1764 935 1896 989 quo-

325 1031 482 1089 modo
511 1028 804 1100 probantur
828 1020 1158 1079 antichristi?
1185 1019 1257 1074 Ex
1281 1016 1576 1072 mendacio.
1602 1014 1664 1068 lit
1691 1013 1801 1082 quis
1823 1022 1894 1066 est

333 1123 563 1189 mendax,
595 1122 692 1175 nisi
743 1119 831 1188 qui
857 1125 1003 1188 negat
1049 1113 1182 1186 quod
1209 1110 1358 1166 Jesus
1401 1127 1500 1163 non
1526 1118 1598 1162 est
1625 1105 1896 1160 Christus?

333 1218 715 1284 interrogemus
752 1209 1068 1263 hereticos:
1099 1219 1255 1274 quem
1321 1201 1523 1254 invenis
1564 1197 1892 1260 luereticmn,

338 1309 417 1380 qui
439 1314 585 1376 negat
607 1303 729 1371 quia
748 1300 904 1354 .lesus
929 1315 1031 1352 non
1054 1306 1134 1349 est
1154 1292 1431 1348 Christus?
1450 1289 1630 1343 Videat
1649 1287 1908 1342 Charitas

339 1375 494 1455 vestra
512 1375 766 1463 magnum
796 1397 1202 1443 sacramentum.
1249 1381 1518 1437 Attendite
1557 1377 1679 1446 quid
1723 1375 1892 1444 inspi-

339 1487 520 1545 ravcrit
547 1483 700 1539 nobis
730 1480 978 1534 [Maltinus
1024 1477 1181 1536 Dens,
1219 1484 1267 1528 et
1296 1471 1421 1540 qttid
1450 1470 1717 1524 insinuare
1746 1465 1896 1519 vobis

337 1580 502 1634 velim.
527 1576 662 1631 l'lrcc
681 1573 923 1627 exierunt
949 1586 978 1624 a
1003 1568 1174 1630 nobis,
1197 1575 1250 1620 et
1277 1565 1394 1618 l'acti
1425 1574 1545 1617 sum
1570 1559 1854 1614 Donatistae
1877 1574 1892 1612 :

340 1672 718 1738 interrogamus
729 1680 823 1718 eos
841 1674 1014 1716 ntrnm
1031 1659 1185 1715 Jcsus
1205 1657 1268 1712 sit
1287 1656 1556 1711 Christus;
1579 1651 1752 1708 statim
1770 1665 1897 1705 con-

340 1761 539 1815 ﬁtentur
561 1756 680 1827 qttia
709 1755 865 1810 .lesus
890 1752 1133 1805 Christus
1153 1757 1252 1802 cst.
1284 1746 1342 1801 Si
1374 1760 1504 1816 ergo
1529 1745 1615 1797 ille
1639 1751 1720 1797 est
1756 1739 1894 1794 anti-

335 1851 551 1908 christus
573 1849 660 1920 qui
689 1856 844 1918 negat
864 1845 1043 1899 .lestnn
1066 1858 1184 1898 esse
1216 1839 1506 1899 Christum,
1533 1851 1629 1890 nec.
1648 1850 1744 1889 nos
1767 1847 1891 1904 pos-

337 1954 454 1998 sunt
480 1942 549 1995 illi
573 1939 749 1994 dicere
774 1937 899 1992 antit
920 1935 1136 1996 bristos,
1166 1947 1263 1986 nec
1286 1928 1546 1990 uosillos;
1574 1927 1694 1996 quia
1723 1934 1776 1979 et
1800 1939 1896 1977 nos

340 2033 654 2096 conﬁtemur,
682 2038 736 2083 et
755 2028 846 2080 illi.
872 2027 926 2080 Si
958 2038 1084 2092 ergo
1106 2038 1202 2076 nec
1231 2021 1302 2074 illi
1334 2033 1431 2073 nos
1451 2017 1654 2079 dicunt,
1680 2031 1776 2068 nec
1796 2027 1894 2067 nos

341 2125 452 2180 illos
477 2140 492 2189 ;
519 2137 639 2193 ergo
669 2135 766 2175 nec
788 2119 910 2172 illia
937 2115 1089 2170 nobis
1110 2115 1372 2174 exierunt,
1401 2125 1498 2163 nec
1529 2123 1624 2161 nos
1652 2107 1718 2160 ab
1747 2106 1892 2175 ipsis.

338 2215 389 2271 Si
416 2229 536 2284 ergo
581 2229 683 2266 non
709 2228 738 2263 a
771 2208 924 2263 nobis
947 2205 1230 2268 exii-inuis,
1278 2203 1328 2255 iu
1362 2201 1562 2254 unitate
1593 2211 1776 2252 sumus
1810 2215 1821 2249 :
1851 2194 1897 2248 si

340 2306 390 2360 in
419 2305 609 2359 unitate
635 2317 834 2362 smnus,
869 2298 994 2368 qttid
1023 2297 1217 2352 faciunt
1240 2294 1288 2347 in
1317 2292 1418 2346 hac
1443 2291 1654 2345 civitate
1682 2289 1786 2341 dno
1811 2286 1893 2340 al-

344 2399 498 2454 taria'!
537 2395 662 2467 quid
706 2393 908 2448 faciunt
935 2390 1120 2444 divisa:
1146 2388 1357 2446 domus,
1400 2383 1568 2436 divisa
1617 2379 1896 2448 coniugia?

341 2491 455 2563 quid
505 2490 626 2544 facit
675 2485 973 2542 communis
1016 2483 1223 2545 Icelus,
1270 2487 1323 2532 ct
1371 2476 1577 2531 divisus
1622 2472 1896 2528 Christus?

351 2584 595 2639 Admonet
623 2594 746 2644 nos,
775 2578 881 2632 vult
906 2591 1000 2632 nos
1019 2575 1165 2629 fateri
1191 2572 1330 2642 quod
1358 2585 1537 2625 verum
1555 2576 1652 2622 cst.
1672 2569 1772 2620 Ant
1799 2566 1897 2634 ipsi

352 2691 377 2729 a
401 2676 536 2731 nobis
563 2675 823 2737 exierunt,
855 2679 942 2723 attt
975 2683 1073 2722 nos
1093 2667 1159 2720 ab
1189 2665 1333 2733 ipsis.
1349 2662 1451 2718 Sed
1472 2661 1608 2714 absit
1634 2669 1691 2712 ιιι
1717 2672 1812 2712 nos
1831 2657 1899 2712 ab

355 2767 464 2836 ipsis
487 2784 500 2820 :
528 2767 777 2820 habemus
801 2761 940 2815 enim
961 2765 1332 2814 testamentum
1360 2753 1637 2807 dominica:
1674 2749 1900 2803 bazrcdi-

357 2860 476 2921 tatis,
498 2858 793 2918 rccitaums,
812 2863 867 2908 et
893 2851 961 2907 ibi
988 2867 1084 2905 nos
1109 2849 1424 2909 invenimus,
1448 2844 1586 2898 Dabo
1626 2843 1713 2896 tibi
1734 2851 1900 2911 gentes

358 2949 667 3004 hereditatem
719 2957 856 3000 tuom
879 2985 894 3010 ,
950 2952 997 2995 et
1051 2939 1413 3013 possessionem
1465 2945 1604 2988 tuam
1660 2932 1897 2986 terminos

358 3049 482 3092 terra:
516 3037 678 3110 (Psol.
730 3052 784 3095 ιι,
814 3034 893 3103 8).
939 3032 1204 3088 Tenemus
1251 3025 1612 3081 haereditatem
1653 3021 1848 3076 Christi
1883 3036 1895 3072 :

360 3131 422 3186 illi
439 3147 543 3185 eam
573 3145 673 3184 non
696 3135 905 3189 tenent;
934 3139 1038 3178 non
1059 3119 1453 3178 communicant
1471 3117 1587 3171 orbi
1611 3126 1896 3176 terrarmn,

365 3237 452 3276 non
489 3220 874 3276 communicant
925 3212 1256 3269 universitati
1309 3210 1595 3277 redempta:
1648 3206 1902 3274 sanguine

365 3312 564 3368 Doniini.
613 3313 874 3366 Ilabemus
922 3309 1091 3378 ipsum
1141 3303 1420 3359 Dominum
1467 3309 1825 3368 resurgentem
1870 3311 1902 3350 a

364 3405 574 3466 mortuis,
598 3402 686 3474 qui
738 3416 796 3456 se
823 3397 1176 3454 dubitantiqu
1231 3391 1474 3447 manibus
1517 3389 1899 3457 discipulorum

363 3494 556 3563 prtebttit
599 3490 931 3564 palpandntn.
982 3488 1046 3541 Et
1095 3501 1216 3541 cum
1259 3482 1433 3536 adhuc
1479 3481 1552 3534 illi
1579 3479 1898 3543 dubitarent,

363 3585 424 3639 ait
447 3585 570 3639 illis:
603 3580 874 3654 Oportebat
916 3577 1169 3633 Christum
1200 3575 1325 3644 pati,
1377 3581 1423 3626 et
1463 3586 1720 3640 resurgere
1757 3568 1905 3623 tertia

365 3673 450 3739 dte,
473 3683 514 3727 et
539 3673 800 3744 prn'dicari
824 3671 876 3723 in
905 3668 1105 3722 nomine
1125 3667 1232 3736 ejus
1263 3661 1600 3730 pwuiteutium
1644 3669 1690 3712 et
1720 3659 1899 3712 remis-

368 3766 528 3820 sionem
574 3773 904 3836 peccatorum.
944 3758 1081 3831 Ubi?
1130 3755 1270 3826 qua?
1316 3754 1538 3824 qttibtts?
1585 3748 1684 3803 Per
1733 3765 1904 3803 omnes

365 3868 526 3927 gentes,
553 3857 790 3925 incipiens
818 3856 880 3907 ab
904 3846 1342 3917 Jerusalein(Luc.
1369 3859 1519 3906 XXIV,
1547 3843 1614 3896 46
1631 3852 1675 3895 et
1693 3839 1804 3911 47).
1822 3839 1908 3896 Sc-

365 3951 460 4004 cnri
483 3967 653 4005 sumus
681 3949 748 4003 de
776 3947 975 4001 unitate
1003 3937 1343 3996 lurreditatis.
1372 3933 1620 4002 Quisquis
1651 3931 1772 3986 huic
1796 3929 1905 3984 ha:-

362 4043 548 4099 reditati
575 4057 678 4096 non
706 4035 1084 4096 communicat,
1115 4033 1253 4085 foras
1279 4027 1427 4082 exiit.

421 4135 470 4190 8.
495 4133 594 4190 Sed
617 4148 719 4187 non
737 4127 1114 4185 contristentur
1137 4139 1151 4174 :
1184 4117 1418 4174 Exnobis
1441 4115 1683 4176 exierunt,
1706 4111 1794 4166 sed
1811 4127 1912 4165 non

362 4237 486 4282 nant
504 4242 564 4280 ea:
586 4224 726 4279 nobis
751 4237 901 4276 :num
929 4219 972 4273 si
1003 4217 1210 4288 fuissent
1239 4229 1302 4266 ex
1326 4208 1466 4264 nobis
1483 4248 1497 4270 ,
1525 4206 1912 4276 permansissent

358 4320 514 4390 utique
537 4316 810 4372 uobiscum.
840 4311 896 4368 Si
926 4324 1054 4378 ergo
1091 4322 1153 4361 ex
1186 4305 1336 4358 nobis
1364 4301 1626 4364 exierunt,
1655 4296 1911 4352 antichri-

356 4413 416 4466 sti
442 4421 594 4471 sunt;
620 4411 664 4463 si
691 4401 985 4460 an.icbristi
1015 4409 1157 4460 sunt,
1192 4393 1472 4450 mendaces
1499 4400 1616 4444 suat
1645 4405 1661 4454 ;
1690 4390 1733 4443 si
1764 4403 1915 4444 mes.-

356 4500 504 4557 daces
524 4509 667 4561 sunt,
701 4501 894 4565 negant
923 4490 1102 4545 Jesntn
1142 4501 1262 4542 esse
1288 4483 1577 4538 Christum.
1611 4480 1802 4534 ltcrmn
1835 4494 1920 4533 rc-

356 4595 519 4650 (limus
544 4591 610 4647 ad
650 4587 1012 4643 dil'lienltatcin
1053 4578 1378 4651 qna-stionis.
1412 4574 1660 4644 Singulos
1691 4572 1918 4626 interro-

356 4699 435 4756 ga.
462 4684 783 4738 conlitcntur
822 4675 1004 4731 .lesutn
1051 4686 1169 4725 esse
1209 4667 1503 4722 Christum.
1540 4662 1786 4718 Coarctat
1824 4675 1921 4714 nos

356 4751 602 4846 angustus
656 4768 953 4824 intel'ectos
999 4763 1050 4814 in
1102 4760 1200 4813 hac
1245 4755 1499 4824 Epistula.
1538 4751 1740 4806 Videtis
1777 4761 1922 4803 certe.

358 4839 729 4936 quaestionem;
762 4857 876 4912 hac
900 4850 1122 4924 quastio
1164 4857 1218 4903 et
1263 4863 1358 4901 nos
1400 4853 1453 4899 et
1492 4845 1636 4915 ipsos
1663 4842 1856 4901 turbat,
1879 4839 1922 4893 si

359 4929 458 5011 non
502 4953 838 5022 intelligatur.
873 4947 976 5000 Ant
1021 4957 1116 4994 nos
1157 4952 1340 4993 sumus
1386 4933 1704 4995 antichriti,
1735 4941 1822 4984 :ntt
1851 4929 1923 4984 illi

358 5056 474 5102 sunt
513 5019 809 5099 antichristi
852 5054 866 5090 :
905 5035 976 5090 illi
1023 5048 1118 5087 nos
1154 5027 1496 5084 antichristus
1527 5033 1736 5086 vocant,
1763 5031 1813 5074 cl
1840 5019 1924 5072 (ll-

359 5150 472 5194 cnnt
503 5135 646 5208 quod
675 5133 934 5187 exivimus
962 5126 1030 5179 ab
1069 5125 1182 5186 eis;
1232 5134 1330 5174 nos
1372 5119 1490 5172 illos
1531 5109 1928 5170 similitermed

360 5227 649 5298 dcsignmit
678 5225 792 5278 ba:c
823 5216 1055 5286 Epistula
1087 5211 1447 5267 antichristus.
1479 5208 1806 5274 Quicumque
1831 5215 1928 5256 ue-

359 5328 442 5391 gat
465 5295 602 5389 quod
631 5315 788 5370 .lcsus
813 5325 918 5365 non
945 5308 1010 5362 sit
1037 5306 1301 5362 Christus.
1330 5301 1440 5370 ip~e
1459 5309 1538 5352 cst
1566 5295 1928 5350 antichristus.

360 5387 639 5479 lam—ergo
665 5415 964 5476 quaeramus
991 5399 1111 5468 quis
1139 5407 1328 5464 neget;
1359 5400 1415 5447 et
1455 5405 1558 5445 non
1600 5387 1932 5442 attendamus

361 5505 424 5559 ad
449 5505 706 5573 linguam,
731 5495 823 5551 sed
852 5493 919 5548 ad
949 5492 1102 5547 facta.
1133 5489 1190 5544 Si
1221 5487 1360 5541 enim
1389 5499 1574 5538 omnes
1605 5482 1933 5548 interrogen-

363 5604 465 5654 tur.
492 5570 680 5646 omnes
702 5603 805 5641 uno
831 5599 924 5640 ore
947 5582 1266 5638 conﬁtentur
1291 5577 1468 5631 Jesnm
1497 5587 1616 5628 esse
1642 5570 1930 5627 Christum.

362 5685 612 5754 Qtticscﬂ
658 5678 926 5749 paululum
973 5675 1168 5743 lingua.
1195 5670 1354 5724 vitam
1386 5668 1670 5736 interroga.
1704 5664 1758 5718 Si
1790 5663 1937 5717 inve-

366 5777 605 5835 nerimus
628 5771 750 5836 hoc,
781 5769 823 5823 si
850 5769 961 5837 ipsa
991 5765 1265 5832 Scriptura
1293 5759 1445 5815 nobis
1474 5756 1664 5814 dixerit
1693 5755 1814 5824 quia
1837 5769 1934 5809 nc-

1511 343 1937 408 τιιΑετΑτῑδ.
1979 343 2048 401 lll
2084 344 2308 404 CAPUT
2345 345 2410 403 ll.

3434 344 3574 406 200!

2010 461 2150 532 gatio
2177 467 2281 516 non
2307 469 2507 516 tantum
2538 458 2724 532 lingua
2744 461 2820 526 tit,
2851 460 2943 517 sed
2964 468 3017 517 ct
3046 461 3222 527 factis;
3254 468 3398 518 certe
3426 463 3572 519 inve.

2006 555 2181 607 nimus
2224 554 2418 609 multos
2456 555 2795 609 antichristus
2833 555 2922 626 qui
2963 570 3055 609 ore
3085 555 3398 624 proﬁtentur
3421 555 3574 611 Cbri-
3653 557 3664 626 ι

2005 654 2165 708 stum,
2186 655 2240 700 et
2259 647 2491 701 moribus
2511 647 2825 701 dissentiunt
2850 663 2876 699 a
2899 646 3130 702 Christo.
3150 646 3250 702 Ubi
3277 647 3574 703 invenimus
3652 627 3663 672 Τ

2007 734 2108 791 ltoc
2138 737 2189 789 in
2215 736 2518 807 Scriptura?
2543 738 2757 792 Paulum
2788 738 2908 792 andi
2939 740 3233 808 apoetofum
3255 757 3268 793 :
3289 739 3355 794 de
3381 741 3574 795 talibus

2006 841 2126 880 cmn
2157 823 2479 897 ioqncretur.
2507 831 2605 890 ait,
2639 828 2950 898 Conﬁtentur
2974 833 3104 883 enim
3128 848 3182 884 se
3209 848 3354 884 nosse
3385 830 3572 895 Deum,

2005 918 2154 988 furtis
2193 929 2355 973 autem
2396 930 2578 990 negant
2604 918 2725 991 (Tit.
2762 937 2810 981 ι,
2856 921 2964 975 Nil.
2994 920 3292 976 Invenimus
3340 929 3396 976 et
3431 922 3575 992 ipso:

2005 1008 2380 1061 antichristus:
2409 1011 2646 1078 quisquis
2694 1011 2842 1065 lactis
2884 1023 3038 1082 negat
3081 1011 3381 1076 Cbristmn,
3430 1014 3571 1067 anti-

2007 1097 2238 1151 christus
2263 1108 2364 1152 est.
2389 1099 2502 1154 Non
2529 1100 2686 1154 audio
2705 1101 2827 1170 quid
2850 1112 3021 1167 sonet,
3054 1103 3145 1156 sed
3175 1103 3328 1156 vidi-0
3352 1103 3476 1173 quid
3501 1103 3576 1158 vi-

2005 1198 2110 1244 vat.
2133 1188 2304 1258 Opera
2329 1191 2634 1261 loquuntur,
2655 1202 2709 1247 et
2729 1194 2883 1246 verba
2912 1195 3262 1263 requirimus?
3287 1196 3418 1265 Quis
3431 1196 3574 1252 enim

2005 1283 2173 1337 malus
2199 1299 2301 1336 non
2331 1285 2464 1339 bene
2492 1285 2599 1337 vult
2626 1285 2804 1353 loqui?
2832 1285 2933 1340 Sed
2961 1285 3081 1354 quid
3115 1286 3242 1340 dicit
3271 1288 3458 1341 talilms
3477 1289 3578 1343 llo-

2005 1373 2212 1427 minus?
2237 1371 2547 1442 "inmoritur,
2571 1376 2819 1444 quomodo
2869 1377 3066 1442 potestis
3105 1377 3233 1430 bona
3274 1379 3429 1448 loqui,
3461 1395 3574 1434 eum

2002 1465 2110 1518 sitis
2139 1464 2257 1517 mali
2287 1465 2497 1531 (.lluttlt.
2552 1483 2648 1531 sn,
2691 1468 2824 1534 Si)?
2850 1467 3019 1521 Voces
3061 1479 3260 1522 vestras
3305 1469 3368 1522 ad
3419 1485 3576 1525 aures

2005 1569 2151 1609 meas
2178 1555 2452 1622 prol'rrtis;
2481 1571 2578 1624 ego
2603 1557 2947 1625 cogitationes
2973 1567 3173 1612 vestras
3202 1559 3421 1626 inspicio
3445 1576 3456 1610 :
3483 1575 3577 1611 vo-

2003 1644 2256 1699 luntatem
2285 1647 2476 1698 malam
2505 1646 2572 1699 ibi
2597 1647 2768 1710 video,
2789 1656 2842 1701 et
2870 1648 3028 1701 falsos
3055 1651 3252 1702 lrnz-tns
3275 1650 3574 1705 ostenditis.

2003 1735 2131 1790 Novi
2155 1736 2277 1805 quid
2301 1736 2439 1790 nmlc
2455 1736 2695 1799 colligam
2722 1752 2736 1799 ;
2764 1753 2866 1790 non
2891 1737 3080 1808 colligo
3105 1739 3170 1793 de
3191 1739 3395 1793 tribulis
3418 1743 3570 1806 licus,

2002 1841 2106 1881 ιιοιι
2134 1827 2325 1894 colligo
2351 1826 2417 1881 de
2444 1828 2611 1896 spinis
2633 1844 2782 1881 uvas.
2818 1828 3156 1897 Unaqueqne
3184 1831 3325 1885 enim
3355 1831 3517 1884 arbor
3541 1849 3574 1888 a

2002 1916 2170 1970 fructu
2193 1917 2528 1985 cognoscitur
2546 1915 2596 1984 (1
2603 1916 2657 1969 d.
2676 1933 2765 1980 vn,
2790 1919 2895 1985 lli).
2922 1918 3080 1988 Magis
3101 1920 3323 1973 mendax
3343 1933 3418 1973 est
3439 1920 3579 1975 anti-

2001 2007 2229 2061 christus
2249 2007 2334 2075 qni
2358 2023 2449 2061 ore
2471 2010 2744 2076 prolitetnr
2762 2008 2944 2062 .lesum
2971 2025 3092 2064 esse
3115 2009 3465 2071 Cltristmn,et
3497 2009 3580 2064 fa-

2001 2098 2098 2152 ctis
2115 2106 2290 2164 negat.
2314 2095 2435 2150 ldco
2452 2097 2697 2158 mendas.
2717 2100 2837 2167 quia
2859 2100 3001 2155 aliud
3023 2102 3270 2170 loquitur.
3289 2103 3428 2156 aliud
3452 2104 3577 2173 agit.

2072 2187 2126 2243 9.
2156 2187 2271 2241 iam
2309 2203 2455 2256 ergo,
2488 2187 2696 2250 fratres,
2745 2190 2786 2241 si
2839 2191 2970 2243 facta
3017 2192 3386 2262 interroganda
3435 2201 3578 2258 sunt,

2003 2293 2106 2333 non
2125 2279 2291 2332 solum
2313 2280 2506 2332 inultos
2527 2280 2827 2335 invenimus
2842 2281 3186 2337 antichristus
3205 2284 3344 2338 foras
3364 2285 3578 2349 exiisse;

2002 2369 2093 2424 scd
2140 2369 2332 2423 inultos
2376 2369 2607 2421 nonduin
2653 2370 2992 2433 manifestos,
3043 2373 3129 2440 qui
3179 2372 3395 2428 minime
3442 2373 3582 2430 foras

2000 2470 2260 2524 exierunt.
2307 2469 2575 2538 Quotquot
2621 2469 2760 2524 enim
2819 2467 2978 2523 habet
3024 2469 3259 2523 Ecclesia
3315 2472 3579 2539 perjnros,

2002 2558 2362 2620 l'raudatores,
2423 2557 2721 2620 maleﬁcos,
2776 2560 3146 2625 sortilegorum
3206 2559 3580 2628 inquisitores,

2003 2649 2294 2712 adulteros,
2319 2649 2579 2711 ebriosos,
2611 2649 2975 2710 faeneratores,
3000 2663 3305 2718 mangones,
3329 2657 3383 2703 et
3403 2651 3582 2704 omnia

2003 2759 2122 2812 qiuc
2164 2757 2442 2796 numerare
2473 2756 2576 2794 non
2609 2755 2919 2810 possumus;
2948 2741 3212 2795 contraria
3240 2748 3363 2793 sunt
3385 2740 3584 2795 doctrio

2003 2850 2084 2887 me
2108 2831 2324 2891 Christi.
2355 2833 2622 2885 contraria
2650 2840 2773 2884 sunt
2805 2830 2964 2884 verbo
2995 2830 3119 2883 Dei:
3149 2829 3374 2884 Verbum
3403 2840 3584 2887 autem

2006 2922 2099 2976 Ilci
2126 2907 2472 2974 Christus'est
2496 2939 2509 2972 ε
2536 2920 2785 2989 quidquid
2812 2921 3132 2974 coatrarium
3163 2928 3247 2974 est
3273 2920 3446 2975 Verbo
3467 2921 3581 2986 Dei,

2005 3012 2056 3065 in
2087 3011 2414 3066 Antichristo
2449 3020 2552 3065 est.
2585 3010 2937 3066 Antichristns
2974 3010 3116 3065 enim
3160 3011 3459 3065 contrarius
3501 3019 3586 3067 est

2004 3100 2239 3155 Christo.
2274 3101 2342 3154 Et
2389 3100 2549 3154 vultis
2592 3115 2750 3154 nosse
2788 3116 2944 3168 quam
2992 3110 3172 3170 aperte
3211 3101 3458 3154 resistant
3496 3100 3585 3156 isti

2004 3191 2253 3246 Cbristo?
2282 3192 2578 3261 Aliquando
2602 3193 2780 3247 evenit
2809 3201 2864 3245 ιιι
2899 3191 3094 3261 aliquid
3136 3192 3257 3246 mali
3291 3191 3504 3256 faciant,
3529 3200 3588 3248 ct

2006 3285 2259 3355 incipiant
2282 3285 2476 3354 corripi
2500 3285 2652 3353 ;‘quia
2681 3285 2952 3340 Christum
2982 3299 3086 3339 non
3114 3283 3312 3338 audent
3337 3283 3589 3356 blasphe-

2009 3392 2176 3438 marc,
2231 3377 2502 3429 ministros
2543 3375 2658 3444 rjus
2706 3374 3097 3443 blaSphemant,
3123 3390 3152 3428 a
3183 3375 3376 3444 quibus
3415 3373 3589 3430 corri-

2011 3469 2226 3536 piuntur
2250 3485 2262 3520 :
2285 3467 2326 3520 si
2354 3476 2532 3520 autem
2575 3465 2870 3520 ostenderis
2910 3465 3019 3518 illis
3059 3465 3180 3534 quia
3205 3463 3398 3519 Christi
3427 3464 3592 3520 verba

2008 3561 2160 3623 dicis.
2197 3579 2300 3616 non
2355 3561 2516 3615 verba
2566 3569 2686 3624 tua;
2713 3571 2975 3614 conantur
3001 3569 3252 3629 quantum
3282 3568 3502 3629 possunt
3531 3568 3592 3614 ut

2012 3660 2063 3707 te
2092 3652 2406 3705 convincam
2431 3651 2590 3705 verba
2615 3659 2701 3703 tua
2725 3659 2776 3704 te
2802 3649 2999 3715 dicere,
3027 3664 3129 3702 non
3162 3648 3320 3702 verba
3350 3646 3545 3703 Christi
3570 3665 3586 3703 :

2010 3742 2052 3795 si
2084 3752 2258 3796 autem
2285 3741 2617 3794 manifestum
2663 3739 2817 3794 fuerit
2860 3740 2981 3808 quia
3021 3739 3179 3792 verba
3209 3737 3402 3791 Christi
3431 3737 3588 3804 dicis,

2012 3843 2140 3888 eunt
2183 3844 2237 3888 et
2280 3833 2330 3886 in
2379 3831 2669 3896 Christum,
2714 3831 2970 3900 incipiunt
3012 3828 3400 3899 reprehendere
3435 3827 3593 3883 Cltri-
3639 3823 3645 3829 ’

2013 3935 2194 3980 stum:
2218 3924 2514 3992 Quomodo,
2544 3925 2806 3992 inquiunt,
2834 3934 2888 3978 et
2927 3938 3092 3992 quare
3133 3924 3263 3979 tales
3304 3937 3401 3977 nos
3431 3922 3597 3977 fecit?

2014 4017 2198 4072 Nonne
2225 4017 2408 4070 dicunt
2433 4016 2534 4069 hoc
2557 4013 2788 4083 quotidie
2815 4013 3054 4066 homines
3085 4013 3309 4066 convicti
3336 4013 3401 4065 de
3433 4012 3586 4067 factis

2015 4110 2160 4164 suis?
2187 4108 2351 4162 Prava
2398 4106 2666 4159 voluntate
2713 4103 2968 4172 perversi,
3014 4103 3267 4156 artiliccm
3317 4112 3590 4156 accusant.

2016 4198 2222 4254 Clamat
2251 4197 2355 4250 illis
2383 4196 2568 4250 artifex
2598 4195 2664 4248 de
2690 4195 2827 4248 cwlo
2857 4193 2998 4262 (quia
3039 4194 3152 4260 ipse
3197 4205 3294 4245 nos
3333 4191 3476 4255 fecit,
3504 4191 3598 4263 qui

2019 4305 2118 4344 nos
2157 4289 2390 4359 refecit):
2423 4286 2556 4355 Quid
2605 4295 2655 4340 te
2704 4284 2840 4339 ieci?
2870 4284 2978 4352 Ego
3022 4283 3287 4338 hominem
3336 4282 3458 4347 feci,
3489 4297 3599 4338 non

2019 4382 2323 4444 avaritiam;
2353 4396 2452 4450 ego
2499 4377 2764 4431 lmtninent
2812 4375 2929 4439 feci,
2965 4391 3068 4463 non
3102 4373 3469 4437 latrocinium;
3497 4388 3600 4444 ego

2022 4472 2290 4525 hominem
2322 4470 2460 4533 feci;
2493 4484 2595 4522 non
2622 4467 2960 4521 adulterium.
2993 4464 3197 4520 Audisti
3233 4465 3352 4535 quia
3386 4464 3601 4521 laudant

2023 4579 2109 4617 me
2133 4578 2292 4631 opem
2323 4576 2456 4616 mea.
2493 4559 2566 4613 Ex
2599 4575 2693 4611 ore
2720 4560 2876 4611 trium
2915 4571 3198 4625 pucrormn
3231 4555 3343 4624 ipse
3373 4560 3602 4626 hymnus

2025 4664 2139 4707 erat
2164 4654 2251 4722 qui
2279 4652 2346 4704 ab
2366 4651 2574 4721 ignibus
2597 4647 2915 4702 defendebat
2948 4645 3104 4717 (Itan.
3134 4661 3210 4706 nt.
3233 4645 3440 4714 (ἐι-90).
3467 4644 3604 4700 Lau-

2026 4743 2155 4797 dant
2181 4757 2340 4811 opcra
2377 4740 2578 4793 llomini
2621 4738 2936 4798 Dominum;
2979 4736 3156 4789 laudat
3183 4736 3400 4798 «mlum,
3434 4745 3599 4802 terra,

2030 4853 2207 4896 mare;
2242 4835 2453 4888 laudant
2480 4834 2655 4886 omnia
2686 4849 2803 4901 qua:
2829 4841 2950 4884 sunt
2981 4832 3031 4884 in
3063 4831 3227 4892 co-lo;
3259 4829 3471 4882 laudant
3497 4830 3606 4882 An-

2029 4927 2153 4998 geli,
2183 4925 2396 4980 laudant
2433 4926 2623 4988 Slcllzt',
2656 4924 2870 4975 laudant
2909 4921 3217 4982 luminaria;
3251 4921 3424 4974 laudat
3450 4921 3608 4989 quid—

2031 5019 2153 5087 quid
2173 5026 2336 5081 natat,
2355 5014 2602 5083 quidquid
2625 5013 2782 5070 volat.
2801 5011 3051 5081 qnidqttid
3074 5011 3328 5073 ambulat,
3345 5010 3605 5079 quidquid

2033 5110 2188 5178 repit,
2215 5106 2426 5160 laudant
2455 5113 2549 5156 ista
2580 5105 2756 5156 omnia
2790 5101 3088 5155 Dominum.
3117 5100 3379 5171 Numquid
3410 5092 3605 5158 audisti

2035 5204 2154 5272 quia
2186 5201 2362 5255 laudat
2391 5200 2666 5252 Dominum
2697 5196 2947 5250 avaritia?
2980 5195 3232 5263 tnttnqnid
3260 5195 3450 5248 audisti
3479 5194 3604 5263 quia

2037 5293 2212 5348 laudat
2233 5291 2506 5345 Dominum
2532 5286 2973 5356 ebriositas;qnia
2995 5285 3410 5343 landatluxm-ia.
3429 5283 3608 5338 laudat

2038 5384 2342 5455 nugacitas?
2370 5380 2635 5451 Quidquid
2675 5380 2744 5434 ibi
2794 5395 2896 5433 non
2941 5378 3092 5432 audis
3119 5377 3323 5430 lamlem
3349 5373 3476 5428 dare
3507 5371 3611 5426 Do-

2039 5477 2201 5532 mino.
2232 5489 2334 5527 non
2377 5471 2497 5526 fecit
2540 5470 2809 5524 Dominus.
2836 5467 3054 5536 Corrige
3080 5465 3218 5535 quod
3251 5475 3304 5517 ιιι
3332 5463 3523 5527 iecisti,
3552 5470 3613 5518 ut

2040 5571 2268 5624 Salvetur
2299 5565 2440 5635 quod
2486 5566 2536 5617 in
2583 5573 2634 5618 te
2681 5564 2815 5616 licus
2841 5560 2984 5614 fecit.
3013 5558 3067 5611 Si
3095 5564 3270 5608 autem
3299 5567 3402 5606 non
3433 5555 3531 5614 vis.
3557 5560 3613 5608 et

2040 5675 2187 5714 amas
2207 5669 2258 5714 et
2284 5656 2620 5726 amplemcris
2658 5661 2868 5723 peccata
2909 5659 3023 5709 tua;
3052 5645 3348 5699 contrarius
3371 5657 3431 5698 cs
3455 5643 3618 5701 Citri-

2042 5759 2144 5806 sto.
2174 5749 2320 5804 Intus
2350 5749 2442 5812 sis,
2475 5745 2602 5800 foris
2633 5744 2726 5806 sis,
2757 5736 3095 5824 antichristus
3122 5747 3181 5789 cs
3204 5751 3217 5788 :
3239 5734 3378 5789 intus
3408 5733 3506 5799 sis.
3528 5732 3611 5792 [o-
