3994 6366
266 276 393 337 2009

265 396 347 460 tis,
370 400 429 447 ut
448 407 573 447 cum
594 390 797 447 venerit
818 392 959 462 quod
980 391 1178 455 videas,
1206 392 1492 461 imple-aris.
1514 393 1678 449 Sicuti
1697 395 1837 449 cnim

266 489 299 545 si
318 486 447 542 velis
473 485 694 555 implere
712 486 942 554 aliquem
964 486 1157 549 sitmm,
1178 495 1231 538 et
1253 486 1385 539 nosti
1407 500 1565 555 quant
1593 501 1838 555 magnum

263 590 334 638 cst
364 578 506 650 quod
557 577 788 639 dabitur,
816 576 1061 631 extendis
1085 578 1259 631 sinum
1304 577 1386 630 Vt'l
1414 577 1553 631 sacci
1580 578 1661 632 vel
1708 578 1839 631 utris

262 674 339 731 vel
370 674 595 737 alicujus
624 670 733 725 rei;
760 670 898 724 nosti
924 679 1178 739 quantum
1207 669 1463 722 missurus
1491 683 1580 734 es,
1611 678 1662 722 et
1694 669 1839 723 vides

262 784 288 837 η
303 767 379 824 uia
398 781 535 835 augu
550 774 651 817 ειυς
670 772 749 817 est
773 762 955 825 sinus;
978 761 1308 815 extendendo
1327 760 1454 814 facis
1473 761 1833 830 capaciorem:

272 862 339 916 sic
370 860 506 915 Deus
533 854 827 909 dilfetendo
852 854 1090 908 extendit
1114 852 1458 913 desiderium,
1486 851 1837 908 desiderando

273 949 760 1008 estenditauimum.
776 946 1109 1001 extendendo
1129 943 1247 998 tiu-it
1270 960 1537 1013 capacem.
1557 942 1837 997 Desidere-

272 1060 381 1102 tnus
401 1059 547 1114 ergo,
568 1042 778 1098 fratres.
795 1039 915 1109 quia
939 1038 1189 1108 implendi
1207 1037 1604 1092 suuuts.Videte
1618 1036 1834 1091 Paulum

272 1138 625 1196 extendentem
652 1135 826 1189 simun
848 1174 863 1195 ,
902 1140 955 1185 ut
988 1135 1145 1200 possit
1174 1148 1364 1199 capere
1392 1131 1529 1200 quol
1558 1139 1834 1183 ventttrutn

269 1242 362 1289 est.
390 1230 466 1283 Ait
498 1229 640 1281 enim
668 1244 682 1278 :
720 1224 834 1279 Non
862 1225 980 1293 quia
995 1226 1108 1294 jam
1135 1224 1446 1291 acceperim,
1475 1234 1561 1276 aut
1578 1224 1690 1291 jam
1724 1239 1835 1292 pcr-

267 1324 414 1391 fcctus
434 1320 527 1374 sim
556 1335 573 1373 :
600 1321 803 1389 fratres,
834 1332 925 1385 ego
955 1331 1032 1367 me
1057 1332 1156 1368 non
1183 1316 1402 1368 arbitror
1421 1315 1831 1381 oppri-hendisse.

266 1412 390 1482 Quid
416 1425 542 1479 ergo
568 1409 682 1479 agis
710 1410 759 1461 in
788 1408 882 1461 bac
911 1407 1034 1463 viza.
1065 1407 1107 1460 si
1142 1406 1372 1460 nondmn
1404 1405 1835 1476 apprcltemlisti?

268 1500 641 1560 Unumautcm,
673 1514 787 1569 qua:
808 1509 940 1551 retro
968 1497 1182 1558 ob'itus.
1224 1498 1275 1550 in
1315 1513 1372 1549 ca
1412 1513 1525 1567 qua:
1566 1507 1684 1549 ante
1719 1507 1837 1549 sunt

262 1601 509 1652 extentus,
534 1590 809 1645 secundum
844 1589 1166 1643 intentionem
1196 1605 1374 1656 sequor
1409 1587 1476 1641 ad
1505 1589 1723 1658 palmam
1750 1606 1836 1643 su-

262 1693 423 1749 perna.-
463 1675 734 1731 rocationis
772 1672 1030 1743 (Philipp.
1066 1689 1154 1734 Ill,
1197 1674 1290 1733 I3,
1333 1672 1433 1739 ιιι).
1467 1674 1746 1726 livteutum
1777 1689 1837 1727 se

261 1763 406 1826 dixit,
427 1770 477 1816 et
495 1759 783 1814 sccuudum
813 1756 1157 1811 intentionem
1175 1758 1322 1825 sequi
1341 1774 1398 1809 se
1414 1757 1564 1810 dixit.
1582 1756 1832 1810 Minorem

261 1870 319 1911 se
342 1852 594 1909 sentiebat
615 1850 680 1904 ad
706 1849 1023 1919 capiendum
1048 1847 1187 1917 quod
1210 1848 1397 1902 oculus
1415 1865 1517 1901 non
1542 1847 1702 1910 vidit,
1738 1862 1835 1902 nec

262 1942 624 2005 aurisaudivit,
643 1957 739 1995 nec
761 1943 811 1995 in
829 1939 1162 1995 corltomiais
1190 1938 1448 1991 ascendit.
1482 1938 1601 1992 lla-c
1623 1958 1633 1985 ι
1656 1947 1705 1990 st
1731 1938 1832 1991 vita

266 2045 466 2099 nostra,
481 2032 890 2089 ntdesiderando
916 2046 1279 2085 exerceantur.
1294 2029 1516 2082 Tantum
1537 2038 1715 2083 autem
1733 2044 1829 2082 nos

269 2140 475 2186 exercet
493 2140 721 2181 sanctum
734 2124 1081 2185 desiderium,
1096 2133 1348 2192 quantum
1360 2121 1621 2175 desideria
1653 2131 1833 2175 nostra

270 2219 699 2289 atuputaverituus
714 2217 782 2269 ab
809 2230 989 2269 amore
1009 2215 1207 2267 saeculi.
1225 2212 1339 2267 Jaut
1353 2212 1835 2281 diximusaliquan-

269 2309 363 2373 do,
397 2309 604 2364 Exinaui
626 2307 766 2379 quod
796 2305 1118 2374 implendum
1152 2314 1234 2359 est
1263 2306 1302 2356 ‘.
1348 2303 1493 2357 Bono
1538 2303 1835 2372 iutplendus

272 2416 366 2463 es,
399 2400 546 2455 funde
575 2400 790 2454 malum.
824 2398 949 2451 l‘nta
1001 2397 1120 2465 quia
1169 2396 1322 2449 melle
1368 2405 1418 2449 te
1460 2395 1570 2448 vult
1616 2395 1836 2464 implere

272 2492 437 2548 Deus:
460 2494 500 2546 si
528 2491 882 2558 aectoplcnus
906 2503 986 2551 es,
1016 2488 1102 2541 ubi
1126 2486 1226 2540 mel
1258 2486 1453 2554 pones?
1487 2484 1832 2540 Fuudendum

273 2591 354 2637 est
386 2581 513 2652 quod
557 2581 796 2651 portabat
836 2594 964 2632 vas:
992 2576 1349 2631 tnundatulum
1376 2586 1458 2630 est
1489 2576 1657 2645 ipsum
1706 2590 1830 2640 vas;

275 2672 613 2727 mandandum
638 2682 740 2733 est,
770 2669 869 2725 etsi
897 2684 1018 2723 cum
1054 2667 1256 2727 labore.
1281 2682 1399 2721 cum
1430 2668 1633 2728 tritura,
1664 2675 1718 2719 ut
1746 2666 1836 2720 fiat

272 2777 438 2833 aptum
460 2764 660 2817 cuidam
695 2763 791 2817 rei.
825 2761 1218 2825 Maledieamus,
1251 2776 1434 2812 aurum
1458 2758 1725 2819 dicamus,
1760 2759 1835 2813 τί·-

272 2871 389 2910 nunt
407 2856 659 2916 dicamus;
683 2852 934 2923 quidquid
958 2853 1180 2905 dicimus
1206 2850 1346 2920 quod
1364 2850 1469 2903 dici
1498 2867 1601 2901 non
1634 2860 1827 2919 potest,

270 2946 505 3016 quidquid
537 2946 776 2998 volunuu
803 2944 980 2997 dicere
1000 2984 1014 3002 .
1050 2942 1185 2995 Deus
1214 2952 1448 2995 vocatur.
1489 2940 1554 2995 Et
1579 2942 1721 3011 quod
1748 2942 1831 2994 di-

269 3035 427 3092 Cimus
455 3039 618 3103 Deus,
642 3036 766 3106 quid
789 3034 1056 3089 diximus?
1087 3034 1211 3087 Duae
1232 3034 1346 3087 ista.-
1365 3033 1581 3107 syllaba.-
1602 3044 1721 3086 sunt
1751 3043 1833 3086 ts-

273 3135 373 3183 lunt
396 3128 523 3198 quod
540 3125 928 3196 exspectamus?
939 3124 1200 3194 Quidquid
1213 3140 1341 3194 ergo
1357 3125 1537 3178 dicere
1555 3125 1833 3186 valuimus.

269 3217 394 3271 intra
417 3229 493 3272 est
520 3235 531 3271 :
558 3216 907 3271 extendamus
938 3231 1036 3269 nos
1076 3216 1125 3268 in
1165 3231 1287 3269 cmn
1308 3257 1322 3277 ,
1358 3226 1414 3267 ut
1441 3231 1560 3267 cum
1607 3215 1831 3279 \‘C-lClll,

270 3307 485 3377 implet.
517 3308 723 3364 Similes
760 3306 901 3362 enim
941 3306 985 3358 ci
1024 3306 1238 3371 trimus;
1280 3307 1516 3377 quoniam
1563 3306 1836 3361 ridtbimus

269 3415 373 3453 cum
392 3403 530 3455 sicuti
556 3411 651 3454 est.

336 3492 382 3546 7.
423 3491 482 3546 Et
509 3493 670 3546 omnis
706 3491 791 3563 qui
827 3490 971 3544 habet
1009 3506 1149 3559 spem
1197 3491 1326 3543 lianc
1368 3490 1418 3543 iu
1463 3491 1590 3558 ipso.
1638 3493 1837 3552 Videtis

265 3588 378 3657 quia
422 3586 471 3640 in
514 3602 608 3654 spe
641 3603 736 3639 nos
767 3585 958 3654 ιιυηιιίι.
994 3583 1194 3638 Videtis
1217 3584 1534 3654 quemadmo
1554 3586 1658 3638 lum
1702 3580 1834 3642 ciu-

262 3680 394 3750 grttit
419 3688 578 3748 apost.
602 3679 683 3732 lus
716 3678 909 3731 l'aulus
933 3676 1241 3744 coapostolo
1266 3691 1384 3740 suo,
1420 3678 1525 3747 Spe
1547 3679 1675 3732 sulci
1710 3677 1834 3750 facti

263 3786 445 3823 smmis.
472 3770 596 3838 Spes
638 3778 805 3821 autem
851 3783 963 3838 qua:
1002 3767 1213 3829 videtur,
1262 3784 1360 3844 non
1409 3778 1479 3819 cst
1522 3785 1671 3838 spes:
1697 3772 1834 3841 quod

261 3862 390 3917 cnim
418 3864 539 3917 rich
571 3863 713 3932 quis,
749 3862 869 3930 quid
906 3860 1113 3931 sperat?
1143 3860 1203 3915 Si
1231 3860 1361 3913 enim
1391 3861 1525 3929 quod
1563 3879 1661 3915 non
1696 3863 1833 3918 ride-

263 3971 365 4008 mus
386 3972 659 4022 speramus.
688 3970 775 4023 per
802 3953 1092 4023 pa:ieutiant
1122 3962 1467 4019 exspectamus
1500 3953 1686 4023 (Rom.
1713 3971 1831 4021 vtu,

262 4044 342 4108 ει.
364 4045 473 4116 25).
507 4046 620 4114 Ipsa
652 4045 900 4113 patientia
943 4053 1156 4097 exercet
1189 4043 1531 4097 desiderium.
1562 4044 1710 4100 Mane
1742 4055 1795 4100 tu
1815 4089 1830 4112 ,

269 4153 376 4192 nam
409 4147 587 4192 manet
618 4136 705 4191 ille
731 4154 743 4184 τ
766 4147 819 4191 et
849 4150 1125 4205 |it‘l'.~C\'Cl‘:I
1159 4136 1210 4189 iu
1237 4134 1584 4199 ambulando,
1618 4146 1674 4191 ut
1716 4154 1833 4208 per-

263 4232 455 4291 venias;
486 4228 607 4298 quia
654 4243 761 4297 qtto
806 4227 1015 4291 teuds,
1067 4242 1168 4279 non
1215 4226 1477 4295 migrabit.
1522 4226 1833 4284 \'idete:l'.'t

265 4323 410 4374 omnis
423 4321 509 4389 qui
537 4321 681 4374 habet
696 4335 834 4389 spent
854 4319 985 4371 hunc
1008 4320 1057 4371 in
1079 4318 1209 4385 ipso,
1224 4319 1468 4387 castiﬁcat
1488 4322 1830 4389 semetipsum,

262 4411 373 4465 sicut
411 4424 455 4466 ct
508 4413 614 4482 ipse
653 4423 821 4465 castus
865 4420 955 4464 est.
1006 4409 1189 4463 Videte
1229 4410 1673 4479 ipe-madmtulum
1724 4428 1829 4468 non

262 4501 458 4558 abstulit
498 4504 724 4557 liberum
770 4500 1085 4571 arbitrium,
1111 4510 1166 4554 ιιι
1208 4500 1443 4565 diceret,
1476 4503 1721 4572 castiﬁcat
1748 4522 1829 4558 se-

261 4600 528 4665 metipsum.
561 4596 693 4665 Quis
724 4610 821 4649 nos
859 4593 1115 4648 castificat
1145 4594 1243 4647 nisi
1265 4593 1454 4648 ‘Dius?
1482 4595 1583 4650 Sed
1618 4596 1753 4649 lleus
1780 4606 1831 4653 te

261 4692 505 4745 uolantem
540 4705 643 4743 llttll
667 4686 944 4742 casulicat.
978 4686 1114 4757 Ergo
1169 4686 1308 4755 quod
1361 4686 1607 4755 adjungis
1636 4689 1827 4743 volnu-

260 4791 399 4839 tatem
453 4793 597 4838 tuam
654 4782 781 4844 Deo,
828 4779 1089 4835 castiﬁcas
1138 4780 1384 4849 teipsum.
1426 4782 1697 4836 Gtstitieas
1735 4792 1825 4849 te,

261 4891 345 4930 non
397 4876 463 4931 de
503 4885 584 4938 te,
613 4874 705 4929 Sed
750 4873 817 4928 de
865 4874 955 4928 iIlo
993 4874 1080 4942 qui
1134 4873 1278 4928 venit
1331 4882 1390 4927 ut
1444 4875 1703 4931 inhabitet
1754 4885 1824 4931 te.

259 4969 436 5035 Tamen
475 4969 597 5039 quia
629 4969 741 5039 agis
787 4968 856 5022 ibi
901 4966 1096 5037 aliquid
1143 4967 1437 5030 voluntate,
1467 4967 1589 5023 ideo
1632 4977 1686 5023 et
1733 4969 1828 5023 tibi

258 5062 427 5132 aliquid
458 5062 710 5117 trilmtum
738 5070 838 5116 est.
866 5059 987 5114 Ideo
1012 5069 1187 5113 autem
1219 5061 1308 5114 tibi
1342 5061 1596 5115 tributmn
1635 5070 1747 5123 est,
1771 5070 1829 5116 ut

258 5153 381 5210 dicas
408 5155 550 5209 sicut
579 5155 629 5208 in
658 5154 868 5209 Psalmtt
887 5194 901 5215 ,
937 5152 1155 5220 Adjutor
1196 5168 1333 5205 incus
1372 5162 1497 5215 (διο,
1522 5169 1583 5205 ne
1605 5152 1826 5207 derelin-

258 5261 359 5299 anas
388 5262 467 5299 me
497 5242 666 5315 (Psal.
691 5259 845 5303 xxvi.
875 5242 950 5309 9).
994 5242 1048 5296 Si
1077 5242 1231 5303 dicis.
1260 5242 1480 5312 Adjntor
1525 5259 1662 5297 meus
1700 5254 1822 5309 esto,

258 5335 431 5405 aliquid
462 5336 576 5405 agis
600 5352 612 5387 :
636 5349 756 5388 nam
784 5335 827 5388 si
858 5334 983 5388 nihil
1010 5334 1141 5402 agis,
1170 5334 1437 5403 quomodo
1465 5334 1550 5388 ille
1579 5334 1827 5403 adjuvat?

310 5427 359 5481 8.
404 5426 584 5481 Omnis
628 5426 714 5494 qui
757 5426 881 5494 facit
925 5438 1219 5495 peccatum,
1250 5436 1298 5479 et
1332 5426 1644 5496 iniquitatem
1681 5428 1823 5497 facit.

242 5534 245 5546 '
285 5538 414 5609 .t'sic
445 5536 735 5609 legendum,
775 5533 1289 5609 snite-gantibussm.
1311 5537 1419 5609 Bad.
1459 5545 1513 5588 et
1549 5544 1824 5609 O'tto_stss.,

259 5598 331 5646 nisi
352 5599 481 5671 quod
510 5598 561 5645 in
585 5599 809 5671 erunibus
830 5598 1071 5671 codicibus
1099 5599 1318 5671 deterior
1350 5607 1427 5671 est
1460 5613 1648 5671 vocu_m_
1670 5598 1823 5671 inter;

260 5657 449 5772 1d
470 5660 601 5784 [11am
639 5657 853 5707 distans
888 5657 1146 5723 aliquando
1181 5657 1424 5711 eaitwniri
1462 5659 1589 5725 quod
1629 5659 1828 5726 implen-

1409 279 1820 338 TRACTATUS
1860 280 1947 338 IV.
1987 281 2213 341 CAPUT
2253 286 2317 341 ll.

3380 308 3525 371 IOIO

1950 396 2117 452 Nemo
2159 400 2333 465 dicat,
2385 404 2538 459 Aliud
2584 416 2665 462 est
2708 420 3017 477 precatum.
3055 414 3197 469 aliud
3237 419 3527 489 iniquitas:

1949 505 2108 544 nemo
2135 491 2307 551 dicat.
2343 494 2452 563 Ego
2484 509 2730 565 peccatur
2778 501 2934 554 homo
2980 518 3129 567 Slllll,
3175 508 3267 561 sed
3318 511 3528 580 iniquus

1949 597 2053 635 tton
2079 599 2216 638 sutu.
2244 585 2421 639 Ontnis
2455 590 2594 642 enim
2620 594 2706 654 qui
2732 594 2858 661 facit
2885 607 3171 662 peccatum,
3200 610 3247 653 et
3288 603 3531 671 iniquita-

1947 683 2043 727 tem
2072 679 2211 744 facit.
2247 676 2511 733 Peccatum
2535 694 2606 735 est
2633 684 2886 752 iniquitas.
2910 688 3045 757 Quid
3069 706 3194 761 ergo
3221 692 3441 751 facimus
3460 697 3528 752 de

1947 768 2177 835 peccatis
2206 770 2399 823 nostris
2426 782 2473 826 et
2506 773 2901 843 iniquitatibus?
2928 780 3061 834 Audi
3092 782 3216 850 qttid
3248 784 3387 838 dicat
3417 804 3429 838 :
3461 786 3525 841 Ιιι

1944 856 2081 909 scitis
2114 859 2231 927 quia
2268 858 2357 913 ille
2396 864 2744 932 numifestatus
2766 877 2865 929 est,
2900 879 2955 921 ut
2989 882 3245 939 peccatum
3288 878 3527 944 auferat;

1944 956 1992 1001 et
2035 961 2291 1016 peccatum
2339 954 2389 1005 iu
2433 954 2545 1021 ipso
2585 972 2683 1009 non
2712 969 2803 1011 est.
2848 957 2902 1013 In
2945 976 3052 1031 quo
3079 980 3182 1018 nou
3217 975 3297 1020 est
3344 982 3530 1036 pecca-

1946 1047 2075 1098 tum.
2110 1041 2221 1109 ipse
2261 1046 2404 1097 venit
2451 1048 2659 1101 auferre
2710 1062 3001 1116 peeeatmn.
3032 1054 3161 1109 Nam
3205 1058 3249 1111 si
3291 1070 3431 1114 esset
3472 1072 3527 1116 et

1944 1130 1996 1184 iu
2029 1132 2117 1184 illa
2148 1145 2418 1201 peceatum
2441 1178 2455 1197 .
2485 1140 2829 1194 auferendum
2861 1154 3005 1198 esset
3034 1147 3127 1210 i'li,
3161 1165 3266 1203 non
3293 1151 3402 1217 ipse
3430 1168 3525 1206 au-

1944 1221 2123 1277 ferret.
2167 1224 2343 1278 Omnis
2375 1229 2463 1297 qui
2486 1230 2536 1282 in
2566 1231 2677 1299 ipso
2703 1245 2894 1294 manet,
2927 1252 3025 1289 non
3056 1249 3243 1304 peccat.
3274 1239 3328 1294 In
3352 1258 3523 1310 quan-

1945 1325 2051 1369 tum
2083 1318 2133 1370 in
2160 1318 2274 1386 ipso
2301 1331 2505 1385 manet,
2535 1323 2584 1376 in
2616 1334 2813 1378 tantum
2849 1343 2951 1380 non
2984 1340 3186 1397 peccat.
3220 1331 3398 1385 Omnis
3434 1335 3523 1403 qui

1944 1420 2143 1477 peccat.
2177 1426 2273 1462 non
2318 1412 2436 1463 ritlit
2466 1429 2607 1477 eum,
2650 1432 2805 1484 neque
2854 1420 3079 1486 cognorit
3130 1437 3260 1476 eum.
3338 1423 3521 1493 Magna

1944 1499 2037 1552 isti
2073 1502 2327 1568 quaestio.
2355 1502 2530 1556 Omnis
2575 1508 2660 1576 qui
2690 1518 2887 1576 peccat.
2906 1526 3003 1563 non
3048 1513 3167 1565 vidit
3198 1531 3333 1574 cum.
3360 1534 3517 1586 neque

1948 1591 2178 1657 cognorit
2222 1607 2354 1644 eunt.
2412 1592 2524 1647 Non
2566 1607 2641 1648 es:
2690 1598 2881 1651 tuirum
2938 1599 3049 1653 Non
3093 1618 3212 1656 eum
3258 1605 3520 1671 vidimus,

1941 1681 2033 1733 sed
2067 1682 2226 1735 visuri
2277 1698 2494 1745 smnus;
2539 1703 2641 1739 non
2677 1704 2796 1740 eum
2847 1692 3188 1759 eogttovimus
3218 1735 3232 1757 ,
3289 1695 3380 1749 sed
3432 1712 3525 1753 eo-

1941 1776 2133 1844 gnituri
2162 1792 2380 1830 sumus:
2413 1779 2678 1834 credimus
2722 1782 2771 1835 in
2819 1798 2939 1836 eum
2970 1800 3125 1853 quem
3171 1804 3274 1841 non
3321 1804 3522 1861 cogar).

1942 1866 2130 1918 \‘ittttts.
2165 1868 2244 1919 An
2283 1869 2415 1922 forte
2457 1886 2519 1922 ex
2569 1871 2671 1925 fide
2696 1875 3132 1938 cognovinmsct
3172 1879 3349 1948 specie
3390 1898 3522 1936 non.

1940 1954 2065 2008 dum
2095 1959 2469 2023 cognovimus?
2493 1960 2594 2013 Sed
2630 1962 2679 2014 in
2713 1964 2813 2015 lide
2840 1974 2893 2017 et
2925 1965 3153 2021 vidimus
3189 1978 3243 2022 et
3272 1971 3525 2040 cognovi-

1943 2063 2077 2100 mus.
2108 2048 2161 2101 Si
2190 2050 2330 2102 enim
2361 2066 2463 2103 nott
2487 2051 2590 2104 llttll
2624 2053 2765 2107 videt
2792 2055 2941 2118 lides,
2968 2073 3133 2126 quare
3160 2059 3387 2116 dicimur
3408 2062 3525 2116 illu-

1943 2142 2161 2196 tuinati?
2214 2143 2305 2196 Est
2346 2144 2658 2197 illuminatio
2707 2163 2798 2214 per
2844 2148 3036 2212 lidetn,
3080 2162 3160 2205 εει
3208 2153 3525 2209 illtttnittalio

1943 2251 2036 2302 per
2055 2236 2304 2303 speciem.
2331 2235 2483 2291 .‘llmlo
2508 2253 2625 2289 eum
2657 2241 3069 2306 peregrinamur.
3101 2258 3194 2311 per
3221 2244 3375 2299 lident
3401 2262 3519 2301 am-

1944 2328 2184 2382 bttluttttzs
2210 2370 2223 2393 ,
2254 2344 2357 2382 non
2390 2346 2480 2397 per
2509 2344 2615 2397 Spei
2636 2330 2737 2383 iem
2766 2329 2829 2401 (‘l
2860 2330 2978 2386 Cor.
3013 2348 3065 2395 v.
3092 2334 3168 2403 7).
3206 2334 3345 2406 Ergo
3368 2337 3527 2404 etju.

1943 2420 2082 2473 stitia
2116 2428 2291 2472 nostra
2338 2435 2430 2487 per
2470 2422 2622 2474 Iidem
2665 2431 2775 2485 est,
2822 2439 2925 2476 nou
2974 2438 3071 2494 per
3113 2427 3367 2495 speciem.
3409 2426 3527 2483 Erit

1943 2514 2171 2583 perfecta
2201 2523 2377 2566 nostra
2403 2512 2603 2581 justitia
2626 2556 2641 2573 .
2665 2529 2783 2566 cttnt
2825 2514 3116 2569 videbimus
3145 2533 3237 2585 per
3262 2518 3522 2584 speciem.

1944 2602 2097 2655 Modo
2126 2619 2226 2655 nou
2259 2604 2614 2671 relinquamus
2641 2619 2759 2657 cun
2781 2603 3035 2671 justitiam
3057 2622 3174 2675 qua-
3194 2617 3272 2658 est
3299 2623 3361 2661 ex
3393 2607 3514 2673 lide,

1942 2696 2189 2763 quoniam
2219 2696 2393 2765 justus
2423 2712 2486 2749 ex
2513 2697 2613 2763 fide
2642 2697 2755 2749 vivit
2786 2697 2968 2765 (Rom.
3016 2713 3062 2759 ι.
3113 2699 3221 2766 l7),
3269 2699 3403 2753 sicut
3444 2700 3522 2756 ait

1944 2788 2248 2855 Apostolus.
2285 2787 2459 2840 Omnis
2483 2789 2569 2857 qui
2595 2798 2757 2840 ntauet
2784 2789 2833 2841 in
2860 2789 2969 2859 ipso
2988 2830 3001 2850 ,
3033 2806 3134 2843 non
3172 2800 3357 2857 peccat.
3389 2789 3521 2845 Nam

1942 2879 2101 2931 omnis
2141 2880 2225 2947 qui
2269 2890 2470 2949 peccat,
2505 2896 2603 2931 non
2633 2880 2749 2933 cidit
2778 2896 2907 2940 eunt,
2940 2897 3095 2951 neque
3120 2881 3346 2952 cognovit
3382 2897 3519 2937 eum.

1942 2971 2056 3028 Non
2085 2972 2248 3027 credit
2284 2973 2381 3027 iste
2410 2974 2496 3043 qui
2525 2985 2699 3042 peccat
2728 2990 2741 3026 :
2776 2972 2819 3028 si
2849 2984 3022 3029 autem
3048 2975 3236 3041 credit,
3266 2983 3522 3045 quantum

1940 3065 2006 3117 ad
2040 3066 2192 3119 tidem
2217 3067 2330 3132 ejus
2357 3070 2598 3135 pertinet,
2634 3084 2735 3120 non
2769 3076 2966 3137 peccat.

2014 3157 2067 3212 9.
2120 3157 2329 3222 Filioli,
2377 3176 2521 3211 nemo
2553 3176 2634 3212 ros
2672 3160 2896 3213 sedarat.
2949 3159 3049 3224 Qui
3086 3160 3206 3231 facit
3236 3160 3520 3227 justitiam,

1935 3249 2109 3319 justus
2130 3260 2222 3313 est,
2252 3252 2377 3302 sicut
2396 3261 2442 3303 ct
2463 3250 2550 3304 ille
2568 3252 2740 3319 justus
2762 3261 2850 3305 est.
2904 3249 3034 3305 Num
3058 3251 3161 3318 {uid
3189 3251 3401 3321 quando
3428 3267 3525 3307 att-

1945 3341 2177 3395 divimus
2217 3342 2338 3410 quia
2373 3342 2500 3409 justi
2532 3357 2748 3402 sunms.
2788 3343 2913 3396 sicut
2942 3352 2988 3396 ct
3016 3343 3102 3397 ille
3122 3384 3137 3403 ,
3168 3344 3398 3412 a-quales
3424 3357 3523 3400 nos

1942 3432 2199 3487 debemus
2227 3443 2409 3501 putare
2438 3433 2575 3486 Deo?
2620 3433 2831 3487 Debetis
2862 3448 3018 3487 nosse
3054 3432 3177 3503 qttid
3202 3443 3313 3498 est,
3355 3433 3526 3491 sicut:

1939 3522 2249 3590 j-uudmlum
2302 3523 2442 3577 enim
2493 3523 2652 3587 dixit,
2699 3521 2954 3589 Custificat
3002 3524 3350 3593 scntctipsunt,
3394 3525 3523 3579 sicut

1945 3614 2050 3683 ipse
2074 3624 2242 3667 castus
2270 3624 2360 3667 est.
2415 3614 2530 3667 .lam
2568 3630 2695 3683 ergo
2741 3630 2836 3681 par
2862 3622 2915 3667 et
2939 3614 3155 3679 a-qnalis
3184 3624 3260 3667 est
3304 3616 3523 3669 castftas

1946 3714 2124 3757 nostra
2165 3705 2391 3758 castitati
2426 3703 2552 3765 Dei,
2600 3712 2651 3757 et
2678 3704 2878 3769 jnstitia
2909 3712 3085 3757 nostra
3124 3701 3341 3771 justitia:
3391 3702 3522 3758 "ei?

1942 3796 2071 3861 Quis
2102 3794 2201 3849 ltoe
2227 3795 2401 3848 client?
2424 3794 2471 3849 S.
2494 3794 2528 3848 ιι
2547 3836 2559 3854 ,
2589 3794 2717 3847 sicut
2737 3836 2752 3859 ,
2786 3810 2889 3848 non
2916 3811 3128 3865 semper
3151 3794 3216 3849 ad
3243 3794 3521 3865 aequalita-

1945 3895 2048 3941 tem
2071 3885 2172 3939 dici
2217 3886 2371 3938 Solet.
2420 3884 2699 3953 Quomodo
2721 3928 2735 3945 ,
2768 3886 2912 3940 verbi
2937 3887 3101 3956 gratia
3123 3928 3138 3949 ,
3167 3888 3274 3942 visa
3304 3888 3521 3944 basilica

1944 3979 2040 4034 ista
2068 3978 2264 4046 ampla,
2294 3978 2336 4031 si
2356 3979 2479 4030 velit
2510 3977 2681 4031 facere
2704 3978 2895 4046 aliquis
2922 3980 3199 4040 minorem,
3227 3980 3319 4035 sed
3343 3990 3518 4043 tamen

1942 4068 2281 4140 proportione
2307 4066 2372 4119 ad
2404 4083 2681 4122 mensuras
2706 4067 2842 4133 ejus,
2872 4076 2923 4118 ut
2944 4068 3087 4120 verbi
3114 4068 3303 4134 gratia,
3333 4068 3376 4121 si
3412 4069 3518 4125 lata

1940 4173 2024 4215 est
2056 4162 2151 4214 ista
2180 4160 2425 4230 sitrplum
2447 4200 2464 4223 ,
2507 4169 2558 4214 et
2590 4158 2741 4227 longa
2770 4157 2988 4227 duplutn
3013 4174 3028 4221 ;
3062 4157 3217 4212 faeiat
3245 4167 3299 4213 et
3324 4159 3408 4213 ille
3437 4159 3520 4213 la-

1943 4261 2046 4305 tam
2078 4250 2346 4317 simplum,
2379 4259 2429 4301 et
2461 4248 2667 4315 longam
2696 4246 2910 4315 dupluttt
2943 4263 2954 4296 τ
2989 4247 3194 4301 videtur
3225 4248 3303 4302 sic
3329 4248 3519 4305 fecisse

1938 4343 2069 4396 sicut
2100 4352 2181 4396 est
2214 4342 2331 4397 ista.
2377 4341 2479 4394 Sed
2514 4342 2609 4395 ista
2642 4339 2800 4395 habet
2821 4380 2837 4403 ,
2866 4339 3009 4394 verbi
3048 4339 3255 4410 gratia,
3299 4352 3516 4396 centum

1938 4433 2144 4487 cubitus
2164 4474 2178 4495 ,
2209 4433 2291 4485 illa
2316 4431 2525 4501 triginta
2558 4448 2572 4485 :
2603 4438 2657 4485 et
2684 4431 2760 4487 sic
2787 4438 2903 4496 est,
2947 4440 2997 4484 et
3026 4430 3195 4502 impar
3221 4439 3321 4485 est.
3358 4429 3516 4487 Vide-

1942 4523 2008 4577 tis
2034 4523 2155 4593 quia
2187 4539 2290 4576 uoa
2321 4538 2533 4593 semper
2555 4563 2571 4585 ,
2596 4523 2758 4587 sicut,
2785 4520 2849 4575 ad
2885 4521 3196 4591 parilitatem
3225 4532 3279 4577 et
3302 4522 3518 4593 a-quali-

1941 4625 2099 4672 tatem
2132 4617 2373 4671 refertur.
2410 4616 2566 4671 Verbi
2590 4617 2776 4686 gratia.
2802 4616 2977 4671 videte
3004 4629 3255 4686 quantum
3282 4616 3352 4672 sit
3380 4617 3517 4674 inter

1939 4705 2125 4761 faeieru
2159 4707 2419 4762 hominis.
2469 4716 2521 4762 et
2565 4708 2843 4777 imaginem
2886 4706 2953 4762 dc
2987 4708 3203 4776 speculo
3232 4726 3246 4762 :
3276 4707 3434 4764 facies
3463 4710 3516 4767 in

1939 4799 2192 4869 imagine,
2229 4798 2388 4853 facies
2409 4799 2459 4852 in
2486 4814 2741 4868 corpore;
2772 4799 2945 4867 imago
2973 4798 3023 4853 in
3053 4799 3362 4864 imitatione,
3392 4816 3514 4856 cor-

1937 4905 2034 4959 pus
2064 4892 2114 4943 iu
2144 4890 2382 4945 veritate.
2416 4890 2481 4944 Et
2504 4890 2626 4959 quid
2648 4890 2909 4944 dicimus?
2939 4890 3068 4944 Nam
3091 4891 3226 4946 sicut
3250 4890 3513 4959 bicncttli.

1937 4985 2006 5038 ita
2033 4993 2087 5037 ct
2115 4982 2183 5036 ibi
2211 5000 2226 5036 :
2256 4983 2394 5036 sicut
2415 4982 2498 5036 hic
2519 4998 2695 5047 aures,
2725 4982 2791 5034 ita
2822 4992 2872 5034 et
2902 4981 2968 5034 ibi
2990 4997 3146 5036 aures
3166 4993 3307 5037 sunt.
3330 4983 3519 5051 Dispar

1935 5084 2018 5132 cst
2044 5091 2163 5135 res;
2208 5074 2299 5128 sed
2322 5117 2337 5137 ,
2382 5074 2545 5137 sicut,
2581 5073 2645 5127 ad
2684 5073 3080 5128 similitudinem
3105 5074 3315 5131 dicitur.
3346 5077 3517 5135 liabe-

1936 5182 2056 5220 mus
2080 5182 2207 5236 ergo
2231 5174 2286 5219 et
2311 5180 2408 5220 nos
2435 5166 2714 5233 imaginem
2749 5165 2873 5231 Dei;
2922 5166 3016 5222 sed
3044 5184 3147 5222 non
3185 5169 3327 5225 illam
3355 5186 3515 5241 quam

1938 5260 2094 5315 liabet
2127 5259 2288 5314 Filius
2311 5258 2529 5328 a‘qnalis
2562 5258 2701 5313 Patri
2741 5275 2756 5322 ;
2783 5269 2958 5315 tamen
2976 5269 3031 5315 et
3060 5277 3158 5316 nos
3180 5278 3276 5332 pro
3301 5263 3515 5317 modtdo

1935 5362 2119 5405 nostro
2138 5351 2182 5405 si
2207 5366 2310 5405 non
2338 5352 2476 5405 sicut
2506 5351 2592 5406 ille
2611 5366 2884 5419 essi‘mus,
2915 5369 2978 5407 ex
3017 5354 3157 5409 nulla
3192 5365 3336 5422 parte
3366 5354 3512 5407 sinti-

1936 5443 2013 5498 les
2034 5443 2349 5497 diceremur.
2384 5442 2521 5510 Ergo
2543 5442 2803 5499 castiﬁcat
2832 5460 2928 5499 nos
2955 5444 3091 5499 sicut
3118 5452 3172 5496 ct
3200 5444 3313 5512 ipse
3330 5453 3509 5499 castus

1934 5542 2049 5596 est;
2096 5533 2187 5587 Sed
2231 5533 2318 5588 ille
2343 5542 2520 5588 castus
2548 5534 2843 5589 teternitatc
2864 5575 2880 5596 .
2918 5550 3012 5587 nos
3050 5532 3179 5587 casti
3214 5533 3317 5588 fide
3346 5550 3359 5585 :
3382 5533 3510 5601 justi

1935 5637 2118 5679 sumus
2146 5623 2284 5677 sicut
2316 5633 2370 5678 et
2412 5624 2523 5694 ipse
2557 5625 2731 5693 justus
2769 5634 2881 5683 est:
2927 5623 3018 5676 sed
3050 5623 3162 5690 ipse
3207 5623 3257 5675 in
3290 5623 3400 5692 ipsa
3429 5623 3511 5678 in-

1938 5716 2301 5773 commutabili
2332 5718 2697 5789 perpetuitate,
2726 5730 2824 5771 nos
2840 5714 2967 5784 justi
2990 5713 3258 5769 credendo
3279 5719 3330 5770 in
3351 5731 3512 5786 quem
