3994 6386
519 390 663 450 9015

520 507 588 564 Et
617 506 703 562 ille
727 521 738 558 :
767 503 912 558 Amo.
942 501 1056 557 Non
1082 499 1188 558 ait.
1217 497 1270 553 Si
1294 512 1441 551 amas
1467 511 1550 551 me
1570 537 1584 556 .
1615 495 1907 563 obsequere
1936 493 2086 546 mihi.

518 595 740 667 Quando
761 596 901 650 enim
924 605 1038 648 erat
1059 591 1307 646 Dominus
1335 590 1384 642 in
1409 603 1568 644 carne
1595 587 1821 644 mortali.
1848 583 2088 648 esllt'itil,

519 689 681 744 sitivit
712 705 725 740 :
756 701 823 742 eo
851 695 1087 753 tempore
1115 697 1220 749 quo
1248 679 1512 735 esuriebat
1539 688 1592 732 et
1620 677 1862 742 sitiebat,
1904 689 2092 730 suscco

519 789 640 850 ptus
677 789 758 832 est
797 776 1050 845 hospitio;
1081 773 1444 826 ministrarum
1473 770 1543 823 illi
1570 769 1655 837 qui
1686 767 2001 826 halmerunt,
2024 764 2092 820 de

522 871 811 930 whstantia
841 885 956 934 sua,
987 869 1121 922 sicut
1144 867 1366 934 legimus
1391 866 1441 918 in
1474 863 1758 932 Evangelia
1785 860 1930 932 (Luc.
1959 875 2050 914 vin
2072 901 2087 925 ,

524 961 596 1029 5).
621 961 865 1030 Suscepit
887 975 1007 1015 eum
1031 956 1259 1028 hospitio
1280 954 1565 1010 Zacrhzeus
1588 972 1602 1010 :
1626 954 1804 1007 salvus
1825 953 1991 1006 lactus
2010 959 2088 1005 est

518 1070 546 1106 a
597 1053 815 1118 morbo,
859 1061 1102 1120 suscepto
1142 1049 1365 1103 medico.
1405 1047 1520 1115 Quo
1558 1046 1777 1100 movbo?
1818 1043 2085 1099 Avaritim.

520 1143 645 1199 Erat
671 1143 812 1197 enim
837 1141 1126 1195 ditissimus
1145 1182 1158 1203 ,
1186 1146 1240 1193 et
1264 1139 1508 1208 princeps
1538 1136 1958 1204 publicanorum.
1991 1134 2089 1187 At-

521 1237 722 1292 tendite
747 1248 987 1289 sanatum
1017 1250 1044 1286 a
1073 1233 1259 1286 morbo
1286 1229 1541 1282 avaritiae.
1575 1226 1877 1283 Dimidium.
1901 1225 2083 1293 imptit,

517 1327 760 1381 bonorum
788 1340 1006 1378 meorum
1034 1322 1099 1375 do
1128 1320 1460 1390 pauperibus;
1497 1327 1540 1371 et
1568 1317 1610 1370 si
1639 1316 1719 1368 cui
1745 1314 1937 1381 aliquid
1965 1314 2058 1365 tuli
2072 1353 2087 1376 ,

517 1416 853 1490 quadruplum
877 1415 1084 1468 reddam
1111 1410 1218 1480 (Id.
1248 1426 1362 1470 xu,
1390 1408 1526 1475 6'8).
1560 1407 1681 1461 Ideo
1705 1405 1938 1459 servavit
1962 1403 2093 1458 alte-

517 1525 634 1565 runt
672 1508 981 1569 dimidium,
1023 1520 1125 1558 nou
1160 1519 1265 1572 quo
1301 1499 1582 1561 frueretur,
1620 1497 1711 1550 sed
1749 1497 1885 1550 unde
1912 1495 2089 1550 debita

517 1601 764 1657 solveret.
804 1597 1049 1666 Sum-epit
1073 1610 1201 1664 ergo
1227 1602 1350 1646 tunc
1378 1590 1636 1644 medicmn
1668 1586 1895 1656 hoSpitio
1918 1628 1932 1650 ,
1969 1587 2088 1655 quia

515 1700 631 1747 erat
658 1689 934 1743 infirmitas
957 1685 1131 1739 earuis
1159 1685 1209 1736 in
1244 1681 1465 1734 Domino
1485 1720 1498 1739 ,
1535 1679 1617 1731 cui
1654 1677 1751 1732 hoc
1777 1677 2087 1746 obscqnimn

515 1782 812 1852 prmbereut
840 1778 1080 1834 homines
1105 1793 1118 1828 :
1150 1785 1203 1828 et
1232 1773 1352 1837 hoc,
1381 1773 1500 1841 quia
1529 1771 1685 1824 voluit
1713 1779 1966 1841 pra-stare
1989 1771 2089 1823 ob-

517 1873 892 1940 sequentihns;
934 1865 1345 1935 ohsetptcntihns
1372 1863 1511 1917 enim
1547 1861 1822 1931 proderat,
1859 1877 1959 1914 non
1991 1861 2085 1914 illi.

515 1961 610 2018 Cui
639 1963 778 2015 enim
812 1959 992 2028 Angcli
1023 1955 1419 2016 ministrabant,
1452 1953 1639 2007 horqu
1667 1952 1974 2022 ohsequimn
2003 1968 2088 2007 re-

515 2050 798 2124 quirebat?
839 2049 950 2104 Nec
992 2046 1133 2102 Flias
1175 2060 1361 2100 servus
1403 2044 1543 2098 illius
1587 2042 1688 2096 hoc
1732 2042 2087 2096 necessarium

517 2143 747 2200 habebat
768 2139 1068 2211 aliQuando,
1097 2139 1178 2193 cui
1212 2153 1399 2203 punctu
1429 2146 1477 2189 et
1510 2151 1721 2189 carnem
1756 2152 1848 2204 per
1873 2150 2087 2189 corvum

514 2237 792 2295 mittebat;
833 2242 886 2287 et
924 2243 1096 2285 tamen
1124 2237 1181 2282 ut
1206 2229 1358 2281 vidua
1393 2227 1634 2296 religiosa
1669 2226 2085 2292 benediceremr,

514 2326 740 2384 mittitur
775 2337 958 2380 servus
998 2321 1124 2384 Dei,
1169 2320 1399 2388 pascitur
1435 2335 1462 2370 a
1504 2317 1656 2371 vidua
1689 2332 1843 2385 quem
1873 2317 2009 2370 Deus
2037 2317 2087 2368 in

515 2425 723 2476 secreto
758 2415 1000 2487 pascebat
1041 2411 1127 2478 (Ill
1174 2411 1294 2479 Ilcg,
1345 2424 1488 2468 xvn,
1533 2407 1675 2477 4-9).
1717 2406 2087 2460 Verumtamen

514 2523 810 2582 quanquam
839 2506 905 2561 de
937 2506 1016 2559 bis
1047 2503 1216 2558 servis
1244 2501 1334 2556 Dei
1364 2500 1460 2554 sibi
1494 2507 1761 2568 praestent,
1793 2499 1879 2568 qui
1905 2514 2088 2552 evrum

514 2599 854 2670 indigentiam
893 2595 1263 2652 considerant.
1307 2600 1521 2659 proliter
1557 2589 1694 2642 illam
1731 2588 2028 2642 mercedem
2057 2602 2088 2640 a

514 2694 741 2750 Domino
772 2693 822 2744 in
849 2689 1132 2758 Evangelio
1156 2684 1580 2740 pumilestissime
1603 2683 1848 2750 positam,
1869 2681 1968 2748 Qui
1989 2699 2091 2736 sus-

515 2787 634 2856 cipit
656 2787 852 2857 justum
898 2784 946 2835 in
975 2781 1172 2833 nomine
1188 2778 1317 2848 justi
1337 2820 1352 2839 ,
1396 2775 1667 2830 mercedem
1688 2775 1814 2843 justi
1845 2776 2088 2844 accipiet;

514 2888 562 2932 et
581 2877 664 2947 qui
684 2875 889 2944 suscipit
913 2872 1204 2943 prophetam
1230 2870 1281 2921 in
1303 2869 1501 2921 nomine
1521 2867 1795 2934 prophetia,
1820 2865 2090 2962 niercetlem

516 2967 773 3039 propheta:
800 2962 1043 3030 accipiet;
1083 2969 1131 3012 et
1167 2958 1250 3027 qui
1277 2957 1467 3011 dederit
1497 2955 1701 3008 calicem
1727 2970 1871 3022 aqua:
1893 2953 2092 3024 frigida:

515 3058 605 3110 uni
643 3072 705 3109 ea:
743 3054 818 3106 his
855 3051 1071 3104 minimis
1107 3058 1297 3102 tantum
1328 3048 1378 3099 iu
1410 3046 1606 3099 nomine
1642 3044 1909 3110 discipuli,
1947 3059 2090 3096 amen

517 3146 628 3199 dico
655 3145 819 3206 vobis,
858 3158 954 3194 non
985 3140 1154 3210 perdet
1180 3155 1242 3190 nu
1259 3137 1451 3190 rccdem
1477 3152 1619 3188 suam
1648 3133 1854 3205 (.llatth.
1880 3150 1933 3195 Χ,
1962 3135 2023 3188 41
2044 3144 2091 3188 et

516 3233 607 3305 42)
641 3252 652 3286 :
685 3232 924 3302 quamvis
952 3244 1078 3298 ergo
1105 3228 1204 3282 sibi
1234 3237 1478 3296 praestent
1509 3227 1595 3294 qui
1630 3227 1728 3280 hoc
1754 3227 1942 3278 iaciunt
1965 3267 1980 3289 ,
2009 3234 2088 3279 ta-

516 3343 638 3383 men
683 3339 782 3379 nec
819 3323 921 3376 hnc
959 3331 1160 3391 [lolt‘l'.'.l
1200 3319 1419 3388 pra-beri
1454 3332 1742 3371 ascensnro
1783 3317 1833 3369 iu
1874 3317 2087 3370 (mlum.

518 3418 654 3486 Quid
686 3416 759 3470 illi
789 3423 992 3485 poterat
1016 3412 1309 3466 relrilmere
1333 3409 1538 3472 Petrus,
1561 3408 1649 3477 qui
1677 3407 1886 3460 amabat
1912 3407 2090 3461 illum?

517 3511 652 3566 Audi
677 3507 800 3578 quid
827 3525 839 3560 :
871 3504 1030 3558 Pasce
1054 3519 1164 3558 oves
1191 3518 1355 3564 meas;
1385 3499 1433 3552 id
1460 3508 1560 3561 est,
1595 3497 1697 3552 Fac
1725 3513 1819 3566 pro
1847 3496 2092 3552 lratrilms

517 3601 658 3675 quod
686 3616 780 3672 pro
806 3607 856 3654 te
883 3598 998 3652 feci.
1023 3596 1220 3651 Omnes
1243 3592 1496 3662 sanguine
1521 3605 1639 3644 meo
1662 3589 1898 3643 redemi:
1932 3589 2091 3644 nolite

517 3695 757 3752 dubitare
786 3690 919 3746 mori
953 3704 1048 3759 pro
1079 3686 1314 3741 veritatis
1341 3681 1694 3746 confessione,
1719 3691 1774 3734 nt
1796 3681 1973 3735 cwteri
1999 3695 2090 3735 vos

517 3789 807 3842 imitentur.

587 3879 642 3934 6.
680 3876 783 3932 Sed
812 3875 955 3938 hzec,
983 3881 1041 3926 ut
1067 3871 1296 3924 diximus
1315 3908 1327 3932 ,
1357 3866 1580 3928 fratres.
1609 3865 1836 3936 perlecm
1864 3865 2092 3920 cbaritas

518 3978 630 4034 est;
657 3967 744 4039 qtti
773 3975 924 4020 natus
952 3973 1033 4019 est
1057 3978 1119 4015 ex
1149 3962 1278 4020 Deo.
1307 3959 1466 4013 habet
1492 3958 1656 4011 illam.
1683 3956 1918 4012 lutendat
1948 3956 2092 4009 (Iba-

516 4062 646 4118 ritas
684 4068 888 4120 vestra,
929 4057 1101 4110 videte
1121 4052 1244 4123 quid
1283 4051 1473 4106 dicam.
1506 4050 1639 4103 lieee
1667 4050 1871 4118 accepit
1899 4047 2090 4104 Sacra-

518 4160 755 4209 mentum
804 4146 1089 4202 nativitatis
1130 4144 1288 4197 hoan
1329 4141 1648 4213 baptizatus;
1693 4139 2090 4195 Sacramentttal

519 4245 678 4301 habet
696 4285 710 4307 ,
737 4252 790 4296 et
811 4256 1054 4310 magnum
1079 4237 1477 4291 Saeramcutmu
1495 4275 1509 4294 ,
1537 4233 1799 4295 divinum,
1830 4241 2089 4296 sanctum,

521 4336 799 4391 iuell‘abile.
825 4331 1113 4387 Considera
1141 4329 1294 4398 qnale
1320 4345 1332 4380 :
1359 4337 1412 4380 ut
1436 4341 1626 4379 uovmu
1653 4325 1915 4378 hominem
1942 4325 2096 4380 l’aciat

520 4428 827 4482 dimissioue
863 4423 1097 4476 onmiutn
1139 4427 1492 4488 peccaturum.
1536 4415 1784 4468 Atteudat
1827 4426 1998 4468 tamen
2041 4415 2092 4469 itt

521 4537 634 4581 cor,
661 4519 705 4572 si
733 4515 1022 4586 perfectum
1041 4521 1121 4566 est
1150 4511 1241 4575 ibi,
1267 4509 1406 4578 quod
1432 4507 1622 4560 factum
1645 4517 1725 4560 est
1753 4507 1803 4560 iu
1830 4521 2051 4573 corpore
2077 4525 2090 4561 :

521 4613 693 4668 videat
721 4611 763 4662 si
788 4608 819 4660 h
839 4607 943 4659 ibet
965 4603 1274 4659 charitatem
1297 4640 1312 4663 ,
1348 4611 1396 4651 et
1430 4608 1554 4651 tunc
1583 4596 1756 4662 dicat,
1789 4596 1950 4651 Natus
1978 4612 2094 4651 smn

523 4719 587 4760 ex
628 4701 756 4757 Deo.
798 4697 851 4751 Si
885 4707 1060 4749 autem
1105 4708 1207 4746 non
1250 4689 1438 4750 habet,
1486 4687 1843 4741 characterem
1882 4687 2092 4756 quidem

523 4791 826 4864 impositum
859 4786 1043 4844 habet.
1080 4783 1173 4837 sed
1205 4782 1445 4836 desertor
1475 4787 1709 4849 vagatur.
1742 4777 1934 4832 llalu-at
1965 4778 2095 4832 cha-

520 4889 759 4948 rltatem;
784 4879 938 4934 aliter
960 4892 1063 4930 non
1086 4891 1144 4928 se
1165 4874 1304 4928 dicat
1331 4879 1507 4925 mittnn
1533 4886 1597 4925 es
1625 4870 1748 4924 lico.
1777 4869 1877 4925 Sed
1905 4869 2093 4934 habeo,

521 4976 728 5044 inptit,
786 4977 1196 5026 sacramentum.
1241 4963 1374 5019 Audi
1425 4960 1730 5032 Apostolum
1777 4978 1789 5012 :
1837 4960 1900 5016 Si
1941 4961 2096 5015 sciant

522 5069 691 5125 omnia
724 5072 1035 5120 sacramenta
1059 5101 1073 5122 ,
1114 5069 1159 5112 et
1199 5057 1406 5111 habeant
1453 5071 1648 5108 onmem
1694 5053 1845 5120 ﬁdem
1868 5093 1882 5114 ,
1928 5056 1998 5106 ita
2042 5061 2096 5106 ut

520 5170 711 5214 montes
736 5160 1055 5224 transferam,
1080 5151 1369 5204 charitatcm
1394 5157 1559 5199 autem
1589 5161 1685 5198 non
1713 5145 1940 5210 habeam,
1969 5143 2096 5196 nihil

521 5268 631 5308 sum
662 5248 702 5319 (1
733 5245 848 5302 Cor.
882 5261 970 5299 xm
992 5284 1007 5306 ,
1033 5240 1116 5337 9.):
1175 5333 1187 5337 Α
1528 5328 1542 5337 _
1616 5329 1628 5337 _
1944 5326 1955 5337 ,

593 5343 646 5396 7.
675 5339 808 5399 Hoc.
835 5336 878 5390 si
906 5332 1239 5394 meministis,
1267 5328 1772 5392 commendavimus,
1796 5341 1913 5380 cum
1944 5328 2094 5379 istam

522 5434 813 5506 Epistolam
848 5431 1022 5498 legere
1063 5425 1445 5494 inciperemus.
1488 5421 1614 5474 nihil
1649 5421 1704 5473 iu’
1736 5437 1797 5472 ea
1834 5419 1983 5472 nobis
2020 5419 2098 5471 sic

523 5520 914 5584 commendari,
949 5517 1213 5588 quomodo
1238 5514 1567 5568 eharitatcm.
1602 5511 1662 5564 Et
1691 5510 1735 5563 si
1763 5509 1967 5563 videtur
1994 5507 2097 5561 alia

523 5627 579 5674 et
602 5617 702 5671 alia
727 5615 932 5674 dicere,
965 5610 1088 5663 illnc
1116 5606 1237 5659 facit
1264 5605 1521 5664 reditum;
1553 5610 1606 5655 et
1632 5601 1694 5653 ad
1723 5601 1888 5669 ipsam
1919 5599 2096 5652 chari-

528 5714 686 5761 tatem
713 5703 889 5756 oumia
918 5701 1032 5752 vult
1057 5698 1258 5752 referre
1281 5707 1630 5764 qmecnmqne
1665 5691 1875 5744 dixerit.
1909 5689 2099 5744 Videa-

530 5810 647 5850 mus
675 5793 721 5849 si
745 5803 800 5848 et
827 5793 914 5847 hic
937 5789 1038 5844 hoc
1065 5787 1205 5842 facit.
1237 5784 1466 5841 Attende
1489 5801 1502 5838 :
1536 5783 1712 5836 Omnis
1737 5782 1820 5852 qui
1850 5791 1998 5836 uetus
2025 5789 2097 5835 est

1249 381 1317 438 ιΝ
1355 379 1738 438 EPISTOLA.“
1781 378 2064 435 JOANNIS
2103 377 2194 432 AD
2233 374 2559 444 PARTHOS,
2602 379 2657 435 S.
2690 381 3046 440 ACCUSTINl

3629 394 3737 454 2016

2197 508 2258 546 ex
2281 491 2405 556 Dea.
2428 512 2526 548 non
2547 498 2669 566 facit
2688 509 2962 568 peccatum.
2986 500 3281 569 Q'imrimtts
3299 505 3442 574 quod
3465 519 3736 576 peccaturo:

2195 585 2314 651 quia
2341 586 2384 639 si
2410 603 2570 643 omne
2593 589 2917 646 intellexeris
2936 634 2950 654 ,
2980 595 3273 650 contrarius
3297 601 3400 653 erit
3429 600 3502 655 illi
3535 604 3668 666 loco,
3692 605 3736 661 Si

2197 675 2467 730 dixerimus
2493 680 2608 748 quia
2637 692 2893 749 precatum
2921 700 3020 737 non
3047 685 3306 753 habemus,
3337 692 3656 761 nosmetipsos
3673 711 3734 750 st-

2196 767 2422 823 duciuius
2442 811 2455 831 ,
2493 781 2538 824 et
2567 773 2748 827 veritas
2773 775 2825 827 in
2855 774 2994 830 nobis
3023 793 3120 831 non
3149 789 3239 832 est.
3277 780 3414 851 Ergo
3449 782 3589 839 dicat
3623 787 3733 858 qud

2199 869 2468 928 peccatum
2491 904 2504 923 ,
2534 862 2720 918 doceat
2750 880 2877 929 nos;
2909 882 2975 921 ne
3009 867 3143 922 forte
3174 884 3275 940 ego
3309 881 3513 928 temere
3546 874 3728 935 dixerim

2199 959 2467 1017 peccatum
2495 951 2593 1006 hoc
2618 968 2738 1008 esse
2769 955 3101 1012 violatiouetn
3127 959 3434 1025 eharitatis‘,
3461 966 3578 1034 quia
3603 983 3725 1039 supra

2195 1040 2326 1094 dixit
2344 1083 2356 1103 ,
2389 1041 2492 1109 Qui
2519 1035 2620 1097 odit
2649 1049 2854 1114 fratrem
2878 1064 3057 1115 suum,
3084 1051 3138 1104 in
3173 1055 3384 1107 tenebris
3408 1066 3510 1120 est,
3539 1068 3585 1111 et
3605 1035 3723 1117 invto-

2197 1131 2358 1184 ncbris
2383 1133 2628 1200 ambulat,
2660 1145 2706 1188 et
2733 1149 2886 1191 uescrt
2914 1157 3011 1207 quo
3035 1150 3134 1201 eat,
3162 1143 3280 1212 quia
3305 1146 3519 1201 tenebrc
3540 1166 3727 1206 circa.

2195 1235 2368 1276 reruut
2394 1224 2566 1279 oculos
2593 1229 2704 1296 ejus
2734 1228 2774 1299 (I
2799 1228 2954 1284 Joan.
2983 1248 3048 1296 ιι,
3076 1233 3187 1304 11).
3211 1233 3317 1290 Sed
3348 1238 3483 1294 forte
3509 1241 3629 1297 dixit
3653 1245 3724 1300 ali-

2195 1313 2318 1382 quid
2349 1316 2398 1367 iu
2431 1317 2837 1383 posterioribus.
2867 1331 2919 1375 et
2951 1325 3241 1379 nominavit
3267 1327 3575 1385 charitatem
3597 1334 3632 1388 ‘.
3659 1334 3725 1390 Vi-

2194 1404 2316 1460 dete
2350 1407 2472 1475 quia
2510 1408 2760 1463 circuitus
2790 1410 2878 1467 ille
2908 1414 3186 1469 verborum
3217 1416 3358 1473 httnc
3387 1419 3544 1476 habet
3569 1423 3724 1492 linem,

2197 1495 2333 1550 hunc
2361 1497 2518 1552 habet
2543 1501 2768 1554 exitum.
2799 1502 2973 1558 Omnis
3011 1507 3096 1574 qui
3129 1518 3278 1562 natus
3301 1519 3374 1564 est
3402 1527 3466 1566 ex
3497 1511 3623 1580 Deo,
3650 1533 3728 1573 nos

2194 1600 2395 1657 peccat;
2430 1591 2547 1658 quia
2572 1608 2736 1646 semen
2763 1595 2871 1663 ejus
2895 1596 2945 1649 in
2976 1597 3084 1665 ipso
3110 1610 3295 1653 manet.
3329 1601 3516 1657 Semen
3547 1605 3656 1673 Dei,
3684 1607 3726 1664 id

2195 1679 2304 1743 at,
2333 1682 2551 1736 verlnnn
2583 1683 2671 1738 Dei
2701 1702 2712 1736 :
2745 1687 2882 1740 unde
2906 1687 3033 1743 dicit
3059 1691 3374 1760 Apostolus,
3411 1691 3505 1747 Per
3525 1693 3724 1770 Evange-

2194 1772 2316 1825 lium
2351 1790 2442 1842 ego
2477 1791 2560 1828 ros
2592 1777 2740 1846 genui
2768 1777 2810 1848 (1
2836 1777 2951 1832 Cor.
2982 1796 3052 1842 tv.
3090 1781 3194 1852 I5).
3225 1781 3293 1836 Et
3328 1800 3428 1837 non
3456 1797 3601 1854 potest
3629 1805 3723 1857 pec-

2193 1881 2307 1918 care
2326 1906 2338 1926 ,
2368 1867 2486 1934 quia
2515 1882 2577 1920 ex
2605 1867 2713 1922 Deo
2743 1880 2888 1924 natus
2920 1882 3011 1924 est.
3058 1873 3202 1928 Dicat
3241 1874 3370 1942 hoc,
3413 1879 3658 1935 videamus
3681 1883 3721 1938 in

2193 1971 2298 2025 quo
2325 1972 2428 2010 non
2465 1969 2637 2026 potest
2671 1976 2906 2029 peccare.
2938 1962 3005 2016 In
3046 1965 3141 2018 hoc
3176 1968 3480 2039 mauifestati
3514 1984 3617 2025 sunt
3645 1975 3721 2041 ﬁlii

2194 2044 2290 2098 Dei
2322 2057 2370 2100 et
2403 2049 2499 2115 ﬁlii
2522 2050 2725 2104 diaboli.
2759 2052 2932 2106 Omnis
2958 2055 3044 2124 qui
3068 2072 3166 2109 non
3189 2068 3262 2110 est
3277 2059 3450 2128 justus
3467 2102 3484 2122 ,
3506 2077 3594 2115 non
3613 2074 3674 2116 est
3691 2080 3718 2117 s

2195 2133 2302 2189 Deo
2321 2177 2334 2194 .
2364 2148 2410 2191 et
2437 2140 2524 2206 qui
2548 2157 2646 2193 non
2672 2141 2837 2212 diligit
2860 2144 3066 2212 [retreat
3089 2164 3252 2203 sumit.
3280 2149 3439 2205 Certe
3455 2152 3556 2219 jam
3579 2154 3717 2209 manio

2196 2227 2382 2283 l'estmu
2409 2241 2490 2285 est
2516 2233 2654 2287 tnnle
2673 2235 2812 2288 dicat
2831 2276 2846 2299 ,
2877 2234 2942 2289 Et
2965 2240 3051 2308 qui
3073 2257 3174 2294 non
3199 2241 3365 2312 diligit
3384 2282 3400 2303 .
3429 2245 3610 2314 inquit,
3633 2249 3720 2316 {rs-

2195 2330 2316 2373 trem
2341 2339 2506 2375 suum.
2537 2325 2755 2380 ltileetio
2782 2344 2910 2398 ergo
2934 2331 3044 2384 sola
3073 2331 3326 2388 discernit
3352 2336 3485 2392 inter
3507 2339 3624 2393 lilios
3644 2341 3719 2396 Dei

2194 2422 2246 2465 et
2275 2411 2410 2466 filios
2436 2414 2648 2468 diaboli.
2678 2416 2895 2486 Sigueut
2926 2435 2984 2474 se
3011 2438 3198 2478 ontues
3229 2425 3383 2495 signo
3414 2429 3574 2483 crucis
3592 2428 3720 2486 Chri-

2193 2505 2289 2562 sti:
2323 2506 2675 2572 respomleaut
2701 2525 2922 2576 munies,
2961 2515 3159 2578 Amen;
3186 2525 3401 2573 cantent
3424 2535 3619 2584 omnes,
3641 2523 3718 2577 Al-

2197 2595 2387 2659 leluia;
2419 2599 2748 2666 haptizentnr
2770 2618 2958 2659 omnes
2977 2647 2992 2665 .
3021 2607 3218 2662 intrent
3245 2609 3531 2680 Ecalesias,
3561 2614 3719 2672 faciant

2197 2687 2422 2754 parietes
2444 2688 2776 2746 basilicarum
2804 2711 2815 2746 :
2841 2713 2944 2750 non
2967 2697 3341 2756 discernuntur
3363 2703 3450 2758 lilii
3475 2706 3561 2761 Del
3577 2722 3603 2761 a
3621 2706 3719 2763 liliis

2195 2775 2420 2841 diaboli,
2453 2780 2551 2832 nisi
2586 2780 2862 2837 charitate.
2902 2785 3000 2853 Qui
3039 2789 3230 2844 habent
3266 2792 3594 2860 charitatem,
3629 2797 3720 2852 nati

2197 2878 2316 2920 sont
2348 2885 2410 2922 ex
2446 2869 2589 2923 Deo:
2615 2873 2700 2942 qni
2734 2890 2836 2927 non
2869 2875 3095 2943 habent,
3130 2896 3232 2935 non
3263 2893 3387 2938 sttnt
3415 2888 3587 2941 nutiex
3611 2887 3721 2942 Deo.

2197 2957 2436 3028 Magnum
2490 2961 2776 3026 indicium,
2827 2981 3015 3035 magna
3063 2969 3331 3026 discretio.
3377 2974 3619 3046 Quidquid
3657 2976 3725 3032 vis

2199 3048 2364 3112 habe;
2399 3051 2497 3105 hoc
2519 3055 2689 3107 sofnm
2722 3072 2824 3109 non
2855 3056 3046 3113 habeas
3067 3102 3080 3123 ,
3111 3061 3239 3116 nihil
3268 3064 3359 3117 tibi
3385 3066 3615 3134 prodest:
3638 3067 3727 3122 alia

2195 3139 2240 3192 si
2269 3156 2368 3194 non
2394 3141 2607 3209 habeas,
2633 3145 2732 3199 hoc
2759 3147 2910 3206 habe.
2933 3160 2986 3203 et
3013 3151 3238 3220 implesti
3262 3154 3475 3224 Legem.
3502 3156 3594 3224 Qui
3613 3159 3728 3211 cuius

2197 3231 2358 3300 diligit
2384 3233 2613 3295 alterum,
2641 3234 2820 3306 Legem
2841 3239 3079 3308 implevit,
3106 3245 3180 3297 ait
3200 3244 3483 3314 Apostolus
3503 3266 3515 3300 :
3537 3258 3600 3310 et,
3630 3247 3731 3303 Ple-

2198 3322 2372 3375 nitudo
2404 3321 2548 3393 Legis
2571 3325 2791 3380 cbaritas
2823 3328 2995 3397 (Rom.
3038 3347 3160 3396 χιιι,
3200 3335 3262 3401 8,
3291 3335 3399 3404 10).
3442 3337 3563 3392 Puto
3593 3338 3728 3392 istam

2196 3416 2532 3483 margaritam
2568 3431 2686 3470 esse
2724 3417 2863 3472 illam
2899 3435 3055 3488 quam
3097 3421 3254 3476 homo
3293 3428 3575 3496 negotiator
3604 3443 3734 3498 quat-

2197 3507 2330 3558 sisse
2353 3507 2668 3562 describitur
2691 3510 2741 3563 in
2771 3510 3073 3582 Evangelia,
3100 3516 3186 3583 qui
3217 3517 3418 3572 invenit
3440 3536 3583 3575 uuam
3609 3534 3736 3573 inar-

2195 3599 2435 3667 garitam,
2465 3611 2516 3655 et
2544 3602 2775 3656 vendidit
2799 3606 2973 3658 notitia
3000 3622 3118 3675 qua:
3143 3607 3391 3675 habebat,
3422 3621 3472 3665 et
3495 3613 3609 3666 emit
3625 3625 3731 3666 eam

2197 3689 2406 3760 (Matth.
2437 3708 2526 3745 xm
2545 3733 2559 3755 ,
2587 3693 2699 3761 l6).
2737 3694 2858 3749 lch
2883 3705 2965 3750 est
2995 3700 3273 3769 margarita
3303 3703 3552 3769 pretiosa,
3582 3701 3736 3757 chari-

2198 3789 2294 3842 tas,
2321 3781 2435 3835 sine
2456 3798 2555 3850 qua
2581 3783 2707 3836 nihil
2737 3783 2827 3837 tibi
2853 3785 3067 3852 prodest
3089 3788 3458 3860 quodcumque
3483 3791 3730 3847 habueris:

2197 3885 2354 3939 quam
2381 3872 2424 3926 si
2456 3872 2621 3925 Solam
2663 3873 2884 3939 habeas,
2925 3876 3119 3932 suilieit
3157 3879 3270 3933 tibi.
3313 3880 3468 3935 Modo
3505 3899 3612 3937 eum
3647 3880 3735 3936 lide

2199 3962 2360 4025 vides,
2391 3972 2512 4017 tunc
2533 3979 2650 4018 cum
2681 3967 2858 4033 specie
2884 3967 3103 4022 videbis.
3134 3969 3188 4025 Si
3215 3973 3358 4025 enim
3383 3989 3609 4029 amamus
3630 3987 3737 4028 cum

2199 4070 2302 4109 non
2327 4057 2581 4121 videmus,
2605 4062 2871 4129 quomodo
2894 4065 3278 4133 amplectemnr
3303 4083 3422 4122 cum
3452 4069 3737 4125 viderimus?

2197 4146 2299 4201 Sed
2335 4148 2420 4200 ubi
2459 4164 2553 4202 nos
2587 4149 2842 4205 delnnnns
2873 4156 3159 4210 exercere?
3201 4157 3254 4210 lu
3296 4173 3477 4215 amore
3514 4159 3738 4215 interno.

2199 4240 2358 4295 Potes
2397 4241 2520 4294 mihi
2561 4242 2766 4303 dicere.
2806 4243 2920 4298 Non
2960 4246 3064 4300 vidi
3108 4248 3300 4314 Demn;
3345 4253 3588 4320 ittnnqnid
3614 4261 3744 4322 potes

2199 4333 2327 4386 mihi
2367 4333 2573 4395 dicere,
2613 4335 2725 4388 Non
2769 4336 2873 4390 vidi
2913 4337 3214 4393 hominem?
3247 4340 3413 4412 Dilige
3450 4342 3665 4397 fratrem.
3691 4340 3744 4397 Si

2200 4425 2340 4479 cnim
2373 4424 2585 4478 fratrem
2617 4441 2774 4495 quem
2803 4427 2950 4481 vides
2986 4427 3264 4494 dilexeris,
3301 4432 3457 4486 simul
3493 4431 3672 4488 videbis
3693 4439 3746 4486 et

2202 4517 2400 4580 lletnu;
2429 4518 2548 4587 quia
2576 4517 2778 4572 videbis
2805 4522 2970 4588 ipsam
2995 4519 3304 4577 cbaritatem
3326 4565 3341 4590 ,
3367 4534 3422 4579 et
3450 4527 3584 4583 intus
3609 4525 3744 4579 inha-

2200 4609 2331 4664 bitat
2359 4610 2514 4663 Dens.

2269 4702 2322 4756 8.
2367 4701 2464 4768 Qui
2488 4717 2586 4754 non
2614 4710 2684 4754 est
2700 4703 2890 4772 justus.
2922 4718 3021 4756 non
3043 4712 3113 4758 est
3139 4720 3203 4758 ex
3225 4703 3365 4768 Deo;
3391 4717 3441 4761 et
3465 4709 3550 4777 qui
3567 4722 3656 4760 non
3674 4704 3748 4758 di-

2202 4790 2308 4862 ligit
2333 4790 2542 4856 fratrem
2562 4807 2727 4844 suum.
2755 4790 2888 4857 Quia
2907 4793 3012 4845 lucc
3032 4803 3104 4846 est
3124 4796 3443 4850 attinmtiatio
3471 4812 3490 4850 :
3509 4796 3619 4851 vide
3629 4809 3749 4862 quo.

2203 4881 2360 4934 tundo
2383 4880 2662 4934 conlirmat
2685 4899 2697 4933 :
2719 4880 2852 4947 Quia
2876 4881 2981 4935 licet:
3006 4893 3081 4936 est
3105 4887 3419 4940 annuntiatio
3443 4904 3588 4959 quam
3611 4884 3743 4940 audi-

2201 4971 2359 5025 vimus
2381 4970 2443 5023 ab
2469 4971 2630 5034 ini.'io,
2671 4981 2723 5023 ut
2743 4971 3011 5039 diligamus
3038 4973 3263 5028 invicem.
3296 4975 3746 5032 Manifestavituoo

2203 5061 2282 5115 bis
2323 5062 2444 5116 imle
2480 5075 2545 5115 se
2581 5062 2796 5118 dicere:
2834 5074 3015 5119 contra
3060 5064 3160 5119 hoc
3198 5067 3498 5123 inaudatmu
3535 5064 3747 5138 quisquis

2203 5153 2346 5216 facil,
2396 5153 2446 5206 in
2475 5164 2689 5222 peccato
2729 5155 2817 5208 illo
2843 5166 2926 5209 est
2967 5158 3245 5216 scelerato.
3277 5160 3328 5212 in
3356 5161 3493 5230 quod
3531 5157 3742 5214 incidunt

2201 5247 2288 5316 qui
2319 5259 2422 5299 non
2447 5257 2732 5300 nascuntur
2758 5262 2824 5302 ex
2858 5247 2984 5302 Deo.
3015 5247 3133 5302 Non
3159 5251 3287 5327 sicut
3312 5249 3438 5305 Cain
3459 5252 3540 5321 qui
3566 5266 3622 5304 es
3644 5263 3746 5300 sia-

2204 5338 2338 5408 ligno
2377 5347 2502 5398 erat.
2529 5346 2574 5390 et
2599 5337 2778 5390 occidit
2809 5340 3015 5408 fratrem
3049 5347 3214 5392 suum.
3249 5338 3314 5393 Et
3340 5343 3482 5412 cujus
3516 5341 3583 5394 rei
3601 5337 3745 5409 gratia

2203 5426 2385 5479 occidit
2403 5427 2428 5478 .9
2471 5426 2602 5492 Quia
2637 5442 2789 5495 Opera
2816 5427 2925 5492 eius
2963 5427 3184 5500 maligna
3217 5431 3436 5498 fuerunt,
3464 5431 3622 5500 fratris
3646 5437 3743 5480 vero

2203 5521 2311 5588 ejus
2343 5518 2496 5584 iusta.
2531 5517 2667 5587 Ergo
2693 5518 2778 5571 ubi
2817 5528 2899 5572 est
2927 5519 3144 5584 invidia,
3187 5535 3337 5575 amor
3364 5521 3612 5577 fraternus
3635 5529 3744 5573 esse

2206 5627 2309 5665 non
2343 5618 2531 5679 potest.
2554 5609 2792 5666 lnteudat
2820 5610 3062 5667 Charitas
3086 5622 3278 5668 vestra.
3306 5613 3406 5682 Qui
3426 5614 3626 5678 invidet,
3647 5623 3741 5665 non

2273 5789 2289 5819 ι
2313 5795 2517 5846 Quatuor
2539 5795 2664 5850 Mss,
2691 5792 2852 5839 etnon
2870 5789 3124 5840 nominarit
3143 5787 3439 5843 charith
