3994 6370
218 242 347 313 9017

210 453 475 511 invidendo
499 454 710 523 dejecit.
740 456 944 512 Cecidit
970 461 1134 525 enim,
1159 473 1211 516 et
1241 464 1423 518 invidit
1452 468 1631 520 stanti.
1654 467 1769 522 Non

206 546 319 602 ideo
344 544 501 599 voluit
524 544 754 614 dejicere
782 557 836 602 ιιι
863 549 973 617 ipse
1007 562 1189 611 staret.
1218 555 1308 608 sed
1336 572 1402 611 ne
1436 558 1580 610 Solus
1608 560 1766 614 cade-

207 648 298 694 set.
319 636 509 692 Ti-nete
547 638 597 691 in
627 640 807 693 animo
844 657 907 696 ex
939 643 1038 697 hoc
1062 647 1200 713 quod
1242 649 1486 716 subjecit,
1517 652 1765 709 invidiam

214 744 299 784 ton
327 744 475 797 [lisse
513 745 632 783 esse
675 730 727 783 iu
758 733 1036 789 charilate.
1079 736 1250 792 llabes
1278 751 1462 808 aperte
1501 759 1620 796 eum
1653 745 1765 798 lau-

210 819 400 875 laretur
414 819 524 889 ipsa
541 820 793 884 charitas,
813 823 1043 880 Charitas
1058 844 1155 881 nou
1171 831 1440 885 tumulatur
1453 833 1494 898 (Ι
1511 835 1626 887 Cor.
1649 851 1757 902 xui,

207 911 264 982 ι),
292 910 399 966 Non
428 910 523 966 fuit
547 913 777 967 charitas
810 916 860 968 in
888 917 1049 978 Cirin;
1076 930 1129 974 et
1157 922 1253 975 ui~i
1280 938 1419 978 esset
1446 925 1676 981 cliarizas
1706 929 1759 982 in

198 1002 334 1066 Abel,
366 1018 469 1057 non
492 1005 761 1074 acciperet
786 1007 924 1062 Deus
948 1012 1260 1068 sacriﬁcium
1288 1017 1421 1085 ejus.
1450 1018 1582 1072 Cum
1613 1022 1755 1075 enim

196 1094 335 1149 ambo
362 1096 696 1162 obtulissent,
729 1099 816 1154 ille
845 1102 911 1156 de
938 1101 1192 1160 fructibus
1217 1115 1395 1175 terrm,
1421 1111 1507 1167 ille
1532 1113 1598 1168 de
1634 1115 1756 1169 feti-

190 1184 279 1239 bus
316 1184 522 1247 ovium;
566 1188 692 1256 quid
725 1192 937 1259 putatis,
971 1192 1180 1260 fratres,
1222 1198 1343 1267 quia
1378 1201 1512 1255 Deus
1554 1203 1754 1261 fructus

190 1285 328 1331 terra:
358 1277 605 1347 neglexit,
642 1290 697 1334 et
742 1282 875 1336 fctus
913 1286 1088 1340 ovium
1131 1288 1348 1345 dilexit?
1376 1292 1490 1347 Non
1532 1280 1755 1353 intemlit

186 1368 311 1425 Deus
346 1370 413 1423 ad
452 1373 712 1435 manus';
759 1376 852 1428 sed
886 1376 935 1429 in
970 1379 1133 1435 Corde
1160 1380 1288 1435 vidit
1321 1394 1409 1439 :ct
1437 1402 1592 1454 quem
1623 1389 1752 1444 vidit

184 1477 291 1517 cum
331 1462 590 1519 charitate
640 1465 853 1529 offerre,
913 1468 1078 1537 ipsius
1115 1458 1429 1530 sacrificium
1477 1480 1747 1547 rc~pexit;

184 1570 326 1625 quem
356 1556 485 1610 vidit
528 1573 648 1611 cum
696 1558 888 1614 invidia
931 1562 1143 1625 offerre,
1184 1566 1252 1618 ab
1282 1567 1446 1636 ipsius
1490 1571 1749 1625 sacrificio

183 1646 347 1701 Oculos
381 1650 591 1702 avertit.
636 1649 807 1718 Opera
851 1668 977 1721 ergo
1002 1652 1136 1707 bona
1170 1656 1296 1711 Abel
1340 1676 1445 1713 non
1475 1660 1602 1715 dicit
1648 1664 1747 1717 nisi

182 1735 476 1792 charitatem
506 1755 518 1790 :
544 1754 703 1807 Opera
744 1742 883 1794 mala
925 1742 1055 1797 Cain
1106 1761 1208 1797 non
1249 1746 1377 1801 dicit
1423 1750 1522 1803 nisi
1566 1752 1746 1806 odium

182 1826 472 1884 fraternum.
506 1830 697 1885 Parum
728 1846 810 1888 cst
840 1835 960 1903 quia
986 1835 1100 1890 odit
1126 1837 1341 1893 fratrem
1384 1856 1557 1906 suum,
1587 1854 1642 1899 et
1668 1847 1747 1901 in-

177 1920 290 1974 vidit
327 1922 577 1989 operibus
602 1924 783 1985 bonis;
826 1927 946 1993 quia
988 1928 1180 1983 imitari
1209 1931 1397 1997 noluit,
1431 1950 1620 1988 nccare
1650 1952 1743 1991 vo-

174 2011 282 2066 luit.
326 2014 392 2068 F.t
419 2014 536 2068 hinc
573 2017 817 2085 apparuit
843 2019 963 2088 quia
998 2021 1136 2074 lilius
1176 2032 1290 2076 erat
1314 2024 1529 2090 diaboli,
1572 2038 1624 2082 et
1656 2029 1743 2083 ille

174 2102 290 2159 hinc
318 2122 403 2175 ap,
426 2109 553 2160 aruit
581 2108 757 2175 justus
788 2110 899 2163 Dei.
931 2110 1061 2165 Ilinc
1086 2129 1215 2182 ergo
1242 2113 1613 2170 discernuntur
1646 2118 1740 2171 hu-

88 2222 95 2231 ο
174 2198 354 2260 mines,
388 2197 576 2253 fratres
604 2200 727 2254 mei.
758 2200 927 2255 Nemo
950 2204 1188 2258 attendit
1217 2205 1440 2275 linguas,
1481 2208 1573 2261 sed
1606 2208 1742 2263 facta

174 2297 220 2342 et
246 2304 336 2342 cur
354 2290 394 2341 ¹.
426 2287 480 2343 Si
511 2308 612 2343 non
646 2292 779 2346 bene
808 2292 962 2346 faciat
989 2310 1084 2363 pro
1120 2296 1367 2349 fratribus
1396 2299 1525 2362 Sitis,
1557 2309 1741 2354 osten-

174 2379 239 2435 dit
274 2380 401 2448 quid
441 2381 493 2434 in
535 2396 595 2437 se
639 2382 848 2438 habeat.
884 2384 1286 2441 'feiitatioiiibus
1320 2388 1612 2457 probantur
1640 2391 1739 2445 bu-

175 2473 351 2528 mines.

232 2564 281 2619 9.
325 2562 500 2618 Nolite
518 2566 710 2629 mirari,
741 2570 944 2638 fratres,
964 2569 1009 2624 si
1032 2572 1136 2623 odit
1164 2572 1285 2625 nos'
1312 2575 1546 2629 numdus.
1574 2576 1739 2630 Num-

174 2655 280 2726 quid
314 2672 461 2725 sepe
492 2658 640 2711 vobis
664 2659 943 2713 dicendum
970 2670 1051 2715 est
1080 2664 1205 2731 quid
1229 2675 1308 2717 est
1337 2667 1596 2720 mundus?
1626 2667 1741 2723 Non

175 2748 376 2813 calum,
406 2765 507 2801 non
536 2760 692 2810 terra,
720 2765 818 2804 nec
849 2751 943 2805 ista
970 2767 1130 2822 Opem
1157 2772 1273 2823 qua:
1299 2756 1433 2809 Deus
1461 2758 1616 2822 fecit;
1645 2760 1738 2813 sed

174 2837 442 2892 dilectores
483 2838 683 2893 mundi.
721 2839 820 2892 Ista
852 2856 993 2910 sepe
1018 2843 1244 2897 dicendo
1267 2847 1580 2915 quibusdam
1612 2866 1741 2903 one-

175 2942 307 2982 rosus
337 2943 459 2982 sum
489 2947 500 2981 :
528 2930 621 2983 sed
655 2946 822 3000 usque
860 2932 994 2985 :uleo
1034 2949 1138 2987 non
1170 2937 1358 2989 frustra
1387 2938 1525 3001 dico,
1556 2950 1609 2993 ut
1638 2940 1738 2993 ali-

175 3020 246 3089 qui
273 3021 670 3091 intermgcnmr
697 3040 762 3077 an
811 3024 1055 3090 dixerim,
1107 3036 1164 3082 et
1210 3044 1312 3082 non
1360 3033 1734 3099 respondeant.

175 3109 294 3183 Ergo
324 3113 411 3167 vel
453 3113 763 3168 iuculeamlo
795 3116 992 3170 baareat
1036 3119 1230 3188 aliquid
1271 3121 1320 3173 in
1363 3122 1610 3176 cordibus
1645 3140 1737 3178 auc

172 3199 432 3257 dieutium.
468 3205 602 3271 Quid
629 3216 711 3259 est
753 3208 1013 3261 nnmdus?
1042 3208 1264 3264 Mundus
1307 3222 1408 3277 est,
1443 3215 1655 3283 quando
1685 3215 1736 3270 in

173 3295 292 3347 tnalo
325 3295 557 3364 partitur,
590 3295 872 3351 dilectores
908 3301 1085 3352 tntnnli
1114 3319 1125 3353 :
1158 3302 1383 3357 iuundus
1424 3307 1635 3374 quando
1685 3308 1735 3361 in

176 3382 310 3441 laude
358 3388 589 3457 ponitur,
631 3389 825 3445 cazlum
870 3400 924 3443 et
971 3402 1107 3445 terra
1153 3406 1255 3457 est,
1300 3406 1354 3449 et
1398 3415 1515 3467 qua:
1560 3400 1609 3454 in
1656 3401 1736 3458 bis

173 3490 311 3545 Opera
342 3478 465 3543 Dei;
496 3480 634 3533 unde
653 3480 864 3545 dicitur,
900 3480 965 3534 Et
989 3484 1202 3537 annulus
1228 3502 1316 3553 per
1339 3504 1451 3540 eum
1478 3494 1643 3559 flictus
1664 3504 1735 3547 est

176 3565 336 3638 (Joan.
370 3585 406 3632 I,
444 3572 551 3638 l0).
576 3570 704 3625 Item
736 3572 961 3625 mundus
982 3583 1060 3627 est
1094 3575 1361 3642 plenitudo
1391 3588 1567 3639 terrae,
1599 3583 1736 3637 sicut

170 3656 285 3714 dixit
316 3660 430 3727 ipse
450 3660 699 3722 Joatmes.
732 3661 849 3715 Non
878 3666 1037 3716 solum
1067 3677 1233 3718 autem
1258 3678 1539 3723 nostrorum
1563 3690 1736 3740 pecca-

170 3758 324 3802 tonnn
364 3752 652 3821 propitiator
678 3764 768 3814 est,
792 3753 880 3807 sed
899 3764 944 3806 et
970 3755 1117 3807 totius
1147 3758 1319 3810 mutuli
1345 3758 1387 3828 (Ι
1404 3758 1556 3814 Joan.
1576 3779 1630 3825 ιι,
1650 3764 1729 3831 '2).

169 3845 339 3901 Ntmdi
367 3848 487 3903 dicit
513 3851 750 3905 omnium
782 3852 1010 3907 lltlelitltll
1056 3871 1147 3924 per
1184 3858 1365 3911 orbein
1406 3873 1728 3928 Sparsornm.

171 3937 383 3995 lluodus
420 3952 593 3997 autem
638 3945 689 3999 in
723 3945 882 4005 malo,
915 3956 1180 4003 amatores
1219 3950 1397 4004 imuidi
1446 3961 1587 4007 sunt.
1632 3954 1732 4022 Qui

172 4042 337 4087 amant
362 4036 637 4102 tnumbnn,
671 4036 884 4092 fratrem
911 4056 1090 4095 amare
1121 4058 1223 4094 nen
1247 4054 1483 4111 possunt.

231 4124 311 4178 i0.
356 4124 415 4177 Si
447 4126 554 4179 odit
584 4144 673 4181 nos
703 4128 921 4182 mundus
949 4146 967 4183 .'
990 4147 1080 4184 nos
1106 4134 1307 4186 scimus.
1337 4136 1471 4201 Quid
1509 4152 1605 4191 nos
1631 4138 1732 4192 sci-

173 4216 316 4270 mus?
349 4216 475 4284 Quia
505 4220 824 4274 transit-imus
847 4222 908 4274 de
950 4234 1106 4278 morte
1138 4225 1207 4277 at!
1236 4228 1403 4279 vitam.
1440 4228 1585 4283 l’nde
1623 4232 1730 4285 sci-

171 4307 310 4360 mus?
350 4308 478 4375 Quia
517 4309 770 4380 diligimus
799 4316 999 4381 fratres.
1034 4315 1199 4370 Nemo
1243 4318 1527 4389 interroget
1565 4322 1732 4376 homi-

174 4410 311 4462 nem;
356 4400 539 4453 redeat
577 4403 934 4472 mmsqnisque
961 4405 1026 4458 ad
1056 4421 1149 4459 cor
1177 4423 1327 4462 suum
1361 4426 1372 4462 :
1406 4412 1448 4465 si
1479 4412 1547 4465 ibi
1581 4413 1728 4467 iuve-

172 4489 291 4543 nerit
308 4491 614 4546 charilatem
644 4492 951 4561 fraternam,
975 4512 1188 4550 Securus
1212 4500 1299 4563 sit,
1320 4503 1435 4570 quia
1467 4505 1670 4557 transiit
1697 4520 1727 4559 a

173 4588 325 4634 morte
364 4582 431 4635 ad
470 4582 808 4638 vitain..latn
856 4587 907 4639 in
947 4586 1160 4642 dextera
1192 4601 1271 4643 est
1303 4610 1315 4643 :
1346 4608 1448 4645 non
1492 4596 1729 4651 attendat

173 4669 278 4736 quia
298 4673 449 4726 modo
467 4674 631 4743 gloria
657 4677 772 4741 ejus
795 4678 998 4731 occulta
1026 4689 1103 4733 est
1125 4698 1137 4735 :
1160 4698 1278 4734 cum
1315 4686 1513 4738 venerit
1545 4686 1725 4742 Domi-

175 4771 278 4822 nus,
310 4770 426 4817 time
449 4764 721 4833 apparebit
750 4767 802 4819 in
833 4767 1019 4836 gloria.
1056 4769 1201 4837 Viget
1231 4772 1393 4833 enim,
1425 4776 1515 4827 sed
1554 4776 1728 4833 adhuc.

175 4850 219 4903 in
248 4852 445 4917 hieme;
476 4858 615 4927 viget
646 4858 814 4921 mulis,
848 4859 941 4914 sed
970 4863 1116 4928 quasi
1139 4863 1270 4916 aridi
1300 4876 1418 4919 sunt
1454 4869 1581 4921 rami
1610 4886 1621 4922 :
1648 4871 1726 4924 in-

173 4948 247 4995 lus
268 4954 343 4999 est
367 4947 592 5003 medulla
625 4965 744 5017 qua!
770 4951 927 5020 viget,
971 4951 1111 5004 intus
1136 4965 1250 5005 sunt
1283 4954 1405 5009 folia
1451 4960 1721 5026 arborum,

172 5032 297 5088 intus
318 5037 543 5103 fructus;
572 5042 665 5095 sed
691 5053 927 5096 :estatem
961 5057 1288 5111 exSpeCtant.
1323 5048 1461 5120 Ergo
1501 5068 1589 5105 nos
1623 5055 1723 5106 sci-

173 5141 269 5182 mus
300 5133 406 5199 quia
438 5135 757 5188 transirimus
797 5136 860 5188 de
896 5147 1049 5191 morte
1089 5141 1157 5190 ad
1187 5139 1352 5199 vitam,
1395 5144 1511 5211 quia
1554 5145 1724 5216 diligi-

175 5231 269 5270 ιιιιι
306 5225 493 5290 fratres.
529 5224 630 5294 Qui
656 5242 755 5279 uou
785 5227 967 5296 diligit.
995 5241 1159 5283 manet
1189 5231 1238 5284 iu
1268 5244 1441 5285 morte.
1472 5234 1545 5288 Ne
1576 5247 1725 5304 pate-

176 5304 253 5371 tis,
287 5312 484 5379 fratres,
517 5317 634 5371 love
659 5332 799 5378 essm
826 5319 1001 5373 odisse
1029 5331 1117 5373 aut
1145 5339 1245 5375 ron
1272 5322 1513 5392 diiigerc,
1542 5327 1720 5383 audite

171 5400 298 5471 quod
322 5406 585 5475 sequitur:
612 5407 789 5461 Omnis
811 5410 896 5477 qui
921 5411 1023 5464 odit
1039 5411 1244 5479 fratrem
1270 5431 1436 5479 suum,
1467 5416 1719 5473 homicida

228 5553 246 5625 ξ
267 5563 358 5625 ξω.
381 5560 482 5611 Pad.
508 5567 581 5611 Er.
608 5569 660 5612 et
677 5564 904 5625 quiaque
940 5572 1065 5619 Mss"
1089 5566 1155 5616 ad
1172 5580 1357 5620 namus.

226 5615 429 5695 ῘΨΨ
451 5630 575 5695 “3"
598 5624 685 5674 κά
707 5615 850 5695 Ρετειὶ-
875 5636 965 5695 nor
986 5626 1034 5695 δέ.
1049 5615 1143 5678 iam

227 5674 249 5711 ⁸
266 5678 334 5731 sic
352 5688 451 5736 Mss.
480 5694 533 5737 Αι
707 5674 871 5749 hibita,
896 5674 1201 5751 mnus;

1365 242 1774 320 tuter-erus
1804 257 1870 321 v.
1910 253 2135 329 CAPUT
2173 254 2256 330 ιιι.

212 372 360 420 amat.
386 361 663 417 Peccatum
688 362 880 423 diaboii
926 378 1008 423 est
1049 369 1099 423 in
1131 369 1252 433 illo;
1280 373 1397 440 quia
1441 384 1495 429 et
1524 374 1771 433 diabolus

1879 391 1969 436 est.
2002 382 2117 438 Jam
2145 405 2271 459 ergo
2296 406 2338 445 si
2362 397 2732 456 contemnebat
2758 404 3031 477 quisquam
3061 411 3238 470 odium
3261 416 3454 476 frater-

1878 487 2024 535 mnn,
2056 483 2306 547 utiniquid
2346 496 2398 538 et
2430 488 2767 548 homicidium
2816 498 2864 551 in
2895 502 3055 558 corde
3094 522 3190 559 suo
3219 523 3453 568 contem-

1876 575 2057 633 pturus
2087 574 2203 625 est?
2232 573 2345 627 Non
2386 592 2561 635 movet
2596 602 2779 640 manus
2808 591 2872 643 ad
2900 595 3243 656 occidendum
3276 604 3448 660 homi-

1875 673 2017 724 nem,
2062 662 2319 720 homicida
2350 668 2459 737 jam
2490 683 2700 729 tenetur
2736 695 2764 732 a
2798 680 3047 752 Domino;
3082 691 3205 745 vivit
3253 695 3360 756 ille.
3392 708 3448 754 et

1872 746 1971 799 i~tc
1994 748 2104 817 jam
2138 753 2443 813 interfector
2462 762 2746 828 judicatur.
2783 771 2957 826 Umnis
2988 778 3074 841 qui
3097 781 3200 833 odit
3237 787 3443 851 fratrem

1867 852 2033 902 suum,
2064 841 2314 899 homicida
2339 859 2429 902 est.
2466 850 2531 905 Et
2561 858 2697 910 scitis
2734 863 2849 929 quia
2876 867 3037 921 omnis
3071 869 3322 928 homicida
3346 895 3445 934 non

1866 928 2011 983 habet
2034 934 2182 987 ritum
2203 948 2440 994 cateruam
2470 944 2520 997 in
2551 964 2605 999 se
2622 963 2920 1008 manentem.

1935 1020 2022 1074 il.
2064 1022 2129 1076 lu
2161 1028 2254 1080 hoc
2302 1036 2643 1099 cognoscimus
2680 1040 3013 1100 dilectionem.
3056 1049 3439 1115 Perfectionem

1861 1107 2154 1165 dilectionis
2181 1115 2324 1177 dicit,
2355 1122 2729 1188 perfecdonem
2756 1130 2896 1186 illam
2922 1152 3079 1204 quam
3100 1149 3441 1204 commenda-

1859 1203 2049 1254 vimus.
2093 1202 2156 1257 In
2185 1206 2276 1260 ltoc
2314 1217 2657 1280 cognoscimus
2696 1218 3025 1288 dilectionem,
3065 1232 3182 1294 quia
3221 1237 3308 1288 ille
3349 1256 3441 1305 pro

1858 1293 1997 1345 nobis
2024 1292 2243 1350 animuin
2264 1317 2404 1354 suam
2428 1309 2591 1368 posuit
2620 1325 2637 1361 .'
2668 1320 2712 1361 et
2738 1298 2828 1365 nos
2859 1315 3090 1373 debemus
3123 1326 3320 1380 animas
3345 1345 3437 1396 pro

1858 1385 2094 1453 fratribus
2118 1407 2315 1457 ponere.
2349 1395 2482 1451 l'ltce
2507 1399 2644 1453 unde
2668 1406 2927 1471 veniebat,
2960 1409 3123 1473 Petre.
3151 1432 3293 1471 amas
3320 1421 3435 1473 me?

1857 1491 2006 1544 pasce
2034 1495 2145 1534 oves
2166 1499 2317 1536 uaeas.
2339 1485 2466 1540 Nam
2499 1500 2551 1543 ut
2578 1497 2829 1549 noveritis
2854 1500 2971 1567 quia
3000 1504 3078 1556 sic
3105 1506 3172 1557 ab
3200 1524 3267 1562 eo
3290 1512 3433 1577 pasci

1854 1566 2061 1621 volebat
2091 1586 2218 1624 otes
2249 1588 2387 1636 suas,
2422 1588 2474 1629 ut
2501 1582 2728 1635 animam
2753 1600 2899 1640 suam
2933 1606 3027 1656 pro
3051 1594 3237 1648 ovibus
3262 1614 3429 1666 pme-
3460 1662 3461 1669 κ

1853 1666 1966 1720 ret;
2000 1658 2099 1713 hoc
2123 1661 2191 1713 ilii
2213 1677 2244 1716 e
2266 1667 2462 1718 tntintto
2482 1668 2628 1732 dixit,
2667 1691 2685 1721 ι
2713 1672 2842 1728 Cum
2865 1678 3072 1743 juvenis
3095 1658 3434 1754 eSses,'pr:e-

1856 1747 2105 1815 cingi-bas
2136 1762 2206 1816 Ic,
2240 1765 2286 1807 cl
2323 1756 2434 1811 ibas
2471 1776 2576 1829 quo
2613 1764 2857 1827 volebas;
2900 1785 3019 1822 cum
3051 1784 3223 1828 autem
3267 1777 3432 1832 fueris

1849 1842 2048 1901 senior,
2076 1845 2210 1898 alios
2240 1856 2290 1901 te
2320 1852 2627 1921 pra-ciiget.
2651 1866 2698 1908 et
2730 1858 2876 1912 tollet
2906 1869 2954 1914 te
2983 1878 3086 1931 quo
3118 1874 3169 1917 tu
3197 1884 3301 1921 non
3327 1871 3427 1925 vis.

1849 1932 1959 1988 lloc
1985 1948 2165 1990 autem
2198 1939 2351 2000 dixit.
2382 1960 2401 1993 ι
2435 1945 2507 1996 ait
2550 1945 2907 2017 Evangelista.
2945 1972 2963 2003 ι
2992 1954 3291 2023 significatis
3326 1977 3429 2030 qua

1848 2036 2017 2079 tnorte
2038 2027 2420 2085 elarilieaturus
2447 2044 2561 2089 erat
2594 2037 2754 2091 Deum
2786 2060 2804 2091 ι
2838 2042 3012 2111 (Jotm.
3043 2062 3153 2111 XXI,
3193 2027 3379 2121 ιδ-ιξι)
3411 2069 3426 2107 :

1848 2125 1903 2167 ut
1926 2116 2008 2169 Cui
2046 2118 2269 2183 dixerat,
2308 2140 2326 2172 ι
2362 2124 2521 2178 l‘asec
2545 2142 2670 2179 oves
2698 2146 2862 2197 meas,
2895 2154 2913 2183 ι
2945 2134 3159 2192 doceret
3178 2155 3297 2195 eum
3322 2158 3421 2211 po-

1846 2220 1973 2260 nere
1999 2209 2225 2263 animam
2258 2227 2351 2280 pro
2377 2215 2562 2268 ovibus
2589 2219 2721 2270 suis.

1918 2297 2000 2351 12.
2051 2297 2199 2355 Unde
2223 2302 2398 2367 incipit
2423 2304 2672 2370 Charitas,
2706 2308 2928 2364 fratres?
2956 2312 3216 2371 Modicum
3246 2328 3424 2375 atten-

1842 2389 1951 2444 dite
1982 2409 1993 2442 :
2022 2408 2127 2458 quo
2155 2395 2454 2461 perficiatur
2475 2398 2726 2464 audistis;
2759 2403 2927 2470 ipsum
2952 2404 3108 2460 linem
3130 2419 3182 2463 et
3210 2413 3425 2468 modum

1844 2482 2014 2550 ipsum
2043 2495 2089 2535 et
2124 2483 2379 2540 Dominus
2409 2488 2458 2540 in
2488 2489 2770 2560 Evangelia
2791 2499 3179 2553 commendavit
3208 2519 3221 2554 :
3257 2501 3424 2571 Majo«

1843 2589 1944 2625 rem
1969 2574 2256 2627 clmrilatcm
2285 2593 2427 2630 nemo
2453 2580 2617 2639 habet,
2645 2582 2736 2642 ait,
2765 2600 2914 2651 quam
2946 2596 2997 2637 ut
3026 2589 3246 2643 animant
3277 2608 3420 2646 suam

1843 2674 1993 2732 ponat
2019 2682 2109 2733 pro
2153 2668 2324 2720 amicis
2347 2670 2452 2722 suis
2482 2668 2588 2736 (Id.
2627 2688 2716 2735 xv,
2750 2674 2858 2743 15).
2890 2675 3269 2735 Perfectioucm
3295 2698 3423 2753 ergo

1842 2755 1956 2821 ejus
1978 2757 2208 2811 ostendit,
2230 2758 2278 2811 in
2308 2760 2607 2829 Evangelii),
2635 2778 2682 2817 et
2709 2764 2793 2819 hic
2813 2770 3177 2824 commendata
3203 2785 3285 2827 est
3303 2776 3421 2842 eLus

1842 2849 2099 2918 perfectio
2121 2871 2129 2904 :
2158 2853 2248 2905 setl
2273 2855 2606 2926 interrogatis
2624 2874 2736 2921 vos,
2760 2870 2811 2913 el
2827 2861 2999 2914 dii-itis
3018 2863 3183 2927 vobis,
3198 2865 3422 2933 Quando

1844 2957 2123 3011 possumus
2153 2945 2347 3000 habere
2388 2949 2538 3001 isnun
2576 2952 2930 3007 charitatcm?
2960 2954 3073 3008 Noli
3116 2956 3221 3010 cito
3261 2958 3328 3013 dc
3369 2967 3421 3015 te

1840 3032 2124 3102 desperare
2149 3056 2161 3089 :
2187 3037 2320 3090 forte
2352 3049 2469 3092 nata
2499 3052 2599 3104 est,
2632 3043 2725 3097 sed
2759 3046 2989 3099 nondum
3039 3047 3265 3116 perfecta
3296 3060 3415 3116 est;

1842 3130 1980 3179 nutri
2026 3143 2162 3187 eam,
2208 3145 2273 3181 ne.
2319 3131 2592 3186 cﬂ‘oeetur.
2643 3136 2745 3189 Sed
2785 3137 3021 3193 dicturus
3062 3157 3120 3194 cs
3162 3143 3310 3204 milii.
3355 3144 3420 3200 Et

1842 3217 1980 3270 umle
2007 3220 2163 3272 novi?
2188 3221 2303 3288 Quo
2324 3222 2465 3275 enim
2497 3226 2672 3291 [perlici
2696 3236 2797 3279 tur
2823 3229 3151 3295 audivimus;
3184 3233 3322 3287 unde
3349 3236 3420 3289 in-

1839 3307 1991 3375 cipiat
2021 3309 2315 3363 audiamus.
2352 3313 2620 3381 Sequitur.
2651 3327 2703 3369 et
2728 3316 2852 3369 dicit
2875 3336 2887 3371 ;
2911 3319 3007 3386 Qui
3029 3333 3195 3376 autem
3236 3322 3418 3379 habue-

1840 3398 1905 3449 rit
1931 3400 2197 3469 facnltutcs
2237 3403 2432 3463 mundi,
2479 3415 2527 3457 et
2558 3406 2730 3458 ritlerit
2757 3411 2961 3475 fratrem
3004 3428 3151 3464 suum
3192 3416 3416 3469 esurien-

1838 3496 1954 3553 tem,
1983 3499 2028 3541 et
2056 3490 2290 3545 clauserit
2318 3495 2501 3547 viscera
2526 3513 2616 3548 sua
2645 3497 2705 3549 ab
2734 3515 2791 3551 co
2821 3514 2839 3551 :
2861 3503 3107 3568 quomodo
3138 3506 3312 3571 poterit
3336 3507 3416 3560 di-

1839 3577 1982 3633 lectio
2012 3579 2106 3634 Dei
2134 3600 2333 3637 manere
2372 3588 2422 3638 in
2466 3589 2566 3641 eo?
2596 3590 2731 3643 Ecce
2777 3590 2916 3645 unde
2946 3593 3126 3662 incipit
3161 3595 3410 3652 cbaritas.

1837 3669 1891 3725 Si
1922 3673 2152 3725 nondum
2181 3690 2239 3728 es
2280 3676 2496 3731 idoneus
2537 3682 2669 3733 mori
2710 3697 2805 3749 pro
2846 3682 3023 3750 fratre,
3057 3686 3159 3755 iam
3194 3688 3413 3747 idoneus

1836 3772 1952 3815 esto
1977 3762 2105 3817 dare
2133 3764 2196 3816 tle
2226 3766 2327 3827 tuis
2354 3768 2687 3823 facultatibus
2717 3770 2865 3826 fratri
2916 3774 3030 3827 .lam
3058 3780 3307 3843 percutiat
3336 3780 3414 3835 νίς

1837 3869 1982 3907 Seera
2020 3863 2103 3907 tua
2131 3855 2378 3918 t'lttlt'iltﬁ,
2415 3868 2470 3913 ut
2508 3878 2609 3913 non
2641 3862 2708 3916 de
2729 3866 2981 3930 jactantia
3011 3866 3192 3931 facias,
3226 3872 3319 3927 sed
3345 3872 3411 3930 de

1838 3944 2026 3997 intimo
2068 3946 2223 4013 adipe
2268 3948 2673 4013 inisericorilia-;
2722 3964 2777 4006 ut
2817 3959 3122 4014 consideres
3170 3962 3313 4016 illum
3358 3964 3410 4018 in

1835 4046 2068 4106 egestate
2099 4038 2344 4107 positum.
2392 4040 2446 4095 Si
2488 4043 2629 4096 enim
2661 4047 2923 4113 superflua
2973 4067 3075 4103 non
3109 4064 3256 4120 potes
3282 4056 3410 4110 dare

1836 4128 1979 4181 fratri
2010 4138 2117 4186 tuo.
2156 4129 2386 4184 animam
2420 4142 2558 4185 lnam
2590 4142 2738 4201 potes
2766 4151 2960 4202 ναμειό
2985 4155 3080 4207 pro
3104 4140 3298 4198 fratre?
3322 4145 3409 4199 Ja-

1833 4229 1912 4271 cel
1943 4219 2160 4288 pecunia
2191 4222 2240 4273 in
2271 4223 2386 4276 sinu
2429 4232 2539 4288 tuo,
2567 4241 2723 4291 quam
2752 4228 2840 4280 tibi
2889 4230 3030 4283 fures
3067 4244 3286 4302 p‘ISSlllll
3314 4252 3380 4290 au

1834 4308 2007 4371 ferre;
2040 4320 2093 4363 et
2118 4312 2161 4364 si
2200 4312 2340 4365 illam
2370 4330 2472 4367 non
2501 4315 2738 4370 auferent
2766 4317 2930 4384 fures,
2959 4323 3232 4376 moriendo
3263 4325 3403 4380 illam

1833 4398 2069 4465 deseres,
2097 4403 2254 4455 etiam
2300 4404 2343 4456 si
2371 4414 2422 4458 le
2449 4405 2533 4458 illa
2562 4407 2824 4463 viventem
2858 4427 2959 4464 non
2986 4413 3197 4468 deserat
3226 4433 3238 4468 :
3276 4418 3404 4486 quid

1833 4489 1955 4542 inde
1981 4491 2210 4546 facturus
2238 4495 2326 4547 es?
2350 4494 2521 4549 Esarit
2548 4498 2709 4552 frater
2731 4509 2870 4565 tuus,
2896 4503 2944 4555 in
2975 4506 3286 4561 nece~sitate
3308 4524 3397 4576 po-

1832 4581 1965 4635 situs
1997 4592 2109 4637 est:
2137 4587 2374 4639 fortassis
2402 4590 2759 4656 suspenditur,
2801 4610 2827 4643 ει
2859 4593 3120 4648 creditore
3147 4609 3403 4666 angusta-

1834 4680 1942 4736 tur;
1974 4689 2077 4725 non
2115 4674 2269 4729 habet
2298 4676 2427 4745 ipse.
2460 4676 2619 4731 babes
2646 4690 2698 4733 tu
2730 4699 2740 4732 :
2775 4682 2933 4735 frater
2971 4692 3089 4737 tuus
3112 4695 3214 4750 est,
3246 4688 3402 4742 simul

1832 4764 1993 4832 empti
2027 4766 2175 4829 estis,
2227 4783 2385 4820 unum
2418 4780 2497 4821 est
2530 4780 2750 4838 pretium
2780 4782 3032 4835 vestrum,
3081 4779 3237 4829 ambo
3280 4792 3403 4831 san-

1828 4857 1985 4925 guine
2004 4856 2199 4911 Chriin
2230 4859 2487 4929 redempti
2517 4863 2643 4914 estis
2673 4881 2684 4914 :
2714 4862 2831 4917 vide
2856 4864 2898 4916 si
2926 4866 3210 4929 misereris,
3240 4869 3281 4919 si
3312 4868 3375 4920 ba

1830 4948 1922 5002 bes
1946 4950 2218 5003 facultates
2261 4966 2363 5003 ιιιιι.
2387 4951 2460 5004 di.
2502 4952 2635 5019 Quid
2676 4954 2739 5006 ad
2771 4972 2855 5009 tne
2880 4957 3122 5023 pertinet,
3156 4957 3288 5011 forte
3318 4958 3399 5012 di-

1829 5040 1941 5097 cis?
1975 5041 2083 5110 ligo
2104 5040 2321 5093 daturus
2350 5056 2466 5094 sum
2500 5044 2771 5107 pecuniam
2802 5060 2993 5104 inemo,
3025 5059 3092 5099 ne
3123 5046 3208 5101 ille
3235 5047 3402 5103 unle-

1829 5133 1980 5186 stiam
2028 5131 2291 5200 patiatur?
2336 5132 2389 5187 Si
2443 5132 2543 5186 hoc
2591 5134 2680 5185 tibi
2723 5135 3052 5202 reSpouderit
3094 5152 3186 5190 cor
3229 5146 3399 5206 tuum,

1827 5224 2039 5280 dilectio
2071 5224 2237 5278 Patris
2268 5242 2371 5278 non
2403 5225 2452 5277 in
2482 5236 2533 5278 te
2559 5234 2752 5281 manet.
2778 5226 2830 5281 Si
2856 5227 3070 5283 dilectio
3097 5230 3267 5287 Patris
3292 5249 3398 5290 non

1829 5318 1879 5371 in
1909 5328 1960 5371 te
1991 5328 2186 5382 manet,
2228 5334 2331 5371 nua
2361 5332 2421 5372 es
2448 5329 2599 5373 natus
2641 5334 2705 5373 ex
2746 5318 2869 5374 Deo.
2896 5320 3171 5390 Quomodo
3207 5333 3258 5378 te
3285 5326 3373 5393 glo

1826 5410 1977 5465 riaris
2009 5426 2127 5464 esse
2150 5409 2529 5464 christianum?
2568 5409 2769 5464 Nomen
2799 5410 2980 5476 babes,
3025 5424 3078 5467 ct
3116 5414 3245 5467 facta
3289 5430 3394 5469 non

1824 5502 2001 5556 babes.
2037 5501 2092 5557 Si
2122 5513 2296 5555 autem
2323 5518 2514 5556 nmnen
2544 5512 2781 5556 Secutum
2814 5503 2967 5557 fuerit
2991 5520 3141 5571 opus,
3174 5504 3311 5557 dicat
3342 5515 3393 5562 te

1820 5596 2096 5665 quisquam
2128 5610 2404 5663 paganum,
2430 5603 2483 5647 ιιι
2516 5594 2663 5649 factis
2691 5594 2912 5648 ostende
2941 5602 2992 5646 te
3016 5593 3385 5651 christianum.

1819 5686 1952 5745 Nam
1990 5688 2038 5744 si
2082 5687 2233 5745 factis
2256 5704 2365 5745 non
2390 5686 2627 5744 ostendis
2648 5696 2699 5743 te
2717 5684 3093 5757 christianum,
3121 5700 3308 5747 omnes
3334 5697 3389 5755 to

2256 5895 2351 5929 ‘Q‘N
