3994 6366
251 421 392 485 ω

255 540 516 612 gregavit?
539 540 734 594 Contra
755 538 1019 596 Christum
1041 557 1166 610 ergo
1188 543 1355 610 venis;
1378 544 1722 599 antichristus
1747 561 1824 600 es.

256 632 396 688 lutns
422 633 515 694 sis,
541 631 670 686 l‘oris
693 633 794 695 sis;
819 633 1158 688 antichristus
1176 649 1234 689 es
1273 652 1287 689 :
1328 635 1420 692 sed
1451 636 1660 704 quando
1689 636 1830 698 intus

254 737 308 778 es
329 764 344 788 ,
378 722 511 784 lates
531 763 543 780 ,
577 721 791 790 quando
818 723 948 778 foris
974 738 1031 786 es
1052 762 1067 788 ,
1096 724 1468 791 manifestaris.
1518 725 1692 800 Salvis
1733 727 1827 790 Je-

252 830 396 878 sum,
425 825 479 866 et
507 829 668 882 negas
697 829 817 870 eum
844 815 896 868 in
919 829 1079 890 carne
1105 816 1348 880 venisse;
1378 830 1482 880 non
1511 832 1568 870 es
1595 833 1659 872 ex
1694 817 1822 880 Deo.

254 905 369 958 Ideo
395 883 529 964 dicit
551 905 602 958 in
629 904 911 973 Evangelia
936 924 947 956 :
978 883 1074 971 Qui
1098 906 1296 963 solverit
1315 924 1470 960 unum
1495 908 1556 961 de
1575 909 1825 964 inundatis

249 998 350 1050 istis
378 997 616 1062 minimis,
643 1009 690 1050 et
719 998 944 1056 docuerit
969 999 1039 1052 sic
1061 1038 1075 1059 ,
1123 1000 1356 1054 minimus
1383 1003 1634 1064 vocabitur
1663 1004 1714 1056 iu
1740 1017 1825 1058 re-

246 1105 341 1158 gno
362 1090 621 1148 (telarum.
645 1088 779 1156 qua
808 1098 888 1142 est
907 1131 921 1152 ,
963 1090 1226 1146 Solvitur?
1255 1091 1377 1159 quid
1419 1101 1534 1158 est,
1566 1092 1823 1152 docetur?

249 1178 470 1250 Solvitur
499 1179 650 1241 lactis
673 1218 690 1241 ,
721 1190 772 1233 et
800 1179 1018 1242 docetur
1047 1183 1196 1249 quasi
1221 1182 1414 1241 verbis.
1449 1182 1548 1250 Qui
1577 1185 1825 1250 praedicas

248 1289 340 1326 non
366 1245 638 1340 furandum
662 1313 676 1334 ,
711 1272 898 1338 [armis
925 1245 1099 1336 (Itoni.
1133 1288 1189 1336 tt,
1217 1273 1330 1340 Sil).
1375 1245 1542 1338 Solvit
1577 1245 1716 1343 tergo
1765 1276 1820 1330 in

248 1363 375 1426 facto
398 1360 485 1430 qui
507 1362 730 1428 iuratur,
759 1370 813 1416 et
835 1362 983 1429 quasi
1014 1361 1168 1418 docet
1189 1363 1285 1427 sic;
1312 1363 1546 1418 minimus
1566 1365 1821 1422 vocabitur

248 1452 293 1512 in
312 1467 458 1518 regno
493 1451 732 1504 caelorum
751 1492 765 1514 ,
791 1450 840 1508 id
872 1461 951 1504 est
971 1493 984 1516 ,
1015 1453 1064 1505 in
1096 1453 1330 1510 Ecclesia
1362 1453 1517 1521 hujus
1540 1456 1809 1524 temporis.

249 1541 316 1595 De
341 1542 424 1612 illo
452 1541 645 1615 dictum
678 1553 756 1608 est
782 1583 796 1602 ,
827 1542 951 1613 ρυω
979 1545 1145 1598 dicunt
1188 1546 1338 1614 facite
1358 1561 1377 1607 ;
1401 1562 1512 1614 qua:
1537 1556 1702 1606 autem
1730 1547 1814 1616 fa-

247 1634 389 1697 ciunt,
412 1634 578 1699 [iacere
593 1634 748 1700 nolite
776 1634 988 1701 (Matth.
1012 1651 1159 1697 χχιιι,
1185 1636 1240 1706 5)
1297 1635 1395 1708 Qui
1417 1648 1580 1689 autent
1607 1638 1777 1707 fecerit
1794 1679 1810 1705 ,

245 1732 285 1782 et
327 1725 394 1780 sic
437 1725 696 1790 docuerit,
732 1741 944 1795 magnus
990 1726 1241 1779 vocabitur
1279 1728 1329 1795 in
1375 1744 1528 1797 regno
1574 1731 1813 1796 oculorum

245 1789 344 1882 (id.
375 1828 426 1876 v,
462 1795 570 1883 i9).
598 1789 762 1872 Exeo
789 1789 927 1884 qitod
956 1815 1086 1872 dixit
1113 1816 1223 1876 hic,
1257 1789 1452 1878 fecerit:
1489 1827 1670 1871 contra
1711 1793 1813 1884 hoc

244 1901 310 1956 ibi
339 1902 493 1968 dixit,
519 1902 750 1969 solverit,
784 1904 834 1956 id
861 1914 960 1970 est,
997 1921 1096 1957 non
1129 1905 1306 1959 fecerit
1329 1948 1342 1969 ,
1371 1916 1422 1958 et
1444 1907 1682 1970 docuerit
1710 1909 1804 1976 sic.

242 1991 333 2047 llle
351 2009 470 2066 ergo
495 1973 654 2056 solvit
676 1996 764 2064 qui
792 2011 897 2052 non
928 1998 1065 2049 facit.
1095 1998 1227 2061 Quid
1266 2014 1362 2050 nos
1387 1999 1542 2051 docet
1566 2041 1580 2064 ,
1616 2002 1713 2053 nisi
1755 2011 1810 2056 ut

242 2081 373 2138 facta
395 2085 773 2154 interrogemus
799 2127 812 2146 .
843 2103 944 2138 non
974 2089 1130 2162 verba
1161 2089 1475 2142 credamus?
1501 2091 1808 2160 Obscuritas

241 2189 410 2228 rerum
437 2177 595 2230 multa
625 2191 721 2229 nos
751 2178 889 2245 Cogit
914 2177 1089 2232 dicere
1123 2197 1134 2231 :
1171 2181 1395 2232 maxime
1428 2189 1481 2234 ιιι
1514 2182 1634 2246 illud
1665 2183 1804 2258 quod

243 2263 483 2321 Dominus
514 2267 748 2321 revelare
772 2267 1016 2338 dignatur
1039 2310 1054 2331 ,
1088 2269 1245 2324 etiam
1287 2271 1349 2323 ad
1395 2272 1652 2326 tardiores
1698 2274 1803 2338 l'ra-

239 2364 340 2410 tres
379 2358 682 2424 perveniat;
725 2361 846 2430 quia
873 2375 1058 2414 omnes
1084 2360 1279 2416 Christi
1308 2366 1560 2432 sanguine
1588 2381 1803 2433 compa-

237 2447 327 2498 rati
351 2455 488 2500 sunt.
523 2447 584 2500 Et
612 2463 800 2502 vereor
826 2465 890 2502 ne
919 2453 1027 2520 ipsa
1054 2450 1282 2519 Epistula
1317 2454 1428 2507 istis
1451 2453 1634 2508 diebus
1661 2497 1674 2517 ,
1702 2457 1803 2512 sic-

237 2545 290 2588 ut
316 2538 653 2606 prmniseram
674 2579 689 2603 ,
724 2554 826 2606 non
857 2541 1101 2598 ﬁniatur:
1143 2544 1236 2598 sed
1263 2546 1401 2614 quod
1435 2546 1654 2601 Domino
1684 2549 1800 2617 pla-

235 2638 332 2692 cet,
361 2631 543 2704 uielius
565 2639 648 2706 est
673 2645 885 2688 servare
909 2634 1177 2704 reliquias,
1208 2650 1361 2706 quam
1389 2651 1613 2694 onerare
1639 2641 1801 2708 corda

236 2717 384 2772 nimio
403 2705 540 2788 cibo.

516 2789 520 2794 ’
725 2811 1135 2890 Τηᾼβτᾼτυὸ
1176 2815 1284 2882 vn.

230 2897 300 2950 Ab
335 2915 386 2952 eo
418 2903 550 2978 quod
595 2904 846 2972 sequitur,
877 2903 992 2958 Jam
1026 2922 1115 2959 vos
1164 2923 1228 2962 ex
1281 2909 1387 2974 Deo
1431 2912 1559 2964 estis
1608 2910 1793 2981 ﬁlioli;

297 3007 438 3070 usque
466 2979 532 3044 ait
563 2981 652 3064 id,
697 2995 859 3060 Deum
904 3011 1062 3062 nemo
1099 3000 1227 3053 vidit
1268 3017 1516 3071 unquam.
1547 3003 1670 3076 Cap.
1707 2979 1790 3075 tv,

308 3065 554 3162 vitae.

293 3172 340 3224 i.
376 3174 597 3242 Mundus
629 3176 726 3256 iste
751 3178 997 3252 omnibus
1042 3180 1280 3248 fidelibus
1309 3186 1667 3252 qtnrrentihns
1697 3205 1791 3257 pa-

228 3261 366 3316 triam
393 3265 468 3330 sic
517 3249 932 3335 estsq-nomado
977 3269 1074 3324 fuit
1112 3287 1320 3326 eremus
1369 3276 1561 3342 populo
1606 3277 1785 3340 lsrael.

227 3333 469 3409 Errabant
500 3333 710 3432 quidem
742 3358 945 3425 adhuc,
975 3370 1028 3414 et
1055 3363 1273 3431 patriam
1316 3367 1622 3434 qnznrebant
1653 3386 1665 3422 :
1694 3371 1788 3436 sed

223 3443 345 3500 duce
388 3447 496 3526 ρυο
541 3466 721 3526 errare
771 3467 871 3505 non
924 3463 1181 3520 poterant.
1216 3454 1307 3508 Via
1354 3458 1455 3510 illis
1488 3460 1582 3516 fuit
1618 3461 1788 3529 jussio

222 3534 308 3590 Dei
339 3539 373 3590 ‘.
407 3515 536 3612 Nam
571 3517 654 3592 ubi
689 3557 780 3610 per
808 3543 1149 3614 quadraginta
1177 3562 1343 3620 annos
1369 3551 1746 3608 cita-untierunt
1766 3595 1782 3620 ,

219 3605 542 3696 paucissimis
571 3611 929 3710 mansionibus
959 3638 1235 3691 eonlicitnr
1263 3640 1360 3694 iter
1389 3641 1578 3712 ipsum.
1613 3654 1663 3698 ct
1691 3661 1782 3698 no-

219 3729 320 3773 tum
352 3732 432 3776 est
460 3723 720 3802 omnibus.
766 3726 1163 3796 Tardabanrur,
1213 3731 1332 3798 quia
1378 3735 1780 3804 exi-rccbantur,

215 3826 318 3863 non
364 3814 478 3880 quia
507 3793 900 3886 deserebantur.
953 3821 1101 3886 Quod
1147 3837 1273 3892 ergo
1328 3823 1476 3890 nobis
1528 3828 1782 3892 pt'oaillit

210 3900 381 3968 Dens,
414 3899 685 3958 inelbibilis
729 3907 952 3963 dulcedo
975 3921 1087 3974 est,
1116 3923 1165 3962 et
1198 3912 1389 3964 bonum
1415 3955 1428 3976 ,
1462 3915 1594 3968 sicut
1635 3918 1779 3969 Scri-

205 4005 356 4062 ptum
388 3995 531 4070 dicit,
553 4007 606 4072 et
633 4013 771 4068 swpc
802 4002 953 4054 nobis
980 4005 1516 4060 commcnmrantibus
1537 4009 1775 4076 audistis,

203 4088 331 4154 quod
357 4089 530 4156 oratus
556 4108 652 4142 non
676 4091 813 4152 vidit,
849 4109 935 4144 nec
955 4094 1091 4146 auris
1118 4095 1337 4159 audivit,
1371 4115 1458 4150 nec
1497 4100 1545 4150 in
1577 4116 1661 4152 cor
1688 4101 1778 4154 lto-

203 4180 345 4232 minis
383 4161 605 4234 ascendit
633 4181 780 4251 (lsai.
815 4200 953 4248 LXIV,
996 4187 1061 4247 4;
1090 4186 1103 4238 I
1131 4185 1244 4264 Cor.
1277 4204 1310 4241 tt
1336 4231 1348 4247 .
1380 4189 1454 4257 9).
1489 4190 1777 4266 Laboribus

203 4279 369 4322 autem
400 4274 778 4340 tcnqioralibns
804 4290 1144 4342 extu'cemur,
1172 4287 1222 4328 ct
1253 4279 1626 4333 tentationibns
1657 4281 1775 4356 vine

204 4363 473 4428 persentis
513 4362 798 4438 erudimur.
832 4364 932 4416 Sed
961 4366 1003 4417 si
1035 4382 1135 4418 non
1163 4368 1316 4421 vultis
1358 4369 1407 4421 in
1459 4373 1552 4423 ista
1594 4386 1773 4426 eremo

201 4453 280 4506 siti
327 4454 459 4508 tnori
486 4495 500 4517 ,
553 4454 710 4508 bibite
754 4455 1086 4509 charitatcm.
1135 4457 1274 4512 Fons
1312 4468 1392 4522 est
1422 4476 1576 4528 quem
1609 4463 1773 4516 Voluit

201 4523 452 4602 Dominus
481 4543 563 4598 hic
591 4561 824 4616 potiere,
860 4562 926 4599 nc
953 4547 1259 4604 deﬁciamus
1291 4551 1339 4604 in
1369 4552 1450 4632 via
1484 4570 1494 4603 :
1525 4562 1578 4620 et
1603 4554 1768 4608 abun-

199 4633 549 4702 dantiuseom
598 4633 872 4700 bibemus,
918 4654 1036 4693 cum
1086 4640 1148 4693 ad
1187 4643 1405 4709 patriam
1449 4647 1767 4700 venerimus.

201 4723 347 4780 Modo
380 4705 718 4808 Evangellinni
748 4729 935 4782 lectum
961 4741 1061 4796 est;
1093 4740 1148 4785 ιιι
1168 4732 1231 4785 do
1262 4735 1388 4804 ipsis
1411 4737 1587 4792 verbis
1610 4780 1623 4802 ,
1657 4741 1770 4807 qui-

200 4815 289 4870 bus
316 4805 470 4872 lectio
491 4805 764 4888 terminata
791 4828 873 4873 est
895 4818 1086 4894 dieatn,
1118 4823 1240 4892 quid
1268 4823 1408 4878 aliud
1437 4827 1533 4878 nisi
1557 4827 1623 4881 de
1648 4831 1771 4882 cha~

197 4908 344 4960 ritate
373 4885 631 4961 audistis?
675 4907 1110 4992 Quandoquidem
1144 4924 1350 4981 pactum
1390 4918 1605 4972 iecimus
1648 4935 1767 4974 cum

198 4997 300 5051 De.»
330 5009 508 5051 nostra
540 5001 589 5052 in
618 5001 854 5054 oratione
881 5045 893 5065 ,
924 5011 980 5072 ut
1006 5003 1047 5054 si
1079 5003 1316 5058 volumus
1340 5015 1397 5060 ιιι
1418 5008 1646 5063 dimittat
1669 5027 1768 5064 no-

196 5089 268 5141 bis
298 5068 510 5159 peccata
545 5101 750 5154 nostra,
777 5089 1102 5174 dimittamus
1132 5104 1182 5148 ct
1211 5111 1304 5148 nos
1327 5107 1538 5170 peccati
1572 5116 1688 5178 qua:
1713 5103 1766 5156 in

197 5193 284 5230 nos
311 5181 506 5233 fuerint
532 5181 812 5244 commissa
844 5179 1050 5250 (Matth.
1086 5201 1135 5237 v1
1157 5227 1170 5249 ,
1206 5186 1308 5256 η).
1341 5186 1452 5240 Non
1482 5200 1655 5246 autem
1684 5193 1768 5246 di-

196 5273 346 5324 mittit
372 5273 465 5326 Illsl
495 5263 742 5327 Charitas.
776 5257 923 5329 Tolle
944 5277 1252 5332 cbaritalem
1280 5279 1346 5335 de
1375 5283 1554 5348 corde;
1586 5287 1762 5342 odium

195 5371 362 5423 tenet.
399 5353 806 5439 ignoscere'non
849 5367 1009 5438 novit.
1041 5368 1118 5422 Sit
1168 5371 1234 5424 ibi
1267 5371 1530 5436 Charitas,
1579 5391 1762 5450 secura

193 5455 447 5524 ignoscit,
478 5476 596 5532 qua!
651 5475 754 5514 non
787 5473 1111 5532 angustatur.
1165 5467 1392 5534 Epistula
1447 5480 1620 5524 autem
1665 5473 1761 5526 ista

192 5557 298 5599 tota
322 5590 336 5612 ,
365 5566 516 5622 quam
566 5553 892 5634 suscepimus
940 5561 1262 5611 tractandam
1303 5561 1482 5624 Vobis,
1518 5562 1686 5617 videte
1719 5566 1760 5618 si

188 5638 330 5690 aliud
359 5629 548 5710 aliquid
583 5629 916 5698 cortitnendat
947 5663 1099 5714 quam
1140 5647 1302 5718 ipsam
1335 5667 1488 5703 unam
1537 5652 1761 5709 Charita-

191 5738 319 5784 tem.
348 5731 447 5783 Nec
494 5733 780 5787 timendum
810 5747 886 5788 est
932 5754 995 5789 ne
1044 5754 1181 5809 szrpc
1213 5740 1434 5793 dicendo
1487 5744 1535 5797 in
1579 5746 1756 5824 odium

262 5842 280 5873 ³
302 5843 368 5892 Sit:
392 5846 434 5892 in
461 5852 562 5891 Pass.
613 5854 647 5890 ιε
681 5847 722 5892 in
749 5847 903 5920 editis.
927 5847 1043 5902 visio
1071 5851 1170 5903 Dei.

1451 430 1858 494 TRACTATUS
1899 437 2006 490 Vll.
2047 436 2271 498 CAPUT
2310 435 2398 500 IY.

3382 461 3534 524 ΞΜ

1939 550 2135 604 veniat.
2167 552 2302 621 Quid
2348 558 2491 614 enim
2519 569 2729 617 amatur
2750 605 2765 630 ,
2798 566 2841 618 si
2867 565 3100 628 charitas
3133 573 3187 627 in
3217 575 3399 633 odium
3423 594 3520 638 νον

1939 641 2087 696 niat?
2115 646 2225 710 Qua
2251 648 2509 707 charitate
2534 654 2589 708 lit
2614 655 2627 685 ¹
2655 666 2709 708 ut
2737 667 2925 714 cetera
2953 660 3088 719 bene
3107 677 3370 735 amentur,
3404 671 3522 743 ipsa

1935 735 2201 800 quomodo
2226 741 2450 796 amanda
2477 754 2557 797 est
2578 745 2600 798 ?
2622 745 2726 804 Res
2753 765 2880 819 ergo
2906 768 3025 820 quae
3061 769 3329 828 nunquam
3355 735 3522 821 debet

1935 821 2001 876 de
2026 826 2186 882 corde
2213 828 2487 888 discedere
2509 875 2522 896 ,
2555 852 2651 892 nec
2680 839 2746 894 ab
2775 855 2867 897 ore
2901 843 3158 902 discedant.

2005 912 2058 968 2.
2089 914 2209 968 Jam
2238 935 2323 976 vos
2343 963 2356 986 ,
2388 923 2584 993 inquit,
2629 945 2693 983 ex
2737 928 2846 988 Deo
2889 937 3006 990 estis
3031 939 3214 1007 ﬁlioli,
3258 945 3520 1016 amisistis

1932 1018 2046 1070 eum
2067 1021 2085 1058 :
2107 1024 2294 1074 quem,
2331 1014 2426 1068 nisi
2459 1017 2880 1078 Antichristum?
2906 1026 3162 1097 Superius
3189 1035 3329 1091 enim
3357 1037 3485 1096 dixe

1932 1103 2046 1159 rat,
2079 1096 2254 1154 Omnis
2280 1105 2365 1171 qui
2385 1107 2530 1159 solvit
2570 1108 2744 1166 Jesnm
2772 1096 3023 1173 Christum
3048 1130 3094 1174 et
3133 1136 3282 1196 negat
3318 1145 3429 1182 eum
3457 1131 3514 1186 iu

1929 1199 2080 1241 carne
2099 1191 2307 1258 venisse,
2329 1211 2428 1248 non
2449 1208 2604 1252 estea:
2625 1200 2727 1256 Deo
2753 1202 2927 1276 (Joan.
2954 1226 3023 1276 tv,
3051 1213 3128 1282 3).
3157 1191 3510 1287 Esposuimus

1927 1287 2127 1344 autem,
2157 1282 2200 1334 si
2229 1288 2561 1353 meministis,
2586 1293 2705 1359 quia
2735 1311 2919 1350 tuitnes
2941 1313 3131 1370 negant
3152 1282 3334 1362 desum
3355 1309 3510 1365 Chri-

1927 1378 2069 1438 stum
2100 1370 2151 1426 in
2179 1388 2338 1431 carne
2370 1381 2580 1436 venisse
2604 1424 2618 1445 ,
2647 1385 2736 1453 qui
2769 1387 2962 1448 violant
2987 1393 3318 1460 charitatem.
3350 1401 3510 1458 Iesus

1924 1462 2063 1515 enim
2097 1479 2198 1518 non
2226 1482 2360 1534 opus
2396 1482 2508 1524 erat
2547 1484 2601 1530 ut
2633 1479 2839 1534 venirt-t
2860 1523 2873 1543 ,
2909 1481 3008 1536 nisi
3036 1498 3250 1557 propter
3270 1491 3504 1551 charito-

1924 1562 2048 1608 tem.
2079 1557 2323 1614 Charitas
2347 1563 2490 1617 enim
2519 1567 2672 1622 nobis
2700 1569 2782 1622 illa
2810 1577 3231 1645 commendatur,
3261 1597 3506 1652 quamet

1920 1643 2034 1714 ipse
2061 1649 2112 1702 in
2142 1650 2424 1721 Evangelio
2453 1661 2788 1717 commendat
2817 1683 2830 1716 :
2865 1664 3114 1736 Majorem
3149 1643 3245 1725 hac
3269 1643 3500 1730 dilectio-

1919 1754 2031 1790 nem
2057 1757 2202 1799 nemo
2241 1754 2395 1814 patest
2424 1746 2636 1816 habere,
2664 1768 2814 1818 quam
2851 1766 2905 1808 ut
2927 1760 3148 1814 animum
3174 1779 3313 1817 suam
3345 1779 3513 1831 ponat.

1917 1847 2009 1898 pro
2036 1835 2211 1888 amicis
2237 1838 2342 1891 suis
2371 1836 2480 1899 (Id.
2518 1858 2607 1907 xv,
2643 1845 2753 1916 15).
2771 1865 2777 1871 ·
2798 1846 3074 1914 Quomodo
3101 1865 3314 1923 p0terat
3335 1857 3497 1914 Filius

1918 1921 2009 1976 Dei
2039 1926 2269 1980 animam
2300 1943 2448 1983 suam
2476 1948 2676 2002 ponere
2719 1951 2816 2004 pro
2859 1941 3011 1996 nobis
3036 1983 3050 2007 ,
3084 1945 3182 1998 nisi
3226 1961 3389 2007 carne
3416 1951 3494 2005 in-

1914 2012 2186 2081 ducretur,
2214 2018 2298 2072 ubi
2323 2023 2454 2074 mori
2488 2028 2701 2091 posset?
2719 2027 2968 2100 Quisquis
2993 2049 3118 2102 ergo
3139 2037 3298 2092 violat
3324 2040 3500 2096 chari-

1915 2109 2096 2168 tatem,
2123 2109 2392 2174 quodlibet
2418 2112 2557 2167 diCat
2597 2116 2770 2187 lingua
2795 2161 2809 2185 ,
2845 2123 2947 2175 vita
2979 2125 3144 2192 ipsius
3169 2140 3325 2198 negat
3345 2132 3499 2194 Chris-

1912 2202 2048 2246 stnm
2077 2195 2130 2248 in
2178 2212 2338 2254 carne
2365 2203 2601 2269 venisse;
2635 2218 2687 2261 et
2729 2210 2826 2264 iste
2854 2223 2937 2266 est
2973 2217 3314 2275 antichristus
3333 2261 3352 2289 ,
3380 2224 3496 2280 ubi--

1911 2299 2138 2356 eumque
2176 2289 2326 2346 luerit
2353 2334 2364 2355 ,
2397 2309 2727 2367 quocumque
2754 2302 3044 2359 intraverit.
3076 2307 3182 2362 Sed
3217 2313 3340 2380 quid
3366 2315 3494 2370 dicit

1910 2377 1987 2430 eis
2012 2381 2098 2447 qui
2143 2384 2283 2437 cives
2310 2395 2433 2439 sunt
2459 2387 2602 2442 illius
2633 2394 2814 2458 patriae
2852 2397 2936 2448 cui
2966 2400 3329 2466 suspiramus?
3359 2405 3494 2460 Vici.

1909 2469 1997 2521 stis
2036 2487 2145 2523 eum
2194 2474 2255 2526 Et
2285 2476 2422 2531 unde
2454 2479 2729 2535 vicerunt?
2763 2484 2894 2550 Quia
2923 2491 3086 2554 maior
3123 2502 3195 2545 est
3217 2496 3307 2565 qui
3329 2507 3402 2550 est
3435 2499 3492 2552 in

1908 2559 2042 2611 vobis
2071 2603 2083 2620 .
2114 2579 2261 2630 quam
2303 2568 2387 2634 qui
2412 2568 2464 2620 in
2485 2569 2578 2624 hoc
2597 2573 2803 2626 mundo.
2826 2575 2902 2630 Ne
2929 2579 3202 2636 victoriam
3231 2586 3342 2640 suis
3361 2587 3488 2640 viri-

1911 2647 2006 2700 bus
2058 2653 2383 2722 tribuerent,
2415 2668 2467 2712 et
2512 2665 2812 2730 arrogantia
2843 2669 3103 2736 superbia:
3151 2673 3490 2732 vincerentur

1906 2741 2314 2813 (quemcumque
2335 2749 2477 2803 enim
2497 2751 2741 2809 diabolus
2757 2760 3042 2827 superbum
3057 2764 3256 2832 fecerit,
3272 2768 3480 2842 vincit),

1903 2831 2088 2886 volens
2131 2851 2224 2890 eos
2269 2852 2482 2895 servare
2532 2842 2917 2914 humilitatem,
2962 2854 3084 2920 quid
3126 2857 3236 2910 ait?
3288 2858 3490 2918 Vicisti;

1901 2939 2030 2975 eain.
2055 2924 2170 2979 Jam
2200 2930 2374 2984 nantis
2397 2931 2558 2987 homo
2577 2937 2666 3004 qui
2691 2939 2854 3002 audit,
2890 2940 3104 3008 Vicistis,
3127 2949 3282 3017 erigit
3301 2965 3478 3022 caput,

1899 3013 2052 3082 erigit
2081 3021 2341 3074 cervicem
2367 3063 2382 3087 ,
2423 3023 2621 3080 laudari
2670 3044 2729 3083 se
2770 3031 2898 3085 vult.
2933 3033 3050 3089 Noli
3098 3048 3148 3093 te
3184 3043 3439 3100 extollere
3461 3088 3477 3112 ,

1900 3105 2015 3157 vide
2038 3108 2153 3174 quis
2183 3109 2232 3162 in
2263 3119 2312 3164 te
2336 3113 2479 3168 vicit.
2509 3116 2682 3182 Quare
2712 3120 2918 3176 vicisti?
2955 3125 3088 3192 Quia
3114 3131 3278 3195 mai-or
3295 3144 3372 3186 est
3393 3139 3481 3205 qui

1897 3205 1966 3246 est
1995 3196 2044 3248 in
2070 3199 2205 3254 vobis
2231 3242 2244 3263 ,
2275 3218 2427 3270 quam
2454 3207 2541 3274 qui
2582 3208 2635 3260 in
2673 3209 2766 3264 hoc
2809 3215 3016 3268 mundo.
3047 3219 3176 3273 Esto
3223 3221 3440 3280 humilis
3459 3268 3476 3293 ,

1897 3297 2041 3351 porta
2095 3289 2371 3346 Dominum
2422 3307 2566 3349 tuum
2591 3313 2607 3360 ;
2637 3311 2754 3353 esto
2775 3302 3072 3368 jumentum
3108 3315 3333 3368 sessoris
3379 3319 3476 3373 ω.

1896 3372 2094 3429 Bonum
2128 3380 2220 3433 tibi
2246 3392 2328 3435 est
2369 3393 2423 3437 ut
2466 3386 2576 3454 ipse
2607 3399 2782 3457 regat,
2810 3401 2862 3446 et
2902 3394 3014 3463 ipse
3052 3399 3228 3456 ducat.
3268 3402 3400 3466 Nam
3429 3408 3480 3464 si

1893 3463 2062 3532 ipsum
2087 3484 2350 3527 sessorem
2375 3492 2477 3529 non
2498 3476 2766 3547 habueris,
2786 3487 3043 3544 cervicem
3070 3494 3276 3562 erigere
3299 3510 3472 3568 potes,

1890 3560 2064 3615 eat-es
2106 3574 2254 3632 potes
2295 3569 2505 3627 mittere
2539 3590 2548 3624 :
2581 3574 2673 3627 sed
2702 3591 2779 3628 vat
2809 3579 2898 3632 tibi
2931 3581 3044 3639 sine
3076 3597 3315 3654 rectore;
3349 3594 3473 3661 quia

1890 3650 2103 3705 libertas
2131 3655 2226 3709 ista
2258 3659 2307 3711 in
2337 3660 2530 3717 bestias
2564 3673 2613 3718 te
2640 3667 2800 3722 mittit
2820 3673 3226 3732 comedendum.

1959 3745 2009 3798 5.
2046 3745 2117 3798 Hi
2145 3747 2207 3801 de
2234 3752 2422 3806 mundo
2465 3765 2599 3810 sunt.
2629 3757 2769 3825 Qui?
2808 3763 3138 3822 Antichristi.
3167 3768 3283 3825 Jam
3311 3776 3470 3830 audi-

1887 3835 1978 3887 stis
2006 3837 2092 3904 qui
2124 3839 2247 3892 sint.
2278 3841 2342 3896 Et
2372 3844 2417 3898 si
2448 3862 2552 3900 non
2597 3851 2726 3903 estis
2749 3894 2762 3913 ,
2795 3860 3112 3924 Cogito-citis
3148 3877 3241 3917 eos
3271 3882 3282 3917 :
3316 3869 3466 3936 quis-

1885 3926 2002 3993 quis
2029 3937 2206 3984 autem
2232 3929 2330 3986 hoc
2352 3945 2454 3999 est,
2483 3953 2586 3990 non
2608 3946 2898 4006 cognoscit.
2930 3946 3001 4002 Hi
3021 3952 3083 4004 de
3103 3956 3288 4009 mundo
3308 3970 3425 4013 sunt
3448 3977 3470 4013 :

1884 4015 1996 4070 ideo
2041 4020 2102 4072 de
2138 4024 2326 4077 mundo
2370 4025 2638 4095 loquuntur
2659 4071 2674 4095 ,
2704 4042 2750 4086 et
2778 4038 2994 4092 mundus
3038 4058 3119 4096 eos
3171 4048 3329 4100 audit.
3361 4050 3462 4118 Qui

1884 4116 2006 4161 sunt
2029 4112 2117 4177 qui
2146 4111 2212 4167 de
2243 4115 2440 4168 mundo
2471 4117 2796 4186 loquuntur?
2824 4127 3088 4185 Attendite
3117 4137 3204 4202 qui
3231 4137 3251 4168 ’
3273 4111 3462 4195 conire

1883 4196 2213 4254 charitatem.
2244 4204 2379 4258 Ecce
2403 4207 2624 4263 audistis
2653 4210 2934 4272 Dominum
2960 4196 3222 4278 dicentem
3245 4268 3259 4290 ,
3289 4228 3350 4282 Si
3373 4230 3458 4282 di-

1885 4288 2117 4344 miseritis
2142 4306 2342 4360 peccata
2370 4297 2650 4356 [tebainibus
2670 4345 2684 4369 ,
2725 4305 2936 4362 dimittet
2965 4313 3102 4366 vobis
3134 4324 3178 4367 et
3204 4313 3360 4372 Pater
3377 4337 3460 4376 va-

1882 4387 1982 4432 ster
2020 4381 2230 4437 atelrstis
2272 4399 2477 4454 peccata
2502 4401 2663 4446 vestra
2685 4410 2704 4447 :
2731 4397 2776 4450 si
2799 4409 2962 4454 autem
3005 4421 3106 4458 non
3135 4409 3418 4466 diutiuritis
3438 4455 3455 4478 ,

1881 4485 1970 4524 nec
1988 4470 2142 4526 Pater
2165 4485 2319 4530 vester
2341 4479 2550 4536 dimittet
2575 4486 2708 4540 vobis
2734 4501 2934 4557 peccata
2954 4504 3114 4549 vestra
3137 4498 3348 4569 (Matth.
3376 4520 3453 4570 vr,

1884 4561 1950 4616 14
1972 4604 1984 4625 ,
2043 4565 2152 4635 15).
2200 4567 2470 4626 Sententia
2501 4584 2582 4629 est
2612 4577 2843 4634 veritatis
2872 4597 2886 4634 :
2918 4594 3008 4637 aut
3035 4587 3078 4639 si
3128 4561 3229 4644 uon
3263 4561 3459 4650 veritas

1881 4655 2130 4725 loquitur,
2146 4661 2436 4717 contradic.
2457 4663 2510 4719 Si
2527 4665 2848 4725 christianos
2867 4688 2944 4739 cs,
2961 4687 3015 4730 et
3034 4679 3207 4734 credis
3222 4681 3453 4749 Chris'o.

1882 4744 1992 4813 ipse
2020 4747 2188 4814 dixit,
2219 4747 2332 4820 Ego
2354 4768 2465 4808 sunt
2493 4758 2674 4812 veritas
2703 4759 2877 4830 (Joau.
2911 4781 2996 4820 xlv
3020 4810 3033 4829 ,
3066 4770 3142 4839 6).
3183 4744 3455 4834 Sententia

1881 4837 1976 4890 ista
2004 4854 2124 4891 vera
2147 4851 2257 4902 est,
2295 4843 2441 4898 lirma
2470 4855 2568 4900 est.
2595 4847 2708 4902 Jam
2735 4853 2854 4906 audi
2896 4855 3137 4913 homines
3163 4860 3231 4916 de
3256 4867 3459 4923 muttdo

1877 4927 2172 4998 loquentes.
2217 4931 2281 4988 Et
2313 4949 2413 4986 non
2457 4944 2506 4990 te
2532 4937 2890 4998 vindicaturus
2917 4961 2974 5001 es
2994 4987 3008 5010 ,
3037 4957 3087 5002 et
3111 4950 3353 5011 dicturus
3377 4971 3460 5015 est

1879 5018 1967 5074 ille
1993 5022 2112 5089 quia
2145 5021 2260 5076 fecit
2291 5024 2420 5078 tibi?
2443 5024 2557 5080 lmo
2579 5031 2775 5085 sentias
2793 5037 2914 5103 quia
2942 5051 3061 5094 cum
3095 5043 3209 5098 viro
3232 5047 3394 5106 habet
3416 5054 3463 5111 ³.

1877 5106 2121 5175 ριιιιιίάὶϐ
2149 5111 2395 5166 dicuntur
2423 5115 2539 5170 ista.
2585 5118 2660 5172 De
2687 5125 2884 5178 lllllttth
2912 5127 3199 5199 loquuntur
3226 5139 3320 5209 qui
3360 5106 3462 5198 ista

1875 5201 2055 5271 dicunt
2080 5219 2092 5263 ;
2126 5211 2178 5256 et
2206 5205 2431 5261 mundus
2457 5223 2548 5262 eos
2577 5212 2743 5267 audit.
2763 5214 2874 5272 Nec
2899 5219 3084 5278 dicunt
3113 5225 3214 5282 ista
3368 5238 3457 5303 qni

1874 5288 2099 5360 diligunt
2130 5296 2418 5372 mundum;
2451 5313 2620 5369 neque
2664 5305 2947 5366 audiuntur
2986 5314 3084 5370 ista
3121 5319 3225 5375 nisi
3263 5288 3344 5378 abl
3372 5288 3457 5377 his

1873 5388 1959 5454 qui
1990 5387 2212 5455 diligunt
2252 5391 2524 5447 mundum.
2556 5395 2619 5450 Et
2644 5399 2731 5467 qui
2759 5400 2929 5473 diligit
2953 5410 3241 5476 mundum,
3271 5424 3326 5470 et
3352 5431 3450 5470 ne-
3493 5393 3505 5406 ’

1871 5477 2018 5548 gligit
2045 5479 2110 5533 ch
2131 5481 2354 5536 nitatem
2379 5526 2392 5545 ,
2425 5487 2646 5543 audistis
2666 5494 2786 5561 quia
2815 5508 2972 5567 negat
3003 5500 3184 5557 Jesum
3209 5503 3264 5560 in
3286 5521 3451 5565 carne

1873 5569 2100 5623 venisse.
2133 5574 2236 5628 Ant
2261 5573 2303 5625 si
2329 5572 2450 5629 fecit
2477 5578 2600 5638 illud
2634 5583 2683 5635 in
2717 5600 2876 5642 carne
2914 5588 3027 5656 ipse
3068 5591 3366 5655 Dominus?
3390 5598 3448 5655 Si

1936 5681 1951 5762 ξ
1977 5687 2050 5756 er.
2085 5682 2230 5762 pagg.
2260 5692 2373 5762 ven.
2401 5693 2529 5762 cum,
2553 5692 2925 5762 Quia__cltaritate
2940 5697 3012 5762 ﬁt.
3078 5709 3136 5753 Il.

1931 5743 1954 5833 ς
1975 5743 2043 5837 τῇς
2066 5744 2165 5837 «qui
2171 5750 2364 5837 31.1%th
2387 5749 2463 5798 alii
2489 5743 2594 5801 cum
2621 5743 3022 5837 editisouiittdttt,

1989 5818 2032 5837 ‘I‘
2113 5819 2149 5837 ἰ)
2246 5823 2283 5837 ut
2308 5824 2314 5837 ι
2335 5827 2340 5830 -
2404 5821 2488 5837 l..--
2537 5831 2544 5837 .
2570 5830 2616 5837 .‘..
2643 5833 2680 5837 η.

1872 5803 1954 5913 ﬁr‘
1977 5805 2071 5862 Fr,
2099 5815 2199 5854 rem
2224 5809 2376 5858 habet.
2404 5821 2411 5857 l
2433 5828 2504 5859 (ιγ.
2537 5803 2757 5874 ver-lni-n:
3258 5835 3360 5904 [eg]
3377 5847 3452 5891 δι.

1928 5875 2076 5915 utaut.
2142 5875 2197 5915 Μ.
3184 5901 3194 5915 ι

1928 5875 2076 5916 utaut.
2142 5875 2197 5918 Μ.
2885 5875 2894 5883 ’
2991 5875 3014 5877 "
3087 5875 3384 5926 "TWTI
