3994 6408
547 273 578 284 ,
609 285 615 289 ν

289 310 417 370 2033

288 446 363 486 res
389 424 657 488 discernit
685 434 894 490 Patrem
927 435 1216 491 tradentem
1242 437 1454 501 Filium,
1502 438 1731 506 scipsum
1774 436 1861 491 Fi-

288 524 401 578 livm
432 525 759 590 tradentem,
790 539 838 581 et
865 527 1053 581 Jntlam
1083 529 1394 590 discipulum
1427 528 1716 581 tradenmm
1746 542 1860 579 ma-

285 617 500 688 gistrum
531 621 732 671 suum?
757 621 887 687 Quia
910 620 1008 672 hoc
1032 620 1146 675 fecit
1180 621 1334 674 l’ater
1362 630 1415 673 et
1448 619 1612 673 Filius
1641 627 1689 671 in
1738 619 1863 672 cha-

288 712 460 766 titate:
494 709 619 765 fecit
655 722 831 766 autent
878 713 1159 766 hoeJudas
1211 713 1261 766 in
1315 713 1626 779 proditione.
1663 711 1860 764 Videtis

286 806 397 873 qnla
447 819 552 857 nm
581 805 708 874 quid
741 804 896 859 faeiat
925 807 1102 867 hoino,
1149 805 1586 859 consideratnlum
1619 814 1732 865 est;
1765 803 1857 857 Sed

289 911 385 965 quo
411 895 593 948 :mimo
619 905 673 949 et
715 899 981 950 voluntate
1031 897 1199 990 faciat.
1236 898 1288 951 Ιςι
1321 897 1506 949 eodem
1539 897 1676 948 farto
1706 896 1855 948 inve-

295 987 457 1040 nimus
500 987 667 1039 Deum
701 987 930 1050 Patrem,
963 989 1013 1039 in
1045 986 1147 1055 quo
1177 989 1470 1041 invenimus
1495 987 1715 1047 Judam;
1763 986 1859 1039 Pa-

294 1088 418 1132 trem
445 1077 833 1142 benedicinins,
864 1079 1048 1132 .ludzun
1078 1080 1109 1131 d
1149 1090 1420 1133 testamur.
1445 1083 1619 1144 Quare
1648 1079 1852 1131 l‘atrem

292 1167 662 1232 benedieinms,
704 1168 891 1223 Judam
911 1171 1270 1225 detestamur?
1321 1171 1682 1223 Beiiei‘licitnus
1724 1171 1851 1223 cha-

297 1261 510 1324 ritatem,
540 1259 867 1315 detestamur
897 1262 1235 1330 iniquitatem.
1263 1262 1524 1331 Quantam
1551 1263 1690 1316 enim
1715 1279 1851 1329 pra!-

297 1351 460 1404 stitum
487 1359 564 1403 est
605 1351 784 1418 generi
839 1352 1068 1405 humano
1092 1352 1158 1404 de
1197 1353 1388 1405 tradito
1417 1352 1664 1406 Christo?
1693 1352 1854 1405 Num-

295 1441 405 1509 quid
432 1440 527 1495 hoc
561 1443 809 1510 cogitavit
842 1441 1006 1495 .ludas
1033 1453 1086 1494 ut
1133 1444 1394 1496 ttaderrt?
1421 1444 1557 1497 lleas
1604 1444 1850 1513 rogitavit

295 1533 501 1587 sdutem
529 1543 761 1587 nostram
788 1550 886 1603 qua
911 1535 1128 1603 redemp
1153 1535 1166 1588 i
1211 1553 1426 1598 sanius;
1454 1535 1614 1590 .ludas
1647 1540 1848 1606 rogita-

298 1625 359 1678 vit
386 1625 603 1695 pretium
632 1642 736 1694 quo
780 1625 1011 1680 vendidit
1046 1628 1340 1680 hominum.
1377 1628 1538 1682 Filius
1565 1630 1676 1698 ipse
1706 1629 1849 1700 engi-

297 1726 413 1769 tavtt
441 1718 656 1783 pretium
684 1719 822 1786 quod
849 1718 994 1772 dedit
1039 1735 1131 1784 pro
1163 1721 1346 1779 nobis;
1398 1721 1563 1774 .ludas
1601 1723 1849 1790 rogitavit

297 1809 502 1877 pretiuzn
528 1810 664 1878 quod
689 1811 895 1878 aer-epit
943 1820 998 1864 ut
1029 1812 1297 1865 venderet.
1354 1813 1567 1867 Diversa
1611 1831 1739 1881 ergo
1769 1816 1849 1868 in-

296 1900 448 1954 tentio
470 1901 671 1954 diversa
701 1900 834 1956 facta
865 1901 1004 1956 fecit.
1042 1903 1173 1955 (lum
1202 1903 1269 1955 sit
1296 1919 1393 1956 ulla
1427 1921 1530 1969 res,
1559 1920 1622 1958 ex
1665 1904 1843 1959 diver-

295 1994 493 2047 siseam
537 1994 911 2047 intentionibus
937 1995 979 2046 si
1007 1996 1305 2058 metianmr,
1337 2013 1495 2049 unum
1535 1997 1840 2063 amandum,

296 2083 504 2136 alterunt
539 2083 924 2145 damnamlmn;
953 2101 1113 2137 nnmu
1154 2086 1570 2154 glorilieanduai,
1617 2088 1839 2142 alterum

294 2173 633 2229 detestandum
679 2175 992 2229 invenimus.
1039 2175 1262 2229 Tantum
1307 2177 1444 2229 valet
1473 2179 1720 2231 Charitas.
1756 2177 1841 2231 Υἱ-

296 2263 340 2315 dt
359 2273 405 2318 te
423 2266 534 2334 quia
560 2267 668 2318 Sola
699 2266 970 2330 discernit,
998 2266 1167 2322 videte
1208 2268 1328 2338 quia
1384 2269 1517 2322 facta
1567 2269 1837 2324 hominum

293 2355 391 2407 sola
419 2354 695 2424 distinguit.

355 2443 401 2498 8.
442 2443 546 2498 Iloc
571 2445 797 2498 diximus
828 2448 879 2499 in
916 2445 1171 2499 sim'lihns
1198 2446 1363 2500 lactis.
1419 2448 1470 2499 lu
1505 2447 1730 2503 diversis
1761 2448 1838 2503 fa-

294 2535 402 2595 etis,
431 2536 717 2590 invenimus
732 2539 1034 2592 sa-vienteut
1061 2539 1324 2592 hominem
1359 2539 1546 2592 liuet-nn
1575 2540 1640 2593 de
1659 2542 1834 2594 chari-

289 2634 410 2690 tate;
436 2639 482 2681 ct
508 2627 750 2683 blandum
780 2630 969 2684 factmu
998 2630 1065 2685 de
1105 2630 1394 2700 iniquitate.
1433 2632 1654 2685 Puerum
1680 2633 1834 2688 ca-dit

283 2729 438 2788 pater,
480 2731 530 2775 et
587 2738 776 2791 mng
817 2722 1098 2776 blanditur.
1133 2722 1187 2777 Si
1234 2724 1365 2776 duas
1418 2740 1502 2777 res
1545 2740 1830 2794 proponas,

279 2811 446 2880 plagas
466 2821 518 2865 et
549 2812 939 2875 blandimenta;
973 2814 1091 2883 quis
1139 2831 1242 2866 non
1289 2815 1448 2883 eligat
1503 2815 1834 2870 hlardimeu-

276 2910 343 2966 ta,
390 2915 435 2956 et
476 2903 639 2972 fugiat
665 2905 875 2973 plagas?
901 2907 955 2960 Si
1001 2921 1252 2974 personas
1280 2907 1554 2970 attendas,
1603 2910 1832 2964 Charitas

269 2995 436 3056 ca-dit,
469 2996 736 3052 blanditur
768 2998 1035 3068 iniquitas.
1083 2998 1270 3054 Videte
1319 3001 1440 3070 qttid
1485 3003 1829 3058 commenda-

268 3103 402 3148 mus,
445 3090 562 3158 ιιιιίςι
590 3085 694 3144 non
719 3093 1086 3144 diSeernuntnr
1136 3091 1268 3146 faeta
1314 3095 1604 3155 hominum,
1635 3094 1733 3148 nisi
1763 3095 1831 3149 de

267 3177 439 3232 radiee
465 3181 758 3234 eharitatis.
789 3179 918 3234 Nunt
950 3181 1108 3234 multa
1150 3183 1258 3234 fieri
1308 3193 1525 3250 possunt
1553 3201 1669 3251 qua:
1706 3200 1830 3250 Spe-

266 3271 396 3324 ciem
427 3271 625 3326 habent
656 3273 862 3330 bonam.
883 3283 938 3327 et
960 3289 1061 3325 non
1093 3276 1377 3342 procedunt
1402 3274 1469 3329 de
1499 3277 1674 3330 radice
1697 3276 1828 3330 cha-

267 3364 448 3418 ritatis.
481 3365 686 3419 llabettt
726 3367 866 3418 enim
895 3376 949 3419 ct
997 3367 1162 3435 spine
1193 3365 1384 3421 ﬂores:
1416 3369 1657 3437 qmrdam
1701 3383 1829 3424 vero

269 3454 504 3510 videntur
550 3470 758 3525 aspera,
813 3455 1054 3510 videntur
1084 3458 1407 3518 truculenta;
1453 3458 1544 3512 sed
1597 3461 1725 3512 tinnt
1762 3461 1826 3514 ad

268 3527 588 3613 diseiplin-uu
661 3546 891 3600 dictante
944 3546 1447 3602 charitate..Sctncl
1498 3565 1624 3614 ergo
1671 3550 1828 3605 breve

271 3648 578 3706 pneceptmn
623 3637 713 3690 tibi
758 3639 1078 3708 pra-cipitur,
1130 3640 1312 3720 lﬂge,
1346 3649 1399 3694 et
1425 3643 1842 3720 quiulﬂvjsﬁlac;

271 3727 383 3782 sive
426 3738 624 3792 taceas,
698 3730 976 3784 dilectione
1022 3705 1671 3798 [3100:MIIICS,
1737 3734 1821 3789 di-

279 3817 490 3874 lectione
529 3821 726 3875 clames
755 3822 805 3879 'z
838 3821 948 3876 sive
989 3823 1261 3888 emendes,
1314 3825 1594 3880 dilectione
1640 3841 1825 3880 emen-

272 3906 396 3969 des;
422 3909 524 3965 sive
550 3925 753 3980 parcas,
811 3910 1094 3966 dilectione
1137 3927 1320 3979 pareas
1349 3931 1361 3966 :
1397 3915 1540 3968 radix
1572 3916 1640 3970 sit
1685 3927 1824 3971 intus

271 3999 571 4066 dilectionis,
621 4016 723 4055 non
780 4012 952 4072 potest
995 4003 1063 4058 de
1113 4004 1209 4058 ista
1252 4004 1428 4060 radice
1475 4006 1576 4060 nisi
1630 4008 1824 4063 bonum

269 4092 505 4148 exis-tere.

336 4180 382 4235 9.
424 4179 485 4236 lu
518 4184 613 4237 hoc
653 4192 724 4237 est
751 4182 969 4238 dilectio.
999 4182 1087 4238 ι1η
1139 4184 1234 4239 hoc
1259 4187 1576 4254 manifestata
1616 4197 1690 4243 est
1741 4188 1825 4244 di-

270 4271 403 4328 lectio
429 4273 518 4328 Dei
546 4276 598 4329 in
627 4277 788 4338 nobis,
819 4278 937 4346 quia
967 4276 1105 4331 Deus
1136 4277 1322 4332 Filium
1336 4297 1480 4332 suum
1499 4283 1628 4336 misit
1654 4284 1828 4350 unige-

269 4366 412 4420 nitum
440 4371 488 4422 iu
513 4371 647 4423 Imm:
674 4371 935 4428 mmidum,
982 4381 1034 4423 ut
1063 4372 1280 4425 vivamus
1309 4390 1396 4441 per
1428 4374 1609 4442 ipsum.
1643 4374 1702 4429 lu
1730 4377 1823 4430 hoc

267 4467 331 4510 est
349 4459 564 4522 dilectio,
613 4478 712 4514 non
740 4461 858 4528 quia
889 4478 975 4514 nos
1007 4462 1295 4523 dileximus.
1335 4463 1424 4516 sed
1455 4466 1573 4533 quia
1612 4482 1722 4534 ipse
1746 4467 1826 4520 die

267 4548 508 4604 (annos.
558 4550 670 4605 Non
712 4552 860 4607 ilium
894 4553 1171 4607 dileximus
1232 4556 1416 4624 prius:
1445 4571 1564 4610 nam
1614 4557 1678 4610 ad
1725 4558 1824 4613 hoc

266 4655 356 4694 nos
382 4642 584 4704 dilexit,
624 4651 680 4696 ιιι
718 4643 999 4701 diliuamtts
1024 4661 1162 4698 eum.
1195 4645 1257 4699 Et
1285 4648 1415 4701 misit
1440 4646 1629 4701 Filium
1677 4666 1824 4702 suum

265 4730 499 4786 litatorem
543 4749 633 4799 pro
663 4735 875 4800 peccatis
910 4737 1091 4789 nostris
1121 4752 1139 4789 :
1170 4737 1450 4792 litatorem.
1497 4740 1820 4794 sacriﬁcato-

266 4836 385 4875 rem.
413 4823 776 4879 Sacriticavit’
805 4842 899 4894 pro
949 4828 1176 4893 peccatis
1221 4829 1430 4883 nostris.
1461 4829 1558 4884 Ubi
1629 4831 1825 4886 invenit

266 4912 518 4967 hostiam?
547 4914 633 4967 ubi
666 4915 860 4970 invenit
889 4916 1152 4970 victimam
1194 4933 1350 4986 quam
1380 4935 1561 4986 plu-am
1611 4923 1823 4977 Volebat

264 5001 486 5057 oﬂ'erre?
515 5005 668 5058 Aliud
698 5021 802 5058 non
835 5006 1055 5071 invenit,
1086 5008 1316 5076 Seipsum
1347 5009 1553 5063 obtulit.
1589 5009 1821 5065 Dilectis-

259 5099 384 5151 simi.
420 5097 464 5149 si
489 5097 559 5149 ita
587 5095 719 5151 Deus
748 5099 921 5151 dilexit
965 5115 1075 5158 nos,
1122 5100 1355 5153 debemus
1400 5111 1446 5154 et
1474 5118 1565 5155 nos
1615 5102 1821 5156 invicem

251 5189 478 5258 diligere.
515 5185 685 5249 Patre.
719 5188 904 5258 inquit,
934 5205 1074 5241 amas
1100 5192 1218 5242 me?
1247 5191 1311 5244 Et
1336 5191 1423 5246 ille
1462 5191 1594 5248 dixit
1626 5211 1641 5249 :
1670 5193 1818 5249 Amo.

252 5280 414 5335 Pasce
441 5297 554 5334 ore:
579 5297 714 5336 meas
743 5281 918 5353 (Joau.
947 5298 1054 5337 χχι.
1089 5283 1293 5353 15-17).

322 5372 408 5428 10.
443 5372 602 5427 Deam
640 5390 784 5427 nemo
813 5375 929 5428 vidit
968 5392 1185 5447 unquam
1211 5392 1231 5430 :
1261 5391 1346 5431 res
1374 5386 1454 5430 est
1496 5377 1772 5433 invisibilis
1800 5396 1815 5443 ;

259 5480 355 5520 non
377 5467 552 5531 oculo,
593 5467 685 5521 sed
709 5467 870 5523 corde
905 5469 1220 5538 quterendus
1270 5478 1369 5524 est.
1405 5469 1508 5524 Sed
1561 5472 1819 5538 quemad-

318 5603 332 5669 ξ
358 5600 579 5669 rlerlque
596 5608 702 5651 Mss.
719 5593 738 5650 ἐ
766 5600 867 5669 Siue
883 5610 1026 5660 taces,
1054 5601 1303 5669 dileetione
1325 5611 1480 5662 taces:
1499 5606 1595 5669 sine
1619 5606 1814 5669 claritas,

261 5660 715 5732 dilectione'clamas.
738 5670 789 5732 tit
804 5666 873 5714 sic
884 5673 1010 5732 ergost
1015 5674 1165 5732 _a_nte.r_
1174 5667 1372 5728 habent,
1382 5660 1624 5728 emendas,
1640 5660 1818 5732 parcis;

317 5725 335 5760 ⁸
356 5731 485 5786 Lam,
511 5721 883 5787 aacriﬁcatorem
901 5724 1197 5790 signiﬁcatit.
1262 5734 1318 5778 ait.

1433 310 1842 375 TRACTATUS
1879 314 1991 373 VII.
2042 315 2271 378 CAPUT
2310 321 2398 379 IV.

3405 336 3545 396 9031

1972 433 2186 530 modum
2211 438 2254 492 si
2281 441 2447 496 solem
2475 445 2630 499 istum
2661 447 2839 503 videre
2864 451 3138 520 vellemus,
3168 457 3380 512 oculum
3420 475 3542 514 cor-

1971 531 2114 584 poris
2131 538 2492 591 purgaremns,
2519 532 2656 586 unde
2669 534 2830 590 videri
2856 537 2938 590 lux
2964 548 3164 606 potest;
3192 543 3428 597 vol'ntes
3455 545 3535 597 vi-

1969 607 2098 663 dere
2124 613 2306 675 Deum,
2327 620 2534 671 oculum
2560 638 2662 691 quo
2683 624 2817 678 llens
2835 628 2994 680 videri
3016 639 3206 696 potest,
3227 647 3530 702 purgemus.

1969 700 2066 756 Ubi
2093 715 2173 758 est
2201 706 2299 763 iste
2330 712 2552 765 ot-ulus?
2580 715 2709 767 Audi
2752 716 3092 787 Evangel'um
3122 737 3134 772 :
3164 720 3303 775 Beati
3331 700 3534 779 iurando

1965 796 2133 852 corde.
2157 800 2391 866 quoniam
2419 803 2516 868 ipsi
2543 805 2700 856 Deum
2728 807 2958 861 vidi-bunt
3000 809 3207 879 (Matth.
3244 828 3294 874 ν.
3317 814 3392 883 8).
3425 815 3532 868 Sed

1967 901 2124 940 nemo
2140 890 2237 942 sibi
2255 898 2780 962 proenni-opiscentia
2825 901 3098 955 oculorum
3119 905 3312 972 cogitet
3343 905 3526 960 Deum.

1967 978 2110 1034 Facit
2133 983 2273 1036 enim
2305 985 2401 1038 sibi
2447 997 2538 1041 aut
2565 990 2826 1044 inmu'em
2871 993 3110 1055 lormam.
3153 999 3530 1066 antmagnitn-

1961 1068 2136 1123 dinem
2163 1073 2390 1142 aliquam
2419 1076 2838 1134 itt:e.~ti.tiahilent
2859 1081 3108 1137 distendit
3131 1087 3405 1152 perluces,
3440 1103 3532 1144 ve-

1962 1161 2036 1215 lut
2091 1163 2258 1217 lucem
2312 1167 2462 1220 istam
2494 1185 2650 1235 quam
2697 1171 2839 1225 videt
2875 1173 2955 1226 his
2998 1177 3186 1238 oculis,
3231 1189 3387 1248 anget
3433 1195 3525 1249 per

1959 1269 2175 1323 campos
2200 1271 2452 1325 quantum
2481 1271 2684 1330 potest;
2717 1274 2801 1316 aut
2835 1263 2952 1318 f'u-it
2976 1265 3074 1318 sibi
3116 1268 3344 1335 aliquem
3375 1271 3527 1340 quasi

1957 1346 2272 1401 venerabilis.
2294 1349 2474 1401 formae
2511 1366 2712 1404 senem.
2753 1352 2890 1406 Nihil
2945 1354 3132 1410 horum
3172 1359 3393 1420 cogites.
3428 1361 3524 1414 I‘Ist

1955 1437 2096 1503 quod
2125 1439 2344 1504 cogites,
2377 1442 2419 1492 si
2454 1441 2528 1492 vis
2556 1442 2732 1496 videre
2766 1443 2927 1496 Deum
2957 1462 2971 1502 :
3008 1443 3142 1500 Deus
3190 1447 3401 1502 Dilectio
3425 1459 3522 1505 est.

1955 1527 2172 1594 Quatem
2204 1531 2392 1583 faciem
2419 1531 2575 1586 habet
2621 1535 2877 1589 dilertio?
2919 1538 3124 1602 qualem
3155 1540 3374 1592 fortnam
3426 1539 3523 1594 ha-

1956 1616 2311 1685 bet?qualem
2352 1631 2604 1673 staturam
2657 1623 2852 1678 habet?
2876 1626 3062 1695 quales
3103 1628 3261 1695 pedes
3319 1630 3520 1685 habet?

1951 1711 2136 1779 quales
2162 1728 2348 1765 nemus
2379 1713 2566 1768 habet?
2597 1714 2761 1768 Nemo
2787 1728 2956 1784 potest
2993 1720 3189 1774 dicere.
3233 1720 3396 1777 llabet
3431 1731 3516 1776 ta-

1952 1818 2070 1855 men
2119 1801 2311 1868 pedes;
2355 1819 2472 1856 nam
2505 1805 2599 1872 ipsi
2639 1805 2836 1859 dnruut
2881 1807 2945 1861 ad
2990 1809 3272 1863 Ecclesiam
3315 1811 3522 1868 :bahet

1951 1909 2164 1956 manus;
2196 1911 2313 1947 nam
2360 1895 2484 1960 ipsre
2508 1899 2719 1963 pauperi
2752 1900 3023 1968 porrigunt
3054 1918 3068 1954 :
3097 1899 3252 1956 habet
3297 1903 3512 1969 oculos;

1949 1998 2068 2035 nam
2098 1983 2220 2036 inde
2266 1985 2571 2053 intelligitur
2600 1988 2686 2040 ille
2726 1989 2814 2058 qui
2863 1999 2983 2058 eget
3015 2007 3026 2041 :
3060 1989 3264 2054 Beatus,
3304 1992 3509 2061 inquit,

1943 2074 2028 2143 qui
2053 2075 2283 2144 intelligit
2329 2092 2478 2143 super
2512 2093 2718 2144 egentior
2754 2088 2799 2130 et
2825 2096 3094 2147 pauperem
3131 2080 3294 2151 (l’sal.
3324 2098 3410 2145 ιι..
3433 2083 3514 2153 2).

1948 2163 2114 2216 liabet
2145 2179 2326 2224 aures,
2353 2164 2420 2218 de
2447 2165 2637 2233 quibus
2663 2168 2782 2220 dicit
2811 2167 3084 2235 Dominus,
3119 2171 3217 2235 Qui
3245 2172 3388 2226 habet
3416 2189 3515 2226 mt-

1943 2277 2022 2314 res
2047 2261 2286 2314 muliemli
2305 2302 2320 2323 ,
2344 2262 2515 2314 audiat
2536 2261 2683 2329 (Luc.
2715 2277 2823 2319 vtu.
2852 2263 2930 2330 8).
2964 2263 3075 2317 Non
3106 2275 3226 2318 sunt
3274 2267 3512 2322 membra

1941 2353 2185 2407 distincta
2217 2370 2309 2419 per
2331 2355 2492 2412 locos,
2523 2355 2617 2408 scd
2660 2354 2927 2410 intellectu
2956 2365 3120 2410 totum
3163 2358 3316 2413 simul
3374 2361 3517 2418 videt

1939 2446 2028 2514 qui
2059 2443 2213 2499 habet
2241 2444 2574 2499 elru-itatem.
2600 2445 2807 2502 Ilabita.
2831 2446 3300 2508 ctinhahitaberis:
3331 2465 3506 2515 inane,

1939 2545 1993 2590 et
2053 2536 2360 2589 manebitur
2411 2537 2460 2588 in
2505 2547 2574 2589 te.
2631 2535 2766 2603 Quid
2794 2537 2957 2598 enim,
3013 2537 3202 2593 fratres
3238 2539 3361 2596 mei.
3390 2541 3512 2609 quis

1939 2638 2076 2680 amat
2103 2627 2241 2696 quod
2268 2643 2370 2680 non
2398 2627 2761 2698 videt‘.’Quare
2789 2638 2964 2682 autem
3007 2630 3219 2698 quando
3267 2630 3509 2687 laudatur

1937 2719 2189 2782 cbaritas,
2222 2720 2504 2787 erigimini,
2536 2720 2860 2784 :u-rlamath,
2893 2720 3154 2774 IaudatiC!
3188 2720 3322 2790 Quid
3354 2723 3506 2779 vobis

1937 2811 2178 2865 ostendi?
2206 2812 2411 2875 aliquos
2461 2812 2667 2866 colores
2719 2811 2954 2880 protuli?
2982 2828 3166 2865 aurum
3212 2820 3267 2866 et
3309 2827 3506 2883 argen-

1938 2912 2046 2956 tntn
2069 2903 2356 2971 [)I‘O,Itt$lli?
2384 2919 2620 2972 gemmas
2643 2904 2708 2959 de
2732 2904 2990 2957 thesauris
3018 2904 3174 2960 cﬂ'odi
3197 2906 3220 2958 ?
3244 2906 3377 2974 Quid
3397 2906 3503 2962 tale

1935 2997 2140 3049 ostendi
2167 2997 2333 3050 oculis
2386 2997 2618 3051 vestris?
2654 2997 2905 3066 numquid
2939 2996 3098 3050 facies
3146 3012 3264 3052 mea
3301 3008 3500 3054 mutata

1933 3099 2012 3142 est
2038 3104 2156 3144 cum
2185 3089 2411 3158 loquor?
2436 3089 2661 3144 Carnem
2693 3107 2836 3158 gero,
2869 3090 2918 3142 in
2951 3091 3059 3161 ipsa
3093 3089 3258 3144 forma
3286 3105 3404 3144 sutn
3448 3090 3500 3146 in

1932 3195 2032 3248 qua
2064 3182 2292 3246 praei-ssi
2316 3223 2329 3241 ,
2377 3181 2428 3233 in
2460 3181 2569 3248 ipsa
2603 3182 2766 3234 forma
2815 3182 2944 3234 estis
2975 3181 3025 3233 in
3077 3197 3178 3250 qui
3231 3181 3451 3235 venistis
3481 3195 3500 3240 :

1933 3270 2176 3324 laudatur
2197 3271 2448 3328 charitas.
2475 3282 2524 3326 el
2550 3272 2807 3325 clamatis.
2834 3273 2988 3327 Certe
3011 3271 3138 3325 nihil
3161 3271 3348 3328 videtis
3390 3271 3500 3328 Sed

1931 3363 2198 3430 quomodo
2249 3361 2399 3415 vobis
2431 3363 2598 3432 placet
2657 3363 2870 3432 quando
2921 3365 3164 3431 laudatis,
3217 3366 3294 3419 sic
3347 3366 3500 3421 vobis

1932 3453 2135 3521 placeat
2167 3462 2224 3507 ut
2248 3454 2299 3507 in
2321 3454 2482 3508 corde
2531 3458 2769 3509 servetis.
2805 3453 3061 3509 luti-mlite
3085 3455 3224 3509 enim
3269 3456 3394 3526 quid
3417 3455 3502 3512 di—

1930 3559 2068 3606 cam,
2104 3543 2292 3598 fratres
2323 3562 2337 3605 ;
2369 3545 2622 3598 exhortor
2658 3560 2770 3605 vos,
2802 3558 3052 3614 quantuni
3102 3546 3189 3600 dat
3221 3547 3512 3631 Dominus”.

1931 3634 1996 3687 ad
2029 3651 2274 3704 magnmn
2319 3636 2644 3691 thesaurum.
2677 3636 2730 3690 Si
2782 3638 2932 3690 vobis
2979 3637 3353 3692 ostenderetur
3401 3639 3502 3694 ali-

1931 3729 2069 3796 quod
2126 3727 2394 3780 vaseulum
2466 3730 2841 3799 anaglyp‘mm,
2897 3739 3214 3792 inauratum,
3272 3741 3500 3798 operose

1933 3816 2150 3876 factum.
2169 3828 2216 3870 et
2244 3819 2459 3872 illiceret
2483 3820 2664 3873 oeulos
2693 3832 2914 3884 vcsmis,
2945 3829 2995 3874 et
3021 3821 3232 3874 duceret
3259 3820 3309 3874 in
3331 3835 3390 3876 se
3413 3821 3497 3878 in-

1932 3909 2217 3962 tentionem
2249 3909 2426 3960 cordis
2451 3910 2630 3968 vestri,
2663 3919 2715 3962 et
2755 3910 2982 3979 placeret
3028 3911 3176 3964 vobis
3205 3927 3390 3966 manus
3413 3927 3502 3967 ar-

1933 3999 2106 4064 tiﬁcis,
2137 4008 2185 4053 el
2218 3999 2419 4068 pendas
2457 4002 2679 4070 argenti.
2707 4012 2759 4055 et
2788 4002 3038 4070 splendor
3067 4004 3298 4070 mctalli;
3325 4019 3503 4060 nonne

1931 4091 2290 4161 tumsquiSqne
2319 4100 2550 4146 vestrum
2599 4091 2819 4156 diceret,
2850 4094 2894 4145 Ο
2939 4094 2982 4147 si
3030 4093 3274 4147 haberem
3320 4110 3502 4149 vascu-

1931 4179 2039 4234 lmn
2065 4181 2234 4234 istud?
2268 4180 2330 4233 Et
2355 4181 2472 4234 sine
2493 4197 2649 4235 causa
2671 4181 2950 4240 diceretis.
2980 4183 3030 4235 in
3060 4193 3317 4252 potestate
3353 4185 3496 4241 enim

1930 4279 2104 4324 vestra
2134 4286 2236 4324 non
2265 4281 2395 4326 erat.
2428 4274 2530 4326 Aut
2552 4273 2592 4324 si
2623 4273 2898 4341 quisquam
2921 4272 3080 4327 vellet
3108 4272 3321 4337 habere,
3347 4275 3497 4345 cogi-

1932 4369 2066 4414 taret
2098 4361 2220 4414 illud
2246 4362 2312 4416 de
2333 4361 2490 4414 domo
2512 4362 2679 4414 aliena
2731 4362 2914 4415 furari.
2962 4362 3224 4416 Laudatur
3267 4362 3500 4418 charitas

1933 4453 2113 4515 vobis;
2140 4452 2182 4505 si
2217 4452 2406 4520 placet,
2439 4451 2646 4512 habete,
2695 4451 2998 4519 possidete;
3030 4467 3132 4505 non
3171 4469 3304 4524 opus
3322 4465 3405 4510 cst
3441 4462 3500 4508 ut

1931 4541 2127 4596 furtum
2159 4543 2313 4596 alcui
2371 4543 2594 4610 faciatis,
2624 4559 2726 4596 non
2754 4559 2889 4611 mus
2929 4556 3010 4600 est
3043 4557 3098 4600 ιιι
3126 4563 3305 4604 emere
3349 4550 3498 4622 ergi-

1932 4638 2084 4696 tctis;
2147 4637 2311 4704 gratis
2348 4644 2576 4689 consmt.
2653 4635 2854 4689 Tenete
2917 4654 3058 4700 eam,
3109 4641 3495 4709 anqdectimini

1929 4739 2079 4784 eam;
2106 4725 2313 4779 dulcius
2350 4727 2434 4778 illa
2486 4725 2612 4780 nihil
2643 4736 2741 4781 est.
2772 4726 2828 4780 Si
2875 4743 2997 4782 cum
3049 4742 3497 4790 commemoratur

1931 4814 2051 4867 talis
2072 4823 2174 4873 est,
2206 4830 2324 4868 cum
2354 4814 2578 4869 habetur
2613 4817 2784 4884 qualis
2812 4817 2936 4871 est?

2002 4905 2087 4958 ll.
2127 4903 2179 4958 Si
2201 4905 2287 4971 qtti
2318 4904 2454 4960 forte
2486 4906 2642 4958 vultis
2671 4921 2882 4961 servare
2903 4907 3246 4972 charitatem,
3280 4911 3490 4979 fratres,

1927 5003 2050 5049 ante
2076 4995 2252 5050 omnia
2293 5010 2360 5050 ne
2399 4995 2592 5062 putetis
2633 4995 2888 5062 ahjectam
2924 5006 2978 5050 et
3012 4997 3366 5065 desidiosum;
3400 5018 3499 5057 nec

1926 5087 2150 5155 quadam
2189 5087 2617 5150 mansuemdine,
2653 5087 2758 5140 imo
2802 5103 2906 5142 nim
2933 5093 3371 5155 mansuetmline.
3401 5097 3498 5153 sed

1927 5180 2240 5234 remissione
2266 5189 2319 5233 et
2346 5179 2657 5249 negligentia
2684 5181 2881 5234 servari
2910 5179 3241 5238 charitatem.
3277 5186 3389 5242 Non
3419 5189 3496 5244 sic

1926 5279 2186 5324 servatur.
2224 5268 2336 5324 Non
2380 5279 2530 5336 putes
2577 5277 2700 5323 ltinc
2727 5279 2777 5324 te
2825 5287 3005 5328 amare
3051 5289 3259 5330 servum
3310 5288 3493 5344 tuum,

1926 5359 2136 5428 quando
2183 5374 2302 5413 eum
2350 5373 2453 5412 nou
2506 5359 2693 5419 ca-dis:
2721 5371 2811 5414 aut
2856 5371 2979 5416 tunc
3023 5374 3074 5418 te
3107 5381 3286 5420 amare
3330 5368 3492 5422 tilium

1928 5459 2113 5515 tuum,
2137 5449 2346 5519 quando
2383 5449 2430 5503 ci
2477 5466 2579 5503 non
2623 5450 2717 5504 das
2753 5453 3111 5522 disciplinam:
3139 5468 3223 5509 aut
3266 5464 3393 5512 time
3449 5470 3500 5515 te

1925 5556 2104 5595 amare
2128 5541 2354 5593 vicimun
2379 5550 2524 5595 tuum
2543 5582 2558 5605 ,
2589 5543 2799 5609 quando
2826 5560 2945 5596 eum
2974 5559 3075 5596 non
3100 5547 3360 5612 corripis:
3390 5565 3495 5604 neu

1927 5641 2008 5685 est
2054 5631 2152 5684 ista
2196 5631 2456 5694 Charitas,
2499 5631 2591 5685 sed
2639 5632 2873 5697 languor.
2905 5632 3124 5686 Fervent
3152 5636 3384 5694 ctiaritu
3430 5641 3497 5695 ad

1928 5721 2330 5791 corrigendum,
2376 5720 2442 5775 ad
2494 5719 2877 5774 emendandum
2910 5737 2925 5774 :
2955 5719 3051 5776 sed
3099 5721 3145 5776 si
3189 5732 3315 5781 sunt
3373 5727 3496 5791 boni
