3994 6368
277 384 396 442 8037

276 501 550 558 dilectionis
591 499 1015 556 fundamentum.
1043 517 1172 556 .vam
1213 503 1256 557 si
1299 517 1459 572 opera
1493 512 1682 556 nostra
1712 502 1833 555 abs-

277 593 484 648 condere
519 590 775 645 debenuh
802 592 938 646 bona
959 633 975 658 ,
1002 610 1068 647 ne
1095 593 1370 648 videantur
1405 595 1471 646 ab
1500 593 1834 655 hominibus;

275 679 353 740 tibi
376 694 447 735 est
472 683 553 736 illa
586 684 848 736 sententia
880 685 1083 738 Domini
1114 687 1163 738 in
1186 701 1252 737 eo
1271 701 1516 739 sermone
1553 698 1706 753 quem
1739 684 1833 737 lia-

277 779 375 833 b'tlit
399 777 446 829 in
477 775 693 829 monte?
724 775 824 830 Ubi
857 776 954 829 hoc
982 777 1140 838 dixit,
1171 777 1240 829 ibi
1262 787 1315 830 et
1355 777 1480 831 illud
1527 777 1682 844 paulo
1712 783 1837 828 ante

278 870 388 924 divit
415 887 426 922 :
455 868 672 920 aneant
697 874 850 935 opera"
875 879 1035 923 vestra
1064 869 1192 923 bona
1215 886 1385 924 coram
1426 869 1726 923 hominibus.
1772 869 1838 922 Et

278 955 370 1016 ἤδη
399 961 460 1012 ibi
504 959 763 1023 cessavit,
798 977 900 1013 non
957 961 1023 1013 ibi
1076 963 1232 1014 linem
1280 961 1433 1025 fecit;
1461 963 1552 1016 sed
1597 960 1830 1028 addidit,

280 1049 336 1106 Et
358 1051 627 1122 gloriﬁcent
659 1049 864 1103 Patrem
891 1062 1103 1104 vestrum
1123 1054 1208 1120 qui
1228 1054 1279 1105 in
1302 1055 1436 1106 car/is
1457 1052 1754 1121 esuMatth.
1775 1069 1831 1119 ν,

280 1147 376 1210 l8}.
407 1146 462 1197 Et
490 1145 774 1210 Apostolus
801 1145 923 1212 quid
969 1145 1081 1197 ait?
1115 1144 1267 1197 Erum
1289 1157 1455 1198 autem
1484 1145 1680 1214 ignotus
1707 1146 1837 1214 facie

279 1236 492 1291 ltrlesiis
528 1233 732 1289 ludam:
755 1278 766 1296 ,
792 1251 904 1302 qua!
944 1237 992 1288 in
1037 1234 1237 1290 Christo
1277 1245 1388 1288 sunt
1414 1245 1643 1289 :tantum
1668 1247 1834 1287 autem

277 1331 506 1384 audientes
539 1339 677 1380 erant
717 1330 834 1394 quia
876 1330 959 1397 qui
985 1344 1073 1382 nos
1115 1329 1388 1398 aliquando
1429 1331 1831 1398 persequebatur,

276 1427 388 1475 tium:
416 1421 716 1490 erangelisat
755 1421 906 1485 [idem
950 1437 1098 1495 quam
1130 1421 1400 1489 aliquando
1432 1420 1686 1481 rastabat;
1713 1428 1757 1472 et
1783 1420 1836 1472 in

275 1513 342 1566 die
361 1505 737 1581 magniﬁcabmit
761 1511 917 1563 Deam
938 1510 1131 1583 (Halat.
1159 1527 1193 1574 ι,
1212 1512 1341 1588 22-2
1354 1513 1420 1583 ί).
1447 1511 1634 1565 Videte
1650 1519 1834 1580 quem-

273 1607 530 1661 s'illnoibnu
573 1615 620 1658 et
665 1606 810 1672 ipse,
840 1606 960 1673 quia
1006 1605 1081 1658 sic
1128 1604 1385 1663 innotuit,
1415 1604 1570 1657 linem
1602 1617 1707 1657 non
1739 1619 1833 1670 po—

273 1699 416 1754 Suerit
455 1689 503 1750 iii
535 1697 738 1749 lamlem
768 1699 916 1748 suam
938 1739 953 1760 ,
984 1696 1076 1750 sed
1109 1696 1159 1747 in
1191 1695 1398 1748 laudem
1429 1695 1538 1749 Dei.
1574 1694 1640 1748 Et
1664 1709 1832 1764 quan-

274 1793 370 1842 tum
394 1789 451 1840 ad
476 1789 640 1856 ipsum
669 1788 926 1855 pertinet,
958 1795 1192 1839 vastator
1214 1785 1464 1840 Ecclesia:
1485 1826 1499 1851 ,
1523 1796 1834 1856 perseeutor

271 1873 488 1944 invidus,
523 1880 810 1947 malignus,
842 1878 955 1945 ipse
1001 1877 1305 1942 confitetur,
1349 1892 1452 1930 non
1503 1891 1602 1930 nos
1647 1877 1832 1930 convi-

273 1973 472 2027 ciainnr.
506 1972 656 2023 Amat
708 1971 899 2023 Paulus-
940 1968 1042 2023 dici
1087 1985 1118 2023 a
1160 1969 1312 2023 nobis
1360 1978 1572 2038 peccata
1616 1984 1746 2033 sua,
1777 1978 1833 2022 ut

277 2065 569 2129 gloritiectnr
595 2063 680 2116 ille
711 2062 797 2129 qui
844 2061 1004 2116 talem
1047 2063 1288 2116 morbum
1315 2063 1539 2113 sanavit.
1571 2060 1830 2129 Magnitu-

275 2154 434 2208 dinem
458 2156 587 2206 cuitu
614 2154 846 2206 vulneris
870 2170 1056 2206 manus
1083 2155 1270 2207 medici
1301 2154 1463 2207 secuit
1487 2195 1500 2215 ,
1525 2162 1578 2207 et
1603 2154 1827 2207 Sllll‘tVli.

277 2246 375 2299 Vox
403 2246 478 2298 illa
522 2247 585 2299 de
615 2249 757 2300 etelo
803 2247 1089 2314 prostravit
1117 2255 1504 2314 persecutorem
1523 2289 1537 2307 ,
1565 2254 1619 2298 et
1661 2247 1831 2302 erexit

274 2337 682 2406 putidiCatorem;
715 2337 910 2388 occidit
938 2335 1154 2390 Saulum
1179 2377 1194 2400 ,
1227 2346 1281 2389 et
1301 2336 1576 2390 vivilicavit
1611 2336 1827 2390 Paulum

275 2426 390 2494 (Art
437 2425 534 2494 is).
563 2428 686 2479 Sanl
733 2427 874 2478 euitn
921 2435 1227 2494 liCl'St'ClllOl‘
1270 2435 1386 2479 erat
1431 2427 1597 2479 sancti
1644 2425 1828 2496 viri(l

275 2514 385 2586 Reg.
420 2518 554 2587 vix);
583 2519 701 2570 inde
724 2533 914 2570 nomen
947 2518 1166 2571 habebat
1194 2520 1290 2571 iste
1309 2517 1520 2587 quando
1542 2534 1830 2587 perseque-

273 2606 409 2659 batur
429 2607 752 2663 Chri~tianos
783 2625 794 2658 :
821 2619 999 2677 postea
1027 2610 1093 2662 de
1119 2609 1278 2664 Saulo
1308 2613 1475 2662 lactus
1515 2619 1596 2663 εει
1639 2610 1828 2663 Paulus

273 2707 391 2765 (Act.
419 2716 499 2752 xut
522 2742 536 2762 ,
560 2700 635 2771 9).
657 2701 796 2768 Quid
820 2712 896 2754 est
929 2701 1155 2754 l’anlus?
1181 2702 1431 2756 Modicus.
1460 2702 1596 2771 Ergo
1618 2701 1827 2772 quando

270 2788 467 2852 Saulus,
499 2793 755 2860 superbus
779 2833 794 2856 ,
832 2793 1001 2845 elatus
1029 2810 1042 2845 :
1070 2793 1278 2859 quando
1322 2793 1548 2856 Paulus,
1585 2792 1823 2860 humilis,

269 2880 503 2933 modicus.
534 2879 656 2935 ldeo
677 2897 753 2935 sc
781 2881 1064 2950 loquimur,
1102 2881 1262 2936 l‘aulo
1293 2893 1410 2950 post
1437 2883 1626 2936 videbo
1659 2893 1741 2948 te,
1776 2883 1826 2936 id

268 2980 372 3034 est,
399 2984 504 3039 post
551 2975 832 3026 modicum.
882 2974 1016 3027 Audi
1058 2977 1178 3042 quia
1223 2976 1463 3028 mmlieus
1510 2976 1676 3030 factus
1705 2987 1823 3031 est:

267 3059 369 3131 Ego
387 3065 506 3116 enim
525 3082 633 3117 sum
660 3067 895 3119 minimus
916 3067 1272 3133 Apostolorum
1300 3068 1340 3135 (Ι
1365 3067 1480 3121 Cor.
1507 3085 1597 3132 xv,
1626 3070 1716 3131 9);
1749 3078 1820 3136 et,

267 3152 385 3207 ΙὶΙιί
407 3159 600 3209 minimo
623 3159 845 3210 oomiam
866 3168 1173 3221 sanctorum,
1197 3160 1323 3211 dicit
1348 3160 1454 3213 alio
1476 3162 1588 3216 loco
1607 3161 1819 3232 (Ep/tes.

263 3257 348 3309 tu,
376 3248 442 3315 8).
472 3249 557 3301 Sic
587 3261 702 3303 erat
744 3251 880 3302 inter
909 3250 1191 3317 Apostolus
1220 3259 1465 3320 tanquam
1495 3254 1697 3306 limbi-ia
1731 3259 1822 3309 ve-

265 3337 612 3395 ltinientizsed
639 3341 806 3410 tetigit
829 3341 1063 3394 Ecclesia
1088 3340 1332 3394 Gentium
1357 3352 1602 3412 cuiquam
1623 3344 1822 3399 ﬂuxum

262 3429 469 3494 “uicus,
498 3438 552 3484 et
576 3442 760 3485 Sanata
788 3440 870 3484 est
897 3429 1105 3499 (Matth.
1143 3447 1193 3486 lx
1214 3472 1228 3490 ,
1253 3431 1465 3502 ΞΟ-Ξτὶ).

327 3521 374 3574 ὅ.
412 3521 576 3591 Ergo,
621 3523 812 3578 fratres
837 3562 851 3586 ,
885 3524 985 3576 hoc
1023 3522 1282 3587 dixerim,
1315 3524 1413 3577 hoc
1450 3524 1600 3588 diCo,
1637 3525 1737 3580 hoc
1777 3527 1822 3581 si

261 3626 453 3679 possem
489 3633 589 3670 non
617 3626 846 3669 tacerem
880 3635 892 3669 :
922 3631 1080 3685 Opera
1111 3617 1268 3669 modo
1294 3618 1376 3671 illa
1409 3618 1514 3671 siut
1557 3619 1608 3672 in
1639 3619 1786 3672 vobis
1806 3660 1820 3684 ,

262 3705 412 3760 modo
435 3710 541 3775 illa,
569 3725 664 3778 pro
689 3721 926 3777 tempore
946 3751 960 3773 ,
989 3726 1082 3778 pro
1113 3709 1286 3773 horis,
1315 3727 1407 3776 pro
1428 3711 1632 3764 diebus.
1661 3712 1825 3765 Nutu-

265 3800 384 3866 qitid
414 3817 607 3870 semper
635 3802 1082 3871 loqui?ntnuquid
1109 3819 1320 3871 semper
1342 3804 1551 3856 taeere?
1572 3805 1822 3872 nmuquid

263 3897 458 3957 unum
482 3895 696 3947 reticere
736 3894 964 3961 corpus?
990 3893 1240 3961 numquid
1287 3909 1498 3962 semper
1545 3894 1824 3961 jejunare?

262 3985 495 4051 numquid
523 4000 732 4053 semper
767 4001 954 4052 panem
981 3986 1108 4037 dare
1144 3985 1354 4054 egenti?
1392 3986 1644 4053 numquid
1683 4002 1823 4040 sem-

262 4079 351 4141 per
368 4077 549 4130 mulum
568 4078 796 4132 vestire?
815 4078 1064 4147 numquid
1092 4094 1302 4147 semper
1323 4090 1550 4148 :cgrotos
1571 4081 1823 4133 visitare?

262 4158 494 4234 numiuid
522 4185 732 4235 semper
768 4168 1134 4222 d'isCot'dtltIleS
1178 4151 1540 4223 concordare?
1572 4171 1822 4238 numquid

259 4262 453 4326 Cenipcr
473 4272 704 4314 mortuos
731 4260 993 4330 sepelire?
1020 4260 1172 4314 Modo
1199 4260 1344 4319 illud.
1373 4262 1531 4315 modo
1560 4263 1704 4316 illud.
1742 4265 1824 4317 ln—

256 4346 500 4403 alioautur
552 4351 681 4416 ista,
712 4363 766 4406 et
814 4363 1026 4408 ces~aut
1070 4369 1083 4404 :
1127 4352 1216 4406 ille
1273 4362 1446 4407 autem
1502 4355 1821 4422 imperator,

259 4435 350 4494 tice
377 4443 644 4498 inchoatur
665 4487 678 4508 ,
703 4461 800 4498 nec
831 4460 1042 4499 cessare
1068 4445 1244 4499 debet.
1277 4444 1522 4502 Charitas
1551 4447 1690 4500 intus
1717 4463 1821 4502 non

259 4535 616 4593 intermittatur
646 4559 657 4593 :
686 4542 857 4594 officia
912 4541 1186 4596 charitatis
1242 4557 1337 4609 pro
1384 4549 1627 4607 tempore
1676 4542 1825 4596 exhi-

260 4627 482 4685 beanlnr.
511 4633 744 4688 Charitas
786 4649 912 4701 ergo
933 4675 946 4695 ,
983 4635 1119 4688 sicut
1146 4633 1405 4703 scriptum
1449 4637 1533 4689 est
1555 4675 1570 4701 ,
1600 4637 1825 4706 fraterna

263 4713 530 4786 Permanet“
556 4722 738 4793 (Hebr.
762 4738 875 4781 xut.
909 4727 972 4790 I).

322 4813 368 4868 4.
397 4815 656 4869 Furtassis
702 4827 876 4869 autem
934 4815 1159 4869 moverit
1205 4815 1412 4884 aliquos
1442 4824 1712 4881 vestrum,
1758 4833 1823 4872 ex

261 4913 355 4974 quo
377 4907 527 4960 istam
574 4903 866 4977 Epistulam
914 4906 1051 4960 beati
1092 4907 1312 4960 Joannis
1340 4917 1627 4962 tractamus
1651 4911 1820 4970 vobis,

260 5011 407 5064 quare
453 5014 558 5052 non
609 4998 1063 5054 commendavcrit
1111 5000 1340 5053 maxime
1389 5001 1488 5055 nisi
1538 5002 1822 5056 fraternam

252 5089 578 5146 cltaritatem.
611 5091 709 5157 Qui
736 5091 903 5161 diligit
927 5094 1132 5160 fratrem
1156 5091 1199 5154 (ι
1229 5091 1387 5144 Joan.
1426 5107 1484 5157 ιι,
1524 5091 1629 5164 l0),
1663 5095 1821 5159 dicit;

247 5190 310 5250 et,
368 5182 686 5252 Pra'reptnm
717 5184 856 5236 nobis
885 5183 1165 5242 estdatum,
1199 5192 1251 5234 ut
1301 5183 1570 5252 diligamus
1617 5185 1825 5239 invicem

1384 386 1794 446 TRACTATUS
1831 384 1969 450 Vl“.
2023 387 2251 451 CAPUT
2287 394 2376 452 IV.

3386 402 3529 464 2038

1951 511 2006 555 nt
2031 502 2218 562 fratres
2243 507 2542 579 diligamus.
2569 511 2726 568 Modo
2755 523 2883 568 vero
2905 527 3028 571 cum
3068 516 3417 589 Evangelium
3453 522 3534 577 le-

1942 605 2178 663 geretur,
2209 600 2528 666 audivimus,
2558 601 2618 657 Si
2666 605 2798 658 enim
2833 606 3043 677 diligitis
3073 625 3154 663 eos
3196 614 3278 680 qui
3307 628 3391 665 vos
3409 613 3532 666 diti-

1943 691 2086 753 gunl,
2118 703 2266 755 quam
2287 693 2559 746 lim-cedem
2586 695 2828 750 habebitis
2845 697 2871 749 ?
2900 714 3061 751 nonne
3083 711 3126 751 et
3152 701 3408 768 publicani
3437 704 3531 758 hoc

1943 777 2131 846 faciunt
2151 778 2357 849 (Matth.
2379 798 2431 847 ν,
2452 784 2577 855 4(5)?
2598 786 2736 854 Quid
2763 797 2840 841 (Μ
2864 789 3021 858 igitur
3045 790 3182 858 quod
3218 809 3311 858 pro
3339 809 3532 862 magno

1945 870 2098 922 nobis
2131 870 2198 923 ad
2239 872 2615 940 perfectionem
2655 880 2937 948 quamdam
2967 881 3251 934 fraternam
3289 883 3526 939 dilectio-

1945 974 2066 1013 nem
2089 965 2423 1018 commendat
2447 966 2682 1022 Joannes
2718 972 2989 1038 apostolus
3014 990 3028 1038 ;
3067 974 3324 1028 Dominus
3350 985 3529 1032 autem

1943 1051 2071 1105 dicit
2092 1057 2198 1108 non
2219 1055 2370 1110 nobis
2400 1059 2646 1115 sufﬁcere
2688 1071 2743 1115 ut
2769 1063 2958 1118 fratres
2981 1065 3282 1134 diligamus,
3313 1069 3407 1122 sed
3436 1069 3530 1124 d‘e-

1945 1142 2069 1197 bere
2100 1160 2194 1198 nos
2236 1149 2526 1205 extendere
2567 1154 2733 1220 ipsam
2769 1154 3133 1224 dilectioncu'i,
3165 1169 3222 1215 ut
3249 1163 3528 1229 pervenis-

1942 1249 2060 1287 mus
2089 1237 2152 1288 ad
2199 1237 2490 1294 inimicos?
2530 1242 2630 1312 Qui
2659 1261 2823 1313 usque
2860 1247 2926 1299 ad
2972 1249 3216 1305 inimicos
3262 1255 3523 1321 pervenit,

1941 1340 2046 1380 non
2079 1332 2303 1385 transilit
2335 1333 2349 1364 ¹
2395 1333 2605 1391 fratres.
2652 1337 2879 1395 Necesse
2913 1352 2995 1397 est
3035 1346 3169 1399 sicut
3201 1347 3353 1416 ignis,
3386 1349 3530 1416 prius

1941 1432 2165 1490 occupet
2212 1420 2486 1494 proxima,
2513 1437 2562 1483 et
2592 1432 2669 1485 sic
2687 1445 2743 1486 se
2773 1435 2822 1487 in
2843 1435 3208 1506 longinquiora
3238 1442 3525 1498 distendat.

1942 1511 2293 1586 Propinquior
2318 1533 2398 1576 e51
2440 1523 2530 1576 tibi
2565 1526 2722 1581 frater
2766 1529 2923 1597 quam
2967 1535 3145 1586 nescio
3192 1536 3309 1603 quis
3346 1538 3525 1592 homo.

1941 1603 2145 1662 “ursos
2190 1611 2280 1663 tibi
2321 1615 2488 1682 magis
2517 1616 2753 1674 adlucret
2803 1622 2890 1676 ille
2937 1637 3093 1692 quem
3142 1641 3243 1678 non
3277 1644 3524 1697 noveras,

1939 1699 2028 1771 qui
2057 1700 2146 1755 tibi
2199 1713 2370 1758 tamen
2420 1722 2520 1761 non
2566 1711 2897 1774 adversatur,
2932 1727 3089 1784 quam
3136 1720 3380 1775 inimicus
3437 1725 3527 1792 qui

1941 1790 2100 1844 etiam
2148 1794 2483 1851 adversatur.
2526 1799 2767 1856 Exn-nde.
2796 1807 3129 1862 dili'reliom-m
3154 1810 3204 1863 in
3235 1790 3524 1880 proximos,

1940 1897 2042 1937 nec
2071 1901 2230 1940 \‘0Ct‘S
2274 1889 2412 1942 illam
2447 1897 2831 1950 extensiouem.
2869 1897 3039 1967 Prope
3069 1904 3206 1955 cnim
3250 1915 3301 1957 te
3331 1905 3524 1975 diligis,

1936 1977 2024 2044 qui
2055 1993 2148 2030 eos
2167 1979 2339 2049 diligis
2364 1985 2450 2051 qui
2483 1985 2572 2036 tibi
2604 1983 2898 2042 adiri-rent.
2925 1991 3168 2047 Extende
3203 1993 3267 2048 ad
3298 1996 3524 2064 ignotos,

1935 2067 2025 2135 qui
2074 2069 2163 2121 tibi
2203 2071 2332 2124 nihil
2386 2075 2508 2127 mali
2566 2077 2820 2132 fecerunt.
2877 2083 3216 2138 'I-‘ranwcnde
3261 2096 3313 2141 et
3343 2089 3523 2156 ipsos;

1938 2157 2175 2225 perveni,
2201 2170 2255 2214 ut
2281 2161 2467 2233 diligas
2491 2165 2749 2220 inimicos.
2777 2171 2887 2224 Hoc
2910 2183 3053 2226 certe.
3075 2177 3327 2230 Dominus
3353 2179 3524 2247 jubet.

1935 2248 2109 2318 Quare
2133 2252 2232 2307 iste
2255 2256 2416 2309 tacuit
2441 2257 2507 2310 de
2536 2258 2817 2316 dilecuone
2841 2263 3084 2319 inimir'i?

2006 2347 2057 2400 5.
2081 2347 2263 2401 ()ιιιιιί.ς
2279 2348 2510 2411 dilectio,
2530 2352 2640 2407 sive
2664 2367 2780 2423 qua:
2805 2359 3030 2411 carnalis
3047 2359 3257 2426 dicitur,
3283 2379 3400 2431 quae
3420 2362 3524 2419 n‘dn

1933 2434 2272 2499 dilectio,scd
2297 2441 2460 2507 magis
2478 2456 2629 2496 amor
2647 2443 2747 2497 dici
2772 2447 2896 2498 solet
2925 2447 3253 2516 (dilectionis
3274 2454 3412 2505 enim
3440 2449 3528 2505 uo-

1933 2539 2056 2582 men
2074 2533 2237 2598 magis
2257 2533 2392 2586 solet
2410 2534 2461 2587 in
2483 2537 2785 2589 melioribus
2804 2540 2959 2590 rebus
2982 2541 3104 2597 dici.
3142 2543 3189 2592 iu
3216 2544 3524 2598 melioribus

1932 2623 2122 2691 aet-ipi)
2144 2644 2153 2675 :
2175 2635 2347 2678 tamen
2367 2630 2536 2679 llllllIiS
2552 2630 2781 2692 dilectio,
2808 2631 3325 2696 fr:ilri-scharissimi,
3342 2638 3524 2706 utique

1930 2714 2348 2771 benewlentiam
2371 2722 2650 2788 quamdam
2675 2722 2826 2775 liabet
2848 2739 2966 2792 erga
2987 2739 3079 2778 eos
3101 2727 3185 2791 qui
3209 2727 3521 2794 diliguntur.

1932 2805 2044 2861 Non
2067 2809 2207 2860 enim
2229 2809 2303 2862 sic
2323 2810 2577 2864 debemus
2598 2811 2818 2881 diligere
2842 2815 3102 2878 homines,
3123 2827 3212 2870 aut
3233 2819 3307 2871 sic
3332 2834 3520 2886 possu-

1931 2899 2303 2969 musd.ligere,
2326 2903 2403 2955 Vel
2417 2920 2622 2969 amare;
2650 2905 2898 2958 hoceuiiu
2920 2909 3079 2960 verbo
3106 2909 3263 2961 etiam
3297 2906 3419 2964 usus
3439 2915 3523 2966 es:

1931 2987 2188 3044 Dominus
2209 3005 2326 3044 cum
2350 2993 2568 3058 diCt'I'CI,
2600 2993 2769 3057 l’etre,
2799 3013 2939 3049 antas
2957 3014 3033 3050 me
3053 2999 3227 3066 (Junii.
3261 3009 3370 3061 ssi,
3397 3001 3520 3073 l7)?

1930 3095 2034 3134 non
2077 3084 2152 3135 sic
2178 3083 2429 3139 ili-bemus
2469 3101 2646 3141 amare
2690 3088 2948 3152 homines,
2975 3091 3241 3157 quom-"do
3276 3093 3520 3150 audimus

1928 3173 2142 3240 ωψσε
2162 3177 2359 3238 dicere,
2386 3179 2518 3230 Amo
2546 3179 2744 3232 turdos.
2765 3179 3181 3249 Quwrisquare?
3207 3182 3274 3236 llt
3292 3183 3516 3248 oecida’t,

1930 3275 1983 3320 et
1997 3276 2291 3322 consumat.
2322 3271 2378 3322 lit
2407 3285 2584 3325 amaro
2608 3288 2664 3326 se
2690 3273 2834 3336 dicit,
2858 3282 2909 3327 ct
2936 3274 3001 3326 ad
3036 3271 3133 3326 line
3162 3275 3279 3329 illos
3306 3281 3522 3332 amatut

1930 3373 2034 3412 non
2065 3362 2190 3427 sint,
2222 3362 2287 3413 ad
2320 3362 2419 3416 hoc
2463 3373 2605 3416 amat
2656 3370 2711 3417 ut
2753 3366 2995 3434 perimat.
3053 3366 3115 3419 Et
3145 3367 3398 3437 quidquid
3452 3370 3520 3424 ad

1928 3455 2210 3509 cibaudum
2242 3474 2502 3524 amamus,
2545 3459 2610 3511 ad
2645 3455 2745 3512 hoc
2776 3477 3041 3523 amamus,
3093 3462 3148 3515 ut
3176 3463 3300 3516 illud
3329 3477 3521 3518 consu-

1930 3543 2125 3612 matur,
2157 3560 2209 3603 ct
2232 3567 2329 3603 nos
2359 3552 2681 3606 reficiamur.
2723 3552 2983 3622 Numquid
3013 3554 3089 3606 sic
3136 3557 3348 3609 amandi
3395 3555 3522 3612 sunt

1930 3639 2193 3702 homines,
2227 3653 2472 3709 tanquam
2496 3645 2839 3697 eousmnendi
2859 3647 2879 3698 ἲ
2901 3645 3002 3698 Sed
3024 3647 3251 3699 amicitia
3275 3647 3517 3714 qmcdam

1929 3731 2311 3785 benevolentia:
2339 3743 2417 3786 est
2449 3736 2489 3797 ’,
2532 3744 2586 3788 ut
2633 3735 2916 3802 aliquando
2943 3745 3252 3804 priestemns
3281 3723 3358 3795 eis
3383 3755 3519 3810 quos

1929 3839 2189 3877 amamus.
2213 3824 2349 3889 Quid
2372 3865 2384 3889 ,
2419 3827 2461 3878 si
2487 3842 2590 3879 non
2619 3829 2683 3879 sit
2705 3827 2846 3896 quod
2871 3830 3222 3897 pra'stcmus?
3259 3829 3382 3884 Sola
3422 3830 3515 3885 be-o

1929 3916 2227 3968 nevolcntia
2258 3917 2449 3970 sullicit
2475 3919 2692 3970 amanti.
2729 3919 2841 3972 Non
2883 3921 3023 3972 enim
3053 3929 3237 3989 optare
3261 3922 3516 3977 debemus

1929 4021 2047 4060 esse
2076 4008 2316 4070 miserm,
2352 4013 2408 4060 uel
2450 4011 2711 4076 possimus
2732 4027 2982 4062 exercere
3021 4030 3179 4078 opera
3215 4013 3516 4068 misericor-

1930 4097 2046 4150 dias.
2078 4097 2177 4149 Das
2201 4112 2389 4164 panem
2420 4099 2672 4150 esurienti
2705 4115 2715 4149 :
2749 4099 2839 4151 sed
2873 4100 3060 4152 melius
3087 4117 3241 4155 nemo
3263 4103 3510 4168 esuriret,

1929 4200 1981 4244 et
2003 4190 2128 4244 nulli
2156 4192 2330 4245 dares.
2380 4189 2550 4245 Vestis
2582 4191 2776 4243 nudum
2811 4210 2822 4244 :
2855 4189 3053 4244 utinam
3099 4209 3288 4246 omnes
3337 4195 3514 4249 vestiti

1932 4284 2132 4345 e'sScnt,
2168 4293 2219 4337 et
2274 4300 2376 4337 non
2431 4286 2573 4338 esset
2615 4285 2710 4337 ista
2751 4286 3078 4341 necessitas!
3119 4285 3323 4355 Si-pelis
3365 4303 3512 4340 mor-

1933 4384 2079 4430 tuum
2112 4394 2127 4430 :
2157 4377 2357 4429 utinam
2405 4374 2581 4429 veniat
2620 4375 2901 4444 aliquando
2951 4377 3037 4430 illa
3084 4377 3184 4431 vita
3237 4377 3322 4431 ubi
3356 4381 3513 4434 nemo

1930 4467 2225 4521 Moriatur!
2253 4467 2557 4522 Concordas
2587 4468 2847 4537 litigantes
2874 4486 2885 4520 :
2912 4470 3110 4521 utinam
3135 4457 3415 4537 aliquandi)
3445 4471 3516 4526 sit

1932 4561 2033 4627 β.ιὶ
2062 4558 2148 4612 illa
2179 4561 2374 4612 :rterna
2402 4557 2718 4621 Jerusalem,
2757 4557 2841 4613 ubi
2867 4565 3023 4613 nemo
3051 4559 3354 4615 discordet!
3389 4562 3513 4617 l'lz‘cc

1932 4652 2074 4704 enim
2102 4651 2278 4704 omnia
2302 4651 2474 4705 ofiicia
2504 4651 2880 4706 necessitatum
2905 4663 3046 4706 sunt.
3079 4652 3228 4707 Tolle
3255 4655 3513 4718 miseras;

1931 4744 2215 4796 cessabunt
2252 4757 2412 4811 opera
2453 4744 2854 4797 misericordiae.
2910 4743 3080 4809 Opem
3135 4745 3514 4802 misericordia:

1930 4837 2252 4900 cessabunt;
2291 4838 2541 4906 utunquid
2596 4837 2754 4890 ardor
2787 4837 3061 4892 charitalis
3105 4840 3512 4908 exstinguetur?

1933 4925 2248 4982 Germanias
2288 4943 2435 4981 amas
2475 4927 2683 4983 felicem
2742 4929 3030 4992 hominem,
3079 4929 3161 4984 eui
3202 4946 3304 4982 non
3352 4932 3514 4986 babes

1932 5018 2071 5086 quod
2106 5028 2350 5086 pra-stes;
2382 5019 2562 5088 prtl'iOl'
2585 5020 2672 5071 ille
2697 5033 2849 5072 amor
2872 5021 2992 5078 crit.
3025 5019 3291 5090 nml'toq‘ue
3341 5024 3521 5079 since—

1933 5109 2064 5163 rior.
2087 5108 2215 5163 Nam
2239 5111 2280 5162 si
2307 5111 2615 5179 prarstiteris
2647 5111 2875 5175 misero,
2908 5111 3148 5165 fortasSis
3176 5098 3438 5170 estolleré
3467 5123 3520 5171 te

1932 5198 2082 5269 cupis
2108 5199 2360 5254 adversus
2391 5215 2533 5265 eum,
2580 5209 2632 5254 et
2655 5217 2774 5255 eum
2800 5201 2890 5254 tibi
2925 5203 3004 5255 vis
3032 5203 3153 5258 esse
3181 5203 3475 5274 sobjcctiim
3500 5247 3514 5269 ,

231 5274 351 5337 Hd.
372 5294 446 5336 ιιι,
474 5274 589 5344 25).
616 5277 840 5329 Assidue
858 5274 1147 5328 nominavit
1168 5276 1477 5328 cliaritatem
1497 5275 1780 5330 fraternam
1807 5293 1822 5331 :

228 5369 330 5430 Dei
365 5380 540 5423 autem
589 5369 926 5427 cliaritatem,
977 5367 1028 5420 id
1069 5378 1150 5419 est
1181 5381 1285 5435 qua
1329 5367 1585 5420 debemus
1606 5368 1825 5439 diligere

228 5465 432 5528 Deum,
467 5478 569 5514 non
619 5468 726 5514 tam
757 5459 970 5513 aSsidue
1001 5458 1320 5520 nominavit;
1373 5459 1464 5512 sed
1511 5472 1686 5514 tamen
1721 5466 1823 5516 non

225 5559 465 5614 domino
492 5551 674 5608 tacuit.
704 5549 780 5604 De
804 5549 1002 5604 inimici
1024 5564 1152 5603 vero
1181 5550 1465 5604 dilectione
1493 5565 1710 5618 prorsus
1741 5559 1823 5605 ta-

229 5651 352 5710 ὼὶῑ
396 5661 562 5719 prope
591 5659 690 5716 per
717 5651 880 5699 totam
929 5644 1096 5714 ipsam
1146 5641 1460 5711 Epistolam.
1501 5641 1633 5698 Cum
1663 5645 1824 5699 vehe-

235 5749 457 5801 menter
493 5739 652 5795 nobis
697 5737 964 5805 pradicet,
1011 5733 1452 5805 eommendetque
1493 5735 1824 5799 cbaritatem,

246 5847 351 5888 non
380 5829 536 5886 nobis
560 5827 694 5884 dicit
718 5832 778 5881 ut
793 5825 1073 5896 diligamus
1107 5824 1378 5891 inimicos;
1406 5825 1502 5883 sed
1525 5825 1655 5884 dicit
1674 5829 1826 5884 nobis

1933 5293 2022 5362 Qui
2052 5302 2237 5346 auctor
2263 5304 2343 5347 est
2370 5293 2441 5346 tui
2472 5289 2710 5348 bem-licii
2743 5293 2781 5345 ⁸.
2824 5295 2916 5348 Ille
2943 5295 3182 5363 indignit,
3233 5307 3287 5350 tu
3315 5298 3515 5366 imper-

1934 5383 2058 5439 litus
2073 5399 2133 5440 es
2153 5401 2167 5450 ;
2191 5383 2339 5454 quasi
2369 5383 2540 5454 major
2567 5384 2762 5441 videris
2792 5391 2913 5457 quia
2945 5393 2998 5442 tu
3025 5385 3332 5457 prwstiiisti,
3356 5393 3511 5456 quam

1997 5567 2017 5660 ἶ
2451 5563 2683 5685 12'...“
2932 5619 3142 5684 quadam
3164 5593 3518 5686 οεπευοιεηιίαι.

1934 5695 2022 5787 ω’*
2040 5696 2236 5822 Silpiam
2252 5748 2519 5822 ῌειιηηφρα
2539 5753 2704 5799 mm
2725 5741 2777 5798 is
2797 5743 2870 5798 tui
2891 5740 3125 5808 ’ναβσῦ-
3150 5741 3240 5795 Am
3260 5750 3388 5810 ειάιί
3403 5757 3518 5817 4‘"

1935 5811 2172 5865 uictores
2195 5819 2246 5863 tu
2262 5811 2494 5876 beneﬁcii.
