  <div class='ocr_page' id='page_1' title='image "/cluster/home/n/w/nwhite01/storage/ocr_20150623/35/uva.x000827104/376.png"; bbox 0 0 3994 6422; ppageno 0'>
   <div class='ocr_carea' id='block_1_1' title="bbox 256 377 410 458">
    <p class='ocr_par' dir='ltr' id='par_1_1' title="bbox 256 377 410 458">
     <span class='ocr_line' id='line_1_1' title="bbox 256 377 410 458; baseline 0 0"><span class='ocrx_word' id='word_1_1' title='bbox 256 377 410 458; x_wconf 66' lang='grc' dir='ltr'><strong>«ιω.</strong></span> 
     </span>
    </p>
   </div>
   <div class='ocr_carea' id='block_1_2' title="bbox 797 513 1335 578">
    <p class='ocr_par' dir='ltr' id='par_1_2' title="bbox 797 513 1335 578">
     <span class='ocr_line' id='line_1_2' title="bbox 797 513 1335 578; baseline -0.006 -2"><span class='ocrx_word' id='word_1_2' title='bbox 797 513 1209 578; x_wconf 61' lang='grc' dir='ltr'>τιιλιιτιτιιδ</span> <span class='ocrx_word' id='word_1_3' title='bbox 1248 517 1335 576; x_wconf 75' lang='lat' dir='ltr'><strong>tx.</strong></span> 
     </span>
    </p>
   </div>
   <div class='ocr_carea' id='block_1_3' title="bbox 297 603 1870 684">
    <p class='ocr_par' dir='ltr' id='par_1_3' title="bbox 297 603 1870 684">
     <span class='ocr_line' id='line_1_3' title="bbox 297 603 1870 684; baseline -0.001 -15"><span class='ocrx_word' id='word_1_4' title='bbox 297 605 366 671; x_wconf 67' lang='lat' dir='ltr'><strong>at</strong></span> <span class='ocrx_word' id='word_1_5' title='bbox 401 603 458 669; x_wconf 70' lang='grc' dir='ltr'>ἐὺ</span> <span class='ocrx_word' id='word_1_6' title='bbox 499 603 638 684; x_wconf 73' lang='lat' dir='ltr'><strong>iiqu</strong></span> <span class='ocrx_word' id='word_1_7' title='bbox 677 605 904 684; x_wconf 52' lang='lat' dir='ltr'><strong>unum</strong></span> <span class='ocrx_word' id='word_1_8' title='bbox 927 657 940 679; x_wconf 92' lang='lat'><strong>,</strong></span> <span class='ocrx_word' id='word_1_9' title='bbox 985 609 1041 670; x_wconf 80' lang='lat' dir='ltr'><strong>In</strong></span> <span class='ocrx_word' id='word_1_10' title='bbox 1085 605 1182 670; x_wconf 78' lang='lat' dir='ltr'><strong>hoc</strong></span> <span class='ocrx_word' id='word_1_11' title='bbox 1211 607 1438 683; x_wconf 78' lang='lat' dir='ltr'><strong>perfecta</strong></span> <span class='ocrx_word' id='word_1_12' title='bbox 1469 607 1548 669; x_wconf 81' lang='lat' dir='ltr'><strong>est</strong></span> <span class='ocrx_word' id='word_1_13' title='bbox 1579 613 1789 669; x_wconf 81' lang='lat' dir='ltr'><strong>dilectio</strong></span> <span class='ocrx_word' id='word_1_14' title='bbox 1820 611 1870 668; x_wconf 86' lang='lat' dir='ltr'><strong>in</strong></span> 
     </span>
    </p>
   </div>
   <div class='ocr_carea' id='block_1_4' title="bbox 359 695 1869 773">
    <p class='ocr_par' dir='ltr' id='par_1_4' title="bbox 359 695 1869 773">
     <span class='ocr_line' id='line_1_4' title="bbox 359 695 1869 773; baseline -0.001 -13"><span class='ocrx_word' id='word_1_15' title='bbox 359 695 542 769; x_wconf 59' lang='lat' dir='ltr'><strong>nobis:</strong></span> <span class='ocrx_word' id='word_1_16' title='bbox 572 701 733 773; x_wconf 63' lang='lat' dir='ltr'><strong>dique</strong></span> <span class='ocrx_word' id='word_1_17' title='bbox 758 703 825 757; x_wconf 88' lang='lat' dir='ltr'><strong>ad</strong></span> <span class='ocrx_word' id='word_1_18' title='bbox 849 704 920 768; x_wconf 87' lang='lat' dir='ltr'><strong>id,</strong></span> <span class='ocrx_word' id='word_1_19' title='bbox 951 707 1014 760; x_wconf 81' lang='lat' dir='ltr'><strong>Et</strong></span> <span class='ocrx_word' id='word_1_20' title='bbox 1044 705 1142 759; x_wconf 91' lang='lat' dir='ltr'><strong>hoc</strong></span> <span class='ocrx_word' id='word_1_21' title='bbox 1181 697 1483 760; x_wconf 72' lang='lat' dir='ltr'><strong>iiiandattnn</strong></span> <span class='ocrx_word' id='word_1_22' title='bbox 1518 705 1772 758; x_wconf 87' lang='lat' dir='ltr'><strong>habemus</strong></span> <span class='ocrx_word' id='word_1_23' title='bbox 1802 705 1869 759; x_wconf 89' lang='lat' dir='ltr'><strong>ab</strong></span> 
     </span>
    </p>
   </div>
   <div class='ocr_carea' id='block_1_5' title="bbox 359 782 1866 876">
    <p class='ocr_par' dir='ltr' id='par_1_5' title="bbox 359 782 1866 876">
     <span class='ocr_line' id='line_1_5' title="bbox 359 782 1866 876; baseline -0.001 -26"><span class='ocrx_word' id='word_1_24' title='bbox 359 794 493 876; x_wconf 70' lang='lat' dir='ltr'><strong>ipso,</strong></span> <span class='ocrx_word' id='word_1_25' title='bbox 525 785 581 851; x_wconf 77' lang='lat' dir='ltr'><strong>tit</strong></span> <span class='ocrx_word' id='word_1_26' title='bbox 606 797 695 867; x_wconf 86' lang='lat' dir='ltr'><strong>qui</strong></span> <span class='ocrx_word' id='word_1_27' title='bbox 725 793 896 866; x_wconf 74' lang='lat' dir='ltr'><strong>diligit</strong></span> <span class='ocrx_word' id='word_1_28' title='bbox 923 791 1106 863; x_wconf 81' lang='lat' dir='ltr'><strong>Deum,</strong></span> <span class='ocrx_word' id='word_1_29' title='bbox 1139 782 1323 866; x_wconf 83' lang='lat' dir='ltr'><strong>diligat</strong></span> <span class='ocrx_word' id='word_1_30' title='bbox 1351 807 1403 851; x_wconf 88' lang='lat' dir='ltr'><strong>et</strong></span> <span class='ocrx_word' id='word_1_31' title='bbox 1435 797 1648 851; x_wconf 76' lang='lat' dir='ltr'><strong>fratrem</strong></span> <span class='ocrx_word' id='word_1_32' title='bbox 1693 812 1866 850; x_wconf 88' lang='lat' dir='ltr'><strong>suum.</strong></span> 
     </span>
    </p>
   </div>
   <div class='ocr_carea' id='block_1_6' title="bbox 357 879 928 959">
    <p class='ocr_par' dir='ltr' id='par_1_6' title="bbox 357 879 928 959">
     <span class='ocr_line' id='line_1_6' title="bbox 357 879 928 959; baseline 0.002 -16"><span class='ocrx_word' id='word_1_33' title='bbox 357 879 479 959; x_wconf 63' lang='lat' dir='ltr'><strong>cap.</strong></span> <span class='ocrx_word' id='word_1_34' title='bbox 513 882 586 955; x_wconf 74' lang='lat' dir='ltr'><strong>tv;</strong></span> <span class='ocrx_word' id='word_1_35' title='bbox 635 891 708 957; x_wconf 57' lang='grc' dir='ltr'><strong>φ.</strong></span> <span class='ocrx_word' id='word_1_36' title='bbox 744 887 928 944; x_wconf 68' lang='lat'><strong>17-21.</strong></span> 
     </span>
    </p>
   </div>
   <div class='ocr_carea' id='block_1_7' title="bbox 358 967 1869 1059">
    <p class='ocr_par' dir='ltr' id='par_1_7' title="bbox 358 967 1869 1059">
     <span class='ocr_line' id='line_1_7' title="bbox 358 967 1869 1059; baseline -0.001 -22"><span class='ocrx_word' id='word_1_37' title='bbox 358 980 404 1037; x_wconf 83' lang='grc' dir='ltr'>ι.</span> <span class='ocrx_word' id='word_1_38' title='bbox 454 971 694 1038; x_wconf 69' lang='lat' dir='ltr'><strong>Meminit</strong></span> <span class='ocrx_word' id='word_1_39' title='bbox 717 967 963 1037; x_wconf 76' lang='lat' dir='ltr'><strong>Charitas</strong></span> <span class='ocrx_word' id='word_1_40' title='bbox 990 981 1204 1050; x_wconf 77' lang='lat' dir='ltr'><strong>veStra,</strong></span> <span class='ocrx_word' id='word_1_41' title='bbox 1253 999 1321 1039; x_wconf 79' lang='lat' dir='ltr'><strong>ex</strong></span> <span class='ocrx_word' id='word_1_42' title='bbox 1370 981 1604 1054; x_wconf 86' lang='lat' dir='ltr'><strong>Epistula</strong></span> <span class='ocrx_word' id='word_1_43' title='bbox 1651 981 1869 1059; x_wconf 83' lang='lat' dir='ltr'><strong>Joannis</strong></span> 
     </span>
    </p>
   </div>
   <div class='ocr_carea' id='block_1_8' title="bbox 296 1059 1865 1144">
    <p class='ocr_par' dir='ltr' id='par_1_8' title="bbox 296 1059 1865 1144">
     <span class='ocr_line' id='line_1_8' title="bbox 296 1059 1865 1144; baseline -0.001 -18"><span class='ocrx_word' id='word_1_44' title='bbox 296 1063 504 1144; x_wconf 69' lang='lat' dir='ltr'><strong>:ttiostiiii</strong></span> <span class='ocrx_word' id='word_1_45' title='bbox 549 1059 787 1130; x_wconf 51' lang='lat' dir='ltr'><strong>tt‘ltitnatb</strong></span> <span class='ocrx_word' id='word_1_46' title='bbox 839 1067 1041 1144; x_wconf 66' lang='lat' dir='ltr'><strong>partem</strong></span> <span class='ocrx_word' id='word_1_47' title='bbox 1079 1067 1280 1131; x_wconf 76' lang='lat' dir='ltr'><strong>restare</strong></span> <span class='ocrx_word' id='word_1_48' title='bbox 1323 1067 1474 1130; x_wconf 78' lang='lat' dir='ltr'><strong>nobis</strong></span> <span class='ocrx_word' id='word_1_49' title='bbox 1515 1062 1865 1138; x_wconf 74' lang='lat' dir='ltr'><strong>tractandam,</strong></span> 
     </span>
    </p>
   </div>
   <div class='ocr_carea' id='block_1_9' title="bbox 270 1155 1870 1237">
    <p class='ocr_par' dir='ltr' id='par_1_9' title="bbox 270 1155 1870 1237">
     <span class='ocr_line' id='line_1_9' title="bbox 270 1155 1870 1237; baseline -0.004 -14"><span class='ocrx_word' id='word_1_50' title='bbox 270 1157 272 1159; x_wconf 1' lang='lat' dir='ltr'><strong>ﬁ</strong></span> <span class='ocrx_word' id='word_1_51' title='bbox 298 1161 346 1222; x_wconf 68' lang='lat' dir='ltr'><strong>ci.</strong></span> <span class='ocrx_word' id='word_1_52' title='bbox 371 1159 729 1237; x_wconf 74' lang='lat' dir='ltr'><strong>exponendam</strong></span> <span class='ocrx_word' id='word_1_53' title='bbox 759 1168 910 1222; x_wconf 87' lang='lat' dir='ltr'><strong>vobis</strong></span> <span class='ocrx_word' id='word_1_54' title='bbox 929 1209 941 1229; x_wconf 85' lang='lat'><strong>,</strong></span> <span class='ocrx_word' id='word_1_55' title='bbox 981 1159 1232 1236; x_wconf 79' lang='lat' dir='ltr'><strong>quantum</strong></span> <span class='ocrx_word' id='word_1_56' title='bbox 1263 1161 1516 1221; x_wconf 83' lang='lat' dir='ltr'><strong>Dominus</strong></span> <span class='ocrx_word' id='word_1_57' title='bbox 1545 1163 1725 1220; x_wconf 80' lang='lat' dir='ltr'><strong>donat.</strong></span> <span class='ocrx_word' id='word_1_58' title='bbox 1763 1155 1870 1218; x_wconf 81' lang='lat' dir='ltr'><strong>ilu-</strong></span> 
     </span>
    </p>
   </div>
   <div class='ocr_carea' id='block_1_10' title="bbox 300 1247 1868 1329">
    <p class='ocr_par' dir='ltr' id='par_1_10' title="bbox 300 1247 1868 1329">
     <span class='ocr_line' id='line_1_10' title="bbox 300 1247 1868 1329; baseline -0.003 -17"><span class='ocrx_word' id='word_1_59' title='bbox 300 1255 375 1329; x_wconf 69' lang='lat' dir='ltr'><strong>lti&#39;s</strong></span> <span class='ocrx_word' id='word_1_60' title='bbox 401 1275 520 1325; x_wconf 74' lang='lat' dir='ltr'><strong>ergo</strong></span> <span class='ocrx_word' id='word_1_61' title='bbox 548 1257 714 1313; x_wconf 88' lang='lat' dir='ltr'><strong>debiti</strong></span> <span class='ocrx_word' id='word_1_62' title='bbox 754 1247 853 1313; x_wconf 85' lang='lat' dir='ltr'><strong>nos</strong></span> <span class='ocrx_word' id='word_1_63' title='bbox 882 1249 1149 1313; x_wconf 80' lang='lat' dir='ltr'><strong>memores</strong></span> <span class='ocrx_word' id='word_1_64' title='bbox 1177 1251 1360 1311; x_wconf 76' lang='lat' dir='ltr'><strong>Sumus</strong></span> <span class='ocrx_word' id='word_1_65' title='bbox 1393 1275 1406 1309; x_wconf 90' lang='lat'><strong>:</strong></span> <span class='ocrx_word' id='word_1_66' title='bbox 1437 1253 1730 1311; x_wconf 61' lang='lat' dir='ltr'><strong>esactiunis</strong></span> <span class='ocrx_word' id='word_1_67' title='bbox 1771 1249 1868 1308; x_wconf 82' lang='lat' dir='ltr'><strong>att-</strong></span> 
     </span>
    </p>
   </div>
   <div class='ocr_carea' id='block_1_11' title="bbox 305 1335 1867 1417">
    <p class='ocr_par' dir='ltr' id='par_1_11' title="bbox 305 1335 1867 1417">
     <span class='ocr_line' id='line_1_11' title="bbox 305 1335 1867 1417; baseline -0.005 -11"><span class='ocrx_word' id='word_1_68' title='bbox 305 1349 396 1406; x_wconf 74' lang='lat' dir='ltr'><strong>tein</strong></span> <span class='ocrx_word' id='word_1_69' title='bbox 422 1355 510 1406; x_wconf 78' lang='lat' dir='ltr'><strong>vos</strong></span> <span class='ocrx_word' id='word_1_70' title='bbox 538 1335 802 1405; x_wconf 77' lang='lat' dir='ltr'><strong>memores</strong></span> <span class='ocrx_word' id='word_1_71' title='bbox 831 1343 952 1404; x_wconf 83' lang='lat' dir='ltr'><strong>esse</strong></span> <span class='ocrx_word' id='word_1_72' title='bbox 991 1345 1214 1404; x_wconf 75' lang='lat' dir='ltr'><strong>debetis.</strong></span> <span class='ocrx_word' id='word_1_73' title='bbox 1257 1347 1456 1403; x_wconf 82' lang='lat' dir='ltr'><strong>Eadem</strong></span> <span class='ocrx_word' id='word_1_74' title='bbox 1506 1349 1702 1417; x_wconf 77' lang='lat' dir='ltr'><strong>quippe</strong></span> <span class='ocrx_word' id='word_1_75' title='bbox 1739 1346 1867 1401; x_wconf 83' lang='lat' dir='ltr'><strong>cha-</strong></span> 
     </span>
    </p>
   </div>
   <div class='ocr_carea' id='block_1_12' title="bbox 308 1436 1866 1512">
    <p class='ocr_par' dir='ltr' id='par_1_12' title="bbox 308 1436 1866 1512">
     <span class='ocr_line' id='line_1_12' title="bbox 308 1436 1866 1512; baseline -0.004 -14"><span class='ocrx_word' id='word_1_76' title='bbox 308 1439 419 1498; x_wconf 69' lang='lat' dir='ltr'><strong>ritis</strong></span> <span class='ocrx_word' id='word_1_77' title='bbox 451 1457 564 1512; x_wconf 71' lang='lat' dir='ltr'><strong>qtae</strong></span> <span class='ocrx_word' id='word_1_78' title='bbox 603 1443 653 1494; x_wconf 91' lang='lat' dir='ltr'><strong>in</strong></span> <span class='ocrx_word' id='word_1_79' title='bbox 703 1437 813 1509; x_wconf 88' lang='lat' dir='ltr'><strong>ipsa</strong></span> <span class='ocrx_word' id='word_1_80' title='bbox 863 1436 1097 1505; x_wconf 83' lang='lat' dir='ltr'><strong>Epistola</strong></span> <span class='ocrx_word' id='word_1_81' title='bbox 1161 1441 1391 1493; x_wconf 73' lang='lat' dir='ltr'><strong>maxime</strong></span> <span class='ocrx_word' id='word_1_82' title='bbox 1433 1445 1480 1494; x_wconf 91' lang='lat' dir='ltr'><strong>et</strong></span> <span class='ocrx_word' id='word_1_83' title='bbox 1540 1452 1705 1510; x_wconf 75' lang='lat' dir='ltr'><strong>prope</strong></span> <span class='ocrx_word' id='word_1_84' title='bbox 1755 1439 1866 1493; x_wconf 87' lang='lat' dir='ltr'><strong>sola</strong></span> 
     </span>
    </p>
   </div>
   <div class='ocr_carea' id='block_1_13' title="bbox 315 1517 1869 1597">
    <p class='ocr_par' dir='ltr' id='par_1_13' title="bbox 315 1517 1869 1597">
     <span class='ocr_line' id='line_1_13' title="bbox 315 1517 1869 1597; baseline -0.003 -9"><span class='ocrx_word' id='word_1_85' title='bbox 315 1517 704 1597; x_wconf 73' lang='lat' dir='ltr'><strong>odiumeiidatur,</strong></span> <span class='ocrx_word' id='word_1_86' title='bbox 737 1539 790 1587; x_wconf 90' lang='lat' dir='ltr'><strong>et</strong></span> <span class='ocrx_word' id='word_1_87' title='bbox 820 1525 916 1586; x_wconf 82' lang='lat' dir='ltr'><strong>nos</strong></span> <span class='ocrx_word' id='word_1_88' title='bbox 947 1531 1071 1586; x_wconf 85' lang='lat' dir='ltr'><strong>facit</strong></span> <span class='ocrx_word' id='word_1_89' title='bbox 1113 1525 1448 1586; x_wconf 72' lang='lat' dir='ltr'><strong>ﬁdelissimos</strong></span> <span class='ocrx_word' id='word_1_90' title='bbox 1485 1530 1786 1595; x_wconf 90' lang='lat' dir='ltr'><strong>debitores,</strong></span> <span class='ocrx_word' id='word_1_91' title='bbox 1815 1537 1869 1584; x_wconf 90' lang='lat' dir='ltr'><strong>et</strong></span> 
     </span>
    </p>
   </div>
   <div class='ocr_carea' id='block_1_14' title="bbox 313 1617 1868 1680">
    <p class='ocr_par' dir='ltr' id='par_1_14' title="bbox 313 1617 1868 1680">
     <span class='ocr_line' id='line_1_14' title="bbox 313 1617 1868 1680; baseline -0.003 -3"><span class='ocrx_word' id='word_1_92' title='bbox 313 1625 396 1679; x_wconf 73' lang='lat' dir='ltr'><strong>vos</strong></span> <span class='ocrx_word' id='word_1_93' title='bbox 424 1624 742 1680; x_wconf 71' lang='lat' dir='ltr'><strong>duit&#39;issimus</strong></span> <span class='ocrx_word' id='word_1_94' title='bbox 769 1631 1060 1677; x_wconf 73' lang='lat' dir='ltr'><strong>exactores.</strong></span> <span class='ocrx_word' id='word_1_95' title='bbox 1092 1622 1216 1676; x_wconf 85' lang='lat' dir='ltr'><strong>Ideo</strong></span> <span class='ocrx_word' id='word_1_96' title='bbox 1246 1622 1352 1675; x_wconf 82' lang='lat' dir='ltr'><strong>dixi</strong></span> <span class='ocrx_word' id='word_1_97' title='bbox 1384 1621 1718 1676; x_wconf 76' lang='lat' dir='ltr'><strong>dulcissimos</strong></span> <span class='ocrx_word' id='word_1_98' title='bbox 1742 1617 1868 1674; x_wconf 81' lang='lat' dir='ltr'><strong>exa-</strong></span> 
     </span>
    </p>
   </div>
   <div class='ocr_carea' id='block_1_15' title="bbox 313 1717 1862 1788">
    <p class='ocr_par' dir='ltr' id='par_1_15' title="bbox 313 1717 1862 1788">
     <span class='ocr_line' id='line_1_15' title="bbox 313 1717 1862 1788; baseline -0.004 -17"><span class='ocrx_word' id='word_1_99' title='bbox 313 1717 484 1778; x_wconf 72' lang='lat' dir='ltr'><strong>ctores.</strong></span> <span class='ocrx_word' id='word_1_100' title='bbox 513 1720 625 1788; x_wconf 73' lang='lat' dir='ltr'><strong>quia</strong></span> <span class='ocrx_word' id='word_1_101' title='bbox 650 1717 734 1771; x_wconf 90' lang='lat' dir='ltr'><strong>ubi</strong></span> <span class='ocrx_word' id='word_1_102' title='bbox 757 1717 989 1772; x_wconf 90' lang='lat' dir='ltr'><strong>charitas</strong></span> <span class='ocrx_word' id='word_1_103' title='bbox 1012 1731 1112 1769; x_wconf 92' lang='lat' dir='ltr'><strong>non</strong></span> <span class='ocrx_word' id='word_1_104' title='bbox 1135 1723 1236 1781; x_wconf 86' lang='lat' dir='ltr'><strong>est,</strong></span> <span class='ocrx_word' id='word_1_105' title='bbox 1263 1728 1475 1768; x_wconf 88' lang='lat' dir='ltr'><strong>amarus</strong></span> <span class='ocrx_word' id='word_1_106' title='bbox 1500 1722 1718 1767; x_wconf 80' lang='lat' dir='ltr'><strong>exactor</strong></span> <span class='ocrx_word' id='word_1_107' title='bbox 1741 1722 1823 1766; x_wconf 85' lang='lat' dir='ltr'><strong>est</strong></span> <span class='ocrx_word' id='word_1_108' title='bbox 1848 1731 1862 1765; x_wconf 91' lang='lat'><strong>:</strong></span> 
     </span>
    </p>
   </div>
   <div class='ocr_carea' id='block_1_16' title="bbox 313 1801 1865 1875">
    <p class='ocr_par' dir='ltr' id='par_1_16' title="bbox 313 1801 1865 1875">
     <span class='ocr_line' id='line_1_16' title="bbox 313 1801 1865 1875; baseline -0.006 -10"><span class='ocrx_word' id='word_1_109' title='bbox 313 1809 390 1866; x_wconf 86' lang='lat' dir='ltr'><strong>tibi</strong></span> <span class='ocrx_word' id='word_1_110' title='bbox 421 1821 583 1864; x_wconf 83' lang='lat' dir='ltr'><strong>autem</strong></span> <span class='ocrx_word' id='word_1_111' title='bbox 614 1809 844 1864; x_wconf 79' lang='lat' dir='ltr'><strong>Charitas</strong></span> <span class='ocrx_word' id='word_1_112' title='bbox 872 1818 949 1862; x_wconf 87' lang='lat' dir='ltr'><strong>est</strong></span> <span class='ocrx_word' id='word_1_113' title='bbox 971 1851 984 1868; x_wconf 85' lang='lat'><strong>,</strong></span> <span class='ocrx_word' id='word_1_114' title='bbox 1015 1814 1068 1862; x_wconf 89' lang='lat' dir='ltr'><strong>et</strong></span> <span class='ocrx_word' id='word_1_115' title='bbox 1095 1807 1182 1875; x_wconf 89' lang='lat' dir='ltr'><strong>qui</strong></span> <span class='ocrx_word' id='word_1_116' title='bbox 1214 1805 1372 1875; x_wconf 79' lang='lat' dir='ltr'><strong>exigit</strong></span> <span class='ocrx_word' id='word_1_117' title='bbox 1401 1801 1570 1859; x_wconf 89' lang='lat' dir='ltr'><strong>dulcis</strong></span> <span class='ocrx_word' id='word_1_118' title='bbox 1600 1812 1718 1869; x_wconf 90' lang='lat' dir='ltr'><strong>est;</strong></span> <span class='ocrx_word' id='word_1_119' title='bbox 1753 1813 1806 1856; x_wconf 89' lang='lat' dir='ltr'><strong>et</strong></span> <span class='ocrx_word' id='word_1_120' title='bbox 1836 1805 1865 1856; x_wconf 72' lang='grc' dir='ltr'>τι</span> 
     </span>
    </p>
   </div>
   <div class='ocr_carea' id='block_1_17' title="bbox 311 1891 1868 1974">
    <p class='ocr_par' dir='ltr' id='par_1_17' title="bbox 311 1891 1868 1974">
     <span class='ocr_line' id='line_1_17' title="bbox 311 1891 1868 1974; baseline -0.006 -18"><span class='ocrx_word' id='word_1_121' title='bbox 311 1897 406 1974; x_wconf 57' lang='lat' dir='ltr'><strong>uio</strong></span> <span class='ocrx_word' id='word_1_122' title='bbox 449 1897 681 1967; x_wconf 66' lang='lat' dir='ltr'><strong>exigitur,</strong></span> <span class='ocrx_word' id='word_1_123' title='bbox 736 1899 837 1953; x_wconf 89' lang='lat' dir='ltr'><strong>etsi</strong></span> <span class='ocrx_word' id='word_1_124' title='bbox 892 1899 1119 1965; x_wconf 72' lang='lat' dir='ltr'><strong>aliquem</strong></span> <span class='ocrx_word' id='word_1_125' title='bbox 1170 1895 1404 1949; x_wconf 86' lang='lat' dir='ltr'><strong>laborent</strong></span> <span class='ocrx_word' id='word_1_126' title='bbox 1453 1893 1692 1961; x_wconf 85' lang='lat' dir='ltr'><strong>suscipit,</strong></span> <span class='ocrx_word' id='word_1_127' title='bbox 1743 1891 1868 1946; x_wconf 81' lang='lat' dir='ltr'><strong>facit</strong></span> 
     </span>
    </p>
   </div>
   <div class='ocr_carea' id='block_1_18' title="bbox 311 1976 1866 2070">
    <p class='ocr_par' dir='ltr' id='par_1_18' title="bbox 311 1976 1866 2070">
     <span class='ocr_line' id='line_1_18' title="bbox 311 1976 1866 2070; baseline -0.008 -21"><span class='ocrx_word' id='word_1_128' title='bbox 311 1976 533 2070; x_wconf 65' lang='lat' dir='ltr'><strong>eumdem</strong></span> <span class='ocrx_word' id='word_1_129' title='bbox 567 1993 803 2046; x_wconf 87' lang='lat' dir='ltr'><strong>laborem</strong></span> <span class='ocrx_word' id='word_1_130' title='bbox 853 2006 1016 2060; x_wconf 84' lang='lat' dir='ltr'><strong>prope</strong></span> <span class='ocrx_word' id='word_1_131' title='bbox 1048 1990 1248 2042; x_wconf 87' lang='lat' dir='ltr'><strong>nttlluut</strong></span> <span class='ocrx_word' id='word_1_132' title='bbox 1289 1997 1341 2042; x_wconf 90' lang='lat' dir='ltr'><strong>et</strong></span> <span class='ocrx_word' id='word_1_133' title='bbox 1381 1987 1549 2042; x_wconf 87' lang='lat' dir='ltr'><strong>levem</strong></span> <span class='ocrx_word' id='word_1_134' title='bbox 1589 1987 1700 2053; x_wconf 77' lang='lat' dir='ltr'><strong>ipsa</strong></span> <span class='ocrx_word' id='word_1_135' title='bbox 1740 1985 1866 2040; x_wconf 81' lang='lat' dir='ltr'><strong>cita-</strong></span> 
     </span>
    </p>
   </div>
   <div class='ocr_carea' id='block_1_19' title="bbox 312 2080 1868 2143">
    <p class='ocr_par' dir='ltr' id='par_1_19' title="bbox 312 2080 1868 2143">
     <span class='ocr_line' id='line_1_19' title="bbox 312 2080 1868 2143; baseline -0.005 0"><span class='ocrx_word' id='word_1_136' title='bbox 481 2080 650 2140; x_wconf 70' lang='lat' dir='ltr'><strong>Nonne</strong></span> <span class='ocrx_word' id='word_1_137' title='bbox 690 2086 933 2138; x_wconf 82' lang='lat' dir='ltr'><strong>videmus</strong></span> <span class='ocrx_word' id='word_1_138' title='bbox 962 2085 1118 2138; x_wconf 87' lang='lat' dir='ltr'><strong>etiam</strong></span> <span class='ocrx_word' id='word_1_139' title='bbox 1150 2083 1198 2135; x_wconf 92' lang='lat' dir='ltr'><strong>in</strong></span> <span class='ocrx_word' id='word_1_140' title='bbox 1229 2081 1387 2135; x_wconf 87' lang='lat' dir='ltr'><strong>mutis</strong></span> <span class='ocrx_word' id='word_1_141' title='bbox 1429 2081 1786 2134; x_wconf 78' lang='lat' dir='ltr'><strong>animantibus</strong></span> <span class='ocrx_word' id='word_1_142' title='bbox 1815 2090 1868 2135; x_wconf 87' lang='lat' dir='ltr'><strong>et</strong></span> 
     </span>
    </p>
   </div>
   <div class='ocr_carea' id='block_1_20' title="bbox 306 2165 1866 2240">
    <p class='ocr_par' dir='ltr' id='par_1_20' title="bbox 306 2165 1866 2240">
     <span class='ocr_line' id='line_1_20' title="bbox 306 2165 1866 2240; baseline -0.004 -10"><span class='ocrx_word' id='word_1_143' title='bbox 306 2175 680 2238; x_wconf 69' lang='lat' dir='ltr'><strong>irrittioiialibus</strong></span> <span class='ocrx_word' id='word_1_144' title='bbox 732 2175 819 2228; x_wconf 90' lang='lat' dir='ltr'><strong>ubi</strong></span> <span class='ocrx_word' id='word_1_145' title='bbox 870 2171 973 2228; x_wconf 80' lang='lat' dir='ltr'><strong>non</strong></span> <span class='ocrx_word' id='word_1_146' title='bbox 1023 2183 1103 2226; x_wconf 88' lang='lat' dir='ltr'><strong>est</strong></span> <span class='ocrx_word' id='word_1_147' title='bbox 1152 2173 1435 2240; x_wconf 70' lang='lat' dir='ltr'><strong>spiritualis</strong></span> <span class='ocrx_word' id='word_1_148' title='bbox 1464 2165 1722 2236; x_wconf 79' lang='lat' dir='ltr'><strong>Charitas,</strong></span> <span class='ocrx_word' id='word_1_149' title='bbox 1773 2169 1866 2224; x_wconf 82' lang='lat' dir='ltr'><strong>sed</strong></span> 
     </span>
    </p>
   </div>
   <div class='ocr_carea' id='block_1_21' title="bbox 305 2251 1867 2332">
    <p class='ocr_par' dir='ltr' id='par_1_21' title="bbox 305 2251 1867 2332">
     <span class='ocr_line' id='line_1_21' title="bbox 305 2251 1867 2332; baseline -0.005 -9"><span class='ocrx_word' id='word_1_150' title='bbox 305 2251 516 2323; x_wconf 64' lang='lat' dir='ltr'><strong>citrualis</strong></span> <span class='ocrx_word' id='word_1_151' title='bbox 557 2277 608 2322; x_wconf 87' lang='lat' dir='ltr'><strong>et</strong></span> <span class='ocrx_word' id='word_1_152' title='bbox 651 2255 905 2319; x_wconf 80' lang='lat' dir='ltr'><strong>naturalis</strong></span> <span class='ocrx_word' id='word_1_153' title='bbox 929 2307 943 2329; x_wconf 98' lang='lat'><strong>,</strong></span> <span class='ocrx_word' id='word_1_154' title='bbox 975 2263 1112 2332; x_wconf 80' lang='lat' dir='ltr'><strong>exigi</strong></span> <span class='ocrx_word' id='word_1_155' title='bbox 1145 2273 1322 2316; x_wconf 85' lang='lat' dir='ltr'><strong>tamen</strong></span> <span class='ocrx_word' id='word_1_156' title='bbox 1368 2261 1558 2323; x_wconf 68' lang='lat' dir='ltr'><strong>magno</strong></span> <span class='ocrx_word' id='word_1_157' title='bbox 1584 2259 1771 2315; x_wconf 70' lang='lat' dir='ltr'><strong>affectu</strong></span> <span class='ocrx_word' id='word_1_158' title='bbox 1800 2259 1867 2315; x_wconf 89' lang='lat' dir='ltr'><strong>de</strong></span> 
     </span>
    </p>
   </div>
   <div class='ocr_carea' id='block_1_22' title="bbox 310 2351 1868 2423">
    <p class='ocr_par' dir='ltr' id='par_1_22' title="bbox 310 2351 1868 2423">
     <span class='ocr_line' id='line_1_22' title="bbox 310 2351 1868 2423; baseline -0.006 -10"><span class='ocrx_word' id='word_1_159' title='bbox 310 2355 539 2414; x_wconf 78' lang='lat' dir='ltr'><strong>diierihus</strong></span> <span class='ocrx_word' id='word_1_160' title='bbox 574 2358 764 2412; x_wconf 82' lang='lat' dir='ltr'><strong>matris</strong></span> <span class='ocrx_word' id='word_1_161' title='bbox 811 2351 890 2410; x_wconf 84' lang='lat' dir='ltr'><strong>Iac</strong></span> <span class='ocrx_word' id='word_1_162' title='bbox 929 2363 957 2408; x_wconf 81' lang='lat' dir='ltr'><strong>a</strong></span> <span class='ocrx_word' id='word_1_163' title='bbox 1001 2353 1273 2423; x_wconf 73' lang='lat' dir='ltr'><strong>parvulis?</strong></span> <span class='ocrx_word' id='word_1_164' title='bbox 1297 2351 1362 2406; x_wconf 81' lang='lat' dir='ltr'><strong>Et</strong></span> <span class='ocrx_word' id='word_1_165' title='bbox 1391 2353 1633 2422; x_wconf 76' lang='lat' dir='ltr'><strong>quamvis</strong></span> <span class='ocrx_word' id='word_1_166' title='bbox 1673 2351 1868 2419; x_wconf 80' lang='lat' dir='ltr'><strong>sugens</strong></span> 
     </span>
    </p>
   </div>
   <div class='ocr_carea' id='block_1_23' title="bbox 305 2435 1868 2521">
    <p class='ocr_par' dir='ltr' id='par_1_23' title="bbox 305 2435 1868 2521">
     <span class='ocr_line' id='line_1_23' title="bbox 305 2435 1868 2521; baseline -0.007 -16"><span class='ocrx_word' id='word_1_167' title='bbox 305 2443 538 2521; x_wconf 78' lang='lat' dir='ltr'><strong>iiiip&#39;ctum</strong></span> <span class='ocrx_word' id='word_1_168' title='bbox 591 2447 750 2503; x_wconf 77' lang='lat' dir='ltr'><strong>iaciat</strong></span> <span class='ocrx_word' id='word_1_169' title='bbox 788 2449 839 2502; x_wconf 92' lang='lat' dir='ltr'><strong>in</strong></span> <span class='ocrx_word' id='word_1_170' title='bbox 881 2447 1077 2508; x_wconf 86' lang='lat' dir='ltr'><strong>ubera;</strong></span> <span class='ocrx_word' id='word_1_171' title='bbox 1117 2435 1304 2499; x_wconf 86' lang='lat' dir='ltr'><strong>melius</strong></span> <span class='ocrx_word' id='word_1_172' title='bbox 1355 2451 1435 2497; x_wconf 80' lang='lat' dir='ltr'><strong>est</strong></span> <span class='ocrx_word' id='word_1_173' title='bbox 1484 2450 1659 2496; x_wconf 90' lang='lat' dir='ltr'><strong>tamen</strong></span> <span class='ocrx_word' id='word_1_174' title='bbox 1708 2441 1868 2496; x_wconf 82' lang='lat' dir='ltr'><strong>matri</strong></span> 
     </span>
    </p>
   </div>
   <div class='ocr_carea' id='block_1_24' title="bbox 302 2533 1868 2613">
    <p class='ocr_par' dir='ltr' id='par_1_24' title="bbox 302 2533 1868 2613">
     <span class='ocr_line' id='line_1_24' title="bbox 302 2533 1868 2613; baseline -0.007 -17"><span class='ocrx_word' id='word_1_175' title='bbox 302 2541 440 2613; x_wconf 73' lang='lat' dir='ltr'><strong>quam</strong></span> <span class='ocrx_word' id='word_1_176' title='bbox 471 2541 513 2597; x_wconf 89' lang='lat' dir='ltr'><strong>si</strong></span> <span class='ocrx_word' id='word_1_177' title='bbox 539 2555 646 2596; x_wconf 90' lang='lat' dir='ltr'><strong>nou</strong></span> <span class='ocrx_word' id='word_1_178' title='bbox 676 2549 846 2608; x_wconf 80' lang='lat' dir='ltr'><strong>sugat,</strong></span> <span class='ocrx_word' id='word_1_179' title='bbox 881 2546 978 2592; x_wconf 90' lang='lat' dir='ltr'><strong>nec</strong></span> <span class='ocrx_word' id='word_1_180' title='bbox 1003 2539 1186 2606; x_wconf 79' lang='lat' dir='ltr'><strong>exigat</strong></span> <span class='ocrx_word' id='word_1_181' title='bbox 1227 2535 1365 2605; x_wconf 84' lang='lat' dir='ltr'><strong>quod</strong></span> <span class='ocrx_word' id='word_1_182' title='bbox 1401 2533 1659 2588; x_wconf 89' lang='lat' dir='ltr'><strong>charitate</strong></span> <span class='ocrx_word' id='word_1_183' title='bbox 1705 2533 1868 2586; x_wconf 81' lang='lat' dir='ltr'><strong>debe-</strong></span> 
     </span>
    </p>
   </div>
   <div class='ocr_carea' id='block_1_25' title="bbox 302 2623 1868 2702">
    <p class='ocr_par' dir='ltr' id='par_1_25' title="bbox 302 2623 1868 2702">
     <span class='ocr_line' id='line_1_25' title="bbox 302 2623 1868 2702; baseline -0.008 -14"><span class='ocrx_word' id='word_1_184' title='bbox 302 2632 394 2688; x_wconf 72' lang='grc' dir='ltr'>ιιιι.</span> <span class='ocrx_word' id='word_1_185' title='bbox 432 2631 580 2702; x_wconf 67' lang='lat' dir='ltr'><strong>Smpe</strong></span> <span class='ocrx_word' id='word_1_186' title='bbox 623 2629 866 2685; x_wconf 82' lang='lat' dir='ltr'><strong>videmus</strong></span> <span class='ocrx_word' id='word_1_187' title='bbox 916 2627 1074 2683; x_wconf 81' lang='lat' dir='ltr'><strong>ubera</strong></span> <span class='ocrx_word' id='word_1_188' title='bbox 1120 2642 1399 2681; x_wconf 86' lang='lat' dir='ltr'><strong>vaccarum</strong></span> <span class='ocrx_word' id='word_1_189' title='bbox 1439 2626 1599 2679; x_wconf 89' lang='lat' dir='ltr'><strong>etiam</strong></span> <span class='ocrx_word' id='word_1_190' title='bbox 1641 2642 1668 2676; x_wconf 92' lang='lat' dir='ltr'><strong>a</strong></span> <span class='ocrx_word' id='word_1_191' title='bbox 1712 2623 1868 2693; x_wconf 74' lang='lat' dir='ltr'><strong>gran-</strong></span> 
     </span>
    </p>
   </div>
   <div class='ocr_carea' id='block_1_26' title="bbox 300 2715 1870 2792">
    <p class='ocr_par' dir='ltr' id='par_1_26' title="bbox 300 2715 1870 2792">
     <span class='ocr_line' id='line_1_26' title="bbox 300 2715 1870 2792; baseline -0.007 -12"><span class='ocrx_word' id='word_1_192' title='bbox 300 2715 535 2780; x_wconf 58' lang='lat' dir='ltr'><strong>«utentis</strong></span> <span class='ocrx_word' id='word_1_193' title='bbox 565 2724 746 2778; x_wconf 89' lang='lat' dir='ltr'><strong>vitulis</strong></span> <span class='ocrx_word' id='word_1_194' title='bbox 773 2723 944 2792; x_wconf 84' lang='lat' dir='ltr'><strong>capite.</strong></span> <span class='ocrx_word' id='word_1_195' title='bbox 973 2721 1199 2791; x_wconf 84' lang='lat' dir='ltr'><strong>percuti,</strong></span> <span class='ocrx_word' id='word_1_196' title='bbox 1231 2728 1284 2774; x_wconf 89' lang='lat' dir='ltr'><strong>et</strong></span> <span class='ocrx_word' id='word_1_197' title='bbox 1309 2733 1477 2790; x_wconf 84' lang='lat' dir='ltr'><strong>prope</strong></span> <span class='ocrx_word' id='word_1_198' title='bbox 1507 2717 1622 2783; x_wconf 86' lang='lat' dir='ltr'><strong>ipso</strong></span> <span class='ocrx_word' id='word_1_199' title='bbox 1671 2718 1870 2785; x_wconf 81' lang='lat' dir='ltr'><strong>impetu</strong></span> 
     </span>
    </p>
   </div>
   <div class='ocr_carea' id='block_1_27' title="bbox 303 2806 1866 2882">
    <p class='ocr_par' dir='ltr' id='par_1_27' title="bbox 303 2806 1866 2882">
     <span class='ocr_line' id='line_1_27' title="bbox 303 2806 1866 2882; baseline -0.011 -7"><span class='ocrx_word' id='word_1_200' title='bbox 303 2813 448 2874; x_wconf 56' lang='lat' dir='ltr'><strong>Mari</strong></span> <span class='ocrx_word' id='word_1_201' title='bbox 472 2814 700 2870; x_wconf 84' lang='lat' dir='ltr'><strong>matrum</strong></span> <span class='ocrx_word' id='word_1_202' title='bbox 732 2813 976 2882; x_wconf 86' lang='lat' dir='ltr'><strong>corpora,</strong></span> <span class='ocrx_word' id='word_1_203' title='bbox 1010 2825 1107 2865; x_wconf 90' lang='lat' dir='ltr'><strong>nec</strong></span> <span class='ocrx_word' id='word_1_204' title='bbox 1135 2825 1226 2865; x_wconf 89' lang='lat' dir='ltr'><strong>eos</strong></span> <span class='ocrx_word' id='word_1_205' title='bbox 1256 2819 1429 2863; x_wconf 88' lang='lat' dir='ltr'><strong>tamen</strong></span> <span class='ocrx_word' id='word_1_206' title='bbox 1469 2806 1611 2861; x_wconf 90' lang='lat' dir='ltr'><strong>calce</strong></span> <span class='ocrx_word' id='word_1_207' title='bbox 1641 2808 1822 2875; x_wconf 83' lang='lat' dir='ltr'><strong>repelii</strong></span> <span class='ocrx_word' id='word_1_208' title='bbox 1853 2822 1866 2870; x_wconf 92' lang='lat'><strong>;</strong></span> 
     </span>
    </p>
   </div>
   <div class='ocr_carea' id='block_1_28' title="bbox 302 2891 1868 2975">
    <p class='ocr_par' dir='ltr' id='par_1_28' title="bbox 302 2891 1868 2975">
     <span class='ocr_line' id='line_1_28' title="bbox 302 2891 1868 2975; baseline -0.01 -9"><span class='ocrx_word' id='word_1_209' title='bbox 408 2919 457 2962; x_wconf 90' lang='lat' dir='ltr'><strong>et</strong></span> <span class='ocrx_word' id='word_1_210' title='bbox 481 2909 524 2962; x_wconf 91' lang='lat' dir='ltr'><strong>si</strong></span> <span class='ocrx_word' id='word_1_211' title='bbox 563 2905 703 2961; x_wconf 83' lang='lat' dir='ltr'><strong>desit</strong></span> <span class='ocrx_word' id='word_1_212' title='bbox 725 2899 860 2959; x_wconf 85' lang='lat' dir='ltr'><strong>illius</strong></span> <span class='ocrx_word' id='word_1_213' title='bbox 885 2904 974 2975; x_wconf 86' lang='lat' dir='ltr'><strong>qui</strong></span> <span class='ocrx_word' id='word_1_214' title='bbox 999 2909 1154 2973; x_wconf 76' lang='lat' dir='ltr'><strong>sugat</strong></span> <span class='ocrx_word' id='word_1_215' title='bbox 1171 2945 1184 2965; x_wconf 89' lang='lat'><strong>,</strong></span> <span class='ocrx_word' id='word_1_216' title='bbox 1212 2901 1414 2972; x_wconf 81' lang='lat' dir='ltr'><strong>mugitu</strong></span> <span class='ocrx_word' id='word_1_217' title='bbox 1439 2899 1615 2955; x_wconf 88' lang='lat' dir='ltr'><strong>vocari</strong></span> <span class='ocrx_word' id='word_1_218' title='bbox 1644 2897 1708 2951; x_wconf 88' lang='lat' dir='ltr'><strong>ad</strong></span> <span class='ocrx_word' id='word_1_219' title='bbox 1739 2899 1868 2951; x_wconf 89' lang='lat' dir='ltr'><strong>ube-</strong></span> 
     </span>
    </p>
   </div>
   <div class='ocr_carea' id='block_1_29' title="bbox 301 2990 1872 3070">
    <p class='ocr_par' dir='ltr' id='par_1_29' title="bbox 301 2990 1872 3070">
     <span class='ocr_line' id='line_1_29' title="bbox 301 2990 1872 3070; baseline -0.008 -13"><span class='ocrx_word' id='word_1_220' title='bbox 301 2997 370 3056; x_wconf 60' lang='grc' dir='ltr'><strong>ἥ.</strong></span> <span class='ocrx_word' id='word_1_221' title='bbox 407 2997 460 3057; x_wconf 80' lang='lat' dir='ltr'><strong>Si</strong></span> <span class='ocrx_word' id='word_1_222' title='bbox 499 3015 625 3070; x_wconf 78' lang='lat' dir='ltr'><strong>ergo</strong></span> <span class='ocrx_word' id='word_1_223' title='bbox 667 3007 749 3052; x_wconf 91' lang='lat' dir='ltr'><strong>est</strong></span> <span class='ocrx_word' id='word_1_224' title='bbox 789 2993 841 3051; x_wconf 83' lang='lat' dir='ltr'><strong>in</strong></span> <span class='ocrx_word' id='word_1_225' title='bbox 881 2997 1034 3051; x_wconf 86' lang='lat' dir='ltr'><strong>nobis</strong></span> <span class='ocrx_word' id='word_1_226' title='bbox 1074 2995 1162 3049; x_wconf 85' lang='lat' dir='ltr'><strong>illa</strong></span> <span class='ocrx_word' id='word_1_227' title='bbox 1190 2993 1419 3048; x_wconf 87' lang='lat' dir='ltr'><strong>ebaritas</strong></span> <span class='ocrx_word' id='word_1_228' title='bbox 1456 2991 1773 3058; x_wconf 85' lang='lat' dir='ltr'><strong>spiritualis,</strong></span> <span class='ocrx_word' id='word_1_229' title='bbox 1803 2990 1872 3045; x_wconf 89' lang='lat' dir='ltr'><strong>de</strong></span> 
     </span>
    </p>
   </div>
   <div class='ocr_carea' id='block_1_30' title="bbox 299 3082 1871 3162">
    <p class='ocr_par' dir='ltr' id='par_1_30' title="bbox 299 3082 1871 3162">
     <span class='ocr_line' id='line_1_30' title="bbox 299 3082 1871 3162; baseline -0.007 -17"><span class='ocrx_word' id='word_1_230' title='bbox 299 3089 390 3162; x_wconf 66' lang='lat' dir='ltr'><strong>qua”</strong></span> <span class='ocrx_word' id='word_1_231' title='bbox 437 3088 719 3160; x_wconf 63' lang='lat' dir='ltr'><strong>Apostolus</strong></span> <span class='ocrx_word' id='word_1_232' title='bbox 763 3087 910 3149; x_wconf 86' lang='lat' dir='ltr'><strong>dicit,</strong></span> <span class='ocrx_word' id='word_1_233' title='bbox 964 3085 1154 3140; x_wconf 79' lang='lat' dir='ltr'><strong>Factus</strong></span> <span class='ocrx_word' id='word_1_234' title='bbox 1197 3099 1306 3139; x_wconf 84' lang='lat' dir='ltr'><strong>sum</strong></span> <span class='ocrx_word' id='word_1_235' title='bbox 1337 3082 1575 3156; x_wconf 85' lang='lat' dir='ltr'><strong>parvulus</strong></span> <span class='ocrx_word' id='word_1_236' title='bbox 1617 3084 1666 3134; x_wconf 87' lang='lat' dir='ltr'><strong>in</strong></span> <span class='ocrx_word' id='word_1_237' title='bbox 1709 3083 1871 3134; x_wconf 84' lang='lat' dir='ltr'><strong>medio</strong></span> 
     </span>
    </p>
   </div>
   <div class='ocr_carea' id='block_1_31' title="bbox 296 3172 1867 3251">
    <p class='ocr_par' dir='ltr' id='par_1_31' title="bbox 296 3172 1867 3251">
     <span class='ocr_line' id='line_1_31' title="bbox 296 3172 1867 3251; baseline -0.007 -15"><span class='ocrx_word' id='word_1_238' title='bbox 296 3181 516 3246; x_wconf 59' lang='lat' dir='ltr'><strong>iiﬂi&#39;um,</strong></span> <span class='ocrx_word' id='word_1_239' title='bbox 538 3185 775 3251; x_wconf 81' lang='lat' dir='ltr'><strong>tanquam</strong></span> <span class='ocrx_word' id='word_1_240' title='bbox 801 3179 972 3232; x_wconf 73' lang='lat' dir='ltr'><strong>nutris:</strong></span> <span class='ocrx_word' id='word_1_241' title='bbox 999 3178 1168 3245; x_wconf 78' lang='lat' dir='ltr'><strong>fovens</strong></span> <span class='ocrx_word' id='word_1_242' title='bbox 1189 3176 1320 3242; x_wconf 80' lang='lat' dir='ltr'><strong>ﬁlios</strong></span> <span class='ocrx_word' id='word_1_243' title='bbox 1341 3191 1457 3229; x_wconf 85' lang='lat' dir='ltr'><strong>suos</strong></span> <span class='ocrx_word' id='word_1_244' title='bbox 1475 3175 1514 3241; x_wconf 87' lang='lat' dir='ltr'><strong>(l</strong></span> <span class='ocrx_word' id='word_1_245' title='bbox 1537 3172 1710 3227; x_wconf 78' lang='lat' dir='ltr'><strong>Thess.</strong></span> <span class='ocrx_word' id='word_1_246' title='bbox 1731 3173 1867 3242; x_wconf 86' lang='lat' dir='ltr'><strong>tt,7);</strong></span> 
     </span>
    </p>
   </div>
   <div class='ocr_carea' id='block_1_32' title="bbox 299 3267 1870 3342">
    <p class='ocr_par' dir='ltr' id='par_1_32' title="bbox 299 3267 1870 3342">
     <span class='ocr_line' id='line_1_32' title="bbox 299 3267 1870 3342; baseline -0.008 -12"><span class='ocrx_word' id='word_1_247' title='bbox 299 3273 413 3332; x_wconf 78' lang='lat' dir='ltr'><strong>thitc</strong></span> <span class='ocrx_word' id='word_1_248' title='bbox 447 3281 540 3330; x_wconf 81' lang='lat' dir='ltr'><strong>vus</strong></span> <span class='ocrx_word' id='word_1_249' title='bbox 579 3275 849 3342; x_wconf 80' lang='lat' dir='ltr'><strong>diligimus</strong></span> <span class='ocrx_word' id='word_1_250' title='bbox 873 3273 1085 3342; x_wconf 79' lang='lat' dir='ltr'><strong>quando</strong></span> <span class='ocrx_word' id='word_1_251' title='bbox 1111 3269 1341 3339; x_wconf 80' lang='lat' dir='ltr'><strong>exigitis.</strong></span> <span class='ocrx_word' id='word_1_252' title='bbox 1375 3267 1557 3337; x_wconf 81' lang='lat' dir='ltr'><strong>Pigrus</strong></span> <span class='ocrx_word' id='word_1_253' title='bbox 1593 3281 1696 3320; x_wconf 90' lang='lat' dir='ltr'><strong>non</strong></span> <span class='ocrx_word' id='word_1_254' title='bbox 1724 3282 1870 3318; x_wconf 82' lang='lat' dir='ltr'><strong>ama-</strong></span> 
     </span>
    </p>
   </div>
   <div class='ocr_carea' id='block_1_33' title="bbox 297 3353 1873 3436">
    <p class='ocr_par' dir='ltr' id='par_1_33' title="bbox 297 3353 1873 3436">
     <span class='ocr_line' id='line_1_33' title="bbox 297 3353 1873 3436; baseline -0.008 -15"><span class='ocrx_word' id='word_1_255' title='bbox 297 3355 438 3428; x_wconf 75' lang='lat' dir='ltr'><strong>iitus;</strong></span> <span class='ocrx_word' id='word_1_256' title='bbox 481 3366 602 3436; x_wconf 82' lang='lat' dir='ltr'><strong>quia</strong></span> <span class='ocrx_word' id='word_1_257' title='bbox 650 3364 1016 3430; x_wconf 78' lang='lat' dir='ltr'><strong>languentibus</strong></span> <span class='ocrx_word' id='word_1_258' title='bbox 1057 3359 1419 3413; x_wconf 80' lang='lat' dir='ltr'><strong>formidamus.</strong></span> <span class='ocrx_word' id='word_1_259' title='bbox 1455 3353 1873 3411; x_wconf 74' lang='lat' dir='ltr'><strong>[.itercessertmt</strong></span> 
     </span>
    </p>
   </div>
   <div class='ocr_carea' id='block_1_34' title="bbox 295 3449 1865 3518">
    <p class='ocr_par' dir='ltr' id='par_1_34' title="bbox 295 3449 1865 3518">
     <span class='ocr_line' id='line_1_34' title="bbox 295 3449 1865 3518; baseline -0.006 -8"><span class='ocrx_word' id='word_1_260' title='bbox 295 3455 479 3518; x_wconf 66' lang='lat' dir='ltr'><strong>sittant,</strong></span> <span class='ocrx_word' id='word_1_261' title='bbox 525 3467 583 3510; x_wconf 87' lang='lat' dir='ltr'><strong>ut</strong></span> <span class='ocrx_word' id='word_1_262' title='bbox 631 3454 1099 3508; x_wconf 86' lang='lat' dir='ltr'><strong>iutermitterenms</strong></span> <span class='ocrx_word' id='word_1_263' title='bbox 1145 3459 1346 3505; x_wconf 79' lang='lat' dir='ltr'><strong>textum</strong></span> <span class='ocrx_word' id='word_1_264' title='bbox 1386 3449 1538 3515; x_wconf 75' lang='lat' dir='ltr'><strong>hujus</strong></span> <span class='ocrx_word' id='word_1_265' title='bbox 1587 3449 1865 3516; x_wconf 75' lang='lat' dir='ltr'><strong>Ep;stol:e,</strong></span> 
     </span>
    </p>
   </div>
   <div class='ocr_carea' id='block_1_35' title="bbox 295 3540 1865 3618">
    <p class='ocr_par' dir='ltr' id='par_1_35' title="bbox 295 3540 1865 3618">
     <span class='ocr_line' id='line_1_35' title="bbox 295 3540 1865 3618; baseline -0.006 -18"><span class='ocrx_word' id='word_1_266' title='bbox 295 3547 524 3618; x_wconf 64' lang='lat' dir='ltr'><strong>quastiat‘n</strong></span> <span class='ocrx_word' id='word_1_267' title='bbox 584 3563 682 3616; x_wconf 86' lang='lat' dir='ltr'><strong>pro</strong></span> <span class='ocrx_word' id='word_1_268' title='bbox 750 3545 939 3600; x_wconf 80' lang='lat' dir='ltr'><strong>diebus</strong></span> <span class='ocrx_word' id='word_1_269' title='bbox 1005 3543 1150 3597; x_wconf 83' lang='lat' dir='ltr'><strong>festis</strong></span> <span class='ocrx_word' id='word_1_270' title='bbox 1223 3541 1479 3595; x_wconf 83' lang='lat' dir='ltr'><strong>Solemnia</strong></span> <span class='ocrx_word' id='word_1_271' title='bbox 1540 3540 1865 3604; x_wconf 84' lang='lat' dir='ltr'><strong>lectionum,</strong></span> 
     </span>
    </p>
   </div>
   <div class='ocr_carea' id='block_1_36' title="bbox 295 3632 1870 3711">
    <p class='ocr_par' dir='ltr' id='par_1_36' title="bbox 295 3632 1870 3711">
     <span class='ocr_line' id='line_1_36' title="bbox 295 3632 1870 3711; baseline -0.004 -17"><span class='ocrx_word' id='word_1_272' title='bbox 295 3639 404 3711; x_wconf 67' lang='lat' dir='ltr'><strong>dite</strong></span> <span class='ocrx_word' id='word_1_273' title='bbox 433 3655 531 3694; x_wconf 93' lang='lat' dir='ltr'><strong>non</strong></span> <span class='ocrx_word' id='word_1_274' title='bbox 563 3647 848 3708; x_wconf 88' lang='lat' dir='ltr'><strong>potuerunt</strong></span> <span class='ocrx_word' id='word_1_275' title='bbox 878 3637 976 3690; x_wconf 90' lang='lat' dir='ltr'><strong>nisi</strong></span> <span class='ocrx_word' id='word_1_276' title='bbox 1013 3636 1148 3705; x_wconf 82' lang='lat' dir='ltr'><strong>legi,</strong></span> <span class='ocrx_word' id='word_1_277' title='bbox 1199 3643 1254 3688; x_wconf 87' lang='lat' dir='ltr'><strong>et</strong></span> <span class='ocrx_word' id='word_1_278' title='bbox 1294 3634 1403 3702; x_wconf 90' lang='lat' dir='ltr'><strong>ipsa</strong></span> <span class='ocrx_word' id='word_1_279' title='bbox 1447 3634 1676 3686; x_wconf 89' lang='lat' dir='ltr'><strong>tractari.</strong></span> <span class='ocrx_word' id='word_1_280' title='bbox 1721 3632 1870 3687; x_wconf 88' lang='lat' dir='ltr'><strong>Nunc</strong></span> 
     </span>
    </p>
   </div>
   <div class='ocr_carea' id='block_1_37' title="bbox 299 3723 1870 3800">
    <p class='ocr_par' dir='ltr' id='par_1_37' title="bbox 299 3723 1870 3800">
     <span class='ocr_line' id='line_1_37' title="bbox 299 3723 1870 3800; baseline -0.006 -15"><span class='ocrx_word' id='word_1_281' title='bbox 299 3733 420 3800; x_wconf 69' lang='lat' dir='ltr'><strong>ergo</strong></span> <span class='ocrx_word' id='word_1_282' title='bbox 452 3730 513 3784; x_wconf 71' lang='lat' dir='ltr'><strong>ad</strong></span> <span class='ocrx_word' id='word_1_283' title='bbox 554 3728 972 3800; x_wconf 76' lang='lat' dir='ltr'><strong>prtetermissmn</strong></span> <span class='ocrx_word' id='word_1_284' title='bbox 1009 3727 1249 3779; x_wconf 90' lang='lat' dir='ltr'><strong>ordinem</strong></span> <span class='ocrx_word' id='word_1_285' title='bbox 1291 3723 1602 3786; x_wconf 85' lang='lat' dir='ltr'><strong>redeamus;</strong></span> <span class='ocrx_word' id='word_1_286' title='bbox 1648 3732 1701 3776; x_wconf 90' lang='lat' dir='ltr'><strong>et</strong></span> <span class='ocrx_word' id='word_1_287' title='bbox 1751 3739 1870 3792; x_wconf 78' lang='lat' dir='ltr'><strong>qua:</strong></span> 
     </span>
    </p>
   </div>
   <div class='ocr_carea' id='block_1_38' title="bbox 303 3813 1866 3886">
    <p class='ocr_par' dir='ltr' id='par_1_38' title="bbox 303 3813 1866 3886">
     <span class='ocr_line' id='line_1_38' title="bbox 303 3813 1866 3886; baseline -0.005 -11"><span class='ocrx_word' id='word_1_288' title='bbox 303 3825 508 3886; x_wconf 77' lang='lat' dir='ltr'><strong>restant,</strong></span> <span class='ocrx_word' id='word_1_289' title='bbox 532 3823 734 3874; x_wconf 90' lang='lat' dir='ltr'><strong>intente</strong></span> <span class='ocrx_word' id='word_1_290' title='bbox 748 3819 969 3886; x_wconf 73' lang='lat' dir='ltr'><strong>accipiat</strong></span> <span class='ocrx_word' id='word_1_291' title='bbox 987 3816 1251 3871; x_wconf 87' lang='lat' dir='ltr'><strong>Sanctitas</strong></span> <span class='ocrx_word' id='word_1_292' title='bbox 1269 3823 1462 3870; x_wconf 83' lang='lat' dir='ltr'><strong>vestra.</strong></span> <span class='ocrx_word' id='word_1_293' title='bbox 1481 3813 1667 3868; x_wconf 71' lang='lat' dir='ltr'><strong>Nescio</strong></span> <span class='ocrx_word' id='word_1_294' title='bbox 1691 3821 1866 3867; x_wconf 88' lang='lat' dir='ltr'><strong>utrum</strong></span> 
     </span>
    </p>
   </div>
   <div class='ocr_carea' id='block_1_39' title="bbox 302 3899 1866 3981">
    <p class='ocr_par' dir='ltr' id='par_1_39' title="bbox 302 3899 1866 3981">
     <span class='ocr_line' id='line_1_39' title="bbox 302 3899 1866 3981; baseline -0.005 -17"><span class='ocrx_word' id='word_1_295' title='bbox 302 3899 706 3981; x_wconf 57' lang='lat' dir='ltr'><strong>magniﬁcentius</strong></span> <span class='ocrx_word' id='word_1_296' title='bbox 759 3909 912 3963; x_wconf 88' lang='lat' dir='ltr'><strong>nobis</strong></span> <span class='ocrx_word' id='word_1_297' title='bbox 954 3908 1188 3961; x_wconf 88' lang='lat' dir='ltr'><strong>charitas</strong></span> <span class='ocrx_word' id='word_1_298' title='bbox 1225 3904 1590 3960; x_wconf 84' lang='lat' dir='ltr'><strong>commendari</strong></span> <span class='ocrx_word' id='word_1_299' title='bbox 1646 3913 1866 3972; x_wconf 88' lang='lat' dir='ltr'><strong>posset,</strong></span> 
     </span>
    </p>
   </div>
   <div class='ocr_carea' id='block_1_40' title="bbox 300 3993 1872 4071">
    <p class='ocr_par' dir='ltr' id='par_1_40' title="bbox 300 3993 1872 4071">
     <span class='ocr_line' id='line_1_40' title="bbox 300 3993 1872 4071; baseline -0.003 -17"><span class='ocrx_word' id='word_1_300' title='bbox 300 4007 443 4071; x_wconf 68' lang='lat' dir='ltr'><strong>quam</strong></span> <span class='ocrx_word' id='word_1_301' title='bbox 471 4013 525 4056; x_wconf 90' lang='grc' dir='ltr'><strong>ιιι</strong></span> <span class='ocrx_word' id='word_1_302' title='bbox 547 4001 836 4065; x_wconf 89' lang='lat' dir='ltr'><strong>diceretur,</strong></span> <span class='ocrx_word' id='word_1_303' title='bbox 871 3997 1006 4052; x_wconf 86' lang='lat' dir='ltr'><strong>Deus</strong></span> <span class='ocrx_word' id='word_1_304' title='bbox 1037 3999 1256 4050; x_wconf 76' lang='lat' dir='ltr'><strong>cum-itas</strong></span> <span class='ocrx_word' id='word_1_305' title='bbox 1286 4005 1375 4050; x_wconf 78' lang='lat' dir='ltr'><strong>est.</strong></span> <span class='ocrx_word' id='word_1_306' title='bbox 1412 3993 1593 4050; x_wconf 83' lang='lat' dir='ltr'><strong>Brevis</strong></span> <span class='ocrx_word' id='word_1_307' title='bbox 1633 3996 1748 4050; x_wconf 87' lang='lat' dir='ltr'><strong>laus</strong></span> <span class='ocrx_word' id='word_1_308' title='bbox 1768 4039 1782 4061; x_wconf 91' lang='lat'><strong>,</strong></span> <span class='ocrx_word' id='word_1_309' title='bbox 1817 4005 1872 4050; x_wconf 86' lang='lat' dir='ltr'><strong>et</strong></span> 
     </span>
    </p>
   </div>
   <div class='ocr_carea' id='block_1_41' title="bbox 301 4083 1865 4165">
    <p class='ocr_par' dir='ltr' id='par_1_41' title="bbox 301 4083 1865 4165">
     <span class='ocr_line' id='line_1_41' title="bbox 301 4083 1865 4165; baseline -0.005 -17"><span class='ocrx_word' id='word_1_310' title='bbox 301 4100 476 4165; x_wconf 72' lang='lat' dir='ltr'><strong>magna</strong></span> <span class='ocrx_word' id='word_1_311' title='bbox 520 4093 633 4147; x_wconf 80' lang='lat' dir='ltr'><strong>laus</strong></span> <span class='ocrx_word' id='word_1_312' title='bbox 665 4111 678 4145; x_wconf 90' lang='lat'>:</span> <span class='ocrx_word' id='word_1_313' title='bbox 714 4093 888 4145; x_wconf 80' lang='lat' dir='ltr'><strong>brevis</strong></span> <span class='ocrx_word' id='word_1_314' title='bbox 919 4091 971 4143; x_wconf 91' lang='lat' dir='ltr'><strong>in</strong></span> <span class='ocrx_word' id='word_1_315' title='bbox 1007 4095 1286 4149; x_wconf 85' lang='lat' dir='ltr'><strong>sermone,</strong></span> <span class='ocrx_word' id='word_1_316' title='bbox 1317 4097 1369 4142; x_wconf 89' lang='lat' dir='ltr'><strong>et</strong></span> <span class='ocrx_word' id='word_1_317' title='bbox 1396 4101 1582 4156; x_wconf 82' lang='lat' dir='ltr'><strong>magna</strong></span> <span class='ocrx_word' id='word_1_318' title='bbox 1613 4083 1662 4140; x_wconf 92' lang='lat' dir='ltr'><strong>in</strong></span> <span class='ocrx_word' id='word_1_319' title='bbox 1705 4087 1865 4141; x_wconf 87' lang='lat' dir='ltr'><strong>intel-</strong></span> 
     </span>
    </p>
   </div>
   <div class='ocr_carea' id='block_1_42' title="bbox 304 4179 1870 4254">
    <p class='ocr_par' dir='ltr' id='par_1_42' title="bbox 304 4179 1870 4254">
     <span class='ocr_line' id='line_1_42' title="bbox 304 4179 1870 4254; baseline -0.003 -16"><span class='ocrx_word' id='word_1_320' title='bbox 304 4186 447 4241; x_wconf 83' lang='lat' dir='ltr'><strong>lectu.</strong></span> <span class='ocrx_word' id='word_1_321' title='bbox 493 4186 658 4254; x_wconf 82' lang='lat' dir='ltr'><strong>Quam</strong></span> <span class='ocrx_word' id='word_1_322' title='bbox 707 4186 812 4238; x_wconf 89' lang='lat' dir='ltr'><strong>cito</strong></span> <span class='ocrx_word' id='word_1_323' title='bbox 855 4183 1067 4246; x_wconf 87' lang='lat' dir='ltr'><strong>dicitur,</strong></span> <span class='ocrx_word' id='word_1_324' title='bbox 1111 4179 1249 4234; x_wconf 86' lang='lat' dir='ltr'><strong>Deus</strong></span> <span class='ocrx_word' id='word_1_325' title='bbox 1293 4180 1493 4233; x_wconf 85' lang='lat' dir='ltr'><strong>dilectio</strong></span> <span class='ocrx_word' id='word_1_326' title='bbox 1527 4181 1632 4234; x_wconf 83' lang='lat' dir='ltr'><strong>est!</strong></span> <span class='ocrx_word' id='word_1_327' title='bbox 1675 4180 1740 4233; x_wconf 86' lang='lat' dir='ltr'><strong>Et</strong></span> <span class='ocrx_word' id='word_1_328' title='bbox 1769 4181 1870 4234; x_wconf 92' lang='lat' dir='ltr'><strong>hoc</strong></span> 
     </span>
    </p>
   </div>
   <div class='ocr_carea' id='block_1_43' title="bbox 304 4272 1867 4342">
    <p class='ocr_par' dir='ltr' id='par_1_43' title="bbox 304 4272 1867 4342">
     <span class='ocr_line' id='line_1_43' title="bbox 304 4272 1867 4342; baseline -0.003 -12"><span class='ocrx_word' id='word_1_329' title='bbox 304 4275 448 4331; x_wconf 86' lang='lat' dir='ltr'><strong>breve</strong></span> <span class='ocrx_word' id='word_1_330' title='bbox 471 4287 550 4331; x_wconf 86' lang='lat' dir='ltr'><strong>est</strong></span> <span class='ocrx_word' id='word_1_331' title='bbox 577 4294 589 4328; x_wconf 90' lang='lat'>:</span> <span class='ocrx_word' id='word_1_332' title='bbox 619 4277 664 4329; x_wconf 91' lang='lat' dir='ltr'><strong>si</strong></span> <span class='ocrx_word' id='word_1_333' title='bbox 696 4290 961 4338; x_wconf 84' lang='lat' dir='ltr'><strong>numeres,</strong></span> <span class='ocrx_word' id='word_1_334' title='bbox 987 4289 1146 4326; x_wconf 91' lang='lat' dir='ltr'><strong>unum</strong></span> <span class='ocrx_word' id='word_1_335' title='bbox 1171 4284 1281 4334; x_wconf 87' lang='lat' dir='ltr'><strong>est;</strong></span> <span class='ocrx_word' id='word_1_336' title='bbox 1308 4272 1352 4326; x_wconf 89' lang='lat' dir='ltr'><strong>si</strong></span> <span class='ocrx_word' id='word_1_337' title='bbox 1380 4272 1671 4342; x_wconf 68' lang='lat' dir='ltr'><strong>appendas,</strong></span> <span class='ocrx_word' id='word_1_338' title='bbox 1696 4279 1867 4340; x_wconf 83' lang='lat' dir='ltr'><strong>quan-</strong></span> 
     </span>
    </p>
   </div>
   <div class='ocr_carea' id='block_1_44' title="bbox 308 4362 1867 4433">
    <p class='ocr_par' dir='ltr' id='par_1_44' title="bbox 308 4362 1867 4433">
     <span class='ocr_line' id='line_1_44' title="bbox 308 4362 1867 4433; baseline -0.001 -13"><span class='ocrx_word' id='word_1_339' title='bbox 308 4373 405 4420; x_wconf 75' lang='lat' dir='ltr'><strong>tum</strong></span> <span class='ocrx_word' id='word_1_340' title='bbox 445 4369 552 4420; x_wconf 83' lang='lat' dir='ltr'><strong>est!</strong></span> <span class='ocrx_word' id='word_1_341' title='bbox 601 4365 741 4419; x_wconf 83' lang='lat' dir='ltr'><strong>Deus</strong></span> <span class='ocrx_word' id='word_1_342' title='bbox 790 4365 992 4418; x_wconf 77' lang='lat' dir='ltr'><strong>dilectio</strong></span> <span class='ocrx_word' id='word_1_343' title='bbox 1029 4373 1118 4418; x_wconf 85' lang='lat' dir='ltr'><strong>est.</strong></span> <span class='ocrx_word' id='word_1_344' title='bbox 1153 4362 1218 4416; x_wconf 83' lang='lat' dir='ltr'><strong>Et</strong></span> <span class='ocrx_word' id='word_1_345' title='bbox 1247 4364 1332 4430; x_wconf 88' lang='lat' dir='ltr'><strong>qui</strong></span> <span class='ocrx_word' id='word_1_346' title='bbox 1362 4374 1546 4428; x_wconf 84' lang='lat' dir='ltr'><strong>umnet,</strong></span> <span class='ocrx_word' id='word_1_347' title='bbox 1583 4365 1768 4433; x_wconf 89' lang='lat' dir='ltr'><strong>inquit,</strong></span> <span class='ocrx_word' id='word_1_348' title='bbox 1813 4367 1867 4419; x_wconf 85' lang='lat' dir='ltr'><strong>in</strong></span> 
     </span>
    </p>
   </div>
   <div class='ocr_carea' id='block_1_45' title="bbox 307 4454 1861 4526">
    <p class='ocr_par' dir='ltr' id='par_1_45' title="bbox 307 4454 1861 4526">
     <span class='ocr_line' id='line_1_45' title="bbox 307 4454 1861 4526; baseline 0.001 -18"><span class='ocrx_word' id='word_1_349' title='bbox 307 4456 563 4524; x_wconf 77' lang='lat' dir='ltr'><strong>dilectione,</strong></span> <span class='ocrx_word' id='word_1_350' title='bbox 593 4459 644 4511; x_wconf 88' lang='lat' dir='ltr'><strong>in</strong></span> <span class='ocrx_word' id='word_1_351' title='bbox 673 4457 780 4510; x_wconf 79' lang='lat' dir='ltr'><strong>Deo</strong></span> <span class='ocrx_word' id='word_1_352' title='bbox 805 4463 973 4510; x_wconf 83' lang='lat' dir='ltr'><strong>manet</strong></span> <span class='ocrx_word' id='word_1_353' title='bbox 1000 4464 1047 4510; x_wconf 85' lang='lat' dir='ltr'><strong>et</strong></span> <span class='ocrx_word' id='word_1_354' title='bbox 1078 4455 1214 4509; x_wconf 82' lang='lat' dir='ltr'><strong>Deus</strong></span> <span class='ocrx_word' id='word_1_355' title='bbox 1237 4454 1290 4509; x_wconf 81' lang='lat' dir='ltr'><strong>in</strong></span> <span class='ocrx_word' id='word_1_356' title='bbox 1316 4456 1404 4510; x_wconf 85' lang='lat' dir='ltr'><strong>illo</strong></span> <span class='ocrx_word' id='word_1_357' title='bbox 1426 4465 1590 4509; x_wconf 85' lang='lat' dir='ltr'><strong>manet</strong></span> <span class='ocrx_word' id='word_1_358' title='bbox 1620 4456 1673 4526; x_wconf 93' lang='grc' dir='ltr'><strong>(Ι</strong></span> <span class='ocrx_word' id='word_1_359' title='bbox 1703 4455 1861 4510; x_wconf 84' lang='lat' dir='ltr'><strong>Joau.</strong></span> 
     </span>
    </p>
   </div>
   <div class='ocr_carea' id='block_1_46' title="bbox 307 4547 1860 4624">
    <p class='ocr_par' dir='ltr' id='par_1_46' title="bbox 307 4547 1860 4624">
     <span class='ocr_line' id='line_1_46' title="bbox 307 4547 1860 4624; baseline 0.001 -22"><span class='ocrx_word' id='word_1_360' title='bbox 307 4563 368 4613; x_wconf 82' lang='lat' dir='ltr'><strong>tv,</strong></span> <span class='ocrx_word' id='word_1_361' title='bbox 417 4549 516 4624; x_wconf 77' lang='grc'><strong>16).</strong></span> <span class='ocrx_word' id='word_1_362' title='bbox 568 4550 649 4604; x_wconf 89' lang='lat' dir='ltr'><strong>Sit</strong></span> <span class='ocrx_word' id='word_1_363' title='bbox 690 4549 781 4602; x_wconf 91' lang='lat' dir='ltr'><strong>tibi</strong></span> <span class='ocrx_word' id='word_1_364' title='bbox 816 4549 1011 4603; x_wconf 88' lang='lat' dir='ltr'><strong>domus</strong></span> <span class='ocrx_word' id='word_1_365' title='bbox 1050 4549 1207 4614; x_wconf 90' lang='lat' dir='ltr'><strong>Deus,</strong></span> <span class='ocrx_word' id='word_1_366' title='bbox 1248 4547 1304 4603; x_wconf 86' lang='lat' dir='ltr'><strong>et</strong></span> <span class='ocrx_word' id='word_1_367' title='bbox 1340 4557 1458 4604; x_wconf 83' lang='lat' dir='ltr'><strong>esto</strong></span> <span class='ocrx_word' id='word_1_368' title='bbox 1501 4549 1692 4603; x_wconf 91' lang='lat' dir='ltr'><strong>domus</strong></span> <span class='ocrx_word' id='word_1_369' title='bbox 1733 4551 1860 4615; x_wconf 88' lang='lat' dir='ltr'><strong>Dei;</strong></span> 
     </span>
    </p>
   </div>
   <div class='ocr_carea' id='block_1_47' title="bbox 308 4639 1858 4710">
    <p class='ocr_par' dir='ltr' id='par_1_47' title="bbox 308 4639 1858 4710">
     <span class='ocr_line' id='line_1_47' title="bbox 308 4639 1858 4710; baseline 0.003 -17"><span class='ocrx_word' id='word_1_370' title='bbox 308 4656 444 4698; x_wconf 83' lang='lat' dir='ltr'><strong>mane</strong></span> <span class='ocrx_word' id='word_1_371' title='bbox 468 4643 515 4696; x_wconf 92' lang='lat' dir='ltr'><strong>in</strong></span> <span class='ocrx_word' id='word_1_372' title='bbox 546 4643 672 4707; x_wconf 87' lang='lat' dir='ltr'><strong>Deo,</strong></span> <span class='ocrx_word' id='word_1_373' title='bbox 694 4649 750 4695; x_wconf 88' lang='lat' dir='ltr'><strong>et</strong></span> <span class='ocrx_word' id='word_1_374' title='bbox 771 4650 984 4695; x_wconf 86' lang='lat' dir='ltr'><strong>maneat</strong></span> <span class='ocrx_word' id='word_1_375' title='bbox 1008 4639 1058 4694; x_wconf 84' lang='lat' dir='ltr'><strong>in</strong></span> <span class='ocrx_word' id='word_1_376' title='bbox 1091 4649 1143 4695; x_wconf 88' lang='lat' dir='ltr'><strong>te</strong></span> <span class='ocrx_word' id='word_1_377' title='bbox 1169 4642 1325 4696; x_wconf 87' lang='lat' dir='ltr'><strong>Deus.</strong></span> <span class='ocrx_word' id='word_1_378' title='bbox 1356 4641 1527 4696; x_wconf 86' lang='lat' dir='ltr'><strong>Manet</strong></span> <span class='ocrx_word' id='word_1_379' title='bbox 1558 4643 1608 4696; x_wconf 91' lang='lat' dir='ltr'><strong>in</strong></span> <span class='ocrx_word' id='word_1_380' title='bbox 1630 4653 1679 4697; x_wconf 89' lang='lat' dir='ltr'><strong>te</strong></span> <span class='ocrx_word' id='word_1_381' title='bbox 1704 4644 1858 4710; x_wconf 91' lang='lat' dir='ltr'><strong>Deus,</strong></span> 
     </span>
    </p>
   </div>
   <div class='ocr_carea' id='block_1_48' title="bbox 304 4734 1865 4804">
    <p class='ocr_par' dir='ltr' id='par_1_48' title="bbox 304 4734 1865 4804">
     <span class='ocr_line' id='line_1_48' title="bbox 304 4734 1865 4804; baseline 0 -15"><span class='ocrx_word' id='word_1_382' title='bbox 304 4744 351 4791; x_wconf 87' lang='grc' dir='ltr'><strong>ιιι</strong></span> <span class='ocrx_word' id='word_1_383' title='bbox 377 4745 422 4792; x_wconf 84' lang='lat' dir='ltr'><strong>te</strong></span> <span class='ocrx_word' id='word_1_384' title='bbox 446 4737 710 4790; x_wconf 70' lang='lat' dir='ltr'><strong>contineat</strong></span> <span class='ocrx_word' id='word_1_385' title='bbox 741 4751 755 4786; x_wconf 90' lang='lat'><strong>:</strong></span> <span class='ocrx_word' id='word_1_386' title='bbox 785 4735 971 4786; x_wconf 82' lang='lat' dir='ltr'><strong>manes</strong></span> <span class='ocrx_word' id='word_1_387' title='bbox 992 4734 1042 4786; x_wconf 91' lang='lat' dir='ltr'><strong>in</strong></span> <span class='ocrx_word' id='word_1_388' title='bbox 1073 4735 1210 4793; x_wconf 88' lang='lat' dir='ltr'><strong>Deo.</strong></span> <span class='ocrx_word' id='word_1_389' title='bbox 1237 4745 1304 4787; x_wconf 87' lang='lat' dir='ltr'><strong>ne</strong></span> <span class='ocrx_word' id='word_1_390' title='bbox 1332 4734 1526 4791; x_wconf 85' lang='lat' dir='ltr'><strong>cadas:</strong></span> <span class='ocrx_word' id='word_1_391' title='bbox 1548 4736 1670 4804; x_wconf 82' lang='lat' dir='ltr'><strong>quia</strong></span> <span class='ocrx_word' id='word_1_392' title='bbox 1690 4735 1768 4789; x_wconf 83' lang='lat' dir='ltr'><strong>sic</strong></span> <span class='ocrx_word' id='word_1_393' title='bbox 1797 4736 1865 4790; x_wconf 88' lang='lat' dir='ltr'><strong>de</strong></span> 
     </span>
    </p>
   </div>
   <div class='ocr_carea' id='block_1_49' title="bbox 303 4823 1863 4897">
    <p class='ocr_par' dir='ltr' id='par_1_49' title="bbox 303 4823 1863 4897">
     <span class='ocr_line' id='line_1_49' title="bbox 303 4823 1863 4897; baseline -0.002 -16"><span class='ocrx_word' id='word_1_394' title='bbox 303 4828 399 4897; x_wconf 80' lang='lat' dir='ltr'><strong>ipsa</strong></span> <span class='ocrx_word' id='word_1_395' title='bbox 418 4829 670 4884; x_wconf 75' lang='lat' dir='ltr'><strong>charitzite</strong></span> <span class='ocrx_word' id='word_1_396' title='bbox 696 4825 827 4880; x_wconf 89' lang='lat' dir='ltr'><strong>dicit</strong></span> <span class='ocrx_word' id='word_1_397' title='bbox 853 4824 1158 4893; x_wconf 84' lang='lat' dir='ltr'><strong>Apostolus,</strong></span> <span class='ocrx_word' id='word_1_398' title='bbox 1188 4823 1422 4880; x_wconf 75' lang='lat' dir='ltr'><strong>Charitas</strong></span> <span class='ocrx_word' id='word_1_399' title='bbox 1447 4839 1703 4890; x_wconf 82' lang='lat' dir='ltr'><strong>nunquam</strong></span> <span class='ocrx_word' id='word_1_400' title='bbox 1727 4828 1863 4879; x_wconf 82' lang='lat' dir='ltr'><strong>cadit</strong></span> 
     </span>
    </p>
   </div>
   <div class='ocr_carea' id='block_1_50' title="bbox 301 4911 1863 4990">
    <p class='ocr_par' dir='ltr' id='par_1_50' title="bbox 301 4911 1863 4990">
     <span class='ocr_line' id='line_1_50' title="bbox 301 4911 1863 4990; baseline -0.004 -15"><span class='ocrx_word' id='word_1_401' title='bbox 301 4919 318 4990; x_wconf 93' lang='lat'>(</span> <span class='ocrx_word' id='word_1_402' title='bbox 333 4919 347 4974; x_wconf 95' lang='grc' dir='ltr'><strong>Ι</strong></span> <span class='ocrx_word' id='word_1_403' title='bbox 374 4916 485 4975; x_wconf 81' lang='lat' dir='ltr'><strong>Cor.</strong></span> <span class='ocrx_word' id='word_1_404' title='bbox 519 4933 637 4981; x_wconf 68' lang='grc' dir='ltr'>χιιι,</span> <span class='ocrx_word' id='word_1_405' title='bbox 661 4917 738 4987; x_wconf 87' lang='lat'><strong>8).</strong></span> <span class='ocrx_word' id='word_1_406' title='bbox 760 4914 1040 4984; x_wconf 86' lang='lat' dir='ltr'><strong>Quomodo</strong></span> <span class='ocrx_word' id='word_1_407' title='bbox 1068 4914 1209 4969; x_wconf 85' lang='lat' dir='ltr'><strong>cadit</strong></span> <span class='ocrx_word' id='word_1_408' title='bbox 1232 4925 1388 4985; x_wconf 83' lang='lat' dir='ltr'><strong>quem</strong></span> <span class='ocrx_word' id='word_1_409' title='bbox 1421 4917 1658 4970; x_wconf 89' lang='lat' dir='ltr'><strong>continet</strong></span> <span class='ocrx_word' id='word_1_410' title='bbox 1685 4911 1863 4971; x_wconf 84' lang='lat' dir='ltr'><strong>Deus?</strong></span> 
     </span>
    </p>
   </div>
   <div class='ocr_carea' id='block_1_51' title="bbox 355 5015 1862 5086">
    <p class='ocr_par' dir='ltr' id='par_1_51' title="bbox 355 5015 1862 5086">
     <span class='ocr_line' id='line_1_51' title="bbox 355 5015 1862 5086; baseline -0.003 -15"><span class='ocrx_word' id='word_1_411' title='bbox 355 5015 405 5071; x_wconf 70' lang='lat'><strong>2.</strong></span> <span class='ocrx_word' id='word_1_412' title='bbox 431 5017 495 5072; x_wconf 82' lang='lat' dir='ltr'><strong>In</strong></span> <span class='ocrx_word' id='word_1_413' title='bbox 525 5019 621 5072; x_wconf 78' lang='lat' dir='ltr'><strong>hoc</strong></span> <span class='ocrx_word' id='word_1_414' title='bbox 653 5020 872 5086; x_wconf 81' lang='lat' dir='ltr'><strong>perfecta</strong></span> <span class='ocrx_word' id='word_1_415' title='bbox 909 5025 980 5068; x_wconf 86' lang='lat' dir='ltr'><strong>est</strong></span> <span class='ocrx_word' id='word_1_416' title='bbox 1005 5015 1205 5068; x_wconf 84' lang='lat' dir='ltr'><strong>dilectio</strong></span> <span class='ocrx_word' id='word_1_417' title='bbox 1234 5016 1284 5068; x_wconf 88' lang='lat' dir='ltr'><strong>in</strong></span> <span class='ocrx_word' id='word_1_418' title='bbox 1313 5015 1453 5068; x_wconf 84' lang='lat' dir='ltr'><strong>nobis</strong></span> <span class='ocrx_word' id='word_1_419' title='bbox 1478 5057 1492 5078; x_wconf 96' lang='lat'><strong>,</strong></span> <span class='ocrx_word' id='word_1_420' title='bbox 1535 5023 1589 5068; x_wconf 87' lang='lat' dir='ltr'><strong>ut</strong></span> <span class='ocrx_word' id='word_1_421' title='bbox 1623 5015 1862 5084; x_wconf 73' lang='lat' dir='ltr'><strong>ﬁduciam</strong></span> 
     </span>
    </p>
   </div>
   <div class='ocr_carea' id='block_1_52' title="bbox 297 5104 1860 5179">
    <p class='ocr_par' dir='ltr' id='par_1_52' title="bbox 297 5104 1860 5179">
     <span class='ocr_line' id='line_1_52' title="bbox 297 5104 1860 5179; baseline -0.001 -18"><span class='ocrx_word' id='word_1_422' title='bbox 297 5107 547 5164; x_wconf 78' lang='lat' dir='ltr'><strong>habemus</strong></span> <span class='ocrx_word' id='word_1_423' title='bbox 569 5111 624 5163; x_wconf 84' lang='lat' dir='ltr'><strong>in</strong></span> <span class='ocrx_word' id='word_1_424' title='bbox 651 5106 734 5162; x_wconf 82' lang='lat' dir='ltr'><strong>die</strong></span> <span class='ocrx_word' id='word_1_425' title='bbox 747 5104 938 5179; x_wconf 81' lang='lat' dir='ltr'><strong>judicii</strong></span> <span class='ocrx_word' id='word_1_426' title='bbox 959 5123 975 5162; x_wconf 90' lang='lat'><strong><em>:</em></strong></span> <span class='ocrx_word' id='word_1_427' title='bbox 995 5107 1112 5177; x_wconf 87' lang='lat' dir='ltr'><strong>quia</strong></span> <span class='ocrx_word' id='word_1_428' title='bbox 1130 5106 1257 5158; x_wconf 86' lang='lat' dir='ltr'><strong>sicut</strong></span> <span class='ocrx_word' id='word_1_429' title='bbox 1283 5107 1372 5159; x_wconf 83' lang='lat' dir='ltr'><strong>ille</strong></span> <span class='ocrx_word' id='word_1_430' title='bbox 1390 5115 1482 5169; x_wconf 84' lang='lat' dir='ltr'><strong>est,</strong></span> <span class='ocrx_word' id='word_1_431' title='bbox 1511 5115 1557 5159; x_wconf 87' lang='lat' dir='ltr'><strong>et</strong></span> <span class='ocrx_word' id='word_1_432' title='bbox 1582 5122 1670 5158; x_wconf 86' lang='lat' dir='ltr'><strong>nos</strong></span> <span class='ocrx_word' id='word_1_433' title='bbox 1691 5121 1860 5160; x_wconf 79' lang='lat' dir='ltr'><strong>sumus</strong></span> 
     </span>
    </p>
   </div>
   <div class='ocr_carea' id='block_1_53' title="bbox 292 5193 1855 5267">
    <p class='ocr_par' dir='ltr' id='par_1_53' title="bbox 292 5193 1855 5267">
     <span class='ocr_line' id='line_1_53' title="bbox 292 5193 1855 5267; baseline -0.001 -17"><span class='ocrx_word' id='word_1_434' title='bbox 292 5197 341 5251; x_wconf 81' lang='lat' dir='ltr'><strong>in</strong></span> <span class='ocrx_word' id='word_1_435' title='bbox 362 5201 449 5253; x_wconf 82' lang='lat' dir='ltr'><strong>hoc</strong></span> <span class='ocrx_word' id='word_1_436' title='bbox 477 5200 684 5253; x_wconf 86' lang='lat' dir='ltr'><strong>umndo.</strong></span> <span class='ocrx_word' id='word_1_437' title='bbox 720 5193 852 5253; x_wconf 86' lang='lat' dir='ltr'><strong>Dicit</strong></span> <span class='ocrx_word' id='word_1_438' title='bbox 876 5197 1145 5267; x_wconf 91' lang='lat' dir='ltr'><strong>quomodo</strong></span> <span class='ocrx_word' id='word_1_439' title='bbox 1173 5205 1231 5249; x_wconf 74' lang='lat' dir='ltr'><strong>3e</strong></span> <span class='ocrx_word' id='word_1_440' title='bbox 1263 5196 1448 5264; x_wconf 85' lang='lat' dir='ltr'><strong>probet</strong></span> <span class='ocrx_word' id='word_1_441' title='bbox 1473 5197 1855 5265; x_wconf 78' lang='lat' dir='ltr'><strong>unusquisque,</strong></span> 
     </span>
    </p>
   </div>
   <div class='ocr_carea' id='block_1_54' title="bbox 297 5288 1858 5360">
    <p class='ocr_par' dir='ltr' id='par_1_54' title="bbox 297 5288 1858 5360">
     <span class='ocr_line' id='line_1_54' title="bbox 297 5288 1858 5360; baseline -0.003 -15"><span class='ocrx_word' id='word_1_442' title='bbox 297 5299 532 5358; x_wconf 83' lang='lat' dir='ltr'><strong>quantum</strong></span> <span class='ocrx_word' id='word_1_443' title='bbox 561 5294 614 5346; x_wconf 89' lang='lat' dir='ltr'><strong>in</strong></span> <span class='ocrx_word' id='word_1_444' title='bbox 647 5293 739 5348; x_wconf 93' lang='lat' dir='ltr'><strong>illo</strong></span> <span class='ocrx_word' id='word_1_445' title='bbox 769 5289 1053 5360; x_wconf 84' lang='lat' dir='ltr'><strong>proiecerit</strong></span> <span class='ocrx_word' id='word_1_446' title='bbox 1083 5289 1315 5343; x_wconf 85' lang='lat' dir='ltr'><strong>charitas</strong></span> <span class='ocrx_word' id='word_1_447' title='bbox 1340 5305 1352 5341; x_wconf 92' lang='lat'>:</span> <span class='ocrx_word' id='word_1_448' title='bbox 1381 5288 1463 5340; x_wconf 85' lang='lat' dir='ltr'><strong>vel</strong></span> <span class='ocrx_word' id='word_1_449' title='bbox 1493 5289 1665 5356; x_wconf 85' lang='lat' dir='ltr'><strong>potius</strong></span> <span class='ocrx_word' id='word_1_450' title='bbox 1688 5300 1858 5357; x_wconf 76' lang='lat' dir='ltr'><strong>quan-</strong></span> 
     </span>
    </p>
   </div>
   <div class='ocr_carea' id='block_1_55' title="bbox 304 5379 1860 5454">
    <p class='ocr_par' dir='ltr' id='par_1_55' title="bbox 304 5379 1860 5454">
     <span class='ocr_line' id='line_1_55' title="bbox 304 5379 1860 5454; baseline 0.001 -21"><span class='ocrx_word' id='word_1_451' title='bbox 304 5389 399 5436; x_wconf 88' lang='lat' dir='ltr'><strong>tum</strong></span> <span class='ocrx_word' id='word_1_452' title='bbox 425 5387 534 5454; x_wconf 83' lang='lat' dir='ltr'><strong>ipse</strong></span> <span class='ocrx_word' id='word_1_453' title='bbox 561 5391 614 5440; x_wconf 86' lang='grc' dir='ltr'><strong>ιιι</strong></span> <span class='ocrx_word' id='word_1_454' title='bbox 642 5384 898 5440; x_wconf 84' lang='lat' dir='ltr'><strong>ettaritate</strong></span> <span class='ocrx_word' id='word_1_455' title='bbox 919 5382 1222 5452; x_wconf 81' lang='lat' dir='ltr'><strong>proiecerit.</strong></span> <span class='ocrx_word' id='word_1_456' title='bbox 1249 5379 1379 5434; x_wconf 84' lang='lat' dir='ltr'><strong>Nam</strong></span> <span class='ocrx_word' id='word_1_457' title='bbox 1401 5381 1442 5433; x_wconf 91' lang='lat' dir='ltr'><strong>si</strong></span> <span class='ocrx_word' id='word_1_458' title='bbox 1471 5381 1702 5435; x_wconf 87' lang='lat' dir='ltr'><strong>charitas</strong></span> <span class='ocrx_word' id='word_1_459' title='bbox 1725 5380 1860 5435; x_wconf 88' lang='lat' dir='ltr'><strong>Deus</strong></span> 
     </span>
    </p>
   </div>
   <div class='ocr_carea' id='block_1_56' title="bbox 307 5471 1858 5544">
    <p class='ocr_par' dir='ltr' id='par_1_56' title="bbox 307 5471 1858 5544">
     <span class='ocr_line' id='line_1_56' title="bbox 307 5471 1858 5544; baseline -0.004 -16"><span class='ocrx_word' id='word_1_460' title='bbox 307 5481 372 5523; x_wconf 75' lang='lat' dir='ltr'><strong>est</strong></span> <span class='ocrx_word' id='word_1_461' title='bbox 397 5514 410 5534; x_wconf 85' lang='lat'><strong>.</strong></span> <span class='ocrx_word' id='word_1_462' title='bbox 459 5491 552 5530; x_wconf 89' lang='lat' dir='ltr'><strong>nec</strong></span> <span class='ocrx_word' id='word_1_463' title='bbox 584 5475 789 5544; x_wconf 85' lang='lat' dir='ltr'><strong>proﬁcit</strong></span> <span class='ocrx_word' id='word_1_464' title='bbox 815 5486 913 5528; x_wconf 88' lang='lat' dir='ltr'><strong>nec</strong></span> <span class='ocrx_word' id='word_1_465' title='bbox 951 5473 1131 5528; x_wconf 88' lang='lat' dir='ltr'><strong>deﬁcit</strong></span> <span class='ocrx_word' id='word_1_466' title='bbox 1162 5473 1298 5528; x_wconf 86' lang='lat' dir='ltr'><strong>Deus</strong></span> <span class='ocrx_word' id='word_1_467' title='bbox 1330 5489 1342 5524; x_wconf 91' lang='lat'><strong>:</strong></span> <span class='ocrx_word' id='word_1_468' title='bbox 1371 5471 1447 5524; x_wconf 89' lang='lat' dir='ltr'><strong>sic</strong></span> <span class='ocrx_word' id='word_1_469' title='bbox 1473 5471 1666 5525; x_wconf 91' lang='lat' dir='ltr'><strong>dicitur</strong></span> <span class='ocrx_word' id='word_1_470' title='bbox 1697 5471 1858 5539; x_wconf 85' lang='lat' dir='ltr'><strong>proti-</strong></span> 
     </span>
    </p>
   </div>
   <div class='ocr_carea' id='block_1_57' title="bbox 307 5561 1858 5636">
    <p class='ocr_par' dir='ltr' id='par_1_57' title="bbox 307 5561 1858 5636">
     <span class='ocr_line' id='line_1_57' title="bbox 307 5561 1858 5636; baseline -0.001 -19"><span class='ocrx_word' id='word_1_471' title='bbox 307 5575 415 5618; x_wconf 80' lang='lat' dir='ltr'><strong>eere</strong></span> <span class='ocrx_word' id='word_1_472' title='bbox 442 5566 489 5620; x_wconf 89' lang='lat' dir='ltr'><strong>in</strong></span> <span class='ocrx_word' id='word_1_473' title='bbox 517 5576 567 5622; x_wconf 89' lang='lat' dir='ltr'><strong>te</strong></span> <span class='ocrx_word' id='word_1_474' title='bbox 596 5567 846 5630; x_wconf 77' lang='lat' dir='ltr'><strong>charitas,</strong></span> <span class='ocrx_word' id='word_1_475' title='bbox 873 5566 993 5636; x_wconf 86' lang='lat' dir='ltr'><strong>quia</strong></span> <span class='ocrx_word' id='word_1_476' title='bbox 1037 5576 1092 5619; x_wconf 86' lang='lat' dir='ltr'><strong>tu</strong></span> <span class='ocrx_word' id='word_1_477' title='bbox 1139 5565 1192 5618; x_wconf 91' lang='lat' dir='ltr'><strong>in</strong></span> <span class='ocrx_word' id='word_1_478' title='bbox 1237 5577 1298 5618; x_wconf 79' lang='lat' dir='ltr'><strong>ea</strong></span> <span class='ocrx_word' id='word_1_479' title='bbox 1326 5561 1557 5633; x_wconf 84' lang='lat' dir='ltr'><strong>proﬁcis.</strong></span> <span class='ocrx_word' id='word_1_480' title='bbox 1591 5562 1858 5632; x_wconf 76' lang='lat' dir='ltr'><strong>Interroga</strong></span> 
     </span>
    </p>
   </div>
   <div class='ocr_carea' id='block_1_58' title="bbox 309 5652 1858 5730">
    <p class='ocr_par' dir='ltr' id='par_1_58' title="bbox 309 5652 1858 5730">
     <span class='ocr_line' id='line_1_58' title="bbox 309 5652 1858 5730; baseline 0 -22"><span class='ocrx_word' id='word_1_481' title='bbox 309 5668 418 5730; x_wconf 73' lang='lat' dir='ltr'><strong>ergo</strong></span> <span class='ocrx_word' id='word_1_482' title='bbox 465 5668 706 5727; x_wconf 87' lang='lat' dir='ltr'><strong>qttautum</strong></span> <span class='ocrx_word' id='word_1_483' title='bbox 755 5658 805 5711; x_wconf 91' lang='lat' dir='ltr'><strong>in</strong></span> <span class='ocrx_word' id='word_1_484' title='bbox 853 5655 1110 5712; x_wconf 85' lang='lat' dir='ltr'><strong>charitate</strong></span> <span class='ocrx_word' id='word_1_485' title='bbox 1165 5654 1473 5724; x_wconf 78' lang='lat' dir='ltr'><strong>profeceris,</strong></span> <span class='ocrx_word' id='word_1_486' title='bbox 1515 5661 1568 5707; x_wconf 86' lang='lat' dir='ltr'><strong>et</strong></span> <span class='ocrx_word' id='word_1_487' title='bbox 1613 5652 1733 5720; x_wconf 84' lang='lat' dir='ltr'><strong>quid</strong></span> <span class='ocrx_word' id='word_1_488' title='bbox 1765 5654 1858 5708; x_wconf 82' lang='lat' dir='ltr'><strong>tibi</strong></span> 
     </span>
    </p>
   </div>
   <div class='ocr_carea' id='block_1_59' title="bbox 307 5735 1859 5815">
    <p class='ocr_par' dir='ltr' id='par_1_59' title="bbox 307 5735 1859 5815">
     <span class='ocr_line' id='line_1_59' title="bbox 307 5735 1859 5815; baseline 0.002 -19"><span class='ocrx_word' id='word_1_489' title='bbox 307 5751 598 5815; x_wconf 69' lang='lat' dir='ltr'><strong>reapoudcat</strong></span> <span class='ocrx_word' id='word_1_490' title='bbox 624 5768 713 5804; x_wconf 83' lang='lat' dir='ltr'><strong>cur</strong></span> <span class='ocrx_word' id='word_1_491' title='bbox 742 5758 906 5813; x_wconf 82' lang='lat' dir='ltr'><strong>tuum,</strong></span> <span class='ocrx_word' id='word_1_492' title='bbox 942 5759 995 5804; x_wconf 89' lang='lat' dir='ltr'><strong>ut</strong></span> <span class='ocrx_word' id='word_1_493' title='bbox 1025 5750 1234 5804; x_wconf 83' lang='lat' dir='ltr'><strong>noveris</strong></span> <span class='ocrx_word' id='word_1_494' title='bbox 1260 5735 1564 5802; x_wconf 85' lang='lat' dir='ltr'><strong>mensuram</strong></span> <span class='ocrx_word' id='word_1_495' title='bbox 1597 5747 1859 5815; x_wconf 80' lang='lat' dir='ltr'><strong>proiectus</strong></span> 
     </span>
    </p>
   </div>
   <div class='ocr_carea' id='block_1_60' title="bbox 308 5837 1852 5916">
    <p class='ocr_par' dir='ltr' id='par_1_60' title="bbox 308 5837 1852 5916">
     <span class='ocr_line' id='line_1_60' title="bbox 308 5837 1852 5916; baseline 0.004 -29"><span class='ocrx_word' id='word_1_496' title='bbox 308 5837 387 5889; x_wconf 89' lang='lat' dir='ltr'><strong>tui.</strong></span> <span class='ocrx_word' id='word_1_497' title='bbox 420 5839 655 5896; x_wconf 86' lang='lat' dir='ltr'><strong>Promisit</strong></span> <span class='ocrx_word' id='word_1_498' title='bbox 681 5842 822 5896; x_wconf 87' lang='lat' dir='ltr'><strong>enim</strong></span> <span class='ocrx_word' id='word_1_499' title='bbox 849 5839 1128 5896; x_wconf 73' lang='lat' dir='ltr'><strong>ostendam</strong></span> <span class='ocrx_word' id='word_1_500' title='bbox 1171 5838 1323 5916; x_wconf 79' lang='lat' dir='ltr'><strong>nobis</strong></span> <span class='ocrx_word' id='word_1_501' title='bbox 1351 5837 1402 5893; x_wconf 87' lang='lat' dir='ltr'><strong>in</strong></span> <span class='ocrx_word' id='word_1_502' title='bbox 1429 5853 1534 5906; x_wconf 92' lang='lat' dir='ltr'><strong>quo</strong></span> <span class='ocrx_word' id='word_1_503' title='bbox 1561 5849 1852 5908; x_wconf 77' lang='lat' dir='ltr'><strong>cognosca-</strong></span> 
     </span>
    </p>
   </div>
   <div class='ocr_carea' id='block_1_61' title="bbox 1465 391 2386 469">
    <p class='ocr_par' dir='ltr' id='par_1_61' title="bbox 1465 391 2386 469">
     <span class='ocr_line' id='line_1_61' title="bbox 1465 391 2386 469; baseline 0.011 -12"><span class='ocrx_word' id='word_1_504' title='bbox 1465 403 1874 461; x_wconf 73' lang='lat' dir='ltr'><strong>TRACTATUS</strong></span> <span class='ocrx_word' id='word_1_505' title='bbox 1911 391 2002 460; x_wconf 71' lang='lat' dir='ltr'><strong>IX.</strong></span> <span class='ocrx_word' id='word_1_506' title='bbox 2035 408 2260 469; x_wconf 81' lang='lat' dir='ltr'><strong>CAPUT</strong></span> <span class='ocrx_word' id='word_1_507' title='bbox 2297 413 2386 469; x_wconf 79' lang='grc' dir='ltr'><strong>ιν.</strong></span> 
     </span>
    </p>
   </div>
   <div class='ocr_carea' id='block_1_62' title="bbox 3416 415 3559 482">
    <p class='ocr_par' dir='ltr' id='par_1_62' title="bbox 3416 415 3559 482">
     <span class='ocr_line' id='line_1_62' title="bbox 3416 415 3559 482; baseline 0.014 -2"><span class='ocrx_word' id='word_1_508' title='bbox 3416 415 3559 482; x_wconf 59' lang='lat' dir='ltr'><strong>eo“</strong></span> 
     </span>
    </p>
   </div>
   <div class='ocr_carea' id='block_1_63' title="bbox 1981 519 3556 603">
    <p class='ocr_par' dir='ltr' id='par_1_63' title="bbox 1981 519 3556 603">
     <span class='ocr_line' id='line_1_63' title="bbox 1981 519 3556 603; baseline 0.01 -23"><span class='ocrx_word' id='word_1_509' title='bbox 1981 519 2102 582; x_wconf 83' lang='lat' dir='ltr'><strong>mus</strong></span> <span class='ocrx_word' id='word_1_510' title='bbox 2133 521 2275 595; x_wconf 82' lang='lat' dir='ltr'><strong>eum,</strong></span> <span class='ocrx_word' id='word_1_511' title='bbox 2304 539 2358 585; x_wconf 83' lang='lat' dir='ltr'><strong>et</strong></span> <span class='ocrx_word' id='word_1_512' title='bbox 2384 525 2476 602; x_wconf 73' lang='lat' dir='ltr'><strong>ait,</strong></span> <span class='ocrx_word' id='word_1_513' title='bbox 2510 532 2573 586; x_wconf 83' lang='lat' dir='ltr'><strong>In</strong></span> <span class='ocrx_word' id='word_1_514' title='bbox 2620 526 2712 586; x_wconf 73' lang='lat' dir='ltr'><strong>h&#39;oc</strong></span> <span class='ocrx_word' id='word_1_515' title='bbox 2750 533 2969 603; x_wconf 75' lang='lat' dir='ltr'><strong>perfecta</strong></span> <span class='ocrx_word' id='word_1_516' title='bbox 2992 549 3064 590; x_wconf 79' lang='lat' dir='ltr'><strong>est</strong></span> <span class='ocrx_word' id='word_1_517' title='bbox 3089 531 3140 590; x_wconf 77' lang='lat' dir='ltr'><strong>tu</strong></span> <span class='ocrx_word' id='word_1_518' title='bbox 3165 536 3309 592; x_wconf 85' lang='lat' dir='ltr'><strong>nobis</strong></span> <span class='ocrx_word' id='word_1_519' title='bbox 3335 527 3556 595; x_wconf 76' lang='lat' dir='ltr'><strong>diieclio.</strong></span> 
     </span>
    </p>
   </div>
   <div class='ocr_carea' id='block_1_64' title="bbox 1980 614 3560 699">
    <p class='ocr_par' dir='ltr' id='par_1_64' title="bbox 1980 614 3560 699">
     <span class='ocr_line' id='line_1_64' title="bbox 1980 614 3560 699; baseline 0.011 -29"><span class='ocrx_word' id='word_1_520' title='bbox 1980 614 2190 685; x_wconf 67' lang='lat' dir='ltr'><strong>Qumre,</strong></span> <span class='ocrx_word' id='word_1_521' title='bbox 2221 619 2273 675; x_wconf 90' lang='lat' dir='ltr'><strong>in</strong></span> <span class='ocrx_word' id='word_1_522' title='bbox 2304 623 2449 693; x_wconf 87' lang='lat' dir='ltr'><strong>quo?</strong></span> <span class='ocrx_word' id='word_1_523' title='bbox 2477 624 2541 678; x_wconf 90' lang='lat' dir='ltr'><strong>Ut</strong></span> <span class='ocrx_word' id='word_1_524' title='bbox 2568 617 2806 693; x_wconf 81' lang='lat' dir='ltr'><strong>ﬁduciam</strong></span> <span class='ocrx_word' id='word_1_525' title='bbox 2844 623 3112 682; x_wconf 73' lang='lat' dir='ltr'><strong>[iubeamus</strong></span> <span class='ocrx_word' id='word_1_526' title='bbox 3153 629 3205 683; x_wconf 82' lang='lat' dir='ltr'><strong>in</strong></span> <span class='ocrx_word' id='word_1_527' title='bbox 3242 625 3325 684; x_wconf 84' lang='lat' dir='ltr'><strong>die</strong></span> <span class='ocrx_word' id='word_1_528' title='bbox 3361 631 3560 699; x_wconf 83' lang='lat' dir='ltr'><strong>iudicii.</strong></span> 
     </span>
    </p>
   </div>
   <div class='ocr_carea' id='block_1_65' title="bbox 1979 703 3558 792">
    <p class='ocr_par' dir='ltr' id='par_1_65' title="bbox 1979 703 3558 792">
     <span class='ocr_line' id='line_1_65' title="bbox 1979 703 3558 792; baseline 0.013 -34"><span class='ocrx_word' id='word_1_529' title='bbox 1979 703 2228 792; x_wconf 76' lang='lat' dir='ltr'><strong>Quisquis</strong></span> <span class='ocrx_word' id='word_1_530' title='bbox 2257 703 2499 767; x_wconf 77' lang='lat' dir='ltr'><strong>ﬁduciam</strong></span> <span class='ocrx_word' id='word_1_531' title='bbox 2531 705 2685 769; x_wconf 82' lang='lat' dir='ltr'><strong>liabet</strong></span> <span class='ocrx_word' id='word_1_532' title='bbox 2716 708 2765 769; x_wconf 85' lang='lat' dir='ltr'><strong>in</strong></span> <span class='ocrx_word' id='word_1_533' title='bbox 2794 715 2879 770; x_wconf 85' lang='lat' dir='ltr'><strong>die</strong></span> <span class='ocrx_word' id='word_1_534' title='bbox 2903 718 3108 785; x_wconf 83' lang='lat' dir='ltr'><strong>judicii,</strong></span> <span class='ocrx_word' id='word_1_535' title='bbox 3143 719 3372 788; x_wconf 61' lang='lat' dir='ltr'><strong>perfecta</strong></span> <span class='ocrx_word' id='word_1_536' title='bbox 3403 723 3558 779; x_wconf 79' lang='lat' dir='ltr'><strong>estin</strong></span> 
     </span>
    </p>
   </div>
   <div class='ocr_carea' id='block_1_66' title="bbox 1980 797 3561 882">
    <p class='ocr_par' dir='ltr' id='par_1_66' title="bbox 1980 797 3561 882">
     <span class='ocr_line' id='line_1_66' title="bbox 1980 797 3561 882; baseline 0.009 -30"><span class='ocrx_word' id='word_1_537' title='bbox 1980 799 2068 854; x_wconf 87' lang='lat' dir='ltr'><strong>illo</strong></span> <span class='ocrx_word' id='word_1_538' title='bbox 2091 797 2338 857; x_wconf 79' lang='lat' dir='ltr'><strong>Charitas.</strong></span> <span class='ocrx_word' id='word_1_539' title='bbox 2373 797 2507 873; x_wconf 82' lang='lat' dir='ltr'><strong>Quid</strong></span> <span class='ocrx_word' id='word_1_540' title='bbox 2539 797 2618 861; x_wconf 79' lang='lat' dir='ltr'><strong>est</strong></span> <span class='ocrx_word' id='word_1_541' title='bbox 2649 805 2842 862; x_wconf 82' lang='lat' dir='ltr'><strong>habere</strong></span> <span class='ocrx_word' id='word_1_542' title='bbox 2871 805 3114 882; x_wconf 82' lang='lat' dir='ltr'><strong>ﬁdt&#39;ieiam</strong></span> <span class='ocrx_word' id='word_1_543' title='bbox 3147 811 3198 864; x_wconf 93' lang='lat' dir='ltr'><strong>in</strong></span> <span class='ocrx_word' id='word_1_544' title='bbox 3227 811 3313 866; x_wconf 88' lang='lat' dir='ltr'><strong>die</strong></span> <span class='ocrx_word' id='word_1_545' title='bbox 3336 813 3561 880; x_wconf 84' lang='lat' dir='ltr'><strong>judicii?</strong></span> 
     </span>
    </p>
   </div>
   <div class='ocr_carea' id='block_1_67' title="bbox 1978 883 3557 978">
    <p class='ocr_par' dir='ltr' id='par_1_67' title="bbox 1978 883 3557 978">
     <span class='ocr_line' id='line_1_67' title="bbox 1978 883 3557 978; baseline 0.01 -33"><span class='ocrx_word' id='word_1_546' title='bbox 1978 883 2092 976; x_wconf 65' lang='lat' dir='ltr'><strong>Noti</strong></span> <span class='ocrx_word' id='word_1_547' title='bbox 2123 895 2306 951; x_wconf 91' lang='lat' dir='ltr'><strong>timere</strong></span> <span class='ocrx_word' id='word_1_548' title='bbox 2337 914 2401 949; x_wconf 95' lang='lat' dir='ltr'><strong>ne</strong></span> <span class='ocrx_word' id='word_1_549' title='bbox 2431 898 2603 950; x_wconf 85' lang='lat' dir='ltr'><strong>veniat</strong></span> <span class='ocrx_word' id='word_1_550' title='bbox 2641 899 2755 953; x_wconf 90' lang='lat' dir='ltr'><strong>dies</strong></span> <span class='ocrx_word' id='word_1_551' title='bbox 2793 895 2997 969; x_wconf 79' lang='lat' dir='ltr'><strong>judicii.</strong></span> <span class='ocrx_word' id='word_1_552' title='bbox 3039 899 3175 957; x_wconf 80' lang='lat' dir='ltr'><strong>Sunt</strong></span> <span class='ocrx_word' id='word_1_553' title='bbox 3205 903 3446 960; x_wconf 87' lang='lat' dir='ltr'><strong>homines</strong></span> <span class='ocrx_word' id='word_1_554' title='bbox 3469 909 3557 978; x_wconf 87' lang='lat' dir='ltr'><strong>qui</strong></span> 
     </span>
    </p>
   </div>
   <div class='ocr_carea' id='block_1_68' title="bbox 1979 979 3560 1064">
    <p class='ocr_par' dir='ltr' id='par_1_68' title="bbox 1979 979 3560 1064">
     <span class='ocr_line' id='line_1_68' title="bbox 1979 979 3560 1064; baseline 0.009 -27"><span class='ocrx_word' id='word_1_555' title='bbox 1979 998 2083 1037; x_wconf 91' lang='lat' dir='ltr'><strong>non</strong></span> <span class='ocrx_word' id='word_1_556' title='bbox 2115 986 2337 1040; x_wconf 82' lang='lat' dir='ltr'><strong>credunt</strong></span> <span class='ocrx_word' id='word_1_557' title='bbox 2361 983 2500 1041; x_wconf 89' lang='lat' dir='ltr'><strong>diem</strong></span> <span class='ocrx_word' id='word_1_558' title='bbox 2527 979 2737 1057; x_wconf 88' lang='lat' dir='ltr'><strong>judicii;</strong></span> <span class='ocrx_word' id='word_1_559' title='bbox 2784 983 2872 1044; x_wconf 85' lang='lat' dir='ltr'><strong>isti</strong></span> <span class='ocrx_word' id='word_1_560' title='bbox 2916 983 3160 1047; x_wconf 81' lang='lat' dir='ltr'><strong>ﬁduciam</strong></span> <span class='ocrx_word' id='word_1_561' title='bbox 3203 995 3306 1048; x_wconf 85' lang='lat' dir='ltr'><strong>non</strong></span> <span class='ocrx_word' id='word_1_562' title='bbox 3341 1007 3560 1064; x_wconf 75' lang='lat' dir='ltr'><strong>pOSsttnt</strong></span> 
     </span>
    </p>
   </div>
   <div class='ocr_carea' id='block_1_69' title="bbox 1979 1073 3559 1148">
    <p class='ocr_par' dir='ltr' id='par_1_69' title="bbox 1979 1073 3559 1148">
     <span class='ocr_line' id='line_1_69' title="bbox 1979 1073 3559 1148; baseline 0.009 -18"><span class='ocrx_word' id='word_1_563' title='bbox 1979 1075 2174 1132; x_wconf 86' lang='lat' dir='ltr'><strong>habere</strong></span> <span class='ocrx_word' id='word_1_564' title='bbox 2199 1079 2251 1133; x_wconf 89' lang='lat' dir='ltr'><strong>in</strong></span> <span class='ocrx_word' id='word_1_565' title='bbox 2280 1079 2364 1134; x_wconf 91' lang='lat' dir='ltr'><strong>die</strong></span> <span class='ocrx_word' id='word_1_566' title='bbox 2391 1097 2545 1148; x_wconf 88' lang='lat' dir='ltr'><strong>quam</strong></span> <span class='ocrx_word' id='word_1_567' title='bbox 2575 1087 2849 1136; x_wconf 82' lang='lat' dir='ltr'><strong>venturam</strong></span> <span class='ocrx_word' id='word_1_568' title='bbox 2877 1099 2994 1138; x_wconf 87' lang='lat' dir='ltr'><strong>esse</strong></span> <span class='ocrx_word' id='word_1_569' title='bbox 3021 1081 3124 1140; x_wconf 84' lang='lat' dir='ltr'><strong>non</strong></span> <span class='ocrx_word' id='word_1_570' title='bbox 3151 1073 3390 1142; x_wconf 85' lang='lat' dir='ltr'><strong>credunt.</strong></span> <span class='ocrx_word' id='word_1_571' title='bbox 3417 1089 3559 1144; x_wconf 73' lang='lat' dir='ltr'><strong>Prte-</strong></span> 
     </span>
    </p>
   </div>
   <div class='ocr_carea' id='block_1_70' title="bbox 1979 1167 3560 1243">
    <p class='ocr_par' dir='ltr' id='par_1_70' title="bbox 1979 1167 3560 1243">
     <span class='ocr_line' id='line_1_70' title="bbox 1979 1167 3560 1243; baseline 0.008 -23"><span class='ocrx_word' id='word_1_572' title='bbox 1979 1167 2331 1223; x_wconf 84' lang='lat' dir='ltr'><strong>termittatnus</strong></span> <span class='ocrx_word' id='word_1_573' title='bbox 2361 1168 2490 1224; x_wconf 85' lang='lat' dir='ltr'><strong>istos</strong></span> <span class='ocrx_word' id='word_1_574' title='bbox 2523 1189 2533 1223; x_wconf 92' lang='lat'><strong>:</strong></span> <span class='ocrx_word' id='word_1_575' title='bbox 2564 1172 2757 1225; x_wconf 77' lang='lat' dir='ltr'><strong>excitet</strong></span> <span class='ocrx_word' id='word_1_576' title='bbox 2797 1171 2918 1227; x_wconf 82' lang='lat' dir='ltr'><strong>illos</strong></span> <span class='ocrx_word' id='word_1_577' title='bbox 2959 1171 3116 1241; x_wconf 88' lang='lat' dir='ltr'><strong>Deus,</strong></span> <span class='ocrx_word' id='word_1_578' title='bbox 3150 1186 3205 1229; x_wconf 90' lang='lat' dir='ltr'><strong>ut</strong></span> <span class='ocrx_word' id='word_1_579' title='bbox 3234 1167 3448 1243; x_wconf 80' lang='lat' dir='ltr'><strong>vivant;</strong></span> <span class='ocrx_word' id='word_1_580' title='bbox 3493 1179 3560 1233; x_wconf 90' lang='lat' dir='ltr'><strong>de</strong></span> 
     </span>
    </p>
   </div>
   <div class='ocr_carea' id='block_1_71' title="bbox 1978 1258 3555 1331">
    <p class='ocr_par' dir='ltr' id='par_1_71' title="bbox 1978 1258 3555 1331">
     <span class='ocr_line' id='line_1_71' title="bbox 1978 1258 3555 1331; baseline 0.008 -21"><span class='ocrx_word' id='word_1_581' title='bbox 1978 1261 2197 1312; x_wconf 85' lang='lat' dir='ltr'><strong>tuertnis</strong></span> <span class='ocrx_word' id='word_1_582' title='bbox 2225 1261 2406 1328; x_wconf 87' lang='lat' dir='ltr'><strong>tttqttid</strong></span> <span class='ocrx_word' id='word_1_583' title='bbox 2437 1258 2734 1331; x_wconf 83' lang='lat' dir='ltr'><strong>loquimur?</strong></span> <span class='ocrx_word' id='word_1_584' title='bbox 2764 1263 2874 1317; x_wconf 75' lang='lat' dir='ltr'><strong>Non</strong></span> <span class='ocrx_word' id='word_1_585' title='bbox 2897 1264 3119 1319; x_wconf 82' lang='lat' dir='ltr'><strong>eredttnt</strong></span> <span class='ocrx_word' id='word_1_586' title='bbox 3148 1265 3376 1322; x_wconf 77' lang='lat' dir='ltr'><strong>futurum</strong></span> <span class='ocrx_word' id='word_1_587' title='bbox 3414 1269 3555 1323; x_wconf 90' lang='lat' dir='ltr'><strong>dient</strong></span> 
     </span>
    </p>
   </div>
   <div class='ocr_carea' id='block_1_72' title="bbox 1972 1349 3553 1426">
    <p class='ocr_par' dir='ltr' id='par_1_72' title="bbox 1972 1349 3553 1426">
     <span class='ocr_line' id='line_1_72' title="bbox 1972 1349 3553 1426; baseline 0.007 -22"><span class='ocrx_word' id='word_1_588' title='bbox 1972 1349 2175 1419; x_wconf 69' lang='lat' dir='ltr'><strong>judicii,</strong></span> <span class='ocrx_word' id='word_1_589' title='bbox 2205 1349 2301 1405; x_wconf 86' lang='lat' dir='ltr'><strong>nec</strong></span> <span class='ocrx_word' id='word_1_590' title='bbox 2331 1353 2536 1413; x_wconf 83' lang='lat' dir='ltr'><strong>timent.</strong></span> <span class='ocrx_word' id='word_1_591' title='bbox 2567 1370 2664 1408; x_wconf 90' lang='lat' dir='ltr'><strong>nec</strong></span> <span class='ocrx_word' id='word_1_592' title='bbox 2685 1354 3147 1426; x_wconf 77' lang='lat' dir='ltr'><strong>desidet-autquod</strong></span> <span class='ocrx_word' id='word_1_593' title='bbox 3179 1373 3280 1412; x_wconf 92' lang='lat' dir='ltr'><strong>non</strong></span> <span class='ocrx_word' id='word_1_594' title='bbox 3311 1361 3553 1416; x_wconf 88' lang='lat' dir='ltr'><strong>credunt.</strong></span> 
     </span>
    </p>
   </div>
   <div class='ocr_carea' id='block_1_73' title="bbox 1975 1433 3553 1517">
    <p class='ocr_par' dir='ltr' id='par_1_73' title="bbox 1975 1433 3553 1517">
     <span class='ocr_line' id='line_1_73' title="bbox 1975 1433 3553 1517; baseline 0.005 -21"><span class='ocrx_word' id='word_1_595' title='bbox 1975 1435 2146 1510; x_wconf 67' lang='lat' dir='ltr'><strong>Cmpit</strong></span> <span class='ocrx_word' id='word_1_596' title='bbox 2173 1441 2364 1512; x_wconf 89' lang='lat' dir='ltr'><strong>aliquis</strong></span> <span class='ocrx_word' id='word_1_597' title='bbox 2392 1447 2611 1499; x_wconf 85' lang='lat' dir='ltr'><strong>credere</strong></span> <span class='ocrx_word' id='word_1_598' title='bbox 2638 1433 2777 1499; x_wconf 86' lang='lat' dir='ltr'><strong>diem</strong></span> <span class='ocrx_word' id='word_1_599' title='bbox 2802 1445 2983 1515; x_wconf 85' lang='lat' dir='ltr'><strong>judicii</strong></span> <span class='ocrx_word' id='word_1_600' title='bbox 3015 1465 3028 1500; x_wconf 90' lang='lat'><strong>:</strong></span> <span class='ocrx_word' id='word_1_601' title='bbox 3051 1448 3097 1501; x_wconf 88' lang='lat' dir='ltr'><strong>si</strong></span> <span class='ocrx_word' id='word_1_602' title='bbox 3125 1445 3283 1517; x_wconf 67' lang='lat' dir='ltr'><strong>coepit</strong></span> <span class='ocrx_word' id='word_1_603' title='bbox 3312 1451 3553 1513; x_wconf 75' lang='lat' dir='ltr'><strong>credere,</strong></span> 
     </span>
    </p>
   </div>
   <div class='ocr_carea' id='block_1_74' title="bbox 1974 1533 3554 1606">
    <p class='ocr_par' dir='ltr' id='par_1_74' title="bbox 1974 1533 3554 1606">
     <span class='ocr_line' id='line_1_74' title="bbox 1974 1533 3554 1606; baseline 0.005 -19"><span class='ocrx_word' id='word_1_604' title='bbox 1974 1535 2133 1602; x_wconf 49' lang='lat' dir='ltr'><strong>cuipit</strong></span> <span class='ocrx_word' id='word_1_605' title='bbox 2163 1546 2214 1589; x_wconf 89' lang='lat' dir='ltr'><strong>et</strong></span> <span class='ocrx_word' id='word_1_606' title='bbox 2243 1537 2447 1590; x_wconf 89' lang='lat' dir='ltr'><strong>timere.</strong></span> <span class='ocrx_word' id='word_1_607' title='bbox 2479 1533 2581 1589; x_wconf 82' lang='lat' dir='ltr'><strong>Sed</strong></span> <span class='ocrx_word' id='word_1_608' title='bbox 2601 1537 2718 1606; x_wconf 87' lang='lat' dir='ltr'><strong>quia</strong></span> <span class='ocrx_word' id='word_1_609' title='bbox 2741 1537 2889 1591; x_wconf 91' lang='lat' dir='ltr'><strong>timet</strong></span> <span class='ocrx_word' id='word_1_610' title='bbox 2913 1537 3106 1604; x_wconf 87' lang='lat' dir='ltr'><strong>adlmc,</strong></span> <span class='ocrx_word' id='word_1_611' title='bbox 3139 1541 3368 1595; x_wconf 90' lang='lat' dir='ltr'><strong>nondum</strong></span> <span class='ocrx_word' id='word_1_612' title='bbox 3395 1544 3554 1598; x_wconf 89' lang='lat' dir='ltr'><strong>habet</strong></span> 
     </span>
    </p>
   </div>
   <div class='ocr_carea' id='block_1_75' title="bbox 1975 1625 3552 1700">
    <p class='ocr_par' dir='ltr' id='par_1_75' title="bbox 1975 1625 3552 1700">
     <span class='ocr_line' id='line_1_75' title="bbox 1975 1625 3552 1700; baseline 0.005 -22"><span class='ocrx_word' id='word_1_613' title='bbox 1975 1625 2220 1679; x_wconf 90' lang='lat' dir='ltr'><strong>ﬁduciam</strong></span> <span class='ocrx_word' id='word_1_614' title='bbox 2255 1627 2304 1680; x_wconf 94' lang='lat' dir='ltr'><strong>in</strong></span> <span class='ocrx_word' id='word_1_615' title='bbox 2336 1627 2420 1680; x_wconf 89' lang='lat' dir='ltr'><strong>die</strong></span> <span class='ocrx_word' id='word_1_616' title='bbox 2444 1627 2647 1696; x_wconf 83' lang='lat' dir='ltr'><strong>judicii.</strong></span> <span class='ocrx_word' id='word_1_617' title='bbox 2677 1629 2910 1682; x_wconf 90' lang='lat' dir='ltr'><strong>nondum</strong></span> <span class='ocrx_word' id='word_1_618' title='bbox 2951 1639 3033 1684; x_wconf 88' lang='lat' dir='ltr'><strong>est</strong></span> <span class='ocrx_word' id='word_1_619' title='bbox 3079 1631 3131 1684; x_wconf 93' lang='lat' dir='ltr'><strong>in</strong></span> <span class='ocrx_word' id='word_1_620' title='bbox 3183 1629 3278 1685; x_wconf 87' lang='lat' dir='ltr'><strong>illo</strong></span> <span class='ocrx_word' id='word_1_621' title='bbox 3323 1634 3552 1700; x_wconf 73' lang='lat' dir='ltr'><strong>perfecta</strong></span> 
     </span>
    </p>
   </div>
   <div class='ocr_carea' id='block_1_76' title="bbox 1973 1704 3556 1794">
    <p class='ocr_par' dir='ltr' id='par_1_76' title="bbox 1973 1704 3556 1794">
     <span class='ocr_line' id='line_1_76' title="bbox 1973 1704 3556 1794; baseline 0.004 -24"><span class='ocrx_word' id='word_1_622' title='bbox 1973 1707 2225 1770; x_wconf 81' lang='lat' dir='ltr'><strong>Charitas.</strong></span> <span class='ocrx_word' id='word_1_623' title='bbox 2276 1704 2536 1786; x_wconf 85' lang='lat' dir='ltr'><strong>Numquid</strong></span> <span class='ocrx_word' id='word_1_624' title='bbox 2587 1727 2760 1772; x_wconf 90' lang='lat' dir='ltr'><strong>tamen</strong></span> <span class='ocrx_word' id='word_1_625' title='bbox 2807 1718 3195 1788; x_wconf 78' lang='lat' dir='ltr'><strong>desperandum</strong></span> <span class='ocrx_word' id='word_1_626' title='bbox 3221 1721 3340 1776; x_wconf 84' lang='lat' dir='ltr'><strong>est?</strong></span> <span class='ocrx_word' id='word_1_627' title='bbox 3366 1722 3420 1777; x_wconf 83' lang='lat' dir='ltr'><strong>in</strong></span> <span class='ocrx_word' id='word_1_628' title='bbox 3451 1727 3556 1794; x_wconf 84' lang='lat' dir='ltr'><strong>quo</strong></span> 
     </span>
    </p>
   </div>
   <div class='ocr_carea' id='block_1_77' title="bbox 1973 1805 3550 1881">
    <p class='ocr_par' dir='ltr' id='par_1_77' title="bbox 1973 1805 3550 1881">
     <span class='ocr_line' id='line_1_77' title="bbox 1973 1805 3550 1881; baseline 0.006 -20"><span class='ocrx_word' id='word_1_629' title='bbox 1973 1805 2119 1862; x_wconf 85' lang='lat' dir='ltr'><strong>vides</strong></span> <span class='ocrx_word' id='word_1_630' title='bbox 2144 1809 2368 1873; x_wconf 89' lang='lat' dir='ltr'><strong>iuitimu,</strong></span> <span class='ocrx_word' id='word_1_631' title='bbox 2390 1825 2484 1863; x_wconf 90' lang='lat' dir='ltr'><strong>cur</strong></span> <span class='ocrx_word' id='word_1_632' title='bbox 2501 1809 2752 1879; x_wconf 79' lang='lat' dir='ltr'><strong>deSperas</strong></span> <span class='ocrx_word' id='word_1_633' title='bbox 2774 1811 2927 1865; x_wconf 87' lang='lat' dir='ltr'><strong>linem</strong></span> <span class='ocrx_word' id='word_1_634' title='bbox 2941 1810 2965 1865; x_wconf 86' lang='lat'><strong>?</strong></span> <span class='ocrx_word' id='word_1_635' title='bbox 2980 1811 3128 1880; x_wconf 83' lang='lat' dir='ltr'><strong>Quod</strong></span> <span class='ocrx_word' id='word_1_636' title='bbox 3153 1812 3356 1868; x_wconf 88' lang='lat' dir='ltr'><strong>initium</strong></span> <span class='ocrx_word' id='word_1_637' title='bbox 3375 1815 3550 1881; x_wconf 85' lang='lat' dir='ltr'><strong>video,</strong></span> 
     </span>
    </p>
   </div>
   <div class='ocr_carea' id='block_1_78' title="bbox 1974 1893 3555 1970">
    <p class='ocr_par' dir='ltr' id='par_1_78' title="bbox 1974 1893 3555 1970">
     <span class='ocr_line' id='line_1_78' title="bbox 1974 1893 3555 1970; baseline 0.004 -18"><span class='ocrx_word' id='word_1_638' title='bbox 1974 1899 2187 1968; x_wconf 83' lang='lat' dir='ltr'><strong>inquis?</strong></span> <span class='ocrx_word' id='word_1_639' title='bbox 2226 1899 2398 1969; x_wconf 65' lang='lat' dir='ltr'><strong>Ipsum</strong></span> <span class='ocrx_word' id='word_1_640' title='bbox 2441 1902 2702 1955; x_wconf 88' lang='lat' dir='ltr'><strong>timorem.</strong></span> <span class='ocrx_word' id='word_1_641' title='bbox 2738 1901 2872 1955; x_wconf 81' lang='lat' dir='ltr'><strong>Audi</strong></span> <span class='ocrx_word' id='word_1_642' title='bbox 2918 1897 3241 1970; x_wconf 89' lang='lat' dir='ltr'><strong>Scripturam</strong></span> <span class='ocrx_word' id='word_1_643' title='bbox 3282 1922 3297 1958; x_wconf 89' lang='lat'><strong>:</strong></span> <span class='ocrx_word' id='word_1_644' title='bbox 3347 1893 3555 1959; x_wconf 75' lang='lat' dir='ltr'><strong>Initium</strong></span> 
     </span>
    </p>
   </div>
   <div class='ocr_carea' id='block_1_79' title="bbox 1972 1991 3559 2067">
    <p class='ocr_par' dir='ltr' id='par_1_79' title="bbox 1972 1991 3559 2067">
     <span class='ocr_line' id='line_1_79' title="bbox 1972 1991 3559 2067; baseline 0.003 -22"><span class='ocrx_word' id='word_1_645' title='bbox 1972 1992 2231 2060; x_wconf 75' lang='lat' dir='ltr'><strong>sapientiae</strong></span> <span class='ocrx_word' id='word_1_646' title='bbox 2262 1993 2410 2044; x_wconf 88' lang='lat' dir='ltr'><strong>timor</strong></span> <span class='ocrx_word' id='word_1_647' title='bbox 2439 1993 2644 2046; x_wconf 84' lang='lat' dir='ltr'><strong>Domini</strong></span> <span class='ocrx_word' id='word_1_648' title='bbox 2675 1991 2860 2061; x_wconf 78' lang='lat' dir='ltr'><strong>(Eccii.</strong></span> <span class='ocrx_word' id='word_1_649' title='bbox 2897 2010 2933 2056; x_wconf 90' lang='grc' dir='ltr'><strong>ι,</strong></span> <span class='ocrx_word' id='word_1_650' title='bbox 2969 1993 3078 2064; x_wconf 77' lang='grc'><strong>16).</strong></span> <span class='ocrx_word' id='word_1_651' title='bbox 3111 1993 3283 2066; x_wconf 67' lang='lat' dir='ltr'><strong>Coepit</strong></span> <span class='ocrx_word' id='word_1_652' title='bbox 3325 2011 3452 2067; x_wconf 79' lang='lat' dir='ltr'><strong>ergo</strong></span> <span class='ocrx_word' id='word_1_653' title='bbox 3492 1997 3559 2050; x_wconf 83' lang='lat' dir='ltr'><strong>ti-</strong></span> 
     </span>
    </p>
   </div>
   <div class='ocr_carea' id='block_1_80' title="bbox 1974 2082 3558 2156">
    <p class='ocr_par' dir='ltr' id='par_1_80' title="bbox 1974 2082 3558 2156">
     <span class='ocr_line' id='line_1_80' title="bbox 1974 2082 3558 2156; baseline 0.003 -19"><span class='ocrx_word' id='word_1_654' title='bbox 1974 2098 2121 2137; x_wconf 88' lang='lat' dir='ltr'><strong>mere</strong></span> <span class='ocrx_word' id='word_1_655' title='bbox 2148 2082 2285 2136; x_wconf 90' lang='lat' dir='ltr'><strong>diem</strong></span> <span class='ocrx_word' id='word_1_656' title='bbox 2309 2083 2490 2150; x_wconf 92' lang='lat' dir='ltr'><strong>judicii</strong></span> <span class='ocrx_word' id='word_1_657' title='bbox 2527 2102 2538 2136; x_wconf 91' lang='lat'>:</span> <span class='ocrx_word' id='word_1_658' title='bbox 2574 2084 2808 2139; x_wconf 88' lang='lat' dir='ltr'><strong>timendo</strong></span> <span class='ocrx_word' id='word_1_659' title='bbox 2842 2086 3070 2152; x_wconf 75' lang='lat' dir='ltr'><strong>corrigat</strong></span> <span class='ocrx_word' id='word_1_660' title='bbox 3110 2102 3198 2152; x_wconf 90' lang='lat' dir='ltr'><strong>se;</strong></span> <span class='ocrx_word' id='word_1_661' title='bbox 3244 2087 3422 2156; x_wconf 76' lang='lat' dir='ltr'><strong>vigilet</strong></span> <span class='ocrx_word' id='word_1_662' title='bbox 3466 2089 3558 2142; x_wconf 88' lang='lat' dir='ltr'><strong>ad—</strong></span> 
     </span>
    </p>
   </div>
   <div class='ocr_carea' id='block_1_81' title="bbox 1973 2165 3553 2248">
    <p class='ocr_par' dir='ltr' id='par_1_81' title="bbox 1973 2165 3553 2248">
     <span class='ocr_line' id='line_1_81' title="bbox 1973 2165 3553 2248; baseline 0.004 -18"><span class='ocrx_word' id='word_1_663' title='bbox 1973 2173 2161 2230; x_wconf 82' lang='lat' dir='ltr'><strong>versus</strong></span> <span class='ocrx_word' id='word_1_664' title='bbox 2204 2165 2387 2230; x_wconf 82' lang='lat' dir='ltr'><strong>hostes</strong></span> <span class='ocrx_word' id='word_1_665' title='bbox 2436 2171 2597 2240; x_wconf 78' lang='lat' dir='ltr'><strong>snas,</strong></span> <span class='ocrx_word' id='word_1_666' title='bbox 2642 2174 2691 2229; x_wconf 92' lang='lat' dir='ltr'><strong>id</strong></span> <span class='ocrx_word' id='word_1_667' title='bbox 2740 2186 2841 2238; x_wconf 87' lang='lat' dir='ltr'><strong>est.</strong></span> <span class='ocrx_word' id='word_1_668' title='bbox 2893 2177 3148 2233; x_wconf 88' lang='lat' dir='ltr'><strong>adversus</strong></span> <span class='ocrx_word' id='word_1_669' title='bbox 3179 2187 3390 2248; x_wconf 86' lang='lat' dir='ltr'><strong>peccata</strong></span> <span class='ocrx_word' id='word_1_670' title='bbox 3421 2183 3553 2238; x_wconf 71' lang='lat' dir='ltr'><strong>sua:</strong></span> 
     </span>
    </p>
   </div>
   <div class='ocr_carea' id='block_1_82' title="bbox 1974 2259 3556 2336">
    <p class='ocr_par' dir='ltr' id='par_1_82' title="bbox 1974 2259 3556 2336">
     <span class='ocr_line' id='line_1_82' title="bbox 1974 2259 3556 2336; baseline 0.001 -15"><span class='ocrx_word' id='word_1_671' title='bbox 1974 2266 2192 2336; x_wconf 87' lang='lat' dir='ltr'><strong>incipiat</strong></span> <span class='ocrx_word' id='word_1_672' title='bbox 2231 2265 2548 2321; x_wconf 76' lang='lat' dir='ltr'><strong>reviviscere</strong></span> <span class='ocrx_word' id='word_1_673' title='bbox 2579 2266 2820 2330; x_wconf 85' lang='lat' dir='ltr'><strong>interius,</strong></span> <span class='ocrx_word' id='word_1_674' title='bbox 2862 2276 2912 2321; x_wconf 89' lang='lat' dir='ltr'><strong>et</strong></span> <span class='ocrx_word' id='word_1_675' title='bbox 2964 2268 3280 2323; x_wconf 88' lang='lat' dir='ltr'><strong>mortiﬁcare</strong></span> <span class='ocrx_word' id='word_1_676' title='bbox 3317 2259 3556 2324; x_wconf 79' lang='lat' dir='ltr'><strong>meutbi&#39;a</strong></span> 
     </span>
    </p>
   </div>
   <div class='ocr_carea' id='block_1_83' title="bbox 1975 2354 3552 2430">
    <p class='ocr_par' dir='ltr' id='par_1_83' title="bbox 1975 2354 3552 2430">
     <span class='ocr_line' id='line_1_83' title="bbox 1975 2354 3552 2430; baseline 0.001 -17"><span class='ocrx_word' id='word_1_677' title='bbox 1975 2374 2066 2413; x_wconf 90' lang='lat' dir='ltr'><strong>sua</strong></span> <span class='ocrx_word' id='word_1_678' title='bbox 2097 2373 2216 2430; x_wconf 68' lang='lat' dir='ltr'><strong>qua:</strong></span> <span class='ocrx_word' id='word_1_679' title='bbox 2245 2354 2367 2412; x_wconf 75' lang='lat' dir='ltr'><strong>Sunt</strong></span> <span class='ocrx_word' id='word_1_680' title='bbox 2407 2372 2567 2426; x_wconf 88' lang='lat' dir='ltr'><strong>super</strong></span> <span class='ocrx_word' id='word_1_681' title='bbox 2604 2363 2835 2422; x_wconf 90' lang='lat' dir='ltr'><strong>terram,</strong></span> <span class='ocrx_word' id='word_1_682' title='bbox 2881 2357 3017 2412; x_wconf 75' lang='lat' dir='ltr'><strong>Sicut</strong></span> <span class='ocrx_word' id='word_1_683' title='bbox 3055 2358 3341 2426; x_wconf 74' lang='lat' dir='ltr'><strong>Apostolus</strong></span> <span class='ocrx_word' id='word_1_684' title='bbox 3381 2359 3507 2415; x_wconf 81' lang='lat' dir='ltr'><strong>dicit</strong></span> <span class='ocrx_word' id='word_1_685' title='bbox 3537 2404 3552 2426; x_wconf 95' lang='lat'><strong>,</strong></span> 
     </span>
    </p>
   </div>
   <div class='ocr_carea' id='block_1_84' title="bbox 1977 2445 3553 2521">
    <p class='ocr_par' dir='ltr' id='par_1_84' title="bbox 1977 2445 3553 2521">
     <span class='ocr_line' id='line_1_84' title="bbox 1977 2445 3553 2521; baseline -0.003 -15"><span class='ocrx_word' id='word_1_686' title='bbox 1977 2449 2282 2520; x_wconf 79' lang='lat' dir='ltr'><strong>Mortiﬁcate</strong></span> <span class='ocrx_word' id='word_1_687' title='bbox 2309 2449 2528 2505; x_wconf 87' lang='lat' dir='ltr'><strong>membra</strong></span> <span class='ocrx_word' id='word_1_688' title='bbox 2557 2461 2716 2504; x_wconf 83' lang='lat' dir='ltr'><strong>vestra</strong></span> <span class='ocrx_word' id='word_1_689' title='bbox 2741 2447 2854 2519; x_wconf 70' lang='lat' dir='ltr'><strong>qam</strong></span> <span class='ocrx_word' id='word_1_690' title='bbox 2875 2459 2990 2503; x_wconf 78' lang='lat' dir='ltr'><strong>sunt</strong></span> <span class='ocrx_word' id='word_1_691' title='bbox 3017 2466 3167 2516; x_wconf 83' lang='lat' dir='ltr'><strong>super</strong></span> <span class='ocrx_word' id='word_1_692' title='bbox 3193 2445 3398 2504; x_wconf 84' lang='lat' dir='ltr'><strong>terram.</strong></span> <span class='ocrx_word' id='word_1_693' title='bbox 3428 2449 3553 2521; x_wconf 83' lang='lat' dir='ltr'><strong>Spi—</strong></span> 
     </span>
    </p>
   </div>
   <div class='ocr_carea' id='block_1_85' title="bbox 1977 2539 3556 2613">
    <p class='ocr_par' dir='ltr' id='par_1_85' title="bbox 1977 2539 3556 2613">
     <span class='ocr_line' id='line_1_85' title="bbox 1977 2539 3556 2613; baseline 0 -15"><span class='ocrx_word' id='word_1_694' title='bbox 1977 2539 2181 2598; x_wconf 83' lang='lat' dir='ltr'><strong>ritualta</strong></span> <span class='ocrx_word' id='word_1_695' title='bbox 2215 2544 2461 2613; x_wconf 67' lang='lat' dir='ltr'><strong>nequitia:</strong></span> <span class='ocrx_word' id='word_1_696' title='bbox 2491 2539 2618 2596; x_wconf 92' lang='lat' dir='ltr'><strong>dicit</strong></span> <span class='ocrx_word' id='word_1_697' title='bbox 2666 2542 2902 2594; x_wconf 89' lang='lat' dir='ltr'><strong>membra</strong></span> <span class='ocrx_word' id='word_1_698' title='bbox 2949 2539 3110 2610; x_wconf 77' lang='lat' dir='ltr'><strong>Super</strong></span> <span class='ocrx_word' id='word_1_699' title='bbox 3161 2549 3357 2597; x_wconf 86' lang='lat' dir='ltr'><strong>terram</strong></span> <span class='ocrx_word' id='word_1_700' title='bbox 3388 2562 3402 2597; x_wconf 91' lang='lat'><strong>:</strong></span> <span class='ocrx_word' id='word_1_701' title='bbox 3433 2559 3556 2598; x_wconf 88' lang='lat' dir='ltr'><strong>nam</strong></span> 
     </span>
    </p>
   </div>
   <div class='ocr_carea' id='block_1_86' title="bbox 1976 2623 3555 2706">
    <p class='ocr_par' dir='ltr' id='par_1_86' title="bbox 1976 2623 3555 2706">
     <span class='ocr_line' id='line_1_86' title="bbox 1976 2623 3555 2706; baseline 0 -16"><span class='ocrx_word' id='word_1_702' title='bbox 1976 2637 2213 2704; x_wconf 73' lang='lat' dir='ltr'><strong>Sequitur</strong></span> <span class='ocrx_word' id='word_1_703' title='bbox 2237 2627 2292 2689; x_wconf 88' lang='lat' dir='ltr'><strong>et</strong></span> <span class='ocrx_word' id='word_1_704' title='bbox 2320 2634 2557 2703; x_wconf 73' lang='lat' dir='ltr'><strong>exponit,</strong></span> <span class='ocrx_word' id='word_1_705' title='bbox 2591 2623 2864 2686; x_wconf 81' lang='lat' dir='ltr'><strong>Avaritiam</strong></span> <span class='ocrx_word' id='word_1_706' title='bbox 2889 2674 2904 2699; x_wconf 97' lang='lat'><strong>,</strong></span> <span class='ocrx_word' id='word_1_707' title='bbox 2936 2629 3307 2686; x_wconf 81' lang='lat' dir='ltr'><strong>immunditiam</strong></span> <span class='ocrx_word' id='word_1_708' title='bbox 3336 2628 3555 2706; x_wconf 66' lang='lat' dir='ltr'><strong>(Galeas.</strong></span> 
     </span>
    </p>
   </div>
   <div class='ocr_carea' id='block_1_87' title="bbox 1977 2715 3558 2794">
    <p class='ocr_par' dir='ltr' id='par_1_87' title="bbox 1977 2715 3558 2794">
     <span class='ocr_line' id='line_1_87' title="bbox 1977 2715 3558 2794; baseline -0.001 -14"><span class='ocrx_word' id='word_1_709' title='bbox 1977 2742 2050 2789; x_wconf 91' lang='grc' dir='ltr'>ιιι,</span> <span class='ocrx_word' id='word_1_710' title='bbox 2077 2725 2152 2794; x_wconf 77' lang='lat'><strong>5).</strong></span> <span class='ocrx_word' id='word_1_711' title='bbox 2183 2732 2235 2780; x_wconf 92' lang='lat' dir='ltr'><strong>et</strong></span> <span class='ocrx_word' id='word_1_712' title='bbox 2257 2735 2446 2779; x_wconf 81' lang='lat' dir='ltr'><strong>caetera</strong></span> <span class='ocrx_word' id='word_1_713' title='bbox 2471 2739 2589 2793; x_wconf 74' lang='lat' dir='ltr'><strong>qua:</strong></span> <span class='ocrx_word' id='word_1_714' title='bbox 2613 2723 2718 2776; x_wconf 89' lang='lat' dir='ltr'><strong>illic</strong></span> <span class='ocrx_word' id='word_1_715' title='bbox 2744 2722 3067 2792; x_wconf 79' lang='lat' dir='ltr'><strong>exsequitur.</strong></span> <span class='ocrx_word' id='word_1_716' title='bbox 3091 2715 3355 2792; x_wconf 81' lang='lat' dir='ltr'><strong>Quantum</strong></span> <span class='ocrx_word' id='word_1_717' title='bbox 3381 2727 3558 2779; x_wconf 88' lang='lat' dir='ltr'><strong>:tutem</strong></span> 
     </span>
    </p>
   </div>
   <div class='ocr_carea' id='block_1_88' title="bbox 1977 2809 3558 2884">
    <p class='ocr_par' dir='ltr' id='par_1_88' title="bbox 1977 2809 3558 2884">
     <span class='ocr_line' id='line_1_88' title="bbox 1977 2809 3558 2884; baseline -0.001 -12"><span class='ocrx_word' id='word_1_718' title='bbox 1977 2811 2264 2872; x_wconf 84' lang='lat' dir='ltr'><strong>mortiﬁcat</strong></span> <span class='ocrx_word' id='word_1_719' title='bbox 2288 2815 2407 2880; x_wconf 76' lang='lat' dir='ltr'><strong>iste,</strong></span> <span class='ocrx_word' id='word_1_720' title='bbox 2429 2813 2514 2884; x_wconf 91' lang='lat' dir='ltr'><strong>qui</strong></span> <span class='ocrx_word' id='word_1_721' title='bbox 2535 2815 2720 2870; x_wconf 88' lang='lat' dir='ltr'><strong>timere</strong></span> <span class='ocrx_word' id='word_1_722' title='bbox 2745 2813 2906 2883; x_wconf 73' lang='lat' dir='ltr'><strong>cmpit</strong></span> <span class='ocrx_word' id='word_1_723' title='bbox 2926 2811 3064 2868; x_wconf 89' lang='lat' dir='ltr'><strong>diem</strong></span> <span class='ocrx_word' id='word_1_724' title='bbox 3087 2811 3290 2883; x_wconf 86' lang='lat' dir='ltr'><strong>judicii,</strong></span> <span class='ocrx_word' id='word_1_725' title='bbox 3319 2809 3558 2871; x_wconf 80' lang='lat' dir='ltr'><strong>membra</strong></span> 
     </span>
    </p>
   </div>
   <div class='ocr_carea' id='block_1_89' title="bbox 1977 2905 3561 2979">
    <p class='ocr_par' dir='ltr' id='par_1_89' title="bbox 1977 2905 3561 2979">
     <span class='ocr_line' id='line_1_89' title="bbox 1977 2905 3561 2979; baseline -0.001 -17"><span class='ocrx_word' id='word_1_726' title='bbox 1977 2924 2068 2963; x_wconf 91' lang='lat' dir='ltr'><strong>sua</strong></span> <span class='ocrx_word' id='word_1_727' title='bbox 2101 2907 2258 2979; x_wconf 75' lang='lat' dir='ltr'><strong>super</strong></span> <span class='ocrx_word' id='word_1_728' title='bbox 2289 2915 2508 2971; x_wconf 89' lang='lat' dir='ltr'><strong>terram,</strong></span> <span class='ocrx_word' id='word_1_729' title='bbox 2544 2913 2746 2959; x_wconf 88' lang='lat' dir='ltr'><strong>tantum</strong></span> <span class='ocrx_word' id='word_1_730' title='bbox 2777 2911 2999 2974; x_wconf 84' lang='lat' dir='ltr'><strong>surgunt</strong></span> <span class='ocrx_word' id='word_1_731' title='bbox 3042 2914 3094 2959; x_wconf 87' lang='lat' dir='ltr'><strong>et</strong></span> <span class='ocrx_word' id='word_1_732' title='bbox 3148 2905 3561 2961; x_wconf 88' lang='lat' dir='ltr'><strong>corroborautur</strong></span> 
     </span>
    </p>
   </div>
   <div class='ocr_carea' id='block_1_90' title="bbox 1978 2983 3558 3060">
    <p class='ocr_par' dir='ltr' id='par_1_90' title="bbox 1978 2983 3558 3060">
     <span class='ocr_line' id='line_1_90' title="bbox 1978 2983 3558 3060; baseline -0.001 -8"><span class='ocrx_word' id='word_1_733' title='bbox 1978 2999 2212 3053; x_wconf 88' lang='lat' dir='ltr'><strong>membra</strong></span> <span class='ocrx_word' id='word_1_734' title='bbox 2263 2997 2522 3052; x_wconf 70' lang='lat' dir='ltr'><strong>coelestia.</strong></span> <span class='ocrx_word' id='word_1_735' title='bbox 2572 2983 2802 3050; x_wconf 73' lang='lat' dir='ltr'><strong>Membra</strong></span> <span class='ocrx_word' id='word_1_736' title='bbox 2842 3004 3016 3048; x_wconf 87' lang='lat' dir='ltr'><strong>autem</strong></span> <span class='ocrx_word' id='word_1_737' title='bbox 3055 2994 3326 3060; x_wconf 59' lang='lat' dir='ltr'><strong>milestia,</strong></span> <span class='ocrx_word' id='word_1_738' title='bbox 3379 2993 3558 3053; x_wconf 88' lang='lat' dir='ltr'><strong>omnia</strong></span> 
     </span>
    </p>
   </div>
   <div class='ocr_carea' id='block_1_91' title="bbox 1977 3086 3561 3161">
    <p class='ocr_par' dir='ltr' id='par_1_91' title="bbox 1977 3086 3561 3161">
     <span class='ocr_line' id='line_1_91' title="bbox 1977 3086 3561 3161; baseline -0.001 -15"><span class='ocrx_word' id='word_1_739' title='bbox 1977 3087 2136 3161; x_wconf 80' lang='lat' dir='ltr'><strong>opera</strong></span> <span class='ocrx_word' id='word_1_740' title='bbox 2166 3091 2322 3144; x_wconf 88' lang='lat' dir='ltr'><strong>bona.</strong></span> <span class='ocrx_word' id='word_1_741' title='bbox 2355 3088 2707 3158; x_wconf 82' lang='lat' dir='ltr'><strong>Surgeutibus</strong></span> <span class='ocrx_word' id='word_1_742' title='bbox 2732 3086 3039 3143; x_wconf 70' lang='lat' dir='ltr'><strong>cmlestibus</strong></span> <span class='ocrx_word' id='word_1_743' title='bbox 3069 3088 3343 3154; x_wconf 87' lang='lat' dir='ltr'><strong>membris,</strong></span> <span class='ocrx_word' id='word_1_744' title='bbox 3376 3087 3561 3160; x_wconf 79' lang='lat' dir='ltr'><strong>incipit</strong></span> 
     </span>
    </p>
   </div>
   <div class='ocr_carea' id='block_1_92' title="bbox 1976 3177 3560 3249">
    <p class='ocr_par' dir='ltr' id='par_1_92' title="bbox 1976 3177 3560 3249">
     <span class='ocr_line' id='line_1_92' title="bbox 1976 3177 3560 3249; baseline -0.002 -12"><span class='ocrx_word' id='word_1_745' title='bbox 1976 3183 2282 3237; x_wconf 85' lang='lat' dir='ltr'><strong>desiderare</strong></span> <span class='ocrx_word' id='word_1_746' title='bbox 2313 3181 2452 3249; x_wconf 89' lang='lat' dir='ltr'><strong>quod</strong></span> <span class='ocrx_word' id='word_1_747' title='bbox 2494 3180 2728 3232; x_wconf 88' lang='lat' dir='ltr'><strong>timebat.</strong></span> <span class='ocrx_word' id='word_1_748' title='bbox 2763 3177 3006 3232; x_wconf 89' lang='lat' dir='ltr'><strong>Timebat</strong></span> <span class='ocrx_word' id='word_1_749' title='bbox 3052 3178 3193 3232; x_wconf 83' lang='lat' dir='ltr'><strong>enim</strong></span> <span class='ocrx_word' id='word_1_750' title='bbox 3241 3192 3308 3233; x_wconf 92' lang='lat' dir='ltr'><strong>ne</strong></span> <span class='ocrx_word' id='word_1_751' title='bbox 3353 3179 3560 3234; x_wconf 85' lang='lat' dir='ltr'><strong>veniret</strong></span> 
     </span>
    </p>
   </div>
   <div class='ocr_carea' id='block_1_93' title="bbox 1977 3261 3558 3339">
    <p class='ocr_par' dir='ltr' id='par_1_93' title="bbox 1977 3261 3558 3339">
     <span class='ocr_line' id='line_1_93' title="bbox 1977 3261 3558 3339; baseline -0.004 -10"><span class='ocrx_word' id='word_1_752' title='bbox 1977 3273 2241 3338; x_wconf 78' lang='lat' dir='ltr'><strong>Christus,</strong></span> <span class='ocrx_word' id='word_1_753' title='bbox 2271 3279 2322 3325; x_wconf 79' lang='lat' dir='ltr'><strong>et</strong></span> <span class='ocrx_word' id='word_1_754' title='bbox 2347 3264 2607 3324; x_wconf 85' lang='lat' dir='ltr'><strong>inveniret</strong></span> <span class='ocrx_word' id='word_1_755' title='bbox 2637 3267 2855 3338; x_wconf 89' lang='lat' dir='ltr'><strong>impium</strong></span> <span class='ocrx_word' id='word_1_756' title='bbox 2884 3283 3040 3339; x_wconf 87' lang='lat' dir='ltr'><strong>quem</strong></span> <span class='ocrx_word' id='word_1_757' title='bbox 3076 3261 3386 3332; x_wconf 82' lang='lat' dir='ltr'><strong>damnaret;</strong></span> <span class='ocrx_word' id='word_1_758' title='bbox 3415 3265 3558 3323; x_wconf 86' lang='lat' dir='ltr'><strong>desi-</strong></span> 
     </span>
    </p>
   </div>
   <div class='ocr_carea' id='block_1_94' title="bbox 1977 3355 3561 3432">
    <p class='ocr_par' dir='ltr' id='par_1_94' title="bbox 1977 3355 3561 3432">
     <span class='ocr_line' id='line_1_94' title="bbox 1977 3355 3561 3432; baseline -0.006 -12"><span class='ocrx_word' id='word_1_759' title='bbox 1977 3355 2130 3422; x_wconf 85' lang='lat' dir='ltr'><strong>derat</strong></span> <span class='ocrx_word' id='word_1_760' title='bbox 2161 3373 2214 3418; x_wconf 89' lang='lat' dir='ltr'><strong>ut</strong></span> <span class='ocrx_word' id='word_1_761' title='bbox 2244 3357 2438 3425; x_wconf 84' lang='lat' dir='ltr'><strong>veniat,</strong></span> <span class='ocrx_word' id='word_1_762' title='bbox 2469 3361 2589 3432; x_wconf 88' lang='lat' dir='ltr'><strong>quia</strong></span> <span class='ocrx_word' id='word_1_763' title='bbox 2623 3363 2931 3415; x_wconf 86' lang='lat' dir='ltr'><strong>inventurus</strong></span> <span class='ocrx_word' id='word_1_764' title='bbox 2959 3367 3039 3414; x_wconf 85' lang='lat' dir='ltr'><strong>eSt</strong></span> <span class='ocrx_word' id='word_1_765' title='bbox 3086 3360 3226 3426; x_wconf 86' lang='lat' dir='ltr'><strong>piunt</strong></span> <span class='ocrx_word' id='word_1_766' title='bbox 3271 3357 3427 3429; x_wconf 81' lang='lat' dir='ltr'><strong>quem</strong></span> <span class='ocrx_word' id='word_1_767' title='bbox 3469 3359 3561 3415; x_wconf 81' lang='lat' dir='ltr'><strong>cu-</strong></span> 
     </span>
    </p>
   </div>
   <div class='ocr_carea' id='block_1_95' title="bbox 1977 3451 3557 3524">
    <p class='ocr_par' dir='ltr' id='par_1_95' title="bbox 1977 3451 3557 3524">
     <span class='ocr_line' id='line_1_95' title="bbox 1977 3451 3557 3524; baseline -0.004 -9"><span class='ocrx_word' id='word_1_768' title='bbox 1977 3457 2150 3515; x_wconf 78' lang='lat' dir='ltr'><strong>ronet&#39;.</strong></span> <span class='ocrx_word' id='word_1_769' title='bbox 2180 3459 2295 3514; x_wconf 85' lang='lat' dir='ltr'><strong>Jam</strong></span> <span class='ocrx_word' id='word_1_770' title='bbox 2324 3473 2443 3511; x_wconf 89' lang='lat' dir='ltr'><strong>eum</strong></span> <span class='ocrx_word' id='word_1_771' title='bbox 2471 3455 2692 3524; x_wconf 70' lang='lat' dir='ltr'><strong>emperit</strong></span> <span class='ocrx_word' id='word_1_772' title='bbox 2727 3451 3032 3508; x_wconf 80' lang='lat' dir='ltr'><strong>desiderare</strong></span> <span class='ocrx_word' id='word_1_773' title='bbox 3057 3453 3356 3508; x_wconf 83' lang='lat' dir='ltr'><strong>venientem</strong></span> <span class='ocrx_word' id='word_1_774' title='bbox 3398 3451 3557 3508; x_wconf 81' lang='lat' dir='ltr'><strong>Citri-</strong></span> 
     </span>
    </p>
   </div>
   <div class='ocr_carea' id='block_1_96' title="bbox 1976 3546 3556 3616">
    <p class='ocr_par' dir='ltr' id='par_1_96' title="bbox 1976 3546 3556 3616">
     <span class='ocr_line' id='line_1_96' title="bbox 1976 3546 3556 3616; baseline -0.004 -9"><span class='ocrx_word' id='word_1_775' title='bbox 1976 3547 2114 3607; x_wconf 86' lang='lat' dir='ltr'><strong>stum</strong></span> <span class='ocrx_word' id='word_1_776' title='bbox 2145 3559 2289 3605; x_wconf 85' lang='lat' dir='ltr'><strong>casta</strong></span> <span class='ocrx_word' id='word_1_777' title='bbox 2320 3550 2514 3608; x_wconf 87' lang='lat' dir='ltr'><strong>anima,</strong></span> <span class='ocrx_word' id='word_1_778' title='bbox 2549 3563 2665 3616; x_wconf 69' lang='lat' dir='ltr'><strong>qua:</strong></span> <span class='ocrx_word' id='word_1_779' title='bbox 2706 3546 2972 3600; x_wconf 69' lang='lat' dir='ltr'><strong>desiderat</strong></span> <span class='ocrx_word' id='word_1_780' title='bbox 3009 3546 3285 3614; x_wconf 75' lang='lat' dir='ltr'><strong>antplettus</strong></span> <span class='ocrx_word' id='word_1_781' title='bbox 3337 3548 3556 3615; x_wconf 90' lang='lat' dir='ltr'><strong>sponsi,</strong></span> 
     </span>
    </p>
   </div>
   <div class='ocr_carea' id='block_1_97' title="bbox 1975 3633 3561 3707">
    <p class='ocr_par' dir='ltr' id='par_1_97' title="bbox 1975 3633 3561 3707">
     <span class='ocr_line' id='line_1_97' title="bbox 1975 3633 3561 3707; baseline -0.006 -8"><span class='ocrx_word' id='word_1_782' title='bbox 1975 3633 2246 3699; x_wconf 72' lang='lat' dir='ltr'><strong>renuntiat</strong></span> <span class='ocrx_word' id='word_1_783' title='bbox 2269 3641 2537 3698; x_wconf 86' lang='lat' dir='ltr'><strong>adultero;</strong></span> <span class='ocrx_word' id='word_1_784' title='bbox 2574 3641 2631 3692; x_wconf 87' lang='lat' dir='ltr'><strong>ﬁt</strong></span> <span class='ocrx_word' id='word_1_785' title='bbox 2656 3641 2802 3707; x_wconf 80' lang='lat' dir='ltr'><strong>virgo</strong></span> <span class='ocrx_word' id='word_1_786' title='bbox 2836 3634 3053 3691; x_wconf 82' lang='lat' dir='ltr'><strong>interius</strong></span> <span class='ocrx_word' id='word_1_787' title='bbox 3082 3637 3190 3705; x_wconf 80' lang='lat' dir='ltr'><strong>ipsa</strong></span> <span class='ocrx_word' id='word_1_788' title='bbox 3221 3636 3340 3698; x_wconf 87' lang='lat' dir='ltr'><strong>ﬁde,</strong></span> <span class='ocrx_word' id='word_1_789' title='bbox 3369 3652 3479 3705; x_wconf 80' lang='lat' dir='ltr'><strong>spe,</strong></span> <span class='ocrx_word' id='word_1_790' title='bbox 3505 3649 3561 3694; x_wconf 86' lang='lat' dir='ltr'><strong>et.</strong></span> 
     </span>
    </p>
   </div>
   <div class='ocr_carea' id='block_1_98' title="bbox 1976 3727 3555 3799">
    <p class='ocr_par' dir='ltr' id='par_1_98' title="bbox 1976 3727 3555 3799">
     <span class='ocr_line' id='line_1_98' title="bbox 1976 3727 3555 3799; baseline -0.002 -11"><span class='ocrx_word' id='word_1_791' title='bbox 1976 3736 2252 3788; x_wconf 88' lang='lat' dir='ltr'><strong>charitate.</strong></span> <span class='ocrx_word' id='word_1_792' title='bbox 2304 3731 2473 3786; x_wconf 87' lang='lat' dir='ltr'><strong>llanet</strong></span> <span class='ocrx_word' id='word_1_793' title='bbox 2505 3730 2612 3799; x_wconf 86' lang='lat' dir='ltr'><strong>jam</strong></span> <span class='ocrx_word' id='word_1_794' title='bbox 2661 3729 2902 3783; x_wconf 90' lang='lat' dir='ltr'><strong>ﬁduciam</strong></span> <span class='ocrx_word' id='word_1_795' title='bbox 2951 3727 3002 3781; x_wconf 91' lang='lat' dir='ltr'><strong>in</strong></span> <span class='ocrx_word' id='word_1_796' title='bbox 3052 3727 3138 3783; x_wconf 92' lang='lat' dir='ltr'><strong>die</strong></span> <span class='ocrx_word' id='word_1_797' title='bbox 3178 3728 3359 3796; x_wconf 78' lang='lat' dir='ltr'><strong>judicii</strong></span> <span class='ocrx_word' id='word_1_798' title='bbox 3403 3745 3555 3785; x_wconf 90' lang='lat' dir='ltr'><strong>:non</strong></span> 
     </span>
    </p>
   </div>
   <div class='ocr_carea' id='block_1_99' title="bbox 1976 3817 3555 3892">
    <p class='ocr_par' dir='ltr' id='par_1_99' title="bbox 1976 3817 3555 3892">
     <span class='ocr_line' id='line_1_99' title="bbox 1976 3817 3555 3892; baseline -0.003 -13"><span class='ocrx_word' id='word_1_799' title='bbox 1976 3837 2160 3880; x_wconf 80' lang='lat' dir='ltr'><strong>comm</strong></span> <span class='ocrx_word' id='word_1_800' title='bbox 2202 3827 2258 3876; x_wconf 79' lang='lat' dir='ltr'><strong>Se</strong></span> <span class='ocrx_word' id='word_1_801' title='bbox 2302 3834 2500 3892; x_wconf 74' lang='lat' dir='ltr'><strong>pugnat</strong></span> <span class='ocrx_word' id='word_1_802' title='bbox 2541 3820 2751 3891; x_wconf 88' lang='lat' dir='ltr'><strong>quando</strong></span> <span class='ocrx_word' id='word_1_803' title='bbox 2776 3829 2922 3882; x_wconf 90' lang='lat' dir='ltr'><strong>orat,</strong></span> <span class='ocrx_word' id='word_1_804' title='bbox 2951 3827 3004 3873; x_wconf 89' lang='lat' dir='ltr'><strong>et</strong></span> <span class='ocrx_word' id='word_1_805' title='bbox 3030 3817 3175 3886; x_wconf 84' lang='lat' dir='ltr'><strong>dicit,</strong></span> <span class='ocrx_word' id='word_1_806' title='bbox 3204 3817 3445 3874; x_wconf 78' lang='lat' dir='ltr'><strong>Adveniet</strong></span> <span class='ocrx_word' id='word_1_807' title='bbox 3473 3836 3555 3876; x_wconf 84' lang='lat' dir='ltr'><strong>re-</strong></span> 
     </span>
    </p>
   </div>
   <div class='ocr_carea' id='block_1_100' title="bbox 1975 3903 3559 3989">
    <p class='ocr_par' dir='ltr' id='par_1_100' title="bbox 1975 3903 3559 3989">
     <span class='ocr_line' id='line_1_100' title="bbox 1975 3903 3559 3989; baseline -0.001 -18"><span class='ocrx_word' id='word_1_808' title='bbox 1975 3933 2125 3989; x_wconf 87' lang='lat' dir='ltr'><strong>gnum</strong></span> <span class='ocrx_word' id='word_1_809' title='bbox 2157 3919 2296 3968; x_wconf 81' lang='lat' dir='ltr'><strong>tuum</strong></span> <span class='ocrx_word' id='word_1_810' title='bbox 2321 3911 2531 3984; x_wconf 76' lang='lat' dir='ltr'><strong>(Matth.</strong></span> <span class='ocrx_word' id='word_1_811' title='bbox 2563 3930 2610 3967; x_wconf 85' lang='lat' dir='ltr'><strong>vt</strong></span> <span class='ocrx_word' id='word_1_812' title='bbox 2630 3954 2644 3978; x_wconf 93' lang='lat'><strong>,</strong></span> <span class='ocrx_word' id='word_1_813' title='bbox 2679 3913 2792 3980; x_wconf 77' lang='lat' dir='ltr'><strong>ill).</strong></span> <span class='ocrx_word' id='word_1_814' title='bbox 2817 3907 2913 3981; x_wconf 81' lang='lat' dir='ltr'><strong>Qui</strong></span> <span class='ocrx_word' id='word_1_815' title='bbox 2941 3912 3078 3966; x_wconf 87' lang='lat' dir='ltr'><strong>enim</strong></span> <span class='ocrx_word' id='word_1_816' title='bbox 3111 3913 3257 3966; x_wconf 89' lang='lat' dir='ltr'><strong>timet</strong></span> <span class='ocrx_word' id='word_1_817' title='bbox 3289 3903 3353 3968; x_wconf 83' lang='lat' dir='ltr'><strong>ne</strong></span> <span class='ocrx_word' id='word_1_818' title='bbox 3383 3913 3559 3970; x_wconf 77' lang='lat' dir='ltr'><strong>veniat</strong></span> 
     </span>
    </p>
   </div>
   <div class='ocr_carea' id='block_1_101' title="bbox 1975 3993 3555 4077">
    <p class='ocr_par' dir='ltr' id='par_1_101' title="bbox 1975 3993 3555 4077">
     <span class='ocr_line' id='line_1_101' title="bbox 1975 3993 3555 4077; baseline -0.003 -16"><span class='ocrx_word' id='word_1_819' title='bbox 1975 3993 2193 4077; x_wconf 75' lang='lat' dir='ltr'><strong>regnum</strong></span> <span class='ocrx_word' id='word_1_820' title='bbox 2224 4001 2337 4069; x_wconf 89' lang='lat' dir='ltr'><strong>Dei,</strong></span> <span class='ocrx_word' id='word_1_821' title='bbox 2373 4001 2522 4058; x_wconf 86' lang='lat' dir='ltr'><strong>timet</strong></span> <span class='ocrx_word' id='word_1_822' title='bbox 2551 4019 2614 4057; x_wconf 90' lang='lat' dir='ltr'><strong>ne</strong></span> <span class='ocrx_word' id='word_1_823' title='bbox 2637 3999 2964 4055; x_wconf 60' lang='lat' dir='ltr'><strong>Maniliatur.</strong></span> <span class='ocrx_word' id='word_1_824' title='bbox 2998 4002 3280 4069; x_wconf 86' lang='lat' dir='ltr'><strong>Quotnodo</strong></span> <span class='ocrx_word' id='word_1_825' title='bbox 3301 4002 3437 4069; x_wconf 79' lang='lat' dir='ltr'><strong>orat,</strong></span> <span class='ocrx_word' id='word_1_826' title='bbox 3466 4005 3555 4074; x_wconf 90' lang='lat' dir='ltr'><strong>qui</strong></span> 
     </span>
    </p>
   </div>
   <div class='ocr_carea' id='block_1_102' title="bbox 1975 4088 3554 4158">
    <p class='ocr_par' dir='ltr' id='par_1_102' title="bbox 1975 4088 3554 4158">
     <span class='ocr_line' id='line_1_102' title="bbox 1975 4088 3554 4158; baseline -0.004 -6"><span class='ocrx_word' id='word_1_827' title='bbox 1975 4089 2126 4152; x_wconf 64' lang='lat' dir='ltr'><strong>timet</strong></span> <span class='ocrx_word' id='word_1_828' title='bbox 2152 4111 2216 4149; x_wconf 89' lang='lat' dir='ltr'><strong>ne</strong></span> <span class='ocrx_word' id='word_1_829' title='bbox 2237 4090 2585 4148; x_wconf 80' lang='lat' dir='ltr'><strong>exaudiatur?</strong></span> <span class='ocrx_word' id='word_1_830' title='bbox 2606 4091 2702 4158; x_wconf 87' lang='lat' dir='ltr'><strong>Qui</strong></span> <span class='ocrx_word' id='word_1_831' title='bbox 2727 4088 2900 4143; x_wconf 77' lang='lat' dir='ltr'><strong>autem</strong></span> <span class='ocrx_word' id='word_1_832' title='bbox 2925 4099 3040 4142; x_wconf 90' lang='lat' dir='ltr'><strong>orat</strong></span> <span class='ocrx_word' id='word_1_833' title='bbox 3062 4105 3179 4143; x_wconf 92' lang='lat' dir='ltr'><strong>cum</strong></span> <span class='ocrx_word' id='word_1_834' title='bbox 3212 4089 3400 4146; x_wconf 87' lang='lat' dir='ltr'><strong>ﬁducia</strong></span> <span class='ocrx_word' id='word_1_835' title='bbox 3427 4092 3554 4146; x_wconf 87' lang='lat' dir='ltr'><strong>cha-</strong></span> 
     </span>
    </p>
   </div>
   <div class='ocr_carea' id='block_1_103' title="bbox 1975 4179 3554 4256">
    <p class='ocr_par' dir='ltr' id='par_1_103' title="bbox 1975 4179 3554 4256">
     <span class='ocr_line' id='line_1_103' title="bbox 1975 4179 3554 4256; baseline -0.006 -12"><span class='ocrx_word' id='word_1_836' title='bbox 1975 4181 2164 4250; x_wconf 75' lang='lat' dir='ltr'><strong>i&#39;itatis,</strong></span> <span class='ocrx_word' id='word_1_837' title='bbox 2195 4185 2341 4256; x_wconf 76' lang='lat' dir='ltr'><strong>optat</strong></span> <span class='ocrx_word' id='word_1_838' title='bbox 2366 4185 2471 4252; x_wconf 80' lang='lat' dir='ltr'><strong>jam</strong></span> <span class='ocrx_word' id='word_1_839' title='bbox 2504 4189 2560 4238; x_wconf 80' lang='lat' dir='ltr'><strong>ut</strong></span> <span class='ocrx_word' id='word_1_840' title='bbox 2583 4179 2775 4236; x_wconf 84' lang='lat' dir='ltr'><strong>veniat.</strong></span> <span class='ocrx_word' id='word_1_841' title='bbox 2813 4179 2883 4235; x_wconf 81' lang='lat' dir='ltr'><strong>De</strong></span> <span class='ocrx_word' id='word_1_842' title='bbox 2916 4181 3029 4249; x_wconf 66' lang='lat' dir='ltr'><strong>ipsit</strong></span> <span class='ocrx_word' id='word_1_843' title='bbox 3056 4179 3320 4235; x_wconf 84' lang='lat' dir='ltr'><strong>desiderio</strong></span> <span class='ocrx_word' id='word_1_844' title='bbox 3345 4183 3554 4238; x_wconf 84' lang='lat' dir='ltr'><strong>dicebat</strong></span> 
     </span>
    </p>
   </div>
   <div class='ocr_carea' id='block_1_104' title="bbox 1972 4267 3553 4351">
    <p class='ocr_par' dir='ltr' id='par_1_104' title="bbox 1972 4267 3553 4351">
     <span class='ocr_line' id='line_1_104' title="bbox 1972 4267 3553 4351; baseline -0.006 -15"><span class='ocrx_word' id='word_1_845' title='bbox 1972 4267 2182 4351; x_wconf 78' lang='lat' dir='ltr'><strong>quidam</strong></span> <span class='ocrx_word' id='word_1_846' title='bbox 2209 4275 2258 4333; x_wconf 78' lang='lat' dir='ltr'><strong>iii</strong></span> <span class='ocrx_word' id='word_1_847' title='bbox 2293 4267 2520 4338; x_wconf 75' lang='lat' dir='ltr'><strong>Psalnto,</strong></span> <span class='ocrx_word' id='word_1_848' title='bbox 2556 4276 2620 4330; x_wconf 71' lang='lat' dir='ltr'><strong>Et</strong></span> <span class='ocrx_word' id='word_1_849' title='bbox 2649 4277 2723 4339; x_wconf 86' lang='lat' dir='ltr'><strong>tu,</strong></span> <span class='ocrx_word' id='word_1_850' title='bbox 2760 4269 2990 4339; x_wconf 80' lang='lat' dir='ltr'><strong>Domine,</strong></span> <span class='ocrx_word' id='word_1_851' title='bbox 3020 4271 3308 4342; x_wconf 79' lang='lat' dir='ltr'><strong>usquequo.’</strong></span> <span class='ocrx_word' id='word_1_852' title='bbox 3335 4270 3553 4327; x_wconf 80' lang='lat' dir='ltr'><strong>Conver-</strong></span> 
     </span>
    </p>
   </div>
   <div class='ocr_carea' id='block_1_105' title="bbox 1973 4357 3550 4438">
    <p class='ocr_par' dir='ltr' id='par_1_105' title="bbox 1973 4357 3550 4438">
     <span class='ocr_line' id='line_1_105' title="bbox 1973 4357 3550 4438; baseline -0.005 -11"><span class='ocrx_word' id='word_1_853' title='bbox 1973 4383 2092 4436; x_wconf 73' lang='lat' dir='ltr'><strong>tere,</strong></span> <span class='ocrx_word' id='word_1_854' title='bbox 2127 4359 2354 4434; x_wconf 70' lang='lat' dir='ltr'><strong>Domine,</strong></span> <span class='ocrx_word' id='word_1_855' title='bbox 2384 4373 2429 4423; x_wconf 80' lang='lat' dir='ltr'><strong>et</strong></span> <span class='ocrx_word' id='word_1_856' title='bbox 2455 4385 2571 4422; x_wconf 84' lang='lat' dir='ltr'><strong>erue</strong></span> <span class='ocrx_word' id='word_1_857' title='bbox 2610 4365 2829 4420; x_wconf 72' lang='lat' dir='ltr'><strong>duiuta&#39;nt</strong></span> <span class='ocrx_word' id='word_1_858' title='bbox 2876 4359 3035 4418; x_wconf 81' lang='lat' dir='ltr'><strong>meum</strong></span> <span class='ocrx_word' id='word_1_859' title='bbox 3073 4364 3089 4432; x_wconf 87' lang='lat'><strong>(</strong></span> <span class='ocrx_word' id='word_1_860' title='bbox 3108 4361 3248 4418; x_wconf 77' lang='lat' dir='ltr'><strong>Psal.</strong></span> <span class='ocrx_word' id='word_1_861' title='bbox 3280 4371 3348 4430; x_wconf 82' lang='lat' dir='ltr'><strong>vt,</strong></span> <span class='ocrx_word' id='word_1_862' title='bbox 3379 4367 3429 4424; x_wconf 72' lang='lat'><strong>4.</strong></span> <span class='ocrx_word' id='word_1_863' title='bbox 3460 4357 3550 4438; x_wconf 74' lang='lat'><strong>5).</strong></span> 
     </span>
    </p>
   </div>
   <div class='ocr_carea' id='block_1_106' title="bbox 1971 4449 3553 4528">
    <p class='ocr_par' dir='ltr' id='par_1_106' title="bbox 1971 4449 3553 4528">
     <span class='ocr_line' id='line_1_106' title="bbox 1971 4449 3553 4528; baseline -0.005 -9"><span class='ocrx_word' id='word_1_864' title='bbox 1971 4453 2229 4519; x_wconf 76' lang='lat' dir='ltr'><strong>Geiuebat</strong></span> <span class='ocrx_word' id='word_1_865' title='bbox 2258 4477 2314 4516; x_wconf 79' lang='lat' dir='ltr'><strong>se</strong></span> <span class='ocrx_word' id='word_1_866' title='bbox 2342 4449 2563 4513; x_wconf 66' lang='lat' dir='ltr'><strong>diil‘erri.</strong></span> <span class='ocrx_word' id='word_1_867' title='bbox 2594 4453 2727 4513; x_wconf 83' lang='lat' dir='ltr'><strong>Sunt</strong></span> <span class='ocrx_word' id='word_1_868' title='bbox 2754 4453 2893 4510; x_wconf 72' lang='lat' dir='ltr'><strong>enini</strong></span> <span class='ocrx_word' id='word_1_869' title='bbox 2928 4453 3168 4510; x_wconf 83' lang='lat' dir='ltr'><strong>liontines</strong></span> <span class='ocrx_word' id='word_1_870' title='bbox 3188 4452 3274 4525; x_wconf 89' lang='lat' dir='ltr'><strong>qui</strong></span> <span class='ocrx_word' id='word_1_871' title='bbox 3303 4467 3420 4511; x_wconf 82' lang='lat' dir='ltr'><strong>euut</strong></span> <span class='ocrx_word' id='word_1_872' title='bbox 3458 4469 3553 4528; x_wconf 84' lang='lat' dir='ltr'><strong>pa-</strong></span> 
     </span>
    </p>
   </div>
   <div class='ocr_carea' id='block_1_107' title="bbox 1971 4545 3552 4620">
    <p class='ocr_par' dir='ltr' id='par_1_107' title="bbox 1971 4545 3552 4620">
     <span class='ocr_line' id='line_1_107' title="bbox 1971 4545 3552 4620; baseline -0.003 -12"><span class='ocrx_word' id='word_1_873' title='bbox 1971 4545 2154 4610; x_wconf 78' lang='lat' dir='ltr'><strong>tientia</strong></span> <span class='ocrx_word' id='word_1_874' title='bbox 2207 4549 2503 4607; x_wconf 77' lang='lat' dir='ltr'><strong>moridntur</strong></span> <span class='ocrx_word' id='word_1_875' title='bbox 2530 4569 2543 4603; x_wconf 93' lang='lat'>:</span> <span class='ocrx_word' id='word_1_876' title='bbox 2573 4553 2697 4604; x_wconf 88' lang='lat' dir='ltr'><strong>sunt</strong></span> <span class='ocrx_word' id='word_1_877' title='bbox 2725 4546 2901 4604; x_wconf 85' lang='lat' dir='ltr'><strong>autem</strong></span> <span class='ocrx_word' id='word_1_878' title='bbox 2944 4547 3156 4618; x_wconf 89' lang='lat' dir='ltr'><strong>quidam</strong></span> <span class='ocrx_word' id='word_1_879' title='bbox 3205 4547 3422 4616; x_wconf 80' lang='lat' dir='ltr'><strong>perfecti</strong></span> <span class='ocrx_word' id='word_1_880' title='bbox 3467 4552 3552 4620; x_wconf 87' lang='lat' dir='ltr'><strong>qui</strong></span> 
     </span>
    </p>
   </div>
   <div class='ocr_carea' id='block_1_108' title="bbox 1969 4635 3555 4714">
    <p class='ocr_par' dir='ltr' id='par_1_108' title="bbox 1969 4635 3555 4714">
     <span class='ocr_line' id='line_1_108' title="bbox 1969 4635 3555 4714; baseline -0.004 -13"><span class='ocrx_word' id='word_1_881' title='bbox 1969 4643 2088 4701; x_wconf 72' lang='lat' dir='ltr'><strong>cum</strong></span> <span class='ocrx_word' id='word_1_882' title='bbox 2123 4645 2370 4714; x_wconf 85' lang='lat' dir='ltr'><strong>patientia</strong></span> <span class='ocrx_word' id='word_1_883' title='bbox 2399 4641 2602 4696; x_wconf 83' lang='lat' dir='ltr'><strong>vivunt.</strong></span> <span class='ocrx_word' id='word_1_884' title='bbox 2637 4636 2769 4708; x_wconf 82' lang='lat' dir='ltr'><strong>Quid</strong></span> <span class='ocrx_word' id='word_1_885' title='bbox 2796 4639 2904 4694; x_wconf 75' lang='lat' dir='ltr'><strong>divi</strong></span> <span class='ocrx_word' id='word_1_886' title='bbox 2925 4637 2948 4694; x_wconf 82' lang='lat'><strong>?</strong></span> <span class='ocrx_word' id='word_1_887' title='bbox 2969 4635 3066 4704; x_wconf 87' lang='lat' dir='ltr'><strong>Qui</strong></span> <span class='ocrx_word' id='word_1_888' title='bbox 3094 4639 3266 4693; x_wconf 83' lang='lat' dir='ltr'><strong>adhuc</strong></span> <span class='ocrx_word' id='word_1_889' title='bbox 3287 4635 3555 4695; x_wconf 74' lang='lat' dir='ltr'><strong>desiderat</strong></span> 
     </span>
    </p>
   </div>
   <div class='ocr_carea' id='block_1_109' title="bbox 1970 4726 3554 4808">
    <p class='ocr_par' dir='ltr' id='par_1_109' title="bbox 1970 4726 3554 4808">
     <span class='ocr_line' id='line_1_109' title="bbox 1970 4726 3554 4808; baseline -0.003 -16"><span class='ocrx_word' id='word_1_890' title='bbox 1970 4726 2122 4792; x_wconf 70' lang='lat' dir='ltr'><strong>istam</strong></span> <span class='ocrx_word' id='word_1_891' title='bbox 2151 4735 2334 4802; x_wconf 71' lang='lat' dir='ltr'><strong>Vitam,</strong></span> <span class='ocrx_word' id='word_1_892' title='bbox 2361 4730 2571 4805; x_wconf 78' lang='lat' dir='ltr'><strong>quando</strong></span> <span class='ocrx_word' id='word_1_893' title='bbox 2601 4733 2675 4787; x_wconf 88' lang='lat' dir='ltr'><strong>illi</strong></span> <span class='ocrx_word' id='word_1_894' title='bbox 2697 4729 2900 4787; x_wconf 77' lang='lat' dir='ltr'><strong>venerit</strong></span> <span class='ocrx_word' id='word_1_895' title='bbox 2928 4729 3041 4786; x_wconf 79' lang='lat' dir='ltr'><strong>dies</strong></span> <span class='ocrx_word' id='word_1_896' title='bbox 3063 4728 3267 4795; x_wconf 76' lang='lat' dir='ltr'><strong>inertis,</strong></span> <span class='ocrx_word' id='word_1_897' title='bbox 3293 4731 3554 4808; x_wconf 70' lang='lat' dir='ltr'><strong>patienter</strong></span> 
     </span>
    </p>
   </div>
   <div class='ocr_carea' id='block_1_110' title="bbox 1968 4815 3554 4888">
    <p class='ocr_par' dir='ltr' id='par_1_110' title="bbox 1968 4815 3554 4888">
     <span class='ocr_line' id='line_1_110' title="bbox 1968 4815 3554 4888; baseline -0.005 -2"><span class='ocrx_word' id='word_1_898' title='bbox 1968 4821 2162 4886; x_wconf 74' lang='lat' dir='ltr'><strong>tolerat</strong></span> <span class='ocrx_word' id='word_1_899' title='bbox 2205 4827 2427 4883; x_wconf 82' lang='lat' dir='ltr'><strong>mortem</strong></span> <span class='ocrx_word' id='word_1_900' title='bbox 2465 4826 2732 4880; x_wconf 87' lang='lat' dir='ltr'><strong>:luctatur</strong></span> <span class='ocrx_word' id='word_1_901' title='bbox 2771 4821 3049 4880; x_wconf 75' lang='lat' dir='ltr'><strong>adversum</strong></span> <span class='ocrx_word' id='word_1_902' title='bbox 3091 4818 3180 4886; x_wconf 70' lang='lat' dir='ltr'><strong>Se,</strong></span> <span class='ocrx_word' id='word_1_903' title='bbox 3216 4831 3269 4878; x_wconf 90' lang='lat' dir='ltr'><strong>ut</strong></span> <span class='ocrx_word' id='word_1_904' title='bbox 3303 4815 3554 4888; x_wconf 79' lang='lat' dir='ltr'><strong>sequatur</strong></span> 
     </span>
    </p>
   </div>
   <div class='ocr_carea' id='block_1_111' title="bbox 1970 4897 3554 4985">
    <p class='ocr_par' dir='ltr' id='par_1_111' title="bbox 1970 4897 3554 4985">
     <span class='ocr_line' id='line_1_111' title="bbox 1970 4897 3554 4985; baseline -0.002 -12"><span class='ocrx_word' id='word_1_905' title='bbox 1970 4919 2290 4974; x_wconf 83' lang='lat' dir='ltr'><strong>voluntatem</strong></span> <span class='ocrx_word' id='word_1_906' title='bbox 2323 4915 2452 4984; x_wconf 75' lang='lat' dir='ltr'><strong>Uri;</strong></span> <span class='ocrx_word' id='word_1_907' title='bbox 2483 4921 2537 4973; x_wconf 79' lang='lat' dir='ltr'><strong>et</strong></span> <span class='ocrx_word' id='word_1_908' title='bbox 2561 4913 2660 4971; x_wconf 83' lang='lat' dir='ltr'><strong>hoc</strong></span> <span class='ocrx_word' id='word_1_909' title='bbox 2682 4917 2857 4985; x_wconf 80' lang='lat' dir='ltr'><strong>potius</strong></span> <span class='ocrx_word' id='word_1_910' title='bbox 2877 4910 2982 4984; x_wconf 64' lang='lat' dir='ltr'><strong>agit</strong></span> <span class='ocrx_word' id='word_1_911' title='bbox 3013 4903 3208 4974; x_wconf 71' lang='lat' dir='ltr'><strong>animo,</strong></span> <span class='ocrx_word' id='word_1_912' title='bbox 3242 4911 3382 4983; x_wconf 85' lang='lat' dir='ltr'><strong>quod</strong></span> <span class='ocrx_word' id='word_1_913' title='bbox 3411 4897 3554 4985; x_wconf 77' lang='lat' dir='ltr'><strong>eligit</strong></span> 
     </span>
    </p>
   </div>
   <div class='ocr_carea' id='block_1_112' title="bbox 1969 4995 3551 5079">
    <p class='ocr_par' dir='ltr' id='par_1_112' title="bbox 1969 4995 3551 5079">
     <span class='ocr_line' id='line_1_112' title="bbox 1969 4995 3551 5079; baseline -0.003 -13"><span class='ocrx_word' id='word_1_914' title='bbox 1969 5009 2127 5072; x_wconf 84' lang='lat' dir='ltr'><strong>Deus,</strong></span> <span class='ocrx_word' id='word_1_915' title='bbox 2155 5023 2257 5064; x_wconf 93' lang='lat' dir='ltr'><strong>non</strong></span> <span class='ocrx_word' id='word_1_916' title='bbox 2280 5009 2418 5079; x_wconf 86' lang='lat' dir='ltr'><strong>quod</strong></span> <span class='ocrx_word' id='word_1_917' title='bbox 2440 5007 2587 5078; x_wconf 83' lang='lat' dir='ltr'><strong>eligit</strong></span> <span class='ocrx_word' id='word_1_918' title='bbox 2607 4995 2848 5059; x_wconf 85' lang='lat' dir='ltr'><strong>voluntas</strong></span> <span class='ocrx_word' id='word_1_919' title='bbox 2876 5001 3103 5058; x_wconf 83' lang='lat' dir='ltr'><strong>humana</strong></span> <span class='ocrx_word' id='word_1_920' title='bbox 3133 5021 3144 5057; x_wconf 93' lang='lat'><strong>:</strong></span> <span class='ocrx_word' id='word_1_921' title='bbox 3170 5013 3222 5058; x_wconf 90' lang='lat' dir='ltr'><strong>et</strong></span> <span class='ocrx_word' id='word_1_922' title='bbox 3249 5020 3311 5058; x_wconf 65' lang='lat' dir='ltr'><strong>ex</strong></span> <span class='ocrx_word' id='word_1_923' title='bbox 3340 4999 3551 5061; x_wconf 68' lang='lat' dir='ltr'><strong>deSide-</strong></span> 
     </span>
    </p>
   </div>
   <div class='ocr_carea' id='block_1_113' title="bbox 1964 5093 3557 5170">
    <p class='ocr_par' dir='ltr' id='par_1_113' title="bbox 1964 5093 3557 5170">
     <span class='ocr_line' id='line_1_113' title="bbox 1964 5093 3557 5170; baseline -0.002 -14"><span class='ocrx_word' id='word_1_924' title='bbox 1964 5101 2046 5157; x_wconf 86' lang='lat' dir='ltr'><strong>rio</strong></span> <span class='ocrx_word' id='word_1_925' title='bbox 2089 5103 2211 5157; x_wconf 76' lang='lat' dir='ltr'><strong>vita:</strong></span> <span class='ocrx_word' id='word_1_926' title='bbox 2240 5099 2516 5170; x_wconf 70' lang='lat' dir='ltr'><strong>praesentis</strong></span> <span class='ocrx_word' id='word_1_927' title='bbox 2563 5096 2621 5152; x_wconf 89' lang='lat' dir='ltr'><strong>ﬁt</strong></span> <span class='ocrx_word' id='word_1_928' title='bbox 2663 5093 2798 5151; x_wconf 85' lang='lat' dir='ltr'><strong>lucta</strong></span> <span class='ocrx_word' id='word_1_929' title='bbox 2835 5110 2954 5151; x_wconf 88' lang='lat' dir='ltr'><strong>etnn</strong></span> <span class='ocrx_word' id='word_1_930' title='bbox 2987 5103 3183 5162; x_wconf 87' lang='lat' dir='ltr'><strong>morte;</strong></span> <span class='ocrx_word' id='word_1_931' title='bbox 3239 5094 3293 5152; x_wconf 79' lang='lat' dir='ltr'><strong>et</strong></span> <span class='ocrx_word' id='word_1_932' title='bbox 3337 5096 3557 5155; x_wconf 83' lang='lat' dir='ltr'><strong>aditith</strong></span> 
     </span>
    </p>
   </div>
   <div class='ocr_carea' id='block_1_114' title="bbox 1965 5181 3551 5264">
    <p class='ocr_par' dir='ltr' id='par_1_114' title="bbox 1965 5181 3551 5264">
     <span class='ocr_line' id='line_1_114' title="bbox 1965 5181 3551 5264; baseline -0.005 -16"><span class='ocrx_word' id='word_1_933' title='bbox 1965 5195 2269 5264; x_wconf 89' lang='lat' dir='ltr'><strong>patientiam</strong></span> <span class='ocrx_word' id='word_1_934' title='bbox 2291 5198 2343 5244; x_wconf 86' lang='lat' dir='ltr'><strong>et</strong></span> <span class='ocrx_word' id='word_1_935' title='bbox 2364 5187 2740 5248; x_wconf 79' lang='lat' dir='ltr'><strong>fortitudinem.</strong></span> <span class='ocrx_word' id='word_1_936' title='bbox 2775 5195 2833 5241; x_wconf 92' lang='lat' dir='ltr'><strong>ut</strong></span> <span class='ocrx_word' id='word_1_937' title='bbox 2861 5197 3014 5256; x_wconf 65' lang='lat' dir='ltr'><strong>aequo</strong></span> <span class='ocrx_word' id='word_1_938' title='bbox 3051 5183 3230 5240; x_wconf 85' lang='lat' dir='ltr'><strong>animo</strong></span> <span class='ocrx_word' id='word_1_939' title='bbox 3259 5181 3516 5243; x_wconf 80' lang='lat' dir='ltr'><strong>moriatur</strong></span> <span class='ocrx_word' id='word_1_940' title='bbox 3542 5208 3551 5240; x_wconf 93' lang='lat'><strong>:</strong></span> 
     </span>
    </p>
   </div>
   <div class='ocr_carea' id='block_1_115' title="bbox 1966 5270 3552 5352">
    <p class='ocr_par' dir='ltr' id='par_1_115' title="bbox 1966 5270 3552 5352">
     <span class='ocr_line' id='line_1_115' title="bbox 1966 5270 3552 5352; baseline -0.003 -14"><span class='ocrx_word' id='word_1_941' title='bbox 1966 5270 2064 5338; x_wconf 85' lang='lat' dir='ltr'><strong>iste</strong></span> <span class='ocrx_word' id='word_1_942' title='bbox 2115 5282 2374 5352; x_wconf 85' lang='lat' dir='ltr'><strong>patienter</strong></span> <span class='ocrx_word' id='word_1_943' title='bbox 2426 5280 2670 5332; x_wconf 91' lang='lat' dir='ltr'><strong>moritur.</strong></span> <span class='ocrx_word' id='word_1_944' title='bbox 2713 5276 2812 5345; x_wconf 90' lang='lat' dir='ltr'><strong>Qui</strong></span> <span class='ocrx_word' id='word_1_945' title='bbox 2847 5286 3019 5332; x_wconf 87' lang='lat' dir='ltr'><strong>autem</strong></span> <span class='ocrx_word' id='word_1_946' title='bbox 3059 5276 3369 5346; x_wconf 85' lang='lat' dir='ltr'><strong>desiderat,</strong></span> <span class='ocrx_word' id='word_1_947' title='bbox 3417 5282 3552 5334; x_wconf 85' lang='lat' dir='ltr'><strong>sicut</strong></span> 
     </span>
    </p>
   </div>
   <div class='ocr_carea' id='block_1_116' title="bbox 1965 5367 3547 5441">
    <p class='ocr_par' dir='ltr' id='par_1_116' title="bbox 1965 5367 3547 5441">
     <span class='ocr_line' id='line_1_116' title="bbox 1965 5367 3547 5441; baseline -0.004 -12"><span class='ocrx_word' id='word_1_948' title='bbox 1965 5373 2092 5429; x_wconf 77' lang='lat' dir='ltr'><strong>dicit</strong></span> <span class='ocrx_word' id='word_1_949' title='bbox 2118 5370 2432 5441; x_wconf 84' lang='lat' dir='ltr'><strong>Apostolus,</strong></span> <span class='ocrx_word' id='word_1_950' title='bbox 2477 5368 2683 5423; x_wconf 73' lang='lat' dir='ltr'><strong>dissolvi</strong></span> <span class='ocrx_word' id='word_1_951' title='bbox 2707 5379 2750 5422; x_wconf 87' lang='lat' dir='ltr'><strong>et</strong></span> <span class='ocrx_word' id='word_1_952' title='bbox 2781 5384 2887 5422; x_wconf 80' lang='lat' dir='ltr'><strong>esse</strong></span> <span class='ocrx_word' id='word_1_953' title='bbox 2907 5385 3021 5422; x_wconf 88' lang='lat' dir='ltr'><strong>cum</strong></span> <span class='ocrx_word' id='word_1_954' title='bbox 3050 5367 3277 5435; x_wconf 80' lang='lat' dir='ltr'><strong>Christo,</strong></span> <span class='ocrx_word' id='word_1_955' title='bbox 3309 5385 3411 5422; x_wconf 89' lang='lat' dir='ltr'><strong>non</strong></span> <span class='ocrx_word' id='word_1_956' title='bbox 3453 5372 3547 5438; x_wconf 74' lang='lat' dir='ltr'><strong>pa-</strong></span> 
     </span>
    </p>
   </div>
   <div class='ocr_carea' id='block_1_117' title="bbox 1966 5455 3525 5529">
    <p class='ocr_par' dir='ltr' id='par_1_117' title="bbox 1966 5455 3525 5529">
     <span class='ocr_line' id='line_1_117' title="bbox 1966 5455 3525 5529; baseline -0.004 -10"><span class='ocrx_word' id='word_1_957' title='bbox 1966 5465 2156 5520; x_wconf 86' lang='lat' dir='ltr'><strong>tieuter</strong></span> <span class='ocrx_word' id='word_1_958' title='bbox 2181 5462 2434 5527; x_wconf 89' lang='lat' dir='ltr'><strong>moritur;</strong></span> <span class='ocrx_word' id='word_1_959' title='bbox 2466 5459 2558 5514; x_wconf 89' lang='lat' dir='ltr'><strong>sed</strong></span> <span class='ocrx_word' id='word_1_960' title='bbox 2586 5459 2848 5529; x_wconf 89' lang='lat' dir='ltr'><strong>patienter</strong></span> <span class='ocrx_word' id='word_1_961' title='bbox 2868 5460 3012 5522; x_wconf 89' lang='lat' dir='ltr'><strong>vivit,</strong></span> <span class='ocrx_word' id='word_1_962' title='bbox 3035 5455 3417 5514; x_wconf 85' lang='lat' dir='ltr'><strong>delectabiliter</strong></span> <span class='ocrx_word' id='word_1_963' title='bbox 3435 5471 3525 5513; x_wconf 83' lang='lat' dir='ltr'><strong>mo</strong></span> 
     </span>
    </p>
   </div>
   <div class='ocr_carea' id='block_1_118' title="bbox 1964 5546 3546 5623">
    <p class='ocr_par' dir='ltr' id='par_1_118' title="bbox 1964 5546 3546 5623">
     <span class='ocr_line' id='line_1_118' title="bbox 1964 5546 3546 5623; baseline -0.006 -9"><span class='ocrx_word' id='word_1_964' title='bbox 1964 5557 2115 5614; x_wconf 82' lang='lat' dir='ltr'><strong>ritur.</strong></span> <span class='ocrx_word' id='word_1_965' title='bbox 2134 5554 2269 5610; x_wconf 76' lang='lat' dir='ltr'><strong>Vide</strong></span> <span class='ocrx_word' id='word_1_966' title='bbox 2291 5549 2602 5623; x_wconf 79' lang='lat' dir='ltr'><strong>Apostolum</strong></span> <span class='ocrx_word' id='word_1_967' title='bbox 2625 5550 2887 5620; x_wconf 85' lang='lat' dir='ltr'><strong>patienter</strong></span> <span class='ocrx_word' id='word_1_968' title='bbox 2913 5550 3195 5613; x_wconf 87' lang='lat' dir='ltr'><strong>viventem,</strong></span> <span class='ocrx_word' id='word_1_969' title='bbox 3219 5546 3272 5601; x_wconf 91' lang='lat' dir='ltr'><strong>id</strong></span> <span class='ocrx_word' id='word_1_970' title='bbox 3297 5553 3397 5611; x_wconf 89' lang='lat' dir='ltr'><strong>est,</strong></span> <span class='ocrx_word' id='word_1_971' title='bbox 3421 5559 3546 5604; x_wconf 89' lang='lat' dir='ltr'><strong>eum</strong></span> 
     </span>
    </p>
   </div>
   <div class='ocr_carea' id='block_1_119' title="bbox 1965 5639 3541 5719">
    <p class='ocr_par' dir='ltr' id='par_1_119' title="bbox 1965 5639 3541 5719">
     <span class='ocr_line' id='line_1_119' title="bbox 1965 5639 3541 5719; baseline -0.004 -17"><span class='ocrx_word' id='word_1_972' title='bbox 1965 5646 2214 5719; x_wconf 87' lang='lat' dir='ltr'><strong>patientia</strong></span> <span class='ocrx_word' id='word_1_973' title='bbox 2238 5645 2323 5700; x_wconf 88' lang='lat' dir='ltr'><strong>hic</strong></span> <span class='ocrx_word' id='word_1_974' title='bbox 2349 5645 2457 5699; x_wconf 86' lang='lat' dir='ltr'><strong>non</strong></span> <span class='ocrx_word' id='word_1_975' title='bbox 2481 5659 2663 5698; x_wconf 87' lang='lat' dir='ltr'><strong>amare</strong></span> <span class='ocrx_word' id='word_1_976' title='bbox 2687 5642 2870 5704; x_wconf 72' lang='lat' dir='ltr'><strong>vitain.</strong></span> <span class='ocrx_word' id='word_1_977' title='bbox 2902 5640 2993 5695; x_wconf 81' lang='lat' dir='ltr'><strong>sed</strong></span> <span class='ocrx_word' id='word_1_978' title='bbox 3023 5640 3270 5695; x_wconf 87' lang='lat' dir='ltr'><strong>tolerare.</strong></span> <span class='ocrx_word' id='word_1_979' title='bbox 3300 5639 3541 5709; x_wconf 73' lang='lat' dir='ltr'><strong>Dissolvi,</strong></span> 
     </span>
    </p>
   </div>
   <div class='ocr_carea' id='block_1_120' title="bbox 1965 5725 3540 5812">
    <p class='ocr_par' dir='ltr' id='par_1_120' title="bbox 1965 5725 3540 5812">
     <span class='ocr_line' id='line_1_120' title="bbox 1965 5725 3540 5812; baseline -0.011 -16"><span class='ocrx_word' id='word_1_980' title='bbox 1965 5741 2151 5812; x_wconf 85' lang='lat' dir='ltr'><strong>inquit,</strong></span> <span class='ocrx_word' id='word_1_981' title='bbox 2183 5739 2230 5793; x_wconf 80' lang='lat' dir='ltr'><strong>et</strong></span> <span class='ocrx_word' id='word_1_982' title='bbox 2254 5751 2358 5794; x_wconf 82' lang='lat' dir='ltr'><strong>esse</strong></span> <span class='ocrx_word' id='word_1_983' title='bbox 2378 5753 2490 5791; x_wconf 85' lang='lat' dir='ltr'><strong>cum</strong></span> <span class='ocrx_word' id='word_1_984' title='bbox 2516 5729 2713 5791; x_wconf 76' lang='lat' dir='ltr'><strong>Christo</strong></span> <span class='ocrx_word' id='word_1_985' title='bbox 2742 5725 2896 5786; x_wconf 80' lang='lat' dir='ltr'><strong>n’iulto</strong></span> <span class='ocrx_word' id='word_1_986' title='bbox 2920 5730 3080 5802; x_wconf 67' lang='lat' dir='ltr'><strong>magis</strong></span> <span class='ocrx_word' id='word_1_987' title='bbox 3109 5733 3352 5801; x_wconf 77' lang='lat' dir='ltr'><strong>Optimum</strong></span> <span class='ocrx_word' id='word_1_988' title='bbox 3423 5747 3540 5788; x_wconf 75' lang='lat' dir='ltr'><strong>ma-</strong></span> 
     </span>
    </p>
   </div>
   <div class='ocr_carea' id='block_1_121' title="bbox 1965 5822 3540 5898">
    <p class='ocr_par' dir='ltr' id='par_1_121' title="bbox 1965 5822 3540 5898">
     <span class='ocr_line' id='line_1_121' title="bbox 1965 5822 3540 5898; baseline -0.006 -6"><span class='ocrx_word' id='word_1_989' title='bbox 1965 5851 2079 5892; x_wconf 76' lang='lat' dir='ltr'><strong>nere</strong></span> <span class='ocrx_word' id='word_1_990' title='bbox 2105 5843 2271 5888; x_wconf 82' lang='lat' dir='ltr'><strong>autem</strong></span> <span class='ocrx_word' id='word_1_991' title='bbox 2297 5833 2346 5884; x_wconf 90' lang='lat' dir='ltr'><strong>in</strong></span> <span class='ocrx_word' id='word_1_992' title='bbox 2363 5846 2514 5884; x_wconf 83' lang='lat' dir='ltr'><strong>carne</strong></span> <span class='ocrx_word' id='word_1_993' title='bbox 2537 5827 2866 5880; x_wconf 79' lang='lat' dir='ltr'><strong>necessarium</strong></span> <span class='ocrx_word' id='word_1_994' title='bbox 2885 5827 3088 5894; x_wconf 80' lang='lat' dir='ltr'><strong>propter</strong></span> <span class='ocrx_word' id='word_1_995' title='bbox 3107 5833 3190 5881; x_wconf 68' lang='lat' dir='ltr'><strong>vos</strong></span> <span class='ocrx_word' id='word_1_996' title='bbox 3210 5822 3465 5898; x_wconf 81' lang='lat' dir='ltr'><strong>(Philipp.</strong></span> <span class='ocrx_word' id='word_1_997' title='bbox 3497 5843 3540 5897; x_wconf 78' lang='grc' dir='ltr'><strong>ι,</strong></span> 
     </span>
    </p>
   </div>
  </div>
