3994 6428
481 325 615 388 1051

478 447 663 507 timet,
692 438 789 496 sed
825 436 1105 495 securiter.
1130 431 1269 499 Quid
1294 429 1479 485 timet?
1506 424 1729 484 Cavebit
1747 464 1763 491 ,
1795 433 1851 480 et
1879 424 2063 479 obser-

478 537 623 593 vabit
649 549 709 590 se
728 533 796 591 ab
833 530 1109 599 iniquitate
1133 540 1229 583 sua
1249 565 1265 589 ,
1292 539 1362 580 ne
1390 522 1585 578 iterum
1609 527 1792 589 peccet
1821 535 1836 571 :
1862 531 1965 571 non
1995 530 2064 571 ne

480 630 721 685 mittatur
753 626 807 691 in
834 624 1010 694 ignem
1033 661 1049 686 ,
1079 620 1175 677 sed
1205 632 1271 673 ne
1307 615 1375 673 ab
1407 614 1500 671 illo
1527 615 1825 669 deseratur.
1866 608 1935 663 Et
1965 610 2066 663 erit

478 722 532 780 in
562 723 670 781 illa.
702 716 867 788 quid?
897 713 1067 771 Timor
1095 720 1280 771 castus.
1304 720 1601 779 permanens
1628 703 1681 757 iu
1701 701 1940 758 siccatum
1963 713 2061 755 sat-

479 815 603 875 euli.
649 809 961 871 Audiiimus
1001 805 1131 859 duas
1170 802 1327 857 tibias
1366 805 1740 855 consonantes.
1780 793 1868 846 Illa
1895 792 1962 847 de
1996 791 2063 846 ti-

482 919 633 962 more
657 904 779 958 dicit
806 940 822 967 ,
845 898 1007 957 stilla
1027 897 1094 957 de
1124 895 1314 951 tiumre
1346 909 1359 945 :
1391 890 1488 948 sed
1524 890 1615 944 illa
1652 888 1720 943 de
1743 888 1930 940 timore
1958 898 2067 954 quo

491 1000 641 1055 timet
678 968 853 1071 anima
891 1006 958 1047 ne
999 987 1314 1048 datnnetur,
1343 983 1432 1039 illa
1455 981 1523 1037 de
1553 980 1875 1071 timoreque
1916 976 2069 1030 timet

495 1090 671 1144 animo
700 1068 765 1141 ne
793 1083 1089 1138 deseratur.
1112 1075 1207 1133 llic
1238 1083 1318 1131 est
1343 1074 1501 1128 timor
1527 1084 1688 1140 quem
1713 1068 1945 1123 charitas
1975 1081 2068 1120 ex-

492 1148 658 1238 cludit
684 1197 700 1234 :
731 1177 819 1241 ille
866 1185 947 1233 est
984 1172 1144 1226 timor
1173 1181 1491 1238 permanens
1516 1164 1568 1217 in
1592 1162 1844 1217 sa-culum
1863 1159 2062 1213 smculi.

554 1274 608 1335 9.
642 1270 755 1333 Nos
792 1267 1066 1339 diligamus
1088 1303 1103 1328 ,
1133 1261 1252 1333 quia
1278 1260 1387 1329 ipse
1412 1259 1552 1328 prior
1577 1271 1669 1310 nos
1708 1253 1902 1309 dilexit.
1934 1250 2063 1305 Nam

404 1374 415 1391 ‘
484 1366 626 1425 unde
650 1363 1028 1439 diligeremus.
1067 1352 1166 1408 nisi
1197 1352 1288 1406 ille
1313 1350 1460 1442 prior
1487 1346 1776 1442 dilexisset.
1802 1342 1937 1442 nos?

468 1455 697 1530 .liggndo
723 1432 880 1513 salici
907 1447 1031 1505 facti
1060 1457 1285 1505 smnus;
1326 1438 1419 1493 sed
1451 1437 1693 1530 inimicos
1725 1434 1813 1488 ille
1847 1432 2061 1530 dilexit,

483 1524 543 1608 ul
582 1547 737 1605 amici
778 1544 1133 1600 efficerentur.
1166 1534 1319 1590 Prior
1349 1529 1536 1586 dilexit
1583 1541 1679 1581 nos
1702 1567 1716 1590 ,
1761 1534 1814 1579 et
1853 1524 2067 1577 donavit

481 1640 637 1697 nobis
660 1648 718 1694 ut
741 1634 1085 1703 diliget-emus
1105 1641 1246 1682 eum.
1272 1621 1515 1678 Nondum
1538 1618 1887 1687 diligebamus
1909 1629 2063 1677 eum;

480 1727 751 1802 diligendo
777 1722 980 1796 pulchri
1007 1718 1290 1775 efﬁcimur.
1311 1711 1448 1780 Quid
1475 1709 1602 1802 facit
1627 1707 1787 1802 homo
1810 1705 2067 1802 deformis

480 1832 535 1880 et
562 1796 782 1881 distorta
822 1813 987 1874 facie.
1031 1810 1077 1864 si
1121 1816 1263 1862 amet
1294 1801 1615 1874 pulchram?
1648 1801 1754 1855 Aut
1781 1798 1906 1870 quid
1945 1796 2069 1852 facit

479 1913 679 1969 femina
723 1904 978 1965 deformis
1011 1909 1067 1957 et
1109 1898 1331 1954 distorta
1360 1905 1414 1949 et
1442 1895 1589 1964 nigra
1617 1934 1630 1958 ,
1683 1893 1728 1947 si
1767 1901 1908 1945 amet
1948 1890 2065 1960 pul-

480 2001 708 2061 chrum?
736 1993 999 2064 Numquid
1025 1989 1256 2046 amando
1278 1986 1467 2058 poterit
1488 1999 1607 2041 esse
1630 1983 1880 2053 pulchra?
1906 1981 2065 2034 Num-

480 2093 607 2166 quid
635 2101 692 2148 et
721 2090 811 2145 ille
836 2083 1065 2145 amando
1088 2081 1286 2151 poterit
1301 2094 1425 2135 esse
1450 2075 1750 2131 formosus?
1771 2075 1923 2128 Amat
1947 2072 2065 2142 pul-

482 2187 702 2248 chram;
750 2189 806 2238 et
852 2177 1065 2249 quando
1108 2190 1167 2231 se
1207 2175 1258 2227 in
1302 2170 1519 2241 speculo
1569 2169 1756 2233 videt,
1803 2167 2069 2221 erubescit

482 2275 671 2332 faciem
714 2286 866 2327 suam
908 2269 1086 2325 levare
1122 2264 1187 2319 ad
1227 2262 1369 2317 illam
1416 2259 1701 2313 formosam
1734 2270 1881 2311 suam
1909 2270 2065 2325 quam

483 2374 644 2421 amat.
679 2361 813 2430 Quid
859 2358 1016 2413 faciet
1044 2365 1100 2415 ut
1139 2354 1358 2421 pulcher
1393 2350 1503 2404 sit?
1539 2349 1823 2418 Essp-ctat
1880 2355 1938 2400 ut
1966 2361 2061 2400 ve-

490 2459 604 2514 niat
644 2449 1020 2525 pulchritudo?
1080 2447 1190 2502 lmo
1226 2440 1584 2511 eXSpectaudo
1626 2447 1877 2493 senectus
1920 2436 2070 2490 addi-

490 2559 613 2615 tur,
659 2554 714 2601 et
754 2542 1047 2613 turpiorem
1086 2536 1231 2592 facit.
1262 2533 1384 2591 Non
1427 2541 1508 2586 est
1551 2545 1680 2600 ergo
1708 2528 1832 2598 quid
1871 2542 2066 2597 agere,

490 2655 597 2696 non
625 2647 708 2694 est
733 2632 1002 2709 quomodo
1031 2629 1103 2687 illi
1129 2628 1225 2683 des
1262 2625 1542 2681 consilium
1569 2662 1583 2683 ,
1627 2621 1725 2675 nisi
1754 2630 1810 2673 ut
1849 2632 2067 2721 campo:

486 2739 600 2787 scat
624 2744 702 2793 se,
734 2735 916 2791 etnon
943 2722 1136 2777 audeat
1165 2733 1346 2773 ainare
1377 2716 1550 2784 impar
1575 2714 1832 2781 imparem
1863 2728 1876 2764 :
1908 2717 2002 2764 aut
2023 2714 2068 2763 si

486 2822 621 2876 forte
642 2826 784 2873 amat
808 2826 864 2871 et
884 2815 1079 2869 dueere
1105 2824 1326 2866 uxorem
1358 2816 1506 2876 optat
1530 2847 1545 2870 ,
1573 2805 1625 2858 iu
1655 2804 1742 2858 illa
1770 2803 2068 2857 castitatem

486 2919 650 2975 amet,
680 2922 785 2963 non
815 2904 991 2962 carnis
1012 2899 1228 2961 faciem.
1254 2898 1445 2953 Anima
1475 2911 1603 2949 vero
1637 2902 1815 2947 nostra
1834 2934 1849 2958 ,
1880 2891 2071 2945 fratres

488 3005 633 3069 mei,
674 3000 811 3060 fmda
842 3006 925 3054 est
971 3009 1064 3065 per
1092 2991 1424 3061 iniquitatem
1462 3008 1473 3041 :
1503 2985 1731 3040 amando
1762 2985 1923 3038 Deum
1957 2981 2073 3052 pni-

485 3098 613 3153 chra
662 3093 906 3148 efﬁcitur.
956 3086 1142 3154 Qualis
1172 3097 1322 3137 antur
1361 3080 1556 3150 estqui
1596 3077 1768 3133 reddit
1796 3076 2070 3147 pulchram

488 3181 799 3242 amantem?
845 3180 984 3234 Deus
1021 3182 1196 3228 autem
1236 3186 1447 3238 semper
1479 3170 1697 3238 pulcher
1761 3174 1883 3233 est,
1932 3180 2071 3219 nun-

488 3294 645 3350 quam
670 3272 929 3329 deformis
950 3308 962 3330 .
996 3280 1260 3334 nunquam
1288 3259 1703 3317 commutabilis.
1740 3258 1946 3312 Amavit
1976 3270 2072 3311 nos

488 3369 635 3440 prior
674 3363 764 3434 qui
809 3374 1021 3428 semper
1062 3365 1144 3415 est
1187 3354 1449 3424 pulcher;
1515 3361 1569 3406 et
1612 3351 1797 3420 quales
1833 3350 2069 3440 amavit,

490 3439 590 3516 nisi
620 3458 790 3517 ιωιιυυ
817 3462 871 3510 et
897 3448 1198 3509 deformes?
1221 3447 1334 3502 Non
1362 3445 1483 3499 ideo
1511 3454 1687 3496 tamen
1711 3452 1763 3493 ιιι
1795 3440 1969 3496 ΐωιΙιιε
1986 3439 2071 3492 di-

490 3552 759 3609 mitteret;
792 3546 885 3600 sed
916 3551 974 3597 ut
999 3549 1262 3602 mutaret,
1295 3546 1349 3591 et
1375 3552 1440 3589 ex
1466 3533 1795 3589 deformibus
1825 3530 2075 3601 pulchros

490 3642 709 3699 Iaceret.
742 3634 1020 3708 Quomodo
1050 3631 1251 3685 erimus
1281 3626 1530 3699 pulchri?
1561 3624 1803 3679 Amando
1839 3636 1959 3674 eum
1987 3621 2075 3691 qui

490 3745 702 3802 semper
747 3737 831 3797 est
870 3724 1107 3796 pulcher.
1152 3720 1415 3790 Quantum
1462 3717 1515 3769 in
1558 3726 1607 3770 te
1655 3717 1846 3767 crescit
1882 3728 2073 3778 amor,

492 3835 699 3881 tantum
724 3818 915 3887 crescit
940 3813 1298 3889 pulchritudo;
1328 3810 1450 3880 quia
1479 3810 1589 3878 ipsa
1610 3808 1841 3862 charitas
1863 3815 1945 3861 est
1964 3806 2078 3859 ani-

494 3931 596 3973 mm
628 3909 981 3985 pttlchritudo.
1033 3905 1145 3962 Nos
1186 3906 1457 3976 diligamus
1481 3944 1496 3967 ,
1542 3900 1659 3970 quia
1688 3900 1794 3969 ipse
1835 3900 1972 3968 prior
2000 3899 2079 3952 di-

494 4008 616 4063 lexit
644 4021 753 4060 nos.
802 4001 939 4061 Audi
988 3998 1289 4071 apostolum
1328 3995 1552 4051 Paulum
1597 4012 1610 4046 :
1643 3991 1872 4047 Ostendit
1913 4001 2076 4045 autem

494 4097 633 4153 Deus
661 4093 977 4150 dilectionem
996 4105 1144 4145 suam
1182 4089 1233 4140 in
1262 4086 1403 4156 uoltis
1426 4126 1442 4150 ,
1482 4084 1720 4154 quoniam
1763 4099 1876 4136 cum
1913 4081 2080 4134 adhuc

499 4198 786 4262 peccatores
830 4199 1048 4238 essemus
1071 4222 1086 4247 ,
1136 4177 1364 4235 Christus
1412 4192 1506 4247 pro
1553 4175 1693 4229 nobis
1734 4184 1960 4227 mortuus
2005 4181 2080 4227 est

497 4282 669 4355 (llam.
695 4297 751 4345 v,
779 4278 830 4337 8,
860 4274 1127 4350 9),jnstus
1159 4288 1251 4341 pro
1283 4269 1512 4338 injustis,
1538 4267 1753 4336 pulcher
1780 4280 1875 4335 pro
1904 4264 2078 4320 Redis.

496 4372 776 4444 Quomodo
803 4368 1101 4443 invenituus
1124 4362 1401 4432 pulchrum
1425 4357 1647 4415 Jesum?
1673 4356 1943 4427 Speciosus
1970 4360 2082 4425 [or-

498 4482 582 4519 ma
613 4478 718 4534 prta
742 4460 861 4529 [iliis
887 4458 1147 4519 hominum
1171 4494 1184 4517 ,
1231 4449 1421 4517 dtlfusu
1443 4460 1513 4503 est
1541 4448 1707 4518 gratio
1734 4447 1787 4500 in
1811 4446 1959 4501 labiis
1982 4445 2083 4498 tuis

500 4552 673 4625 (Psal.
704 4565 855 4617 xciv,
888 4548 964 4618 5).
996 4543 1188 4600 Ιῖιιιιεῖ
1220 4543 1349 4595 Item
1375 4538 1549 4595 videte
1577 4537 1715 4592 unde
1743 4538 1810 4591 sit
1839 4537 2079 4605 pulcher,

504 4641 777 4714 Speciosus
807 4639 970 4705 forma
998 4648 1106 4704 pra:
1132 4631 1253 4699 [iliis
1282 4630 1580 4692 hominum;
1606 4626 1727 4695 quia
1752 4627 1808 4679 in
1834 4626 2084 4696 principio

502 4743 606 4791 erat
644 4730 878 4801 Verbum,
911 4736 958 4779 rt
990 4723 1210 4781 ,l'erbum
1236 4731 1343 4775 erat
1367 4720 1508 4789 apud
1541 4717 1725 4784 Deum,
1746 4730 1791 4771 et
1813 4715 1952 4771 Deus
1976 4726 2083 4771 erat

515 4825 730 4893 Verbum
768 4818 965 4893 (Joau.
992 4833 1012 4883 ι
1037 4860 1051 4883 ,
1083 4817 1107 4871 1
1136 4816 1174 4886 ).
1223 4813 1355 4884 Quia
1399 4828 1525 4866 vero
1563 4826 1779 4865 carnem
1808 4809 2081 4877 suscepit,

505 4918 655 4993 quasi
676 4890 972 4989 feeditatetp
1009 4921 1148 4964 luant
1179 4906 1444 4974 suscepit,
1485 4903 1536 4959 id
1563 4912 1678 4966 est,
1709 4902 2085 4957 mortalitatem

506 5022 668 5072 luam,
694 5016 749 5079 ut
776 5013 982 5075 aptaret
1008 5017 1065 5079 se
1094 4999 1216 5065 tibi,
1244 5008 1295 5052 et
1326 5004 1642 5065 eougrueret
1663 4994 1777 5059 tibi,
1807 5003 1858 5047 et
1887 4994 2087 5047 excita-

506 5111 589 5158 ret
624 5111 675 5154 te
718 5097 784 5157 ad
814 5094 1092 5165 amandum
1125 5092 1265 5144 intus
1294 5086 1755 5159 pulchritudinem.
1790 5083 1939 5139 Unde
1959 5099 2086 5154 ergo

507 5191 807 5249 invenimus
849 5188 969 5257 quia
1015 5185 1186 5241 findus
1214 5189 1269 5251 et
1310 5179 1564 5236 deformis
1597 5188 1681 5232 cst
1719 5177 1908 5241 lesus,
1950 5175 2090 5231 sicut

505 5258 807 5341 invenimus
834 5278 956 5349 quia
1002 5275 1219 5345 pulcher
1248 5281 1303 5327 et.
1338 5272 1609 5341 speciosus
1635 5270 1802 5324 forma
1829 5285 1935 5338 prae
1964 5268 2088 5322 ﬁliis

506 5363 827 5434 hominum?
858 5369 1007 5429 Unde.
1035 5367 1329 5422 invenimus
1351 5366 1470 5435 quia
1494 5375 1549 5419 et
1577 5363 1874 5418 deformis?
1900 5360 2087 5416 Isaiam

505 5469 775 5538 interroga
805 5481 820 5519 :
851 5461 915 5531 Et
945 5460 1161 5515 vidimus
1199 5472 1311 5511 eum
1335 5498 1348 5519 ,
1388 5467 1433 5510 et
1461 5473 1559 5509 non
1601 5454 1809 5509 habebat
1840 5453 2087 5524 speciem,

508 5575 666 5631 neque
691 5558 920 5611 decorem
948 5550 1107 5623 ,(lsai.
1162 5564 1247 5604 un
1271 5590 1285 5614 ,
1332 5547 1368 5601 2
1392 5545 1432 5617 ).
1466 5546 1579 5601 Illa:
1616 5556 1740 5599 sum
1786 5546 1904 5599 dua:
1951 5545 2091 5598 tibia;

508 5648 661 5722 quasi
686 5647 900 5711 diverse
933 5650 1219 5704 sonantes;
1261 5638 1354 5693 sed
1385 5653 1519 5691 unus
1542 5635 1769 5704 Spiritus
1800 5635 1982 5689 ambas
2004 5635 2088 5689 in-

512 5750 623 5811 ﬂat.
645 5749 753 5807 llac
776 5747 987 5809 dicitur.
1020 5740 1294 5809 Speriosus
1315 5735 1479 5803 [arma
1501 5743 1607 5799 prie
1647 5726 1769 5797 ﬁliis
1788 5727 2050 5783 unum
2067 5745 2089 5783 ε

1194 314 1263 376 IN
1299 310 1687 374 EPISTOLAM
1724 309 2005 369 .IOANNIS
2041 308 2135 367 AD
2172 310 2507 378 PARTHOS,
2548 314 2606 370 S.
2647 310 3010 376 AUGUSTINI

3622 322 3765 409 Ἥ

2170 424 2269 480 hac
2287 425 2480 483 dicitur
2509 428 2564 484 in
2585 428 2717 486 Isaia
2735 473 2751 498 ,
2794 430 3027 487 Vidimus
3049 450 3181 499 eum,
3212 445 3260 511 et
3278 452 3390 511 non
3411 435 3629 513 habebat
3652 452 3756 506 spe-

2169 516 2316 583 ciem,
2344 535 2503 592 neque
2527 521 2781 577 decorem.
2810 522 2933 579 Uno
2958 524 3158 594 Spiritu
3185 500 3489 597 implentui‘
3513 500 3687 581 ambai
3702 531 3765 584 ti—

2168 605 2303 674 biae,
2334 626 2438 665 non
2465 611 2767 669 dissonant.
2803 612 2923 671 Noli
2954 631 3109 673 aures
3137 628 3383 693 avertere
3405 664 3423 688 ,
3454 620 3656 679 adhibe
3677 624 3749 679 in.

2170 702 2459 758 tellectum.
2476 705 2869 779 lnterrogemns
2883 708 3098 765 Paulum
3125 694 3431 786 apostolum
3442 758 3458 779 ,
3474 704 3533 771 et
3548 708 3767 786 exponat

2169 793 2324 849 nobis
2348 799 2750 853 consonantiam
2777 786 3002 855 duarum
3045 784 3309 860 tibiarum.
3356 792 3545 863 sonet
3587 784 3762 877 ttobis,

2172 887 2445 957 Speciosus
2471 894 2635 961 forma
2660 908 2770 963 prie
2796 894 2918 962 ﬁliis
2950 878 3401 965 hominume'Qui
3435 880 3562 952 cum
3587 884 3641 953 in
3671 900 3770 979 {or-

2168 994 2253 1031 ma
2282 977 2376 1033 Dei
2400 990 2561 1044 esset,
2604 998 2706 1036 non
2732 984 2965 1053 rapinam
2991 984 3265 1040 arbitratus
3307 982 3386 1042 esi
3420 977 3769 1059 esi'e'a’qualis

2174 1066 2299 1122 Deo.
2342 1070 2479 1124 Ecce
2507 1074 2760 1140 speciosus
2804 1078 2970 1144 {arma
3000 1091 3109 1145 pra:
3139 1077 3262 1145 ﬁliis
3288 1068 3593 1132 hominum.
3618 1068 3773 1138 Sonct

2168 1159 2323 1213 nobis
2350 1162 2509 1215 etiam
2530 1202 2545 1228 ,
2577 1159 2807 1218 Vidimus
2826 1180 2961 1229 eum,
2995 1176 3042 1220 et
3068 1184 3166 1221 non
3196 1162 3423 1222 habebat
3436 1166 3662 1241 speciem
3696 1156 3771 1247 ne;

2168 1266 2264 1320 que
2290 1252 2521 1307 decorem
2550 1269 2572 1308 :
2605 1253 2940 1326 Semetipsum
2968 1259 3242 1312 exinauivit
3271 1260 3504 1328 formam
3531 1258 3668 1315 serui
3696 1246 3774 1316 aii-

2169 1344 2377 1412 cipiens,
2409 1344 2462 1398 in
2492 1346 2822 1401 similitudine
2846 1348 3106 1401 hominum
3129 1334 3310 1421 [ιιι-ιω,
3330 1340 3384 1404 ἐι
3407 1350 3595 1404 habitu
3614 1338 3775 1406 inseri-

2169 1446 2249 1491 lus
2273 1447 2325 1490 ut
2354 1438 2503 1492 homo
2532 1438 2795 1510 (Philipp.
2848 1455 2881 1494 ll
2899 1483 2912 1504 ,
2941 1441 3000 1505 6,
3036 1443 3113 1507 7).
3147 1440 3267 1497 Non
3300 1443 3530 1498 habebat
3556 1432 3773 1511 speciem

2169 1545 2326 1599 neque
2368 1528 2598 1583 decorent
2621 1571 2635 1594 ,
2683 1539 2741 1583 ut
2784 1530 2874 1585 tibi
2908 1531 3061 1586 daret
3108 1528 3343 1602 speciem
3398 1526 3456 1588 ei
3502 1534 3776 1593 decorem.

2169 1619 2337 1688 Quam
2365 1620 2598 1689 speciem
2619 1621 2644 1673 ?
2672 1636 2829 1690 quem
2857 1621 3104 1675 decorem
3124 1623 3149 1675 Υ
3198 1623 3555 1677 Dilectione-tu
3592 1645 3607 1676 ι
3625 1606 3772 1680 δειτῗὶ

2172 1711 2330 1775 tatis;
2362 1720 2419 1764 ut
2476 1725 2662 1765 amans
2707 1725 2927 1777 curras,
2956 1726 3179 1768 currens
3222 1728 3395 1768 ames.
3442 1713 3679 1770 Pulcher
3716 1708 3774 1770 es

2166 1801 2275 1869 jam
2307 1821 2321 1855 :
2349 1802 2441 1857 sed
2462 1803 2566 1856 noli
2597 1812 2648 1857 te
2671 1803 2969 1867 attendere,
3003 1820 3070 1858 ne
3094 1804 3284 1874 perdas
3303 1804 3452 1874 quod
3482 1792 3771 1876 accepisti:

2170 1891 2315 1945 illum
2342 1891 2577 1956 attende,
2613 1907 2639 1945 a
2669 1908 2775 1963 quo
2801 1894 2968 1948 factus
3003 1890 3061 1950 es
3089 1895 3325 1964 pulcher.
3378 1896 3513 1952 Ideo
3556 1886 3632 1975 sis
3662 1897 3771 1966 pul-

2170 1982 2299 2037 cher
2322 2023 2337 2046 ,
2391 1991 2448 2037 ut
2492 1984 2582 2038 ille
2625 1991 2677 2038 te
2722 1993 2884 2039 amet.
2917 1985 2993 2039 Tu
3021 1984 3197 2040 autem
3229 1997 3392 2040 totam
3420 1972 3768 2042 intentioni-tn

2171 2080 2313 2127 tuam
2340 2074 2394 2127 in
2426 2074 2572 2127 illum
2600 2074 2767 2144 dirige
2791 2117 2805 2141 ,
2835 2076 2899 2129 ad
2929 2076 3072 2129 illum
3110 2066 3266 2131 curre
3286 2119 3300 2138 .
3334 2078 3450 2145 ejus
3483 2076 3765 2147 amplexus

2171 2175 2312 2234 pete,
2335 2165 2403 2219 ab
2428 2166 2518 2219 illo
2542 2166 2670 2218 time
2694 2164 2971 2222 discedere
2996 2184 3011 2232 ;
3043 2178 3098 2221 ut
3118 2170 3185 2222 sit
3215 2169 3265 2223 in
3289 2179 3342 2224 te
3369 2171 3544 2224 timnr
3564 2162 3760 2237 castus,

2171 2271 2490 2326 permanens
2528 2259 2578 2311 in
2621 2260 2876 2312 sazculum
2921 2260 3122 2315 set-culi.
3152 2258 3267 2315 Nos
3306 2262 3625 2333 diligamus,
3656 2260 3765 2332 quia

2169 2347 2279 2417 ipse
2303 2349 2443 2419 prior
2463 2349 2639 2403 dilexit
2660 2366 2770 2403 nos.
3720 2341 3757 2357 q

2242 2438 2329 2494 l0.
2363 2438 2421 2495 Si
2451 2440 2561 2509 quis
2600 2440 2823 2509 dixerit,
2873 2440 3044 2514 Diligo
3087 2442 3265 2498 Deum.
3306 2444 3479 2512 Quem
3527 2448 3764 2503 Denm‘?

2169 2527 2345 2596 Quare
2373 2529 2680 2600 diligimus?
2702 2531 2835 2599 Quia
2863 2533 2972 2602 ipse
3015 2532 3156 2602 prior
3208 2536 3382 2590 dilexit
3409 2554 3506 2592 nos
3524 2580 3540 2603 ,
3572 2530 3631 2593 et
3662 2540 3751 2592 doc

2170 2620 2314 2673 navit
2339 2619 2493 2674 nobis
2532 2620 2773 2691 diligere.
2807 2623 2998 2677 Dilexit
3028 2623 3219 2692 impius
3245 2665 3259 2691 ,
3294 2636 3350 2679 ut
3377 2622 3584 2682 faceret
3612 2614 3753 2715 pio-si;

2170 2709 2355 2766 dilexit
2380 2711 2627 2781 injustas,
2655 2722 2715 2767 ut
2742 2712 2943 2768 faceret
2962 2714 3137 2782 justus
3162 2732 3175 2780 ;
3204 2716 3391 2771 dilexit
3421 2709 3680 2788 :rgrotos,
3700 2710 3757 2775 ἰιι

2171 2800 2372 2857 faceret
2397 2817 2578 2858 sanos.
2608 2804 2745 2874 Ergo
2780 2814 2835 2859 et
2875 2821 2966 2858 nos
2994 2806 3265 2877 diligamus
3290 2847 3305 2872 ,
3336 2809 3457 2878 quia
3485 2810 3600 2880 ipse
3624 2814 3757 2880 prior

2172 2893 2349 2948 dileaa't
2418 2910 2528 2949 nos.
2576 2895 2851 2966 Interroga
2895 2893 3366 2968 unumquemque,
3409 2901 3555 2977 dicat
3584 2892 3674 2959 tibi
3706 2890 3751 2977 ξι

2172 2985 2359 3058 diligat
2386 2987 2569 3040 Deum.
2606 2987 2851 3054 Clamat,
2883 2990 3169 3044 confitetur
3189 3031 3205 3056 ,
3239 2990 3413 3062 Diligo
3439 3035 3454 3061 ,
3486 2974 3614 3065 ipse
3641 2974 3753 3051 scil:

2175 3078 2273 3134 Est
2293 3079 2435 3133 aliud
2467 3078 2607 3134 unde
2651 3081 3025 3151 interrogetur.
3059 3082 3121 3136 Si
3157 3084 3270 3154 quis
3295 3084 3480 3138 dixerit
3502 3082 3527 3150 ,'
3551 3068 3751 3154 inquit],

2175 3168 2348 3242 Diligo
2377 3168 2570 3236 Deum,
2603 3179 2648 3224 et
2677 3163 2887 3243 fratrem
2913 3188 3062 3226 suum
3091 3173 3218 3241 odit,
3252 3175 3473 3231 mendax
3496 3188 3583 3231 est.
3606 3162 3755 3234 Unde

2175 3264 2371 3332 probas
2400 3264 2520 3333 quia
2551 3265 2777 3318 tuemlax
2806 3265 2930 3319 est?
2955 3266 3090 3320 Audi
3117 3283 3129 3317 :
3167 3266 3267 3334 Qui
3296 3269 3432 3322 enim
3472 3286 3566 3324 non
3593 3262 3753 3340 ᾱῑιῐάῐι

2176 3355 2386 3424 fratrem
2408 3372 2554 3408 suum
2589 3371 2738 3425 quem
2771 3356 2900 3409 videt
2920 3397 2936 3422 ,
2969 3354 3131 3417 Deum
3160 3372 3308 3420 quem
3329 3376 3434 3414 non
3453 3361 3604 3426 uidet,
3634 3358 3753 3431 quo-

2175 3446 2327 3501 modo
2356 3456 2518 3515 potest
2544 3447 2754 3517 diligere
2774 3447 2801 3501 ?
2825 3448 2961 3513 Quid
2994 3448 3166 3517 ergo?
3193 3449 3286 3518 qui
3311 3450 3483 3521 diligit
3508 3450 3749 3517 fratrem,

2177 3539 2345 3610 diligit
2374 3550 2427 3593 et
2446 3538 2657 3597 Deum?
2682 3539 2914 3595 Necesse
2943 3550 3026 3596 est
3055 3551 3112 3597 ιιι
3128 3542 3310 3612 diligat
3341 3545 3523 3608 “eum,
3547 3555 3749 3599 necesse

2179 3640 2264 3685 est
2286 3639 2342 3683 ut
2368 3630 2551 3701 diligat
2578 3632 2743 3702 ipsam
2765 3633 3128 3689 dilectionem.
3152 3634 3426 3706 Numquid
3450 3646 3615 3706 pmest
3637 3635 3743 3690 dili-

2179 3738 2306 3792 gere
2344 3724 2566 3778 fratrem
2595 3764 2609 3786 ,
2654 3735 2705 3779 ct
2753 3741 2857 3779 non
2886 3726 3108 3797 diligere
3131 3727 3472 3784 dilectionem
3490 3731 3515 3783 Ἰ
3541 3728 3747 3786 Num

2179 3823 2262 3870 est
2284 3824 2341 3868 ut
2363 3813 2546 3884 diligat
2569 3814 2926 3872 dilectionem.
2957 3817 3093 3885 Quid
3115 3834 3243 3888 ergo
3266 3860 3281 3882 ,
3313 3821 3404 3890 qui
3452 3820 3749 3889 diligithe

2181 3906 2439 3968 ctionem,
2467 3907 2588 3962 ideo
2609 3906 2775 3976 diligit
2800 3907 2997 3963 Deum?
3018 3908 3209 3980 Utique
3230 3910 3369 3965 ideo.
3392 3911 3659 3982 Diligeudo
3677 3908 3750 3965 tli-

2182 3999 2464 4055 lectionem
2489 4040 2505 4066 ,
2552 4000 2718 4055 Deum
2764 4000 2953 4071 diligit.
2998 4004 3081 4058 An
3112 4004 3308 4058 oblitus
3341 4019 3403 4059 es
3430 4004 3567 4075 quod
3609 4002 3750 4072 paulo

2182 4101 2306 4148 ante
2331 4092 2547 4156 dixisti,
2584 4090 2724 4148 Deus
2763 4094 2969 4150 dilectio
3004 4104 3075 4149 est
3122 4093 3310 4166 (Joaa.
3338 4111 3411 4163 tv,
3443 4098 3509 4162 8,
3541 4096 3665 4163 l6)!
3693 4090 3748 4149 Ξ

2184 4183 2325 4238 Deus
2343 4182 2555 4237 dilectio
2571 4224 2587 4249 ,
2614 4185 2855 4255 quisquis
2877 4186 3051 4255 diligit
3075 4186 3416 4242 dilectionem
3446 4230 3461 4253 ,
3489 4187 3645 4249 Deum
3670 4184 3747 4239 (ιε.

2183 4274 2315 4346 ligit.
2344 4275 2510 4345 Dilige
2536 4291 2664 4346 ergo
2688 4275 2901 4345 fratrem
2921 4318 2937 4339 ,
2965 4288 3021 4333 et
3051 4293 3273 4333 securus
3299 4291 3438 4335 esto.
3478 4280 3587 4335 Non
3613 4287 3748 4349 potes

2185 4364 2386 4423 dicere.
2404 4366 2573 4436 Diligo
2590 4366 2830 4435 fratrem,
2855 4368 2950 4423 sed
2986 4383 3089 4423 non
3111 4369 3476 4439 diligoDeum.
3497 4365 3747 4440 Quamuis

2186 4459 2429 4517 mentiris
2458 4460 2502 4513 si
2523 4459 2706 4522 dicas,
2746 4461 2914 4530 Diligo
2955 4460 3122 4516 Deum
3147 4501 3163 4524 ,
3204 4462 3417 4532 quando
3457 4478 3561 4517 non
3594 4460 3749 4531 diligis

2188 4550 2409 4604 fratrem
2433 4566 2448 4613 ;
2476 4550 2554 4604 sic
2580 4548 2803 4611 falleris.
2830 4551 3045 4619 quando
3070 4551 3225 4618 dicis,
3260 4553 3430 4624 Diligo
3456 4552 3685 4615 fratrem,
3703 4547 3744 4603 ai

2191 4651 2349 4711 putes
2377 4641 2498 4710 quia
2528 4655 2633 4695 non
2658 4640 2834 4710 diligis
2874 4644 3063 4699 Deum.
3102 4643 3332 4699 Necrsse
3354 4656 3442 4700 est
3475 4646 3560 4715 qui
3596 4643 3749 4713 diligi

2189 4732 2440 4798 fratrem,
2482 4730 2676 4801 diligas
2724 4732 2891 4800 ipsam
2940 4732 3323 4800 dilectionem;
3356 4736 3555 4790 dilectio
3588 4746 3746 4790 autem

2189 4822 2328 4878 Deus
2353 4832 2425 4877 est
2451 4839 2469 4877 :
2499 4838 2718 4879 necesse
2754 4833 2840 4879 est
2871 4839 3000 4895 ergo
3032 4835 3088 4878 ut
3116 4825 3284 4881 Deum
3315 4827 3502 4895 diligat
3536 4825 3748 4898 quisqui

2190 4915 2355 4985 diligit
2381 4914 2627 4971 fratrem.
2654 4914 2715 4973 Si
2747 4924 2924 4973 autem
2946 4928 3051 4970 non
3078 4916 3255 4986 diligis
3270 4917 3497 4973 fratrea:
3517 4934 3664 4986 quem
3691 4916 3751 4970 ti-

2191 5008 2285 5063 des
2308 5049 2321 5067 .
2362 5007 2530 5063 Deum
2556 5022 2717 5075 quem
2742 5022 2845 5062 non
2879 5007 3024 5063 vides
3046 5008 3314 5077 quomodo
3342 5019 3494 5077 potes
3517 5006 3751 5079 diligeret

2191 5098 2364 5166 Quare
2395 5113 2497 5151 non
2525 5098 2667 5153 videt
2697 5099 2901 5155 Deum?
2956 5102 3084 5166 Quia
3117 5117 3222 5156 non
3254 5101 3413 5157 habet
3452 5103 3616 5169 ipsum
3638 5101 3751 5157 dile-

2192 5191 2441 5245 ctionem.
2474 5189 2595 5244 ldco
2621 5206 2723 5243 non
2757 5190 2897 5249 videt
2920 5191 3107 5252 Deum.
3129 5194 3251 5260 quia
3306 5209 3411 5248 tum
3458 5192 3612 5248 habet
3636 5193 3751 5247 dile-

2193 5282 2456 5342 ctionem;
2487 5281 2605 5334 ideo
2633 5299 2735 5335 non
2769 5282 2926 5341 habet
2945 5283 3301 5347 dilectiOucm,
3326 5284 3450 5354 quia
3474 5300 3578 5342 non
3608 5283 3752 5350 diligit

2195 5376 2408 5429 fratrem
2441 5392 2454 5426 ε
2482 5385 2762 5442 propterea
2800 5389 2926 5445 ergo
2966 5390 3071 5429 non
3112 5374 3253 5429 videt
3288 5376 3455 5432 Deum
3480 5418 3496 5442 ,
3520 5374 3637 5447 quia
3665 5387 3751 5429 nos

2196 5465 2353 5519 habet
2374 5464 2734 5529 dilectionem.
2763 5463 2894 5519 Nam
2928 5467 2970 5537 si
3001 5466 3196 5537 habent
3224 5468 3584 5543 dilectionem,
3608 5468 3749 5537 Deut!

2196 5556 2373 5621 videt;
2417 5557 2533 5626 quia
2564 5552 2700 5609 Deus
2726 5552 2926 5611 dilectio
2956 5568 3025 5639 est
3059 5574 3075 5612 :
3104 5567 3156 5619 et
3188 5570 3447 5633 purgatur
3470 5560 3555 5631 ille
3586 5560 3743 5629 oculus

2156 5651 2363 5733 "magis
2389 5649 2659 5733 magisque
2693 5647 2996 5717 dilectione,
3030 5649 3285 5733 utvideat
3476 5654 3741 5731 W3?

2261 5758 2856 5823 ‘Lov.:Quem?Deum.
2924 5769 2981 5814 tt.
