3994 6364
278 293 393 351 2057

270 412 324 466 ad
347 424 425 465 me
444 405 663 462 ambitur
682 417 777 475 per
800 405 1032 478 aliquem
1053 424 1068 473 ;
1094 407 1209 477 ipse
1228 420 1377 461 amor
1395 416 1711 475 prcesentem
1733 421 1818 460 me

271 503 346 557 tibi
368 500 500 555 facit.
542 497 674 565 Quid
718 497 926 553 dulcius
956 499 1237 553 dilectione
1279 498 1377 552 ista
1401 540 1415 563 ,
1446 496 1673 553 fratres?
1701 497 1816 551 Non

266 608 364 647 snne
385 605 530 645 causa
558 604 715 642 mooo
740 591 964 644 audistis
990 590 1039 643 in
1062 590 1295 656 Psatmo,
1326 589 1535 652 fratres,
1562 586 1817 641 Narrave-

264 691 364 736 runt
387 681 502 735 mihi
537 681 711 750 injuin
755 680 1135 746 delectationes;
1175 681 1262 735 sed
1303 698 1404 734 non
1429 682 1558 734 sicut
1587 681 1668 734 lea:
1693 689 1812 747 tua,

260 772 450 829 Domine
475 774 492 844 (
510 772 652 827 Psal.
694 789 880 840 cxvm,
912 773 1031 844 85).
1060 774 1187 842 Quae
1215 782 1295 828 est
1326 774 1411 827 lex
1449 772 1577 828 Dei?
1601 772 1815 827 Manda—

260 875 352 922 tum
377 868 481 922 Dei.
509 866 660 935 Quod
691 876 775 922 est
799 867 1103 939 mandatum
1126 866 1255 920 Dei?
1281 866 1489 921 Novum
1512 865 1639 921 illud
1670 881 1819 920 man-

259 957 454 1024 datum,
502 958 641 1028 quod
689 958 811 1013 ideo
866 974 1057 1013 novum
1109 958 1339 1024 dicitur,
1370 959 1491 1028 quia
1542 959 1759 1012 innovat
1800 976 1812 1011 :

260 1050 531 1106 Mandatum
548 1068 728 1105 novum
750 1050 816 1105 do
841 1051 995 1119 vobis,
1014 1060 1067 1105 ut
1086 1069 1171 1107 vos
1189 1053 1398 1106 invicem
1418 1053 1659 1123 diligatis.
1682 1051 1819 1107 Audi

258 1145 360 1217 quia
388 1144 496 1215 ipsa
526 1154 609 1199 est
639 1144 722 1199 lex
754 1144 848 1198 Dei
880 1161 893 1195 :
925 1145 1209 1215 Apostolus
1234 1144 1380 1212 dicit,
1412 1144 1637 1199 Invicem
1666 1162 1818 1200 onera

258 1245 397 1291 vestra
421 1245 632 1305 portate,
667 1246 715 1291 et
743 1236 815 1289 sic
839 1236 1176 1306 adimplebitis
1210 1238 1366 1307 legem
1391 1236 1577 1293 Christi
1609 1237 1815 1311 (Galat.

260 1343 320 1393 ιι,
338 1325 419 1397 2).
441 1325 555 1395 Ipsa
583 1335 663 1382 est
689 1328 1074 1381 consummatio
1099 1329 1334 1382 omnium
1360 1344 1580 1399 operum
1605 1342 1817 1386 nostro-

260 1435 377 1485 rum,
402 1420 635 1475 dilectio.
669 1419 743 1476 lbi
771 1431 852 1475 est
870 1420 991 1475 ﬁnis
1024 1441 1036 1474 :
1073 1430 1286 1491 promer
1311 1422 1411 1477 hoc
1435 1424 1727 1490 currimus;
1752 1425 1818 1479 ad

259 1511 404 1580 ipsam
420 1511 681 1567 currimus
696 1528 711 1577 ;
724 1527 843 1566 cum
860 1512 1167 1567 venerimus
1183 1512 1248 1567 ad
1271 1529 1387 1568 eam
1407 1513 1812 1584 requiescemus.

316 1604 364 1657 5.
394 1604 626 1657 Audistis
669 1604 723 1656 in
770 1603 982 1659 Psalmo
1001 1645 1016 1667 ,
1052 1601 1229 1658 Omnis
1254 1605 1695 1659 consummationis
1718 1606 1819 1659 vidi

262 1697 390 1765 ﬁnem
418 1694 599 1765 (Psal.
626 1711 813 1760 cxvnt,
843 1695 955 1765 96).
985 1696 1142 1761 Dixit,
1171 1695 1346 1751 Omnis
1374 1699 1819 1753 consummationis

263 1790 347 1842 ridi
373 1790 514 1856 liuent
539 1805 556 1842 :
579 1788 704 1859 quid
731 1790 935 1844 viderat
962 1789 1103 1845 iste?
1129 1790 1400 1856 Putamus,
1427 1791 1739 1846 ascenderat
1765 1792 1816 1845 in

263 1880 485 1935 verticem
528 1880 749 1948 alicujus
786 1880 1031 1935 altissimi
1078 1882 1271 1935 montis
1309 1890 1363 1936 et
1404 1883 1721 1948 acutissimi,
1765 1891 1818 1938 et

266 1978 593 2039 perspexerat,
617 1980 671 2026 et
701 1971 903 2025 viderat
928 1973 1181 2027 ambitum
1215 1981 1370 2027 terrae
1395 1985 1451 2028 et
1476 1975 1702 2029 circulos
1729 1993 1816 2030 or-

267 2061 341 2115 bis
367 2062 603 2127 universi;
633 2071 688 2117 et
714 2064 833 2117 ideo
859 2063 1010 2129 dixit,
1047 2063 1221 2117 Omnis
1245 2066 1686 2118 consummationis
1715 2065 1815 2118 vidi

266 2152 434 2221 ﬁnem?
457 2153 507 2208 Si
544 2157 644 2209 hoc
670 2154 934 2209 laudabile
959 2166 1060 2223 est,
1093 2157 1276 2211 oculos
1313 2158 1488 2211 carnis
1516 2173 1814 2228 quaeramus

266 2259 293 2297 a
313 2245 513 2300 Domino
534 2256 638 2301 tam
663 2257 867 2314 acutos,
896 2259 952 2302 ut
977 2249 1204 2317 aliquem
1225 2249 1642 2304 excelsissimum
1663 2265 1813 2306 mon-

268 2346 377 2398 tem,
402 2337 486 2406 qui
512 2347 590 2392 est
618 2338 669 2391 in
701 2349 859 2405 terra,
890 2339 1241 2407 requiramus,
1273 2339 1341 2394 de
1365 2341 1514 2409 cujus
1540 2343 1815 2397 cacumine

266 2428 507 2485 videamus
531 2432 703 2486 omnis
744 2433 1215 2487 consummationis
1244 2433 1423 2488 ﬁnem.
1455 2434 1571 2489 Noli
1590 2435 1670 2489 ire
1695 2436 1812 2490 lon-

261 2535 319 2590 ge
343 2540 353 2575 :
374 2536 489 2579 ecce
511 2523 629 2580 dico
654 2524 769 2591 tibi,
797 2525 1022 2579 ascende
1050 2524 1102 2578 in
1126 2534 1378 2591 montem,
1407 2535 1460 2580 et
1484 2526 1603 2581 vide
1628 2527 1807 2582 ﬁnem.

260 2611 480 2668 Christus
504 2630 656 2670 mons
684 2625 799 2681 est;
832 2615 951 2672 veni
977 2616 1045 2671 ad
1085 2617 1373 2686 Christum,
1404 2619 1552 2674 vides
1595 2619 1719 2674 inde
1744 2620 1810 2672 ﬁ-

260 2721 367 2761 nem
393 2707 557 2763 omuis
580 2711 1069 2765 consummationis.
1094 2710 1223 2779 Quis
1247 2721 1327 2767 est
1362 2713 1462 2768 iste
1486 2712 1647 2768 ﬁnis?
1671 2714 1809 2769 Pau-

259 2795 357 2850 lum
385 2798 679 2870 interroga:
721 2799 872 2855 Finis
912 2812 1079 2856 autem
1118 2805 1354 2873 prwcepti
1394 2815 1466 2858 est
1491 2805 1710 2860 charitas
1748 2806 1811 2859 de

259 2888 390 2944 corde
407 2908 548 2960 puro,
575 2902 621 2946 et
644 2894 950 2949 conscientia
972 2894 1121 2962 bona,
1144 2908 1187 2950 et
1214 2896 1315 2966 ﬁde
1340 2915 1441 2951 non
1460 2898 1578 2966 ﬁcta
1601 2900 1653 2972 (Ι
1677 2898 1805 2953 Tim.

259 2995 292 3043 ι.
331 2982 429 3053 5);
469 2994 517 3038 et
547 2986 653 3041 alio
694 2987 848 3052 loco,
896 2985 1171 3042 Plenitudo
1215 3000 1382 3044 autem
1425 2992 1548 3062 legis
1590 2993 1809 3049 charitas

257 3071 426 3141 (Rom.
466 3093 596 3145 χιιι,
644 3078 769 3152 10).
816 3079 951 3148 Quid
983 3090 1086 3136 tam
1132 3081 1334 3137 ﬁnitum
1376 3092 1431 3139 et
1470 3087 1808 3142 terminatum

252 3179 395 3235 quam
417 3169 730 3239 plenitudo?
754 3171 987 3238 Etenim,
1029 3172 1239 3241 fratres,
1270 3175 1427 3231 ﬁnem
1456 3177 1606 3245 ponit
1630 3178 1811 3234 lauda-

252 3258 429 3316 biliter.
452 3262 624 3319 Nolite
650 3274 834 3334 putare
853 3268 1327 3337 consumptionem,
1352 3268 1446 3324 sed
1475 3286 1783 3327 consumma

254 3349 447 3407 tionem.
489 3353 659 3409 Aliter
701 3356 841 3411 enim
879 3356 1105 3423 dicitur,
1138 3358 1309 3413 Finivi
1350 3374 1575 3429 panem;
1614 3362 1765 3416 aliter

251 3438 403 3497 Fiuivi
425 3445 673 3501 tunicam.
704 3447 877 3503 Finivi
906 3463 1092 3518 panem
1123 3451 1526 3519 manducando;
1557 3453 1698 3508 ﬁnivi
1726 3462 1781 3509 tu

254 3532 408 3589 nicam
429 3521 730 3592 inteirendo.
752 3539 818 3593 Et
843 3539 914 3594 ibi
935 3539 1053 3595 ﬁnis
1074 3552 1246 3608 sonat,
1271 3552 1325 3598 et
1346 3543 1453 3598 illic
1474 3544 1594 3599 ﬁnis
1614 3554 1767 3601 sonat
1790 3565 1802 3600 :

253 3625 338 3678 sed
365 3634 526 3683 tamen
557 3630 709 3699 panis
736 3629 917 3684 ﬁnitur
943 3640 1001 3685 ut
1030 3642 1393 3698 consumatur,
1419 3636 1593 3689 tunica
1625 3636 1806 3691 ﬁnitur

251 3724 307 3769 ut
346 3730 761 3788 eonsummetur;
792 3723 941 3791 panis
972 3722 1149 3779 ﬁnitur
1176 3735 1231 3780 ut
1257 3742 1362 3782 non
1406 3729 1495 3795 sit,
1540 3730 1717 3784 tunica
1743 3729 1806 3784 ﬁ-

254 3807 387 3862 nitur
410 3821 459 3865 ut
481 3815 703 3882 perfecta
730 3814 818 3870 sit.
849 3816 987 3887 Ergo
1013 3817 1088 3872 sic
1107 3817 1282 3874 audite
1309 3819 1489 3886 ﬁnem,
1517 3830 1571 3875 et
1594 3821 1804 3891 quando

252 3895 426 3969 legitur
447 3904 716 3974 Psalmus,
753 3915 808 3961 et
831 3908 1041 3977 auditis,
1075 3909 1141 3963 In
1169 3911 1321 3978 linem
1351 3910 1590 3966 Psalmus
1615 3912 1799 3967 David.

252 3991 456 4050 Assidue
478 3997 667 4052 auditis
692 4001 792 4054 hoc
819 4000 871 4054 in
899 4000 1141 4068 Psalmis,
1170 4011 1223 4058 et
1250 4002 1453 4059 debetis
1479 4020 1636 4061 nosse
1662 4007 1802 4076 quod

251 4082 440 4140 auditis.
466 4087 600 4156 Quid
629 4097 731 4153 est,
760 4090 813 4143 in
849 4090 1042 4159 ﬁnem?
1063 4091 1212 4148 Finis
1238 4095 1369 4147 enim
1402 4094 1553 4168 Legis
1576 4095 1803 4153 Christus

248 4183 331 4241 est,
357 4177 420 4231 ad
436 4180 691 4248 justitiam
717 4183 852 4237 omni
869 4183 1089 4238 credenti
1110 4183 1228 4255 (Id.
1251 4202 1304 4252 χ,
1336 4186 1425 4259 4).
1456 4188 1520 4243 Ει
1545 4189 1670 4260 quid
1696 4201 1800 4259 est,

252 4265 355 4333 ﬁnis
382 4269 645 4359 Chriqtus?
686 4272 818 4340 Quia
845 4272 1087 4331 Christus
1119 4276 1276 4343 Deus,
1323 4286 1376 4332 et
1404 4277 1524 4333 ﬁnis
1552 4281 1804 4351 praecepti

254 4358 479 4431 charitas,
521 4358 577 4420 et
617 4366 759 4422 Deus
786 4368 1015 4423 charitas
1043 4387 1055 4423 :
1085 4370 1204 4440 quia
1248 4371 1406 4428 Pater
1444 4381 1498 4427 et
1540 4373 1705 4430 Filius
1752 4386 1806 4432 et

253 4448 453 4520 Spiritus
472 4467 683 4512 sanctus
712 4474 873 4513 unum
901 4470 1041 4516 sunt.
1068 4461 1142 4517 lbi
1168 4463 1259 4517 tibi
1282 4464 1401 4519 linis
1424 4474 1507 4520 est
1537 4484 1549 4520 :
1577 4468 1701 4521 alibi
1723 4470 1804 4523 via

252 4550 339 4596 est.
359 4542 468 4600 Noli
491 4547 694 4602 haerere
713 4550 766 4602 in
788 4549 893 4615 via,
917 4559 973 4605 et
995 4567 1098 4605 non
1125 4555 1401 4622 pervenire
1421 4556 1489 4610 ad
1514 4557 1693 4612 linem.
1723 4558 1805 4615 Ad

251 4635 480 4707 quidquid
503 4640 643 4694 aliud
673 4642 902 4708 veneris,
936 4644 1099 4698 transi
1126 4660 1398 4717 usquequo
1439 4650 1712 4717 pervenias
1739 4650 1805 4705 ad

252 4727 407 4784 ﬁnem.
456 4730 592 4799 Quid
615 4742 696 4787 est
723 4731 881 4789 ﬁnis?
910 4733 1041 4787 Mihi
1071 4748 1236 4790 autem
1283 4740 1544 4795 adlzwrere
1580 4741 1686 4796 Deo
1717 4742 1805 4797 bo-

250 4836 354 4876 num
374 4836 441 4879 est
462 4823 641 4896 (Psal.
665 4842 826 4893 χχχιι,
849 4826 971 4897 ‘28).
1000 4828 1278 4884 Adhaesisti
1307 4831 1434 4894 Deo.
1462 4833 1622 4887 ﬁnisti
1644 4835 1800 4902 viam;

251 4916 565 4981 permanebis
618 4917 672 4971 in
717 4918 901 4986 patria.
953 4918 1232 4978 lntendite.
1285 4922 1567 4978 Pecuniam
1619 4926 1806 4994 aliquis

248 5010 445 5076 quaerit;
468 5026 573 5065 non
595 5011 665 5065 sit
684 5010 776 5065 tibi
804 5011 954 5065 ﬁnis:
974 5014 1138 5067 transi
1163 5014 1178 5043 ¹
1208 5022 1452 5083 tanquam
1476 5018 1802 5087 peregrinus.

247 5097 415 5166 Quaere
453 5102 542 5158 ubi
587 5111 857 5169 transeas,
913 5119 1014 5158 non
1066 5105 1152 5158 ubi
1193 5122 1486 5163 remaneas.
1533 5109 1587 5164 Si
1627 5119 1805 5165 autem

247 5204 396 5257 amas.
425 5208 518 5263 per
544 5194 818 5249 avaritiam
850 5196 1148 5265 implicatus
1174 5211 1234 5250 es
1271 5215 1283 5250 :
1330 5200 1431 5252 erit
1459 5200 1548 5253 tibi
1587 5202 1804 5256 avaritia

247 5295 411 5342 catena
438 5290 630 5358 pedum
657 5305 672 5353 ;
708 5290 842 5343 ultra
876 5289 1116 5360 progredi
1144 5305 1246 5343 non
1270 5300 1441 5359 potes.
1466 5292 1652 5349 Transi
1680 5311 1806 5365 ergo

247 5376 448 5448 ethoc;
474 5397 655 5453 quaere
679 5382 855 5438 ﬁnem.
884 5382 1115 5439 Salutem
1137 5386 1375 5455 corporis
1399 5387 1610 5456 quaeris,
1634 5390 1806 5445 adhuc

248 5474 342 5529 noli
381 5476 450 5531 ibi
479 5492 772 5533 remanere.
802 5477 931 5546 Quae
957 5487 1041 5533 est
1082 5479 1223 5533 enim
1252 5479 1349 5533 ista
1380 5481 1522 5535 salus
1545 5485 1803 5552 corporis,

249 5579 351 5635 qua:
375 5577 545 5624 morte
571 5570 868 5649 perimitur,
890 5585 1009 5640 qua:
1029 5571 1340 5643 aegritudine
1368 5572 1688 5645 debilitatur,
1716 5576 1808 5633 fri-

303 5700 412 5779 εἰει-ἐ
433 5680 651 5779 lagae;
666 5710 808 5779 vam,
832 5716 926 5755 non
940 5702 1003 5757 sit
1015 5704 1083 5758 ibi
1099 5704 1233 5772 finis.
1261 5708 1466 5763 Transit.
1483 5717 1618 5779 ιρι,
1637 5726 1733 5768 non
1748 5717 1811 5770 sit

246 5759 804 5816 u.’
1099 5759 1113 5772 '

512 5846 732 5911 Sacr.
764 5848 1040 5914 Ancon.
1066 5852 1177 5916 ΙΠ.

1419 286 1827 345 'l‘RACTATUS
1866 287 1933 343 Χ.
1974 290 2199 350 CAPUT
2240 296 2301 349 V.

3347 319 3488 379 2058

1925 406 2064 474 vola,
2095 411 2352 478 mortalis,
2381 413 2519 469 ﬂuxa
2539 416 2564 470 ?
2582 416 2770 486 Quaere
2795 419 2961 490 illam,
2991 438 3059 480 ne
3087 426 3341 497 impediat
3370 424 3505 492 forte

1927 499 2164 554 morbida
2205 503 2447 561 valetudo
2477 522 2636 577 opera
2679 520 2763 566 tua
2798 512 2953 568 bona.
3003 516 3144 590 Ergo
3177 537 3282 576 non
3312 535 3394 579 est
3435 527 3507 583 ibi

1926 590 2083 658 ﬁnis;
2116 595 2239 664 quia
2274 609 2490 668 propter
2508 601 2649 656 aliud
2677 606 2947 673 qumritur.
2978 608 3239 681 Quidquid
3289 629 3510 687 propter

1925 683 2066 738 aliud
2088 688 2356 755 quaeritur,
2378 706 2483 745 non
2504 702 2586 747 est
2607 693 2676 748 ibi
2700 695 2849 750 ﬁnis:
2869 700 3118 770 quidquid
3141 683 3354 776 propter
3372 683 3429 765 se
3450 720 3510 767 et

1925 778 2087 846 gratis
2104 781 2376 850 qumritur,
2399 784 2467 839 ibi
2498 793 2581 840 est
2609 786 2745 843 ﬁnis.
2769 789 2973 857 Quaeris
2995 794 3257 864 honores;
3287 800 3422 857 forte
3439 803 3509 857 ad

1925 866 2121 959 aliquid
2138 871 2395 940 agendum
2422 876 2633 944 quaeris,
2653 887 2710 932 ut
2730 894 2951 951 peragas
2975 884 3193 955 aliquid,
3218 898 3275 943 ut
3299 891 3508 959 placeas

1927 958 2037 1013 Deo
2068 978 2079 1011 :
2110 963 2217 1017 noli
2245 964 2415 1033 ipsum
2457 969 2712 1025 honorem
2743 988 2956 1044 amare,
2982 962 3053 1033 ne
3094 980 3165 1035 ibi
3207 958 3507 1043 remaneas.

1925 1048 2129 1116 Quaeris
2142 1053 2382 1109 laudem?
2400 1057 2456 1111 Si
2475 1059 2569 1114 Dei
2587 1063 2801 1131 quaeris,
2821 1065 2957 1121 bene
2976 1069 3129 1126 facis:
3149 1074 3193 1127 si
3212 1082 3351 1130 tuam
3372 1095 3513 1148 quae-

1924 1140 1999 1195 ris
2018 1184 2033 1208 ,
2070 1146 2207 1200 male
2247 1146 2409 1212 facis;
2439 1166 2680 1208 remanes
2700 1155 2753 1209 in
2781 1157 2883 1211 via.
2915 1160 3019 1215 Sed
3048 1178 3175 1219 ecce
3195 1140 3470 1224 amaristu
3489 1213 3509 1237 ,

1928 1233 2156 1292 laudaris
2182 1258 2195 1292 :
2223 1240 2331 1294 noli
2353 1245 2603 1312 gratulari
2629 1249 2840 1317 quando
2863 1251 2913 1306 in
2941 1264 2990 1308 te
3010 1254 3268 1323 laudaris;
3294 1233 3511 1319 laudare

1927 1322 1980 1377 in
2001 1325 2243 1394 Domino,
2268 1340 2324 1383 ut
2345 1342 2545 1400 cantes,
2567 1334 2636 1389 In
2660 1337 2877 1395 Domino
2898 1342 3184 1401 laudabitur
3203 1352 3374 1406 anima
3398 1370 3511 1408 mea

1927 1415 2125 1514 (Psal:
2144 1437 2353 1491 χχχιιι,
2398 1425 2482 1498 5).
2510 1416 2822 1486 Sermonem
2850 1435 3080 1505 aliquem
3125 1440 3319 1497 bonum
3351 1445 3507 1514 dicis,

1926 1518 1979 1562 et
2008 1509 2249 1566 laudatur
2278 1530 2455 1571 sermo
2482 1520 2636 1573 tuus?
2659 1521 2772 1577 Non
2798 1525 3040 1582 laudetur
3064 1532 3213 1600 quasi
3237 1544 3374 1602 tuus,
3398 1509 3507 1592 non

1926 1609 2008 1655 est
2032 1602 2102 1657 ibi
2130 1603 2267 1659 ﬁnis.
2294 1607 2347 1662 Si
2376 1609 2447 1663 ibi
2469 1614 2620 1680 ponis
2647 1614 2827 1684 linem,
2857 1619 3054 1677 ﬁniris:
3084 1626 3176 1679 sed
3203 1643 3307 1682 non
3338 1629 3510 1687 ﬁniris

1925 1691 2073 1759 quasi
2106 1694 2417 1765 perﬁciaris,
2445 1700 2539 1754 sed
2578 1702 2745 1759 ﬁniris
2775 1715 2833 1761 ut
2854 1716 3202 1770 cunsumaris.
3232 1719 3369 1790 Ergo
3398 1738 3510 1778 non

1924 1780 2167 1837 laudetur
2211 1802 2390 1842 sermo
2433 1798 2550 1845 tuus
2589 1797 2739 1863 quasi
2785 1798 2879 1854 abs
2924 1810 3002 1869 te,
3050 1808 3195 1874 quasi
3229 1780 3366 1866 tutis.
3400 1812 3510 1869 Sed

1925 1875 2192 1965 quomodo
2217 1876 2498 1935 laudetur?
2524 1882 2799 1951 Quomodo
2834 1891 2962 1946 dicit
3002 1893 3271 1965 Psalinus,
3302 1900 3368 1955 In
3397 1902 3508 1958 Deo

1924 1962 2142 2017 laudabo
2167 1983 2463 2039 sermonem,
2495 1974 2547 2027 in
2572 1974 2683 2030 Deo
2713 1977 2928 2036 laudabo
2952 1984 3172 2041 verbum.
3210 1962 3287 2043 Εχ
3319 1992 3422 2046 hoc
3451 1996 3510 2050 fit

1923 2060 1979 2106 ut
2006 2052 2097 2107 ﬁat
2123 2056 2175 2108 in
2206 2066 2255 2111 to
2285 2060 2424 2127 quod
2453 2066 2706 2132 sequitur,
2734 2066 2801 2122 In
2825 2070 2934 2126 Deo
2961 2078 3176 2144 speravi,
3204 2097 3303 2134 non
3327 2084 3510 2140 timebo

1920 2144 2043 2212 quid
2067 2147 2221 2215 faciat
2244 2150 2367 2202 milii
2396 2151 2544 2206 homo
2567 2155 2584 2225 (
2600 2153 2743 2211 Psal.
2773 2175 2859 2228 Lv,
2883 2163 2935 2227 5,
2966 2166 3021 2218 ll
3047 2167 3089 2237 ).
3117 2168 3339 2236 Quando
3363 2176 3508 2231 enim

1920 2237 2097 2289 omnia
2126 2246 2213 2293 tua
2239 2240 2290 2293 in
2321 2241 2431 2296 Deo
2468 2245 2750 2303 laudantur
2771 2293 2787 2317 ,
2830 2268 2935 2308 non
2975 2259 3192 2314 timetur
3218 2277 3286 2318 ne
3326 2277 3508 2333 pereat

1920 2324 2035 2382 laus
2062 2338 2178 2393 tua;
2206 2333 2322 2402 quia
2355 2350 2457 2389 non
2484 2336 2661 2393 deﬁcit
2689 2340 2845 2397 Deus.
2876 2343 3016 2416 Ergo
3045 2353 3211 2407 transi
3238 2363 3292 2408 et
3312 2324 3504 2425 ipsam.

1989 2419 2040 2474 6.
2074 2419 2277 2488 Videte,
2310 2422 2519 2494 fratres,
2547 2440 2739 2498 quanta
2768 2436 3072 2506 transimus,
3099 2441 3155 2494 in
3179 2419 3370 2512 quibus
3396 2462 3506 2503 non

1918 2522 2000 2567 est
2027 2513 2166 2569 ﬁnis.
2200 2516 2293 2572 His
2315 2518 2510 2575 utimur
2532 2526 2683 2592 quasi
2713 2526 2766 2581 in
2793 2529 2915 2596 via;
2951 2534 3102 2602 quasi
3126 2536 3180 2589 in
3209 2540 3503 2597 mansioni-

1918 2603 2018 2658 bus
2049 2606 2373 2662 staliulorum
2401 2612 2691 2683 reﬁcimur,
2722 2626 2776 2672 et
2807 2622 3108 2679 transimus.
3142 2625 3244 2682 Ubi
3279 2644 3407 2700 ergo
3436 2632 3503 2686 ﬁ-

1917 2693 2043 2748 nis?
2071 2694 2412 2767 Dilectissimi,
2451 2702 2548 2770 ﬁlii
2584 2702 2683 2759 Dei
2716 2723 2906 2776 sumus,
2937 2722 2984 2766 et
3019 2714 3243 2770 nondum
3266 2693 3506 2789 apparuit

1917 2783 2038 2853 quid
2056 2786 2277 2853 erimus;
2302 2789 2388 2844 hic
2411 2791 2609 2848 dictum
2639 2805 2720 2850 est
2745 2798 2784 2863 ί,
2813 2798 2866 2852 in
2898 2799 3000 2857 hac
3028 2804 3282 2874 Epistola.
3300 2783 3505 2868 IA-dhuc

1917 2890 2045 2946 ergo
2092 2878 2144 2932 in
2192 2880 2277 2933 via
2320 2898 2539 2950 sumus;
2588 2887 2762 2943 adhuc
2804 2906 3138 2965 quocumque
3178 2903 3500 2972 venerimus,

1916 2969 2149 3025 transire
2187 2971 2466 3044 debemus,
2494 2993 2767 3050 usquequo
2790 2988 3161 3054 perveniamus
3184 2993 3250 3048 ad
3271 2969 3504 3069 aliquem

1915 3058 2096 3115 ﬁnem.
2132 3062 2334 3119 Scimus
2367 3068 2485 3138 quia
2514 3087 2629 3124 cum
2652 3080 2966 3148 apparuerit,
2992 3083 3179 3139 similes
3210 3088 3258 3141 ei
3292 3058 3499 3161 eriimas,

1916 3155 2154 3223 quoniam
2183 3156 2457 3213 videbimus
2483 3178 2596 3216 eum
2617 3164 2785 3235 sicuti
2812 3181 2886 3223 est
2914 3171 2969 3243 (Ι
2988 3171 3145 3230 Joan.
3175 3194 3254 3246 ιιι,
3285 3179 3373 3254 2).
3397 3155 3505 3241 Iste

1905 3241 2071 3334 linis;
2110 3244 2181 3299 ibi
2210 3257 2463 3319 perpetua
2493 3248 2760 3323 laudatio,
2798 3259 2871 3314 ibi
2900 3241 3113 3334 semper
3136 3241 3357 3327 Alleluia
3387 3276 3506 3332 sine

1914 3332 2143 3392 defectu.
2185 3338 2328 3410 Ergo
2368 3342 2538 3411 ipsum
2570 3344 2732 3402 ﬁnem
2771 3349 2903 3406 dixit
2947 3332 3277 3431 in—Psalmo,
3322 3363 3507 3437 Omnis

1914 3431 2358 3485 consummationis
2403 3434 2504 3488 vidi
2548 3436 2720 3505 ﬁnem.
2774 3441 2837 3495 Et
2884 3446 3031 3514 quasi
3076 3431 3345 3510 diceretur
3392 3458 3502 3528 illi,

1912 3516 2040 3586 Quis
2078 3531 2161 3575 est
2190 3521 2309 3578 ﬁnis
2352 3539 2508 3594 quem
2551 3531 2768 3584 vidisti?
2796 3531 2979 3590 Latum
3020 3544 3315 3600 mandatum
3358 3516 3504 3605 tuum

1911 3612 2058 3665 valde
2085 3612 2105 3685 (
2130 3612 2275 3669 Psal.
2304 3632 2487 3685 cxvnt,
2516 3619 2641 3691 96).
2675 3623 2793 3693 Ipse
2812 3636 2894 3682 est
2926 3629 3068 3698 ﬁnis,
3096 3633 3315 3693 latitudo
3342 3656 3499 3698 man-

1912 3701 2040 3756 dati.
2071 3703 2318 3761 Latitudo
2346 3709 2579 3765 mandati
2604 3713 2833 3770 charitas
2857 3728 2937 3774 est
2962 3738 2977 3786 ;
3002 3724 3123 3792 quia
3150 3725 3239 3781 ubi
3268 3738 3352 3784 est
3374 3731 3503 3788 cha-

1910 3793 2062 3897 ritas,
2097 3811 2201 3850 non
2228 3807 2354 3853 sunt
2378 3804 2651 3870 angustiae.
2682 3804 2741 3860 In
2761 3807 2871 3878 ipsa
2916 3811 3190 3874 latitudine
3213 3830 3328 3877 erat
3350 3825 3498 3897 Apo-

1909 3885 2099 3952 stolus,
2131 3903 2250 3943 cum
2278 3890 2498 3961 diceret,
2534 3892 2604 3949 0s
2628 3908 2853 3953 nostrum
2873 3913 3008 3973 patet
3032 3906 3102 3961 ad
3121 3926 3224 3977 vos,
3256 3929 3285 3966 ο
3310 3885 3497 3973 Conin-

1910 3975 2033 4042 thii;
2077 3994 2163 4032 cor
2204 3990 2432 4035 nostrum
2473 3984 2738 4040 dilatatam
2777 3999 2847 4043 est
2877 4007 2893 4043 :
2923 4010 3022 4049 non
3063 3975 3402 4069 angustamini
3443 4009 3499 4061 in

1926 4070 2050 4124 iobis
2080 4072 2097 4141 (
2121 4071 2164 4126 ll
2193 4072 2310 4127 Cor.
2337 4090 2411 4144 vr,
2456 4076 2619 4131 11-12
2639 4080 2681 4149 ).
2709 4080 2833 4136 Ideo
2861 4099 2987 4155 ergo
3015 4089 3173 4143 latum
3199 4096 3498 4153 mandatum

1910 4169 2051 4214 tuum
2067 4162 2228 4217 valde.
2252 4164 2402 4232 Quod
2420 4177 2502 4222 est
2527 4168 2691 4224 latum
2718 4173 3060 4247 mandatum?
3080 4179 3382 4239 Mandatum
3403 4205 3497 4243 no-

1910 4269 2023 4307 vum
2060 4255 2125 4309 do
2161 4255 2329 4322 vobis,
2361 4268 2417 4311 ut
2450 4275 2535 4313 vos
2567 4261 2775 4317 invicem
2813 4263 3053 4337 diligatis.
3095 4270 3336 4331 Charitas
3358 4292 3495 4352 ergo

1910 4362 2014 4400 non
2049 4358 2376 4418 angustatur.
2417 4351 2510 4406 Vis
2540 4368 2645 4409 non
2673 4360 2943 4428 angustari
2978 4360 3034 4416 in
3079 4365 3259 4420 terra?
3288 4367 3345 4424 In
3382 4370 3494 4428 lato

1910 4436 2104 4493 habita.
2138 4439 2406 4511 Quidquid
2437 4444 2578 4499 enim
2610 4446 2702 4501 tibi
2736 4448 2919 4504 fecerit
2954 4449 3134 4521 homo,
3175 4472 3282 4514 non
3315 4470 3368 4518 te
3393 4478 3493 4521 an-

1908 4538 2111 4599 gustat;
2140 4532 2261 4601 quia
2286 4533 2410 4588 illud
2437 4534 2610 4606 diligis
2629 4538 2769 4608 quod
2791 4556 2895 4595 non
2915 4553 3073 4600 nocet
3096 4545 3292 4605 homo:
3326 4554 3493 4611 Deum

1910 4621 2105 4691 diligis,
2130 4624 2516 4681 fraternitatem
2546 4627 2739 4699 diligis,
2768 4630 2939 4703 legem
2966 4634 3059 4690 Dei
3084 4637 3278 4710 diligis,
3309 4643 3496 4703 Eccle-

1910 4716 2042 4770 siain
2071 4716 2164 4770 Dei
2204 4716 2407 4787 diligis;
2436 4720 2759 4790 sempiterna
2782 4726 2905 4780 erit.
2941 4726 3175 4786 Laboras
3214 4733 3267 4787 in
3314 4747 3452 4792 terra
3472 4780 3490 4805 ,

1910 4808 2005 4863 sed
2040 4810 2320 4879 pervenies
2353 4810 2420 4865 ad
2452 4811 2680 4869 fructum
2709 4819 3049 4885 promissum.
3083 4822 3212 4890 Quis
3238 4827 3330 4881 tibi
3362 4830 3494 4885 tollit

1910 4901 2050 4971 quod
2074 4901 2282 4973 diligis?
2309 4903 2364 4958 Si
2405 4919 2563 4960 nemo
2590 4906 2723 4960 tollit
2762 4908 2853 4963 tibi
2879 4910 3019 4979 quod
3043 4912 3236 4983 diligis,
3272 4931 3495 4976 securus

1911 4994 2154 5049 dormis:
2185 4995 2289 5050 imo
2330 5011 2548 5051 securus
2589 4998 2803 5069 vigilas,
2834 5016 2903 5056 ne
2940 5002 3252 5063 dormiendo
3298 5013 3492 5082 perdas

1909 5086 2048 5155 quod
2075 5085 2268 5156 diligis.
2310 5086 2421 5143 Non
2451 5088 2593 5143 enim
2636 5087 2833 5146 frustra
2861 5091 3057 5150 dictum
3092 5106 3211 5168 est,
3243 5099 3492 5163 Illumina

1911 5178 2081 5233 oculos
2104 5194 2258 5245 meos,
2291 5195 2352 5233 ne
2374 5179 2578 5253 quando
2599 5181 2909 5239 obdormiam
2932 5187 2985 5241 in
3004 5201 3163 5246 morte
3182 5190 3202 5268 (
3218 5193 3366 5252 Psal.
3392 5217 3488 5268 χιι,

1910 5270 1998 5341 4).
2030 5270 2130 5337 Qui
2154 5271 2412 5325 claudunt
2436 5271 2620 5327 oculos
2648 5284 2833 5330 contra
2862 5277 3196 5351 charitatem,
3218 5286 3491 5342 obdormi-

1912 5373 2067 5418 scunt
2122 5363 2175 5417 in
2227 5364 2677 5434 concupiscentiis
2719 5367 3132 5428 delectationum
3176 5378 3486 5434 carnalium.

1912 5455 2112 5526 Evigila
2141 5470 2289 5527 ergo.
2343 5457 2728 5515 Delectationes
2769 5463 2912 5519 enim
2950 5473 3111 5533 sunt,
3140 5469 3485 5540 manducare,

1912 5548 2109 5615 bibere,
2139 5549 2410 5618 luxuriari,
2441 5551 2644 5619 ludere,
2668 5556 2850 5610 venari
2879 5570 3135 5626 :pompas
3162 5559 3292 5616 istas
3322 5579 3489 5621 vanas

1914 5642 2087 5699 omnia
2118 5642 2252 5697 mala
2281 5651 2592 5713 sequuntur.
2614 5643 2878 5715 Numquid
2905 5647 3171 5705 nescimus
3199 5652 3320 5721 quia
3345 5656 3487 5714 dele-

1977 5779 1993 5810 ¹
2017 5783 2093 5827 Er.
2117 5777 2260 5840 tugd.
2284 5784 2402 5830 Ven.
2420 5784 2552 5843 Lov.,
2570 5777 2676 5831 hoc.
2743 5789 2799 5831 Μ.

2790 5862 3127 5942 {Soixante
3165 5889 3371 5956 σιιιιια·
