3994 6386
540 322 680 378 9059

541 444 801 499 ctationes
824 451 947 499 sunt
963 444 986 496 ?
1004 443 1134 510 Quis
1154 452 1313 516 neget
1334 447 1453 516 quin
1475 444 1735 501 delectant
1751 447 1776 500 ?
1792 442 1897 500 Sed
1916 442 2033 513 plus
2053 437 2133 493 di-

541 536 722 606 ligitur
742 535 823 590 lex
854 535 949 590 Dei
976 537 1015 589 ί.
1049 536 1228 591 Clama
1257 546 1441 592 contra
1470 536 1600 593 tales
1628 551 1873 593 suasores
1893 577 1906 601 ,
1934 533 2133 587 Narra-

539 638 714 683 verunt
754 628 876 683 mihi
900 629 1077 699 injusti
1108 629 1490 697 delectationes;
1519 628 1605 685 sed
1632 647 1732 684 non
1757 631 1883 684 sicut
1914 627 1993 681 lca:
2021 634 2127 690 tua,

539 720 776 776 Domine.
806 721 915 778 Ista
937 721 1228 777 detractatio
1252 733 1450 778 manet.
1484 724 1597 779 Non
1628 725 1798 780 solum
1823 727 2001 778 manet
2025 733 2129 790 quo

538 815 744 882 venias,
777 815 871 870 sed
896 816 1054 871 etiam
1079 824 1297 871 revocat
1324 816 1635 888 fugientem.

610 908 664 962 7.
700 904 825 962 Hac
854 917 925 963 est
950 908 1080 962 enim
1104 907 1303 962 dilectio
1334 907 1449 975 Dei,
1474 919 1525 962 ut
1550 919 1801 981 prrrccpta
1832 908 1938 979 ejus
1961 920 2125 959 serve-

539 1014 669 1054 m.
698 998 815 1055 lam
856 999 1111 1066 audistis,
1153 998 1217 1052 In
1246 1000 1322 1053 ftis
1361 1000 1554 1054 duobus
1593 1000 1855 1071 praeceptis
1896 1007 1995 1051 tota
2022 992 2129 1049 Le):

539 1092 721 1162 pendet
760 1100 807 1146 et
850 1090 1136 1161 Prophetw.
1174 1090 1453 1160 Quomodo
1484 1092 1648 1145 noluit
1680 1100 1732 1145 te
1770 1089 2004 1145 dividere
2036 1096 2129 1155 per

538 1186 731 1242 multas
759 1186 1011 1256 paginas?
1044 1183 1106 1237 In
1132 1184 1208 1238 his
1236 1184 1427 1239 duobus
1451 1186 1710 1255 prwceptis
1732 1193 1835 1235 tota
1868 1178 1974 1233 Lex
2004 1196 2129 1248 pen-

540 1278 622 1331 det
656 1287 704 1331 et
739 1269 1025 1347 Propheta).
1052 1277 1105 1329 ln
1137 1277 1325 1345 quibus
1351 1276 1559 1330 duobus
1590 1274 1905 1347 praeceptis?
1936 1270 2127 1341 Diliges

538 1368 810 1423 Dominum
837 1367 997 1422 Deum
1019 1378 1159 1422 tuum
1186 1379 1245 1423 ex
1268 1378 1368 1422 toto
1388 1369 1537 1422 corde
1563 1376 1666 1433 tuo,
1692 1377 1734 1420 et
1760 1382 1822 1419 ex
1838 1374 1939 1417 tota
1958 1362 2128 1416 anima

538 1471 644 1525 tu,
676 1472 723 1515 et
760 1478 825 1516 ex
861 1470 963 1515 tota
995 1472 1156 1516 mente
1183 1471 1306 1525 tua;
1334 1471 1406 1527 et,
1448 1456 1641 1530 Diliges
1669 1456 1953 1528 proximum
1984 1467 2126 1508 tuum

535 1553 661 1606 sicut
687 1553 922 1621 teipsum.
956 1550 1019 1605 In
1046 1552 1125 1605 his
1153 1551 1343 1605 duobus
1384 1551 1642 1622 prwceplis
1678 1556 1782 1602 tota
1812 1546 1917 1601 Lex
1945 1546 2127 1617 pendet

535 1654 582 1698 et
614 1640 884 1715 Propheta:
901 1644 1114 1715 (Matth.
1138 1660 1270 1707 xxu,
1293 1644 1383 1698 57~
1397 1640 1505 1717 40).
1529 1640 1667 1698 Eci'e
1691 1642 1757 1697 de
1777 1642 1968 1713 quibus
1990 1656 2127 1710 pra:-

534 1739 703 1806 ceptis
727 1746 909 1792 narrat
932 1744 1039 1790 tota
1075 1736 1175 1789 ista
1206 1730 1460 1803 Epistula.
1490 1734 1689 1790 Tenete
1723 1750 1850 1803 ergo
1885 1733 2125 1788 dilectio-

535 1842 680 1895 nem,
708 1837 763 1883 et
788 1828 959 1882 securi
998 1836 1186 1880 estote.
1218 1825 1355 1894 Quid
1380 1824 1533 1880 times
1575 1844 1639 1881 ne
1668 1828 1803 1880 male
1834 1823 1996 1881 facias
2022 1824 2124 1879 ali-

532 1919 653 1975 cui?
687 1920 817 1988 Quis
844 1918 984 1973 male
1006 1916 1134 1972 facit
1169 1919 1215 1973 ci
1251 1932 1407 1988 quem
1435 1917 1641 1986 diligit?
1671 1916 1858 1987 Dilige,
1893 1933 1994 1971 non
2026 1933 2123 1988 po-

530 2020 639 2068 test
671 2012 789 2067 ﬁeri
822 2011 924 2065 nisi
963 2010 1100 2066 bene
1127 2009 1307 2066 facias.
1351 2004 1457 2066 Sed
1486 2012 1619 2065 forte
1647 2008 1913 2080 corripis?
1958 2010 2124 2065 Amor

530 2106 637 2161 hoc
668 2105 814 2172 facit,
843 2120 947 2160 non
979 2104 1198 2161 szevltia.
1234 2104 1338 2161 Sed
1377 2104 1511 2158 forte
1540 2101 1738 2159 cu‘dis?
1772 2103 1851 2157 Ad
1881 2102 2121 2173 discipli—

527 2212 655 2254 nam
679 2196 840 2264 facis;
864 2194 982 2268 quia
1004 2212 1153 2251 amor
1180 2197 1345 2266 ipsius
1366 2196 1665 2251 dilectionis
1696 2213 1798 2250 non
1829 2208 1878 2250 te
1902 2195 2122 2264 permit-

531 2292 595 2349 tit
610 2292 877 2365 negligere
900 2288 1367 2361 indiscipliuatum.
1390 2289 1457 2344 Et
1484 2288 1541 2344 lit
1561 2286 1950 2359 quodammodo
1973 2287 2123 2358 quasi

532 2387 776 2441 diversus
814 2383 1021 2439 fructus
1050 2392 1102 2439 et
1132 2382 1463 2445 centrarius,
1514 2391 1570 2436 ut
1613 2380 1898 2451 aliquando
1939 2379 2118 2434 odium

524 2474 847 2542 blandiatur,
873 2480 928 2529 et
954 2473 1185 2529 Charitas
1214 2473 1415 2528 saeviat.
1446 2470 1637 2528 Nescio
1666 2473 1784 2543 quis
1809 2470 1921 2527 odit
1947 2470 2121 2525 inimi-

527 2577 651 2624 cum
671 2580 853 2633 suum,
876 2571 934 2620 et
960 2564 1110 2635 lingit
1138 2564 1211 2619 illi
1239 2565 1523 2619 amicitiam
1557 2583 1569 2616 :
1601 2562 1744 2617 videt
1771 2560 1917 2617 illum
1944 2561 2121 2618 facere

526 2656 726 2731 aliquid
744 2652 901 2725 mali,
931 2651 1109 2711 laudat
1141 2676 1153 2712 :
1181 2656 1297 2710 vult
1329 2668 1450 2711 eum
1481 2670 1599 2710 esse
1628 2654 1976 2725 praecipitem,
2007 2652 2121 2707 vult

526 2762 727 2808 exeam
746 2746 827 2806 ire
857 2762 952 2820 per
968 2748 1196 2820 abrupta
1219 2748 1566 2817 cupiditatum
1590 2762 1826 2813 suarum,
1851 2746 1991 2801 unde
2015 2745 2121 2801 for-

525 2852 581 2900 te
607 2854 715 2899 non
742 2843 959 2909 redeat;
992 2840 1167 2895 laudat
1192 2884 1205 2908 ,
1243 2840 1494 2907 Quoniam
1539 2840 1779 2894 laudatur
1807 2848 2038 2908 peccator
2065 2839 2119 2893 in

526 2932 785 2993 desideriis
815 2937 999 2990 animm
1021 2952 1128 2989 sua:
1156 2930 1323 3002 (Paul.
1350 2951 1424 2993 ιχ,
1450 2930 1539 3004 5);
1568 2932 1783 2988 adhibet
1812 2932 1884 2986 illi
1914 2932 2119 2986 unctio-

520 3046 648 3087 nem
672 3026 995 3085 adulationis
1023 3039 1134 3083 sua:
1161 3045 1173 3080 :
1202 3042 1327 3081 ecce
1350 3025 1482 3093 odit,
1511 3035 1565 3081 et
1586 3022 1780 3079 laudat.
1809 3024 1956 3078 Alter
1976 3023 2120 3077 videt

523 3122 756 3179 amicum
797 3134 951 3176 suum
997 3121 1101 3176 tale
1144 3116 1338 3190 aliquid
1368 3118 1573 3183 facere,
1604 3126 1851 3183 revocat;
1886 3116 1927 3170 si
1965 3116 2115 3173 illum

519 3224 631 3271 nan
658 3212 838 3269 audiat
858 3256 872 3282 ,
902 3210 1108 3283 profert
1142 3208 1305 3266 verba
1335 3211 1494 3265 etiam
1521 3210 1901 3280 castigationis,
1929 3208 2115 3276 objur-

521 3318 645 3383 gat,
672 3306 843 3380 litigat
870 3327 881 3361 :
914 3302 1195 3379 aliquando
1224 3307 1434 3360 venitur
1469 3304 1536 3360 ad
1566 3303 1704 3359 hanc
1743 3302 2115 3359 necessitatem

522 3412 583 3457 ut
620 3401 811 3471 litiget.
852 3398 993 3456 Ecce
1032 3396 1211 3454 odium
1245 3396 1531 3461 blanditur,
1564 3404 1618 3450 et
1659 3393 1889 3449 Charitas
1924 3393 2112 3463 litigat.

519 3490 643 3552 Noli
685 3494 959 3551 attendere
998 3488 1158 3548 verba
1199 3490 1552 3554 blandientis,
1580 3498 1633 3544 et
1670 3488 1820 3559 quasi
1858 3487 2118 3543 saevitiam

522 3587 886 3661 obj‘urgantis;
916 3601 1104 3642 venam
1134 3580 1359 3654 inspice,
1384 3582 1616 3637 radicem
1659 3579 1795 3635 unde
1826 3577 2117 3649 procedant

520 3694 724 3752 qurere.
753 3675 851 3734 llle
870 3676 1145 3735 blanditur
1167 3684 1222 3729 ut
1246 3672 1505 3743 decipiat,
1538 3671 1635 3727 iste
1665 3670 1829 3740 litigat
1860 3678 1915 3723 ut
1942 3668 2113 3723 corri-

522 3780 632 3843 gat.
657 3770 800 3841 Ergo
827 3783 933 3823 non
964 3783 1098 3839 opus
1124 3775 1226 3834 est,
1258 3761 1447 3819 fratres
1468 3805 1482 3828 ,
1510 3772 1567 3817 ut
1593 3778 1686 3833 per
1716 3776 1810 3816 nos
1837 3760 2112 3816 distenda-

520 3870 611 3917 tur
631 3872 723 3916 cor
750 3864 1017 3925 Vestrum;
1043 3859 1319 3928 impetrate
1345 3872 1373 3909 a
1398 3856 1503 3909 Deo
1531 3864 1584 3909 ut
1608 3854 1836 3924 diligatis
1862 3853 2110 3909 invicem.

519 3954 721 4011 Omnes
748 3948 1013 4017 homines,
1040 3951 1198 4006 etiam
1222 3949 1461 4005 inimicos
1484 3952 1689 4003 vestros
1715 3946 1943 4017 diligatis
1969 3964 1980 4001 :
2006 3962 2115 4001 non

521 4047 646 4119 quia
674 4052 797 4102 sunt
820 4038 1037 4112 fratres,
1072 4042 1165 4099 sed
1194 4052 1252 4096 ut
1283 4041 1473 4096 fratres
1498 4041 1641 4106 sint;
1675 4048 1733 4094 ut
1760 4054 1972 4110 semper
2001 4038 2112 4093 fra-

517 4149 677 4200 terno
700 4148 887 4196 amore
919 4134 1149 4210 llagretis
1170 4180 1183 4205 ,
1212 4136 1324 4191 sive
1350 4134 1401 4190 in
1433 4134 1649 4191 fratrem
1675 4134 1888 4199 factum,
1921 4133 2031 4189 sive
2059 4132 2114 4188 in

516 4232 817 4303 inimicum,
846 4242 904 4288 ut
930 4232 1090 4287 frater
1111 4228 1203 4285 ﬁat
1224 4224 1509 4298 diligendo.
1538 4226 1870 4295 Ubicumque
1894 4226 2113 4280 fratrem

520 4322 759 4399 diligitis,
789 4324 1017 4383 amicum
1039 4318 1276 4392 diligitis.
1306 4320 1421 4374 .lam
1453 4330 1626 4373 tecum
1650 4327 1754 4384 est,
1778 4317 1888 4387 jam
1912 4318 1962 4371 in
1993 4317 2113 4371 uni-

520 4431 631 4477 tate
653 4420 812 4474 etiam
838 4414 1098 4472 catholica
1132 4412 1222 4468 tibi
1251 4413 1563 4481 conjunctus
1591 4419 1691 4465 est.
1715 4410 1771 4463 Si
1797 4410 1932 4464 bene
1956 4410 2109 4475 vivis,

521 4513 741 4567 fratrem
761 4504 933 4579 diligis
954 4500 1148 4560 factum
1171 4520 1233 4557 ex
1260 4502 1490 4556 inimico.
1520 4500 1625 4555 Sed
1647 4500 1826 4569 diligis
1848 4500 2075 4568 aliquem
2091 4502 2110 4530 ²

521 4609 612 4674 qui
643 4598 874 4654 nondum
902 4594 1126 4651 credidit
1161 4590 1391 4657 Christo,
1423 4600 1513 4645 aut
1544 4591 1589 4644 si
1611 4589 1837 4644 credidit
1861 4589 2109 4657 Christo,

520 4704 582 4750 ut
617 4690 887 4749 daemones
915 4686 1157 4765 crediti;
1198 4684 1540 4756 reprehendis
1570 4683 1854 4739 vanitatem
1884 4681 2109 4751 ipsius".

520 4788 602 4846 Tu
630 4784 810 4857 dilige,
847 4794 901 4839 ct
924 4780 1158 4843 fraterno
1186 4796 1368 4836 amore
1405 4778 1563 4849 dilige
1592 4796 1603 4831 :
1634 4775 1868 4832 nondum
1894 4784 1975 4831 est
2002 4775 2111 4830 fra-

521 4892 624 4951 ter,
668 4878 763 4937 sed
803 4872 922 4935 ideo
966 4868 1141 4946 diligis
1173 4884 1225 4928 ut
1254 4874 1322 4928 sit
1359 4872 1537 4929 frater.
1582 4873 1723 4943 Ergo
1762 4880 1866 4924 tota
1897 4870 2113 4925 dilectio

518 4985 704 5031 nostra
726 4968 955 5028 fraterna
980 4978 1061 5023 est
1081 4983 1202 5039 erga
1221 4966 1570 5032 Christianos,
1590 4978 1712 5032 erga
1736 4962 1911 5019 omnia
1940 4978 2110 5017 ment-

518 5067 621 5124 bra
647 5060 781 5137 eius.
814 5056 1101 5135 Disciplina
1128 5058 1415 5125 cbaritatis,
1448 5056 1635 5114 fratres
1654 5056 1777 5122 mei,
1802 5055 1984 5119 robur,
2011 5055 2111 5111 llo-

518 5175 632 5224 res,
686 5154 905 5223 fructus,
948 5150 1306 5226 pulchritudo,
1353 5151 1652 5218 amoenitas,
1694 5158 1896 5227 pastus,
1932 5158 2107 5221 potus,

519 5252 673 5309 cibus
695 5292 709 5314 ,
742 5247 1050 5318 amplexus,
1079 5239 1194 5301 sine
1220 5244 1461 5299 satietate
1503 5252 1602 5299 est.
1633 5243 1688 5298 Si
1732 5243 1809 5299 sic
1838 5258 1934 5299 nos
1958 5243 2109 5298 dele—

521 5352 632 5401 ctat
661 5338 990 5416 peregrinos,
1023 5336 1076 5392 in
1102 5336 1270 5409 patria
1289 5335 1557 5407 quomodo
1584 5334 1970 5411 gaudebimus?

587 5513 602 5544 t
629 5508 767 5571 mm,
788 5503 1038 5573 diligatur.
1074 5508 1252 5555 Novem
1281 5502 1412 5562 1153.,
1437 5494 1672 5564 diligitur.
1701 5499 1784 5550 Alii
1823 5498 1946 5562 duo,
1986 5499 2112 5552 deic-

908 5639 1049 5695 νεα,
1066 5629 1127 5693 si,
1141 5640 1248 5693 pro,
1266 5624 1371 5689 sed,
1397 5631 1451 5677 et
1472 5625 1615 5689 paulo
1639 5623 1761 5676 infra
1783 5639 1892 5675 cum
1908 5632 2041 5689 Lov.,
2061 5633 2114 5678 tu

733 5694 894 5827 Lugii.
915 5762 1031 5803 ven.
1057 5761 1187 5827 Iov.”
1212 5750 1559 5827 credidiébhl:
1582 5803 1625 5827 L
1659 5809 1670 5827 Β

592 5818 613 5849 ι
637 5803 829 5878 Aliquo?
848 5823 976 5871 Mm,
999 5803 1306 5878 reprehendit
1330 5812 1554 5864 unitath
1578 5803 1743 5874 ipsius.

1275 318 1343 377 IN
1380 319 1758 378 EPlSTOLAil
1806 314 2082 375 JOANNlS
2123 314 2212 369 AD
2251 314 2585 385 PARTHOS,
2626 317 2684 375 S.
2726 317 3094 377 AUGUSTINI

3655 322 3772 394 ὶοθο

2306 434 2362 489 8.
2401 434 2690 491 Curramns
2714 452 2841 508 ergo
2860 480 2875 504 ,
2906 436 3097 494 fratres
3124 438 3255 508 mei,
3283 455 3584 511 curramus,
3603 458 3652 504 et
3675 450 3779 509 dili-

2237 540 2418 596 gamus
2445 525 2737 585 Christum.
2778 529 2947 597 Quem
2969 526 3273 590 Christum?
3306 530 3491 592 Jesum
3525 538 3776 602 Christum.

2236 614 2363 685 Quis
2384 628 2466 674 est
2482 620 2618 676 iste?
2639 618 2873 678 Verbum
2891 618 3008 679 Dei.
3032 620 3099 679 Et
3113 627 3379 696 quomodo
3398 631 3539 686 venit
3552 633 3617 688 ad
3635 652 3777 708 aegro-

2236 708 2581 802 tosk‘iAVerlmm
2601 730 2721 768 caro
2741 714 2931 784 factum
2948 725 3040 782 est,
3065 726 3109 772 et
3129 717 3371 774 habitavit
3398 722 3451 777 in
3470 723 3605 780 nobis
3630 724 3775 802 (Ιοαιι.

2237 816 2275 867 ι,
2311 796 2420 873 id).
2458 801 2792 873 Completum
2818 814 2903 863 est
2928 822 3057 879 ergo
3080 806 3223 879 quod
3248 807 3521 883 Scriptura
3555 796 3776 889 praedixit,

2240 891 2513 961 Oportebat
2536 890 2794 951 Christum
2821 898 2948 971 pati,
2981 908 3029 954 et
3060 917 3321 972 resurgere
3347 904 3494 958 tertia
3520 906 3597 961 die
3618 925 3649 962 α
3668 927 3776 967 mor-

2236 984 2351 1041 tuis.
2381 985 2587 1058 Corpus
2610 988 2776 1059 ipsius
2798 991 2883 1048 ubi
2904 990 3079 1062 jacet?
3103 991 3339 1050 Membra
3368 997 3529 1068 ipsius
3552 999 3634 1055 ubi
3658 1003 3775 1061 labo-

2235 1084 2356 1132 rant
2378 1077 2429 1130 ‘i
2450 1078 2551 1134 Ubi
2577 1095 2698 1136 esse
2722 1080 2906 1147 debes,
2928 1093 2983 1138 ut
3011 1080 3111 1138 sub
3135 1086 3312 1156 capite
3332 1084 3442 1143 sis?
3467 1084 3533 1143 Et
3553 1093 3777 1163 prediceri

2235 1172 2287 1225 in
2318 1174 2518 1228 nomine
2554 1173 2662 1245 ejus
2696 1177 3035 1248 penitentiam
3060 1187 3108 1232 et
3136 1181 3480 1235 remissionem
3509 1197 3775 1253 peccatorum

2235 1280 2325 1335 per
2359 1280 2531 1319 omnes
2558 1277 2756 1336 gentes,
2783 1266 3030 1339 incipiens
3059 1269 3122 1323 ab
3154 1264 3448 1326 Jerusalem
3474 1272 3491 1344 (
3518 1272 3630 1331 Luc.
3658 1292 3771 1345 xm,

2232 1356 2323 1421 116,
2350 1354 2459 1429 47).
2484 1356 2559 1413 lbi
2582 1358 2900 1416 dill‘uudatur
2931 1358 3162 1418 Charitas
3196 1373 3311 1419 tua.
3345 1365 3477 1422 Dicit
3509 1368 3773 1429 Cluistuset

2234 1444 2497 1515 Psalmus,
2527 1449 2579 1506 id
2600 1461 2700 1518 est,
2731 1448 2957 1522 Spiritus
2996 1453 3111 1522 Dei,
3146 1451 3335 1509 Latum
3369 1458 3636 1513 mandatum
3661 1471 3771 1517 tuum

2234 1540 2414 1606 valde;
2442 1552 2493 1597 et
2520 1544 2698 1598 nescio
2733 1540 2853 1615 quis
2878 1545 3026 1615 ponit
3048 1544 3102 1599 in
3135 1545 3316 1601 Africa
3360 1546 3491 1604 lines
3512 1550 3764 1607 charitatisl

2234 1629 2477 1691 Extende
2501 1630 2810 1692 cbaritatem
2839 1654 2934 1709 per
2958 1648 3126 1694 totum
3155 1638 3370 1707 orbem,
3391 1642 3436 1696 si
3458 1643 3527 1696 vis
3545 1643 3761 1701 Christum

2233 1738 2444 1792 amare;
2477 1726 2599 1799 quia
2638 1727 2874 1784 membra
2913 1724 3108 1787 Christi
3154 1749 3257 1806 per
3296 1732 3480 1789 orbem
3517 1736 3684 1806 jaceat.
3718 1738 3767 1795 Si

2231 1832 2379 1874 amas
2422 1831 2646 1890 partem,
2679 1820 2878 1878 divisus
2903 1838 2963 1879 es
3005 1842 3018 1877 :
3067 1824 3112 1879 si
3156 1804 3363 1881 divisus
3403 1842 3480 1895 es,
3515 1804 3561 1882 in
3585 1804 3765 1899 ciirpore

2232 1927 2337 1966 non
2366 1926 2426 1967 es
2451 1931 2463 1967 :
2492 1914 2534 1967 si
2562 1912 2614 1968 in
2643 1929 2869 1987 corpore
2895 1932 2997 1971 non
3023 1932 3101 1985 es,
3126 1919 3232 1974 sub
3251 1912 3425 1990 capite
3451 1935 3549 1976 non
3574 1936 3641 1977 es.
3658 1923 3761 1991 Quid

2232 2003 2449 2072 prodest
2487 2005 2609 2077 quia
2640 2002 2813 2063 credis
2833 2048 2848 2075 ,
2875 2017 2930 2064 et
2950 2003 3333 2081 blasphemas?
3362 2011 3559 2068 Adoras
3582 2014 3700 2069 illum
3723 2016 3761 2071 in

2229 2090 2421 2165 capite,
2446 2096 2785 2168 blasphemas
2809 2099 2860 2154 in
2886 2115 3131 2172 corpore.
3158 2103 3422 2159 Amatille
3437 2120 3757 2176 corpussuum.

2232 2184 2285 2240 Si
2312 2192 2369 2241 tu
2401 2196 2453 2245 te
2476 2186 2762 2260 praecidisti
2782 2209 2812 2245 a
2836 2206 3058 2263 corpore
3079 2190 3272 2263 ipsius,
3296 2205 3454 2269 caput
3475 2213 3575 2253 non
3593 2214 3642 2253 se
3658 2215 3759 2270 [nie-

2230 2274 2355 2332 cidit
2393 2295 2422 2333 a
2454 2296 2679 2353 corpore
2712 2299 2830 2340 suo.
2865 2280 2991 2341 Sine
3019 2302 3181 2343 causa
3230 2305 3316 2345 me
3345 2290 3587 2356 honoras,
3611 2293 3760 2348 clamat

2231 2369 2323 2426 tibi
2351 2382 2511 2443 caput
2529 2372 2788 2447 desuper;
2821 2378 2937 2434 sine
2963 2396 3119 2435 causa
3150 2398 3245 2437 me
3275 2382 3519 2439 lionoras.
3545 2384 3761 2456 Tanquam

2230 2461 2276 2517 si
2304 2465 2427 2519 Velit
2468 2465 2558 2522 tibi
2590 2466 2782 2540 aliquis
2804 2472 3032 2528 osculari
3062 2483 3220 2547 caput
3248 2517 3263 2543 ,
3302 2486 3357 2531 et
3381 2476 3575 2535 calcare
3596 2478 3671 2533 tibi
3692 2494 3757 2548 pe-

2228 2556 2326 2612 des
2355 2577 2366 2611 :
2398 2558 2533 2617 forte
2553 2562 2737 2633 caligis
2757 2564 2979 2623 clavatis
3003 2576 3219 2627 contere
3230 2578 3319 2627 ret
3340 2570 3498 2640 pedes
3522 2573 3667 2640 tuos',
3693 2587 3759 2626 ro-

2229 2648 2345 2706 lens
2373 2648 2463 2706 tibi
2493 2662 2677 2711 tenere
2700 2669 2878 2729 caput,
2905 2668 2960 2715 et
2996 2661 3223 2716 osculari
3260 2679 3272 2728 ;
3303 2678 3473 2719 nonne
3499 2664 3621 2719 inter
3639 2663 3758 2719 verba

2228 2742 2542 2803 honorantis
2562 2749 2820 2805 clamares
2840 2762 2893 2807 et
2912 2751 3137 2820 diceres,
3161 2755 3311 2825 Quid
3329 2756 3476 2824 t'acis,
3497 2756 3759 2813 homotcal-

2228 2848 2319 2891 cas
2348 2852 2456 2893 me.
2482 2834 2598 2897 Non
2622 2838 2851 2909 diceres,
2882 2838 3069 2900 Calcas
3098 2858 3274 2918 caput
3300 2864 3498 2917 meum;
3518 2849 3623 2920 quia
3642 2854 3755 2918 caput

2229 2928 2524 2987 honorabat
2572 2951 2584 2987 :
2627 2933 2721 2990 sed
2760 2934 2878 3006 plus
2918 2934 3174 2997 clamaret
3216 2951 3389 3013 caput
3432 2955 3522 3013 pro
3558 2940 3757 2996 metuitis

2227 3020 2464 3088 calcatis,
2494 3038 2651 3094 quam
2679 3042 2774 3097 pro
2800 3042 2859 3083 se
2877 3070 2891 3094 ,
2929 3029 3049 3099 quia
3080 3026 3470 3088 llOllOJ‘ﬂballll‘.
3498 3032 3656 3088 Nonne
3674 3030 3753 3086 cia-

2225 3118 2338 3166 mat
2376 3109 2549 3183 ipsum
2593 3128 2781 3188 caput,
2822 3116 2956 3175 Nolo
2984 3115 3260 3179 honorem
3290 3133 3459 3193 tuum;
3501 3125 3756 3181 ealcarcme

2226 3205 2369 3261 noli?
2394 3206 2510 3263 Jam
2541 3217 2591 3263 tu
2612 3210 2719 3280 dic,
2749 3210 2793 3266 si
2819 3222 2990 3284 potes,
3022 3214 3196 3285 Quare
3226 3228 3294 3274 Ie
3322 3218 3544 3274 calcavit
3565 3212 3751 3275 dicillud

2226 3298 2407 3370 capiti,
2434 3296 2517 3357 Te
2549 3298 2777 3359 osculari
2815 3306 2977 3374 volui,
3007 3309 3228 3379 amplect
3256 3311 3268 3365 i
3294 3306 3447 3367 volui.
3477 3309 3567 3367 Sed
3590 3325 3673 3362 non
3692 3307 3751 3361 vi-

2224 3391 2341 3461 des,
2384 3406 2416 3447 o
2443 3392 2625 3464 stulte,
2656 3397 2775 3468 quia
2813 3398 2955 3471 quod
2992 3399 3075 3456 vis
3104 3401 3398 3474 amplecti,
3427 3418 3513 3477 per
3531 3399 3750 3475 quaedam

2223 3498 2533 3558 compagem
2560 3486 2779 3545 unitatis
2800 3491 3039 3560 pervenit
3059 3492 3126 3547 ad
3145 3492 3195 3546 id
3215 3493 3375 3565 quod
3400 3494 3582 3551 calcas?
3598 3491 3746 3547 Simian

2224 3590 2311 3631 me
2336 3572 2591 3648 bonoras,
2615 3580 2795 3651 jusuin
2824 3598 2909 3637 me
2929 3583 3123 3640 calcas.
3156 3585 3295 3641 Plus
3312 3586 3449 3641 dolet
3465 3584 3576 3657 quod
3590 3583 3739 3645 calcas.

2222 3683 2380 3739 quam
2411 3664 2601 3740 gaudet
2623 3668 2762 3743 quod
2788 3670 3192 3747 honoras;quia
3219 3678 3372 3753 quod
3404 3678 3613 3739 honores.
3633 3673 3746 3729 dolet

2222 3774 2321 3829 pro
2350 3762 2427 3815 eis
2454 3776 2588 3832 quos
2628 3765 2819 3820 calcas.
2865 3764 3144 3835 Quomodo
3182 3769 3387 3825 clamat
3422 3767 3609 3839 lingua?
3633 3762 3748 3818 Dolet

2222 3853 2374 3908 mihi.
2396 3852 2511 3910 Non
2534 3850 2692 3923 dicit,
2729 3852 2885 3912 Dolet
2914 3856 3030 3927 pedi
3061 3874 3212 3927 meo;
3237 3863 3358 3929 sed,
3387 3861 3522 3916 Dolet
3543 3853 3742 3921 mihi,di-

2221 3946 2313 4000 cit.
2345 3944 2389 4001 Ο
2413 3945 2609 4019 lingua,
2637 3948 2755 4020 quis
2786 3961 2836 4006 te
2866 3950 3074 4022 tetigit?
3099 3953 3222 4025 quis
3245 3951 3533 4027 percussit?
3554 3948 3650 4022 quis
3668 3944 3740 3999 sti-

2221 4038 2479 4095 mulavit?
2505 4040 2622 4112 quis
2645 4044 2899 4114 pupugit?
2932 4039 3131 4113 Nemo,
3158 4048 3254 4103 sed
3284 4049 3541 4120 conjuncta
3563 4057 3662 4101 sunt
3682 4039 3741 4095 ait

2221 4147 2341 4201 qure
2371 4132 2662 4188 calcantur.
2686 4133 2965 4205 Quomodo
2981 4138 3061 4193 vis
3086 4154 3194 4195 non
3222 4140 3444 4209 doleam,
3466 4134 3645 4211 quando
3660 4145 3739 4189 IOII

2220 4235 2340 4281 sum
2370 4229 2644 4296 separata?
3512 4276 3533 4296 ,ς

2292 4320 2344 4377 9.
2386 4289 2644 4378 Dominus
2672 4341 2800 4398 ergo
2822 4335 3006 4385 uoster
3030 4327 3186 4385 Jesus
3216 4329 3449 4386 Christus
3471 4289 3576 4384 alio
3591 4335 3738 4379 ascen-

2222 4412 2357 4469 dens
2374 4408 2428 4469 in
2452 4416 2644 4471 crelum
2661 4417 2746 4474 die
2764 4420 3191 4493 quadragesimo,
3210 4421 3577 4485 commendavit
3590 4427 3736 4485 om

2224 4520 2378 4563 suum
2403 4523 2503 4578 qua
2528 4504 2754 4565 habebat
2774 4509 2976 4581 jacere,
2997 4514 3120 4587 quia
3146 4515 3279 4575 vidit
3301 4515 3483 4571 nullm
3504 4512 3737 4567 homil-

2221 4613 2312 4654 ros
2337 4615 2416 4669 se,
2452 4600 2573 4673 quia
2615 4601 2857 4659 ascendit
2891 4604 2944 4659 in
2973 4605 3201 4673 uelum;
3229 4614 3289 4662 et
3315 4604 3438 4661 vidit
3471 4600 3581 4673 quia
3606 4597 3737 4654 honor

2224 4688 2460 4760 ipsorum
2488 4690 2687 4745 inutilis
2712 4703 2793 4749 est
2812 4734 2826 4759 ,
2868 4694 2912 4749 si
2952 4694 3264 4753 conculcant
3292 4693 3515 4751 membra
3539 4687 3675 4763 ipsius
3694 4683 3733 4736 ίη

2222 4792 2384 4837 terra.
2418 4784 2482 4839 Et
2527 4801 2594 4841 ne
2633 4786 2750 4856 quis
2777 4798 3022 4856 erraret,
3065 4797 3263 4845 etcum
3290 4789 3526 4845 adoraret
3542 4788 3674 4850 caput
3694 4775 3732 4831 in

2222 4872 2379 4943 coelo,
2404 4870 2636 4932 calcaret
2658 4877 2819 4947 pedes
2842 4878 2894 4932 in
2920 4889 3078 4948 terra,
3099 4879 3234 4937 dixit
3251 4880 3339 4937 ubi
3356 4886 3522 4935 essent
3541 4868 3732 4929 nam!”

2222 4969 2407 5039 ipsius.
2444 4972 2777 5027 Ascensurus
2803 4972 2943 5027 enim
2971 4972 3105 5029 dixit
3141 4974 3299 5030 verba
3323 4968 3611 5033 novissima;
3638 4964 3730 5030 1³⁸⁵⁸

2222 5060 2333 5130 ipsa
2362 5060 2520 5116 verba
2561 5078 2666 5118 non
2709 5073 2791 5119 est
2816 5064 3020 5120 locutus
3049 5066 3100 5120 in
3133 5073 3293 5123 terra.
3322 5066 3640 5125 Ascalsz
3656 5063 3728 5103 ω’

2222 5162 2315 5223 put
2331 5152 2380 5206 in
2402 5152 2597 5208 malum
2615 5154 3007 5211 commendavit
3025 5158 3261 5213 membra
3276 5158 3326 5213 in
3346 5157 3556 5216 mmet
3570 5145 3726 5201 (155009

2219 5247 2305 5302 sit.
2332 5245 2449 5300 Jam
2480 5261 2585 5301 non
2614 5246 2821 5302 invenis
2845 5248 2984 5320 loqui
3023 5248 3287 5307 Christum
3308 5250 3362 5305 in
3383 5256 3539 5301 terra:
3564 5228 3724 5295 iam

2220 5340 2365 5395 illum
2390 5338 2555 5411 loqui,
2584 5340 2677 5396 sed
2701 5341 2767 5396 de
2792 5343 2947 5398 εοειο.
2978 5343 3042 5399 Et
3065 5342 3132 5399 de
3156 5343 3271 5417 ipso
3290 5340 3416 5398 caelo
3432 5329 3605 5407 quare?
3621 5323 3719 5417 Quia

2219 5431 2455 5487 membra
2485 5432 2825 5489 calcabantur
2855 5434 2905 5488 in
2924 5441 3087 5491 terra.
3119 5413 3576 5492 Persecutorin
3594 5413 3720 5474 53"”

2218 5527 2351 5583 dixit
2374 5526 2623 5598 desuper,
2651 5526 2830 5595 Saule,
2864 5527 3039 5597 Stude,
3067 5529 3190 5600 quid
3214 5544 3287 5587 me
3609 5506 3712 5579 (Μ’

2221 5637 2293 5687 1x,
2322 5618 2419 5691 4)?
2445 5618 2673 5676 Ascendi
2702 5621 2750 5675 in
2782 5622 2995 5689 ccelum,
3031 5621 3126 5678 sed
3158 5623 3321 5678 adhuc
3344 5618 3392 5672 in
3419 5624 3537 5670 tem
3554 5607 3711 5676 jacet):

2282 5751 2299 5781 ι
2324 5750 2421 5806 mg,
2445 5743 2791 5812 σωρηείρδξυδ
2809 5740 3045 5811 ubijacet,
3069 5748 3279 5801 membra
3661 5724 3707 5770 ι’

2283 5814 2303 5841 ²
2334 5816 2409 5859 Er.
2442 5808 2589 5872 Lugd.
2615 5808 2879 5873 Ven.l.ov.,
2897 5808 3109 5871 conteret
3120 5812 3266 5879 pedis
3285 5808 3393 5862 tuos.
3450 5808 3501 5855 ιι.
