3994 6368
252 357 385 416 206!

252 474 333 529 hic
358 468 427 528 ad
451 466 702 526 dexteram
723 458 902 521 Patris
923 458 1117 531 sedeo;
1146 457 1220 517 ibi
1238 455 1413 516 adhuc
1432 455 1631 524 esurio,
1660 454 1803 519 sitio,

252 578 301 622 et
331 563 621 634 peregrinus
648 573 784 614 sum.
807 555 1086 627 Quomodo
1131 566 1258 627 ergo
1301 565 1493 622 corpus
1538 562 1810 606 commen-

249 656 387 711 davit
425 654 469 707 in
500 660 631 705 terra
658 646 1011 704 ascertains!
1054 645 1186 702 Cum
1228 645 1621 713 interrogarent
1660 640 1808 694 illum

249 744 501 815 discipuli,
529 741 761 828 Dognine,
793 741 837 794 si
868 741 962 795 hoc
997 740 1051 793 in
1078 748 1302 808 tempore
1330 734 1731 828 prwsenlaberis,
1764 741 1813 786 et

247 835 440 906 quando
466 820 668 903 regnum
700 830 907 885 Israel?
942 830 1212 901 respondit
1240 828 1438 894 iturus,
1474 820 1595 880 Non
1616 834 1697 879 est
1722 840 1807 879 oe»

247 938 395 981 stram
422 925 540 978 scire
567 934 761 992 tempus
794 922 928 993 quod
954 921 1111 975 Pater
1139 922 1304 992 posuit
1331 921 1386 974 in
1409 937 1500 974 sua
1527 927 1768 991 potestate
1789 936 1807 970 :

246 1018 328 1073 sed
343 1014 589 1085 accipiatis
618 1014 850 1069 simium
873 1010 1098 1085 Sirius
1116 1015 1280 1067 uti
1308 1011 1730 1082 asper-venientem
1757 1010 1809 1065 in

244 1124 344 1172 vos,
379 1115 426 1159 et
452 1100 583 1158 erilis
614 1096 735 1157 mihi
779 1114 941 1158 testes.
968 1098 1158 1158 Videte
1186 1120 1287 1173 qua
1329 1103 1585 1157 dill‘undat
1612 1118 1808 1169 corpus

244 1213 411 1261 suum,
435 1195 604 1250 videte
646 1195 732 1250 ubi
760 1210 819 1250 se
847 1194 1040 1250 calcari
1065 1210 1169 1250 non
1197 1195 1307 1249 vult
1336 1211 1348 1246 :
1384 1194 1539 1247 Erilis
1565 1194 1685 1246 mihi
1708 1204 1807 1246 les-

244 1299 310 1342 m
335 1288 385 1340 in
419 1284 720 1351 Jerusalem,
744 1294 788 1339 et
813 1286 865 1339 in
893 1295 1046 1338 totam
1070 1284 1326 1352 Indicam,
1355 1295 1401 1338 et
1429 1285 1737 1349 Samariam,
1759 1292 1809 1337 et

242 1397 388 1452 usque
404 1381 453 1433 in
471 1388 625 1433 totam
655 1387 838 1434 turam
863 1379 882 1451 (
907 1377 1023 1433 Act.
1048 1379 1231 1450 ιϐιδ).
1257 1379 1393 1433 Ecce
1411 1393 1516 1449 qua
1540 1378 1695 1447 jaoeo
1720 1377 1807 1447 qui

243 1471 475 1527 ascendo.
506 1469 751 1527 ΔιωΜο
773 1469 941 1537 enim,
970 1468 1091 1542 quia
1113 1475 1271 1541 caput
1290 1483 1408 1529 sum
1434 1486 1449 1524 :
1474 1471 1613 1538 jacet
1637 1469 1809 1525 adhuc

246 1578 426 1633 corpus
446 1578 642 1617 meum.
670 1559 783 1629 Qua
809 1561 982 1630 jacet?
1012 1562 1114 1616 Per
1136 1570 1298 1616 totam
1327 1570 1541 1616 terram.
1569 1561 1711 1616 Cave
1743 1576 1809 1616 ne

240 1654 509 1723 percutias,
532 1667 664 1708 cave
685 1668 751 1707 ne
776 1653 966 1718 violes,
1007 1668 1141 1707 cave
1169 1668 1237 1707 ne
1263 1653 1438 1709 calces
1472 1671 1484 1705 :
1518 1653 1808 1708 novissima

243 1748 389 1802 verba
414 1746 606 1801 Christi
648 1754 772 1801 sunt
798 1746 930 1812 ista,
959 1747 1081 1800 ituri
1118 1747 1169 1800 in
1208 1746 1423 1801 caelum.
1464 1745 1811 1802 Considerate

243 1836 563 1910 langucntem
601 1830 654 1891 in
684 1837 823 1892 lecto
850 1836 1117 1892 hominem
1136 1880 1151 1903 ,
1183 1838 1235 1891 in
1261 1837 1421 1892 domo
1442 1838 1729 1907 jacentem,
1758 1846 1811 1893 et

244 1937 547 1985 maceratum
569 1929 904 2000 aegritudine,
930 1930 1228 1998 proximum
1245 1931 1423 1997 morti,
1447 1930 1807 1997 anhelantem,

241 2021 346 2090 jam
366 2019 585 2077 animam
609 2020 1002 2090 quodammodo
1022 2020 1163 2077 inter
1180 2020 1367 2077 dentes
1390 2021 1696 2086 habentem,
1718 2024 1809 2093 qui

245 2110 374 2168 forte
398 2113 655 2171 sollicitus
683 2112 751 2169 de
775 2112 952 2183 aliqua
976 2127 1038 2169 re
1059 2113 1220 2169 chara
1247 2114 1375 2181 sibi,
1398 2129 1558 2183 quam
1586 2114 1808 2170 multum

244 2202 415 2277 diligit,
441 2208 624 2262 veniat
647 2204 720 2260 illi
742 2206 796 2260 in
823 2216 1079 2267 mentem.
1101 2215 1156 2261 et
1176 2216 1329 2263 vocet
1354 2205 1597 2263 haeredes
1615 2221 1739 2263 suos
1759 2217 1813 2262 et

245 2298 386 2363 diuit,
413 2298 567 2375 Rogo
593 2314 715 2364 vos,
744 2298 901 2356 tacite
929 2298 1050 2353 hoc.
1083 2298 1252 2355 Tenet
1276 2299 1666 2370 quodammodo
1694 2300 1811 2356 vio-

244 2389 400 2447 lenter
420 2390 677 2455 animam,
699 2405 772 2447 ne
792 2398 917 2445 ante
936 2398 1091 2445 exeat
1111 2404 1268 2462 quam
1296 2390 1385 2447 illa
1408 2390 1568 2446 verba
1595 2390 1813 2445 ﬁrmen-

247 2489 336 2537 tur.
370 2481 502 2539 Cum
534 2482 626 2539 illa
656 2481 815 2541 verba
854 2481 1144 2537 novissima
1185 2480 1487 2545 dictaverit,
1516 2481 1666 2538 efﬂat
1697 2481 1811 2537 ani-

244 2587 401 2629 mam:
433 2571 644 2628 tollitur
674 2571 905 2628 cadaver
930 2572 988 2629 in
1016 2572 1338 2643 sepulcrum.
1368 2572 1621 2629 ἣξει-ωδε
1646 2574 1814 2644 ipsius

245 2665 494 2734 quomodo
540 2665 900 2720 meminerunt
952 2665 1239 2721 novissima
1285 2665 1445 2723 verba
1494 2666 1812 2725 morientis?

245 2757 526 2827 Quomodo,
556 2758 602 2815 si
628 2758 747 2828 quis
773 2757 967 2815 existat
986 2758 1077 2829 qui
1098 2757 1239 2813 dicat
1266 2757 1367 2822 eis,
1394 2756 1571 2813 Nolite
1594 2758 1769 2815 tacete
1796 2775 1809 2812 :

242 2848 349 2920 quid
375 2864 510 2920 ergo
545 2848 621 2903 illi
644 2847 861 2905 dicant?
888 2847 1030 2921 Ergo
1052 2862 1160 2902 non
1184 2848 1322 2905 iacio
1341 2848 1485 2919 quod
1506 2848 1635 2905 mihi
1663 2858 1814 2920 pater

242 2958 372 2999 metis
395 2942 591 2999 elllans
622 2942 854 2997 animam
880 2940 1170 2999 novissime
1194 2940 1484 3007 mandavit,
1515 2941 1658 3011 quod
1688 2942 1812 2997 ulti-

244 3050 365 3089 mum
388 3033 578 3089 sonuit
605 3033 655 3087 in
683 3048 839 3087 aures
870 3048 1036 3099 meas,
1082 3033 1455 3104 proﬁciscenti:
1494 3034 1621 3093 hinc
1662 3043 1813 3103 patre

246 3127 383 3182 meo?
407 3126 630 3198 Qumvis
650 3126 757 3181 alia
788 3125 945 3183 verba
974 3126 1142 3196 ipsius
1164 3127 1317 3185 aliter
1346 3143 1560 3198 possum
1589 3129 1809 3195 habere,

247 3217 519 3275 novissima
558 3216 721 3273 verba
750 3232 835 3273 me
865 3218 984 3288 plus
1011 3226 1197 3277 tenent
1227 3237 1242 3273 :
1266 3235 1375 3279 non
1400 3235 1522 3281 eum
1564 3221 1669 3280 vidi
1695 3237 1812 3278 om-

249 3307 380 3377 plius,
409 3324 522 3365 non
551 3308 729 3367 audivi
760 3309 1082 3378 loquentem.
1118 3310 1351 3377 Fratres,
1379 3312 1604 3383 cogitate
1639 3315 1814 3371 visce—

250 3397 372 3454 ribus
401 3398 734 3467 cbristianis,
765 3400 811 3455 si
842 3400 1144 3458 bteredibus
1168 3411 1295 3459 sunt
1321 3412 1427 3461 tam
1461 3405 1636 3461 dulcia
1661 3445 1674 3471 .
1704 3417 1813 3464 tam

250 3500 394 3559 grata,
421 3501 536 3547 tam
577 3492 754 3562 magni
782 3491 1036 3563 ponderis
1058 3494 1219 3553 verba
1246 3494 1370 3553 ituri
1394 3498 1451 3555 in
1475 3500 1812 3567 sepulcrum;

251 3578 532 3639 heredibus
560 3581 780 3650 Christi,
808 3585 985 3656 qualia
1008 3585 1209 3643 debent
1248 3603 1372 3647 esse
1399 3589 1559 3647 verba
1586 3592 1815 3647 novissi-

252 3684 342 3737 ma,
362 3688 463 3728 non
495 3674 721 3731 redituri
759 3674 814 3728 in
836 3675 1163 3747 sepulcrum,
1190 3679 1289 3737 sed
1320 3683 1596 3739 aseensuri
1623 3683 1679 3739 in
1706 3699 1818 3741 em-

255 3759 380 3816 luml
401 3763 643 3837 Namque
665 3765 757 3823 ille
788 3766 880 3837 qui
907 3767 1034 3824 vixit
1051 3777 1108 3825 et
1132 3780 1373 3829 mortuus
1394 3784 1499 3841 est,
1520 3775 1723 3844 rapitur
1749 3775 1818 3835 ad

256 3850 343 3906 alia
365 3854 470 3910 loca
500 3857 678 3913 anima
702 3857 892 3927 ipsius,
913 3874 1110 3931 corpus
1129 3862 1297 3931 ipsius
1322 3866 1535 3933 ponitur
1559 3868 1614 3921 in
1634 3876 1814 3925 terra:

253 3957 310 4000 an
333 3947 451 4003 ﬁant
476 3948 570 4004 illa
599 3948 759 4007 verba
782 3991 799 4019 ,
829 3966 897 4007 an
924 3969 1032 4009 non
1060 3955 1224 4023 (iant,
1252 3971 1357 4015 non
1402 3958 1466 4015 ad
1488 3974 1611 4019 eum
1650 3963 1819 4030 perti-

253 4047 359 4105 net;
394 4040 513 4112 jam
538 4041 683 4099 aliud
724 4043 868 4113 agit,
898 4054 992 4105 aut
1028 4047 1171 4104 aliud
1212 4050 1411 4119 patitur
1437 4070 1452 4107 :
1478 4063 1570 4108 aut
1606 4054 1655 4110 in
1700 4057 1820 4113 sinu

253 4129 461 4189 Abrahae
507 4134 725 4205 gaudet,
778 4138 949 4193 autin
989 4139 1111 4210 igne
1136 4149 1339 4201 aeterno
1370 4159 1526 4215 aqua
1552 4148 1820 4205 modicum

254 4221 505 4285 desiderat
522 4228 675 4300 (Luc.
692 4247 804 4297 xw.
823 4230 915 4305 22,
936 4230 1067 4306 etc.)
1083 4236 1168 4301 ;in
1185 4238 1430 4306 sepulcro
1452 4249 1628 4299 autem
1659 4242 1824 4313 ipsius

1402 338 1809 395 TRACTATUS
1848 337 1915 391 Χ.
1956 339 2181 396 CAPUT
2222 340 2284 396 ν.

3349 352 3492 414 2062

1907 450 2048 523 jacet
2072 454 2301 513 cadaver
2339 456 2452 515 sine
2481 474 2639 516 Sensu
2664 480 2677 527 ;
2712 470 2764 519 et
2791 459 3159 525 cuswdiuntur
3197 471 3355 529 verba
3385 493 3489 532 no-

1911 549 2126 605 vissima
2154 551 2450 608 morientis.
2480 552 2614 622 Quid
2638 555 2741 611 sibi
2761 568 2977 627 sperant
3000 561 3075 616 illi
3100 564 3188 633 qui
3211 565 3369 620 verba
3392 583 3487 623 no-

1912 637 2126 695 vissima
2144 640 2384 697 sederim
2410 640 2466 697 in
2494 645 2631 700 emis
2660 661 2765 699 non
2794 648 3113 715 custodiunt,
3142 654 3369 711 videntis
3395 657 3489 715 de-

1912 747 2072 803 super
2098 748 2165 787 an
2194 743 2619 803 contemnantur,
2648 753 2713 790 an
2746 754 2854 793 non
2879 746 3318 800 contemnantur?
3344 748 3489 805 illius

1908 824 2000 892 qui
2021 821 2182 890 dixit,
2212 819 2395 891 Sunia,
2422 826 2599 892 δέραια,
2627 830 2748 899 quid
2772 847 2849 885 me
2884 836 3226 905 persequeris?
3254 839 3343 906 qui
3370 854 3484 894 ser-

1911 924 2001 970 vat
2021 916 2086 969 ad
2107 917 2364 984 judicium
2395 920 2647 989 quidquid
2677 921 2819 976 videt
2840 925 2944 992 pati
2966 927 3203 981 membra
3226 930 3355 983 sua?

1985 1003 2070 1064 10.
2092 1004 2162 1064 Et
2182 1009 2311 1081 quid
2332 1024 2430 1067 n08
2448 1009 2693 1080 Ibamus,
2718 1012 2997 1086 inquiunt?
3013 1030 3117 1077 nos
3141 1031 3325 1081 ιιπιιισ
3342 1024 3485 1093 passi

1912 1102 2356 1170 persecutionem,
2390 1116 2494 1158 non
2534 1105 2772 1161 fecimus.
2821 1108 2928 1164 Vos
2955 1110 3173 1179 fecistis,
3199 1128 3232 1168 ο
3263 1116 3441 1169 miseri
3471 1134 3484 1169 :

1910 1191 2103 1260 primo,
2135 1193 2254 1262 quia
2282 1193 2533 1249 divisistis
2558 1195 2875 1253 Ecclesiam.
2916 1199 3082 1269 Major
3108 1213 3189 1256 est
3224 1205 3487 1261 machmra

1911 1283 2103 1353 lingua:
2122 1300 2277 1354 quam
2303 1287 2445 1341 ferri.
2475 1287 2712 1358 Superba
2739 1291 2832 1345 l'uit
2850 1293 3036 1347 ancilla
3065 1295 3209 1350 Sara:
3238 1299 3410 1369 Agar;
3435 1310 3490 1356 et

1911 1373 2103 1431 afﬂicta
2134 1384 2216 1431 est
2247 1392 2279 1431 a
2305 1376 2516 1434 domina
2556 1395 2653 1434 sua
2696 1391 2912 1451 propter
2946 1385 3272 1455 superbiam.
3318 1389 3489 1445 Disci-

1911 1464 2051 1537 plina
2078 1472 2196 1523 erat
2218 1461 2333 1537 illa,
2363 1480 2468 1524 non
2490 1480 2669 1542 pana.
2692 1468 2817 1528 Ideo
2843 1484 2962 1530 cum
2990 1478 3299 1534 recessisset
3336 1495 3365 1534 a
3391 1480 3487 1535 do-

1912 1560 2053 1614 mina
2091 1576 2218 1626 sua,
2255 1560 2379 1631 quid
2410 1560 2460 1615 ei
2488 1560 2620 1616 dixit
2648 1563 2896 1633 angelus?
2926 1565 3187 1622 Reuertere
3215 1570 3283 1621 ad
3318 1571 3485 1624 domi-

1913 1667 2032 1704 nam
2061 1663 2199 1706 tuam
2222 1653 2246 1720 (
2262 1650 2387 1706 Gen.
2423 1668 2531 1718 xw,
2575 1649 2722 1726 4-9).
2749 1654 2836 1710 Sic
2869 1671 2996 1727 ergo
3023 1660 3250 1715 carnalis
3276 1663 3449 1716 anima
3472 1705 3487 1726 .

1908 1752 2164 1813 tanquam
2184 1745 2377 1800 ancilla
2420 1745 2668 1815 superba,
2699 1748 2743 1801 si
2784 1748 2918 1804 forte
2981 1751 3182 1821 aliquas
3219 1755 3489 1813 molestias

1914 1850 2069 1905 passa
2103 1851 2163 1891 es
2188 1846 2405 1906 propter
2433 1837 2765 1908 disciplinam
2783 1882 2797 1905 ,
2827 1842 2951 1911 quid
2991 1843 3191 1901 insanis
3211 1847 3237 1899 ?
3262 1847 3393 1903 Redi
3422 1850 3488 1904 ad

1913 1920 2179 1979 dominam
2225 1937 2387 1991 tuam,
2427 1937 2547 1982 tene
2571 1927 2893 1985 dominicam
2922 1947 3126 2000 pacem.
3156 1936 3293 1991 Ecce
3319 1939 3493 2007 prole-

1914 2026 2101 2072 runtur
2138 2018 2422 2089 Evangelia
2442 2060 2460 2085 ,
2486 2020 2711 2088 legimus
2739 2036 2840 2092 qua
2866 2022 3175 2080 dili'unditur
3202 2026 3442 2084 Ecclesia
3472 2047 3487 2084 :

1913 2108 2210 2179 disputatur
2234 2115 2442 2173 contra,
2471 2118 2526 2164 et
2553 2108 2747 2166 dicitur
2772 2112 2947 2180 nobis,
2980 2113 3303 2173 Traditores.
3326 2118 3495 2189 Cujus

1916 2198 1991 2252 rei
2018 2197 2336 2253 traditores?
2359 2196 2601 2253 Christus
2631 2201 2967 2257 commendat
2995 2203 3290 2262 Ecclesiam
3311 2223 3491 2278 suam,

1915 2297 1968 2344 et
1987 2303 2091 2343 non
2114 2286 2286 2345 credis
2310 2306 2324 2342 ς
2347 2304 2449 2360 ego
2466 2290 2561 2345 tibi
2582 2286 2877 2347 crediturus
2900 2309 3018 2348 sum
3042 2296 3379 2356 maledicqu
3396 2316 3497 2373 pa-

1916 2382 2153 2437 rentibus
2194 2381 2361 2438 meis?
2399 2382 2487 2437 Vis
2533 2391 2591 2438 ut
2632 2386 2848 2441 credam
2876 2387 2966 2441 tibi
3006 2387 3072 2443 de
3108 2391 3497 2455 auditoribus!

1914 2475 2071 2530 crede
2116 2482 2171 2529 tu
2210 2476 2357 2545 prius
2397 2475 2630 2533 Christo.
2662 2478 2799 2547 Quid
2840 2489 2923 2534 est
2959 2480 3216 2552 dignum?
3247 2482 3493 2543 Christus

1916 2566 2058 2622 Deus
2094 2575 2209 2631 est,
2240 2575 2296 2623 tu
2340 2567 2502 2625 homo
2527 2583 2618 2624 es:
2648 2570 2733 2625 cui
2768 2572 2914 2642 prius
2937 2572 3101 2631 debet
3126 2576 3313 2633 credi?
3338 2578 3496 2633 Chri-

1914 2666 2028 2715 stus
2067 2658 2357 2715 Eeclesiam
2399 2675 2551 2717 suam
2587 2669 2698 2716 toto
2739 2662 2870 2717 orbe
2902 2663 3112 2720 diffudit
3146 2682 3162 2718 :
3202 2681 3303 2737 ego
3339 2667 3497 2735 dies,

1914 2758 2224 2815 contemne;
2281 2752 2622 2829 Evangelium
2688 2754 2940 2822 loquitur,
2981 2771 3130 2813 cave.
3180 2758 3317 2829 Quid
3367 2761 3502 2817 dicit

1917 2840 2292 2912 Evangelium?
2331 2826 2602 2914 Oportebat
2635 2845 2742 2914 pati
2777 2845 3061 2912 Clu'istum,
3089 2858 3139 2903 et
3174 2826 3431 2922 resurgam
3466 2868 3500 2905 a

1915 2935 2124 2988 mortuis
2144 2932 2226 2989 die
2252 2935 2397 2990 tertia
2412 2976 2430 3003 ,
2453 2945 2501 2991 et
2524 2936 2792 3008 praedicari
2816 2938 2871 2991 in
2894 2939 3093 2994 nomine
3123 2941 3233 3012 ejus
3257 2943 3503 3013 paeniten-

1916 3025 2056 3092 tiam,
2088 3036 2136 3080 et
2169 3027 2509 3082 remissionem
2532 3038 2872 3098 peccatorum.
2907 3029 3005 3086 Ubi
3030 3032 3276 3088 remissio
3307 3049 3500 3103 pecca-

1917 3124 2112 3184 torum,
2156 3117 2393 3172 Ecclesia
2418 3128 2515 3172 est.
2547 3119 2822 3188 Quomodo
2849 3120 3117 3177 Ecclesia?
3144 3122 3220 3179 Illi
3244 3124 3385 3179 enim
3412 3125 3499 3183 di-

1916 3218 2058 3267 cttun
2081 3219 2183 3277 est,
2214 3209 2323 3265 Tibi
2356 3210 2485 3265 dabo
2510 3212 2672 3266 claues
2694 3214 2837 3282 regni
2870 3214 3147 3269 calorum:
3178 3225 3225 3271 et
3250 3231 3368 3286 ante
3393 3216 3501 3272 sol-

1916 3304 2044 3357 veris
2062 3304 2115 3357 in
2148 3312 2282 3357 terra
2300 3345 2315 3370 ,
2349 3304 2514 3359 soluta
2541 3314 2687 3359 erunt
2714 3315 2761 3358 et
2786 3307 2841 3359 in
2864 3307 3034 3373 aclis;
3057 3318 3105 3363 et
3122 3323 3241 3376 qua
3270 3308 3503 3378 159mm

1918 3395 2140 3460 interra,
2171 3396 2326 3467 ligata
2355 3407 2573 3459 erant,“
2597 3398 2649 3451 in
2670 3397 2810 3453 caelis
2845 3398 3069 3470 (Matth.
3094 3415 3203 3465 ιη,
3233 3400 3299 3457 19
3320 3402 3358 3471 ).
3384 3402 3503 3470 Qua

1917 3486 2226 3545 diffunditur
2242 3488 2341 3545 ista
2355 3490 2600 3545 remissio
2616 3491 2990 3560 peccatorum?
3008 3490 3109 3549 Per
3122 3509 3294 3547 minias
3306 3503 3499 3563 gentes,

1917 3581 2162 3650 incipiens
2180 3582 2244 3639 ab
2262 3581 2546 3641 Jerusalem
2568 3582 2867 3655 (Lucum
2884 3583 2996 3655 t7).
3021 3585 3157 3643 Ecce
3175 3587 3337 3645 crede
3349 3586 3508 3645 Chri-

1919 3683 2023 3735 sto.
2054 3675 2162 3733 Sed
2190 3676 2311 3748 quia
2342 3678 2613 3747 intelligis.
2652 3678 2699 3735 si
2728 3679 3018 3737 credideris
3048 3680 3280 3745 Christo,
3313 3696 3419 3741 non
3451 3691 3505 3741 te

1922 3769 2119 3826 habere
2146 3770 2289 3839 quod
2329 3770 2475 3828 dicas
2513 3772 2581 3827 de
2616 3773 2992 3839 troditoribus;
3035 3774 3130 3831 tibi
3165 3775 3243 3833 vis
3284 3785 3342 3833 ut
3376 3790 3500 3834 cre-

1920 3861 2081 3919 dam‘
2115 3862 2420 3930 parentibus
2449 3863 2582 3919 meis
2620 3865 2987 3932 maledieeini.
3019 3881 3178 3936 quam
3220 3877 3277 3923 tu
3316 3867 3507 3927 credas

1923 3953 2137 4011 Christo
2160 3953 2465 4023 praedicenti
2487 3953 2586 4025 (α).

1988 4051 2004 4078 ι
2027 4045 2245 4117 Plurese
2259 4052 2388 4119 nos,
2406 4051 2460 4097 ut
2479 4046 2679 4157 cfde
2704 4052 2753 4101 at
2768 4044 3058 4110 puerilius.
3088 4054 3143 4099 Rt
3153 4060 3314 4159 mm
3334 4061 3512 4101 omnes

1988 4121 2028 4170 ο,
2054 4108 2351 4171 praedicenti,
2376 4108 2505 4171 quod
2534 4122 2567 4157 u
2589 4117 2754 4161 tunum
2796 4102 2998 4158 verbum
3022 4116 3116 4171 est,
3250 4116 3349 4171 ent,
3378 4123 3509 4161 ora:-

1925 4107 2351 4221 ιᾶιὲἓῶεξωάίωηιί,
2375 4102 2505 4173 quod
2534 4102 2754 4161 ultimum
2768 4102 2780 4110 ’
2796 4102 2998 4158 verbum
3022 4116 3116 4171 est,

1991 4253 2066 4315 (α)
2086 4252 2171 4303 llic
2196 4253 2376 4304 desinit
2396 4259 2641 4305 πωηακ
2658 4254 2710 4304 in
2728 4251 2956 4304 omnibus
2970 4252 3228 4304 aedilibus.

706 4423 711 4430 '
849 4429 1634 4443 -‘-—I——-———————.v.q.n.—_—.—_
1671 4435 1794 4445 __._-
1813 4438 2036 4445 —_,...-.
2059 4439 2292 4446 ..-ρ-η-.
2317 4440 2556 4446 __--________
2575 4440 2590 4445 _
2611 4441 2642 4445 -_
2715 4443 2724 4445 _
2765 4442 2790 4445 _
2827 4441 2848 4444 _.
2867 4441 2882 4445 -
2943 4440 2996 4446 __.
3027 4441 3040 4445 -
3061 4439 3476 4446 ..-α--.ῳ-

271 4448 280 4452 ·
345 4451 534 4460 -›-..----
577 4454 1156 4467 —-—-—-_—--_—-.--.----—~-
1199 4462 1286 4469 -.--
1829 4465 1958 4473 —_
2069 4467 2228 4473 ._.__.
2395 4469 2402 4473 .
2451 4467 2504 4473 --—
2709 4468 2798 4474 .—-—
2919 4466 3042 4473 --—--
3203 4467 3256 4472 -—-
3427 4467 3442 4472 -

1360 4613 1464 4673 DE
1506 4613 2039 4690 SUBSEQUENTI
2070 4616 2354 4688 OPERL,

320 4817 458 4881 i'ide
489 4816 717 4882 librum
742 4816 801 4894 1,
837 4836 971 4899 cap.
1024 4818 1126 4895 23,
1157 4818 1723 4897 Retractationum,
1760 4821 1876 4885 col.
1932 4823 2069 4894 620,
2104 4844 2141 4885 a
2169 4822 2404 4893 verbis,
2444 4825 2602 4887 Cum
2635 4828 2969 4908 presbyter
3001 4826 3211 4894 adhuc
3251 4844 3455 4893 essem
3494 4875 3508 4905 ,

264 4933 315 4977 ιι.
347 4920 399 4994 1,
432 4941 615 5002 usque
645 4920 727 4983 ad
757 4922 874 4983 col.
902 4920 1042 4995 622,
1076 4942 1136 4981 η.
1167 4922 1226 4998 ιι,
1261 4921 1479 4999 verbis,
1514 4925 1576 4985 in
1612 4924 1897 5005 Epistula
1930 4928 2108 4988 Pauli
2141 4926 2218 4988 ad
2250 4929 2595 4989 Romanos.
2918 4931 2977 4991 M

1889 5490 1892 5492 -
1941 5463 2097 5502 τνετέέιίκ
