3994 6362
564 408 3527 431 MM

1086 526 1240 670 S.
1342 528 2138 674 AURELII
2243 534 3222 683 AUGUSTIN
3231 545 3297 684 Ι

1522 765 2280 855 HIPPONENSIS
2337 766 2861 858 EPISCOPI
3424 784 3458 818 ⁸

559 967 1409 1076 EXPOSITIO
1506 976 2486 1104 QUARUMDAM
2558 987 3761 1108 PROPOSITIONUM

742 1375 1921 1542 EPISTOLA
2005 1379 2310 1541 Al)
2400 1387 3573 1561 ROMANOS.

1805 1664 2080 1761 itiner
2126 1688 2343 1766 unus
2397 1659 2513 1759 (α).

1904 1861 2465 1941 ψ

617 2026 816 2082 Sensus
842 2024 894 2077 hi
924 2032 1046 2077 sunt
1075 2024 1125 2078 in
1166 2023 1391 2094 Epistula
1421 2022 1486 2077 ad
1520 2024 1785 2079 Romanos
1815 2025 1958 2080 Pauli
1988 2041 2120 2098 apo-

546 2116 685 2171 stoli.
716 2114 891 2169 Primo
916 2115 1150 2169 omnium
1173 2122 1230 2168 ut
1252 2115 1473 2183 quisque
1503 2115 1757 2185 intelligat
1786 2116 1837 2169 in
1868 2115 1966 2170 hac
1993 2117 2120 2186 Epi-

545 2207 680 2261 stola
709 2206 1052 2276 quaestionem
1081 2207 1279 2261 versari
1309 2221 1525 2275 operum
1550 2206 1703 2277 Legis
1732 2216 1785 2262 et
1809 2208 2011 2277 gratiae.

616 2301 931 2355 Pnoposmo
956 2316 1131 2354 parua.
1156 2298 1443 2371 [Rou.cap.
1486 2315 1522 2363 ι,
1561 2300 1595 2369 7
1619 2338 1634 2353 .
1662 2297 1740 2371 4.]
1768 2299 1917 2367 Quod
1944 2310 2118 2355 autem

542 2391 636 2458 ait,
669 2389 959 2445 Secundum
981 2390 1230 2459 Spiritum
1255 2389 1663 2456 sanctiﬁcationis
1684 2406 1746 2443 ex
1761 2392 2121 2445 resurrectione

542 2493 873 2546 mortuorum,
908 2482 959 2537 id
986 2490 1098 2549 est,
1130 2482 1251 2551 quia
1292 2480 1521 2550 Spiritus
1565 2481 1759 2535 donum
1803 2491 2119 2551 acceperunt

543 2585 663 2646 post
697 2575 813 2645 cjus
849 2577 1294 2629 resurrectionem
1320 2590 1332 2624 :
1362 2582 1689 2627 mortuorum
1720 2588 1845 2627 vero
1873 2587 2115 2627 resurre-

539 2665 769 2721 ctionem
800 2674 1078 2730 memorat,
1110 2664 1231 2733 quia
1277 2662 1330 2717 in
1377 2664 1493 2732 ipso
1538 2678 1724 2718 omnes
1766 2664 2003 2718 cruciﬁxi
2030 2678 2119 2717 su-

539 2772 680 2825 mus,
708 2766 761 2812 et
788 2757 1195 2813 resurreximus.

611 2849 671 2906 11.
701 2849 799 2924 [lb.
830 2866 868 2916 ι,
904 2848 1015 2921 11.]
1045 2848 1197 2916 Quod
1231 2857 1403 2903 autem
1434 2848 1579 2913 dicit,
1618 2847 1687 2903 Ut
1730 2849 1945 2919 gratiam
1982 2848 2117 2902 vobis

535 2943 849 3014 spiritualem
886 2941 1179 3012 impertiar:
1202 2940 1538 2995 dilectionem
1565 2940 1767 2995 scilicet
1798 2940 1887 2992 Dei
1918 2947 1970 2994 et
1993 2953 2116 3008 pro-

538 3033 687 3098 ximi,
717 3040 773 3086 ut
799 3047 895 3102 per
921 3031 1230 3086 charitatem
1267 3030 1463 3085 Christi
1502 3030 1758 3086 Gentibus
1790 3031 1845 3084 in
1871 3031 2114 3099 Evange-

537 3124 667 3178 iium
694 3123 895 3176 vocatis
924 3123 1140 3176 minime
1167 3121 1478 3176 inviderent.

610 3214 695 3268 Ill.
727 3213 822 3288 [lb.
852 3230 890 3280 ι,
921 3213 1031 3286 18.]
1061 3214 1210 3282 Quod
1247 3222 1422 3269 autem
1450 3213 1596 3280 dicit,
1623 3214 1891 3268 Revelatur
1918 3217 1994 3267 ira
2020 3214 2116 3269 Dei

536 3306 603 3362 de
624 3304 747 3361 calo
774 3322 925 3375 super
955 3321 1148 3359 onmem
1176 3304 1499 3373 impietatem,
1532 3312 1657 3368 etc.,
1688 3305 1759 3356 ait
1797 3303 2115 3358 etSalomon

540 3399 606 3455 de
626 3397 953 3468 sapientibus
978 3395 1157 3449 mundi
1186 3412 1198 3448 :
1222 3393 1281 3448 Si
1306 3395 1438 3447 enim
1462 3402 1655 3447 tantum
1678 3403 1941 3462 potuerunt
1967 3394 2110 3459 scire,

538 3500 595 3545 ut
643 3497 840 3559 possent
878 3488 1129 3543 mtimare
1146 3483 1689 3554 steculum;quomodo
1736 3483 1895 3551 ipsius
1937 3484 2116 3553 'mundi

540 3581 817 3636 Dominum
855 3589 900 3633 et
928 3576 1212 3633 Creatorem
1254 3594 1353 3630 non
1394 3575 1592 3647 facilius
1637 3573 1926 3627 invenerunt
1956 3573 2112 3644 (Sap.

534 3694 651 3742 xm,
677 3677 775 3746 9)?
800 3673 904 3730 Sed
934 3689 1066 3743 quos
1111 3671 1281 3741 arguit
1309 3671 1584 3735 Salomon,
1616 3683 1719 3724 non
1758 3676 2117 3737 cognoverunt

540 3783 639 3838 per
663 3774 957 3822 creaturam
988 3763 1293 3818 Creatorem
1324 3778 1493 3832 :quos
1532 3771 1706 3816 autem
1754 3762 1924 3831 arguit
1969 3763 2114 3830 Apo-

536 3862 727 3923 stolus,
746 3867 1102 3928 cognoverunt
1124 3873 1138 3920 ;
1161 3856 1253 3910 sed
1270 3857 1465 3925 gratias
1482 3870 1584 3907 non
1605 3864 1843 3924 egerunt,
1867 3864 1919 3907 et
1938 3854 2117 3908 dicen-

542 3963 624 4008 tes
666 3967 725 4007 se
765 3964 884 4005 esse
917 3948 1207 4018 sapientes,
1237 3948 1381 4002 stulti
1410 3946 1530 4001 facti
1558 3956 1701 4010 sunt,
1727 3957 1781 4001 et
1809 3947 1874 4001 ad
1894 3945 2115 4002 colenda

536 4044 821 4103 simulacra
849 4042 1155 4096 deciderunt
1187 4040 1359 4113 (Rom.
1381 4056 1419 4105 ι,
1441 4039 1659 4109 21-25).
1688 4038 1818 4092 Nam
1848 4039 2115 4107 sapientes

533 4138 782 4195 Gentium
812 4135 953 4208 quod
1000 4135 1295 4190 invenirent
1318 4131 1646 4197 Creatorem,
1674 4132 1949 4186 manifeste
1976 4130 2115 4185 idem

533 4231 826 4301 apostolus,
857 4244 979 4284 cum
1023 4227 1433 4282 Atheniensibus
1481 4227 1803 4295 loqueretur,
1858 4224 2112 4278 ostendit.

532 4322 666 4380 Cum
693 4324 835 4378 enim
860 4321 1101 4383 dixisset,
1132 4318 1263 4385 Quia
1288 4318 1341 4370 in
1370 4318 1480 4387 ipso
1508 4318 1735 4381 vivimus,
1768 4326 1834 4379 et,
1864 4331 2118 4369 movemur

535 4425 583 4468 et
605 4431 779 4469 sumus
799 4429 817 4476 ;
843 4412 1063 4474 addidit,
1095 4409 1241 4464 Sicut
1262 4420 1306 4462 et
1328 4410 1533 4479 quidam
1560 4409 1833 4462 secundum
1858 4424 1944 4463 vos
1968 4410 2116 4463 dixe-

535 4516 653 4560 runt
676 4506 810 4578 (Act.
840 4519 970 4568 xvn,
998 4502 1115 4572 28).
1140 4502 1250 4556 Hac
1266 4511 1440 4554 autem
1462 4501 1756 4555 intentione
1779 4502 1923 4568 prius
1945 4502 2118 4572 arguit

535 4595 861 4665 impietatem
882 4592 1152 4657 Gentium,
1187 4599 1245 4645 ut
1270 4606 1334 4645 ex
1376 4592 1473 4645 hac
1503 4591 1689 4661 probet
1718 4592 1874 4644 etiam
1910 4592 1976 4645 ad
2000 4608 2119 4660 gra-
2170 4656 2175 4657 γ

539 4688 665 4743 tiam
693 4700 849 4755 posse
885 4684 1185 4755 pertingere
1219 4698 1524 4738 conversos.
1554 4683 1809 4753 lnjustum
1846 4693 1929 4739 est
1973 4685 2116 4740 enim

2299 2029 2385 2085 IV.
2428 2029 2526 2103 [lb.
2568 2046 2606 2097 ι,
2645 2030 2761 2105 2L]
2799 2032 2949 2100 Quod
2996 2044 3170 2091 autem
3232 2038 3387 2106 dicit,
3447 2039 3751 2113 Cagnoscentes

2225 2118 2409 2185 Deum,
2433 2138 2533 2175 non
2552 2131 2607 2176 ut
2629 2122 2793 2177 Deum
2814 2124 3241 2197 gloriﬁcaverunt,
3268 2140 3357 2185 aut
3371 2134 3553 2204 gratias
3570 2148 3746 2206 egerunt,

2225 2212 2328 2269 hoc
2372 2225 2529 2286 caput
2572 2225 2652 2271 est
2692 2219 2913 2286 peccati,
2959 2220 3024 2273 de
3053 2236 3158 2289 quo
3205 2222 3413 2278 dictum
3451 2235 3545 2291 est,
3584 2226 3751 2281 lnititmt

2224 2307 2385 2359 omnis
2427 2308 2615 2375 peccati
2649 2308 2878 2378 superbia
2916 2308 3097 2381 (Eccli.
3144 2328 3197 2377 χ,
3257 2314 3367 2384 15).
3395 2315 3491 2381 Qui
3525 2318 3564 2370 si
3599 2318 3750 2386 gratias

2224 2398 2456 2465 egissent
2501 2398 2629 2459 Deo,
2658 2399 2746 2466 qui
2789 2398 3012 2454 dederat
3045 2401 3181 2457 hanc
3202 2406 3539 2473 sapientiam,
3564 2423 3652 2460 non
3674 2407 3750 2461 sibi

2223 2486 2417 2555 aliquid
2448 2488 2753 2543 tribuissent
2785 2492 3193 2560 cogitationibus
3224 2496 3365 2549 suis.
3393 2497 3688 2567 Quapropter
3707 2498 3747 2552 in

2222 2576 2481 2631 desideria
2509 2579 2683 2633 cordis
2711 2580 2793 2634 sui
2840 2581 3013 2635 traditi
3060 2592 3186 2637 sunt
3224 2601 3269 2639 ε
3313 2586 3546 2654 Domino,
3572 2599 3623 2642 ut
3644 2589 3749 2643 lace-

2222 2676 2341 2721 rent
2367 2683 2485 2737 quae
2521 2684 2625 2722 non
2656 2672 3020 2726 convenirent.

2294 2759 2359 2813 Υ.
2392 2757 2493 2833 [11).
2525 2777 2563 2827 ι,
2592 2761 2707 2834 24.]
2737 2762 2889 2829 Quod
2930 2775 3121 2843 autem,
3143 2766 3304 2833 dicit,
3333 2768 3570 2835 Tradidit,
3598 2768 3748 2824 intelli-

2219 2852 2380 2923 gitur,
2409 2853 2610 2907 dimisit
2654 2854 2707 2908 in
2751 2855 3013 2911 desideria
3052 2859 3237 2913 cordis
3273 2876 3473 2917 eorum.
3504 2861 3745 2917 Mercedem

2221 2950 2395 2998 autem
2423 2955 2655 2997 mutuam
2685 2944 2813 2999 dicit
2841 2948 3105 3017 recepisse
3131 2950 3198 3004 de
3222 2951 3369 3019 Deo,
3394 2963 3452 3008 ut
3471 2952 3746 3009 traderentur

2220 3034 2273 3088 in
2300 3034 2559 3089 desideria
2592 3036 2768 3090 cordis
2797 3037 2897 3091 sui.

2294 3126 2377 3181 Vl.
2410 3126 2507 3199 [lb.
2536 3128 2685 3194 1.28,
2712 3128 2829 3202 29.]
2854 3131 3005 3199 Quod
3040 3143 3222 3190 autem
3255 3137 3461 3193 demum
3493 3138 3617 3203 dicit,
3649 3136 3745 3191 Tra-

2221 3218 2346 3271 didit
2375 3220 2489 3273 illos
2514 3218 2652 3274 Deus
2678 3222 2730 3275 in
2753 3224 3015 3292 reprabam
3044 3235 3284 3292 mentem,
3306 3239 3429 3292 etc.,
3457 3228 3739 3297 repletos,ait,

2221 3311 2356 3363 omni
2383 3311 2663 3382 iniquitate,
2691 3313 2845 3367 datur
2883 3314 3121 3383 intelligi,
3161 3317 3235 3371 ad
3291 3319 3568 3373 nocendum
3610 3315 3740 3386 perti-

2221 3417 2347 3456 nere
2369 3404 2464 3457 ista
2486 3421 2604 3474 qum
2626 3422 2766 3460 nunc
2786 3406 2931 3467 dicit.
2961 3408 3013 3461 id
3041 3416 3124 3462 est
3148 3408 3407 3467 facinora.
3435 3410 3654 3480 Superius
3668 3422 3743 3461 au-

2221 3502 2327 3547 tem
2355 3494 2563 3549 diccbat
2588 3496 2653 3550 de
2681 3498 2995 3566 corruptelis
3038 3515 3156 3567 qua)
3199 3501 3398 3572 ﬂagitia
3438 3503 3731 3561 nominantur,

2221 3600 2286 3640 ex
2310 3587 2499 3655 quibus
2539 3588 2604 3641 ad
2651 3588 2877 3643 facinora
2927 3592 3273 3659 pervenitur;
3304 3596 3533 3664 quoniam
3557 3591 3732 3661 quisque

2224 3678 2573 3746 perniciosmn
2619 3679 2948 3735 dulcedinem
2994 3681 3316 3751 ﬂagitiorum
3367 3699 3598 3756 sequens,
3633 3682 3732 3734 dum

2224 3769 2574 3838 impedientes
2619 3786 2872 3840 personas
2908 3788 3184 3830 removere
3244 3788 3481 3839 conatur,
3524 3772 3662 3846 pergit
3696 3769 3738 3823 in

2222 3859 2441 3913 facilius.
2475 3859 2565 3915 Sic
2591 3862 2871 3917 distinctus
2898 3872 2980 3918 est
3008 3864 3169 3918 etiam
3203 3866 3293 3921 ille
3324 3868 3464 3920 locus
3490 3866 3535 3917 in
3560 3861 3715 3927 Szlpien

2220 3954 2291 4007 tia
2323 3954 2643 4020 Salomonis,
2677 3955 2761 4009 ubi
2789 3972 2907 4011 cum
2937 3968 3306 4015 enumerasset
3342 3959 3592 4029 superiora
3626 3950 3740 4023 ﬂagi-

2222 4044 2312 4108 tia,
2349 4044 2463 4098 ait:
2507 4044 2959 4101 Circumveniamus
3001 4064 3276 4116 pauperem
3308 4051 3524 4120 justum,
3550 4044 3743 4118 quorum

2219 4134 2410 4188 inutilis
2438 4144 2507 4188 est
2536 4135 2674 4190 nobis
2704 4137 2858 4207 (Sap.
2892 4153 2948 4203 ιι,
2973 4138 3084 4210 12),
3104 4151 3230 4195 etc.‘

2293 4225 2545 4280 VII—Vill.
2575 4226 2672 4297 [lb.
2704 4243 2741 4293 ι,
2772 4226 2874 4291 5‘2;
2900 4244 2955 4293 ιι,
2992 4226 3065 4300 1.]
3109 4230 3263 4298 Quod
3293 4242 3464 4287 autem
3489 4230 3620 4294 dicit,
3647 4224 3741 4281 Non

2219 4316 2380 4369 solum
2400 4318 2486 4387 qui
2509 4334 2566 4370 ea
2594 4319 2807 4388 faciunt,
2833 4319 2922 4371 sed
2949 4319 3094 4372 etiam
3117 4322 3204 4390 qui
3228 4323 3534 4377 consentiunt
3553 4313 3740 4389 facienti-

2220 4408 2331 4474 bus,
2364 4409 2623 4479 significat
2649 4410 2772 4479 quia
2799 4425 3145 4480 quaecumque
3174 4412 3433 4479 fecerunt,
3455 4425 3553 4466 non
3571 4404 3739 4466 inviti‘.

2220 4501 2314 4557 sed
2343 4516 2462 4555 cum
2482 4501 2545 4554 ad
2566 4501 2702 4554 mala
2730 4502 2862 4555 facta
2888 4505 3246 4568 consentiunt,
3278 4503 3435 4558 etiam
3460 4503 3544 4557 illa
3566 4512 3667 4571 quae.
3684 4493 3744 4549 fe-

2220 4595 2439 4647 cerunt’
2461 4592 2860 4662 approbant:et
2888 4593 3006 4647 ideo
3030 4593 3097 4647 de
3142 4595 3391 4663 perfecus
3418 4594 3521 4663 jam
3550 4585 3739 4662 peccatis

2219 4683 2403 4749 dicit',
2433 4682 2709 4752 Propterea
2752 4684 3101 4740 inexcusabilis
3146 4703 3228 4753 es,
3257 4703 3287 4740 ο
3316 4687 3460 4740 homo
3501 4683 3644 4739 cumis
3675 4675 3741 4749 qui

536 4787 594 4835 ut
623 4777 837 4850 ptenatn
874 4777 1100 4836 subeant
1133 4775 1437 4847 impietatis,
1468 4786 1521 4832 et
1549 4778 1826 4846 praemium
1858 4776 1983 4832 tidei
2008 4793 2116 4831 non
2212 4775 2437 4845 judicus.
2484 4776 2879 4830 Omnis’aulcm
2925 4792 3045 4831 cum
3085 4778 3241 4842 dicit,
3276 4778 3527 4832 subintrat
3567 4774 3660 4843 jam
3694 4774 3740 4821 ut

534 4874 816 4944 accipiant.

2220 4877 2481 4922 monstret
2507 4883 2611 4921 non
2639 4868 2809 4922 solum
2838 4867 3123 4937 Gentilem,
3146 4868 3240 4925 sed
3263 4871 3420 4924 etiam
3439 4866 3653 4923 iudicum
3668 4856 3737 4930 qui

1716 4978 1995 5035 annomrto
2029 4994 2109 5033 pp.
2136 4993 2615 5032 nemnmcrxsonun.

591 5078 766 5129 (Jollata
789 5082 865 5127 est
886 5075 1125 5139 (praesens
1144 5071 1402 5135 Expositio)
1416 5071 1472 5139 ad
1498 5080 1599 5121 Mss.
1625 5072 1882 5120 Victorinos
1902 5070 2042 5139 duos,
2063 5070 2121 5118 ad
2146 5081 2293 5139 unum
2318 5068 2613 5139 i'atieauum,
2629 5066 3002 5139 adu'rhuaneuni,
3024 5070 3379 5139 Corbeiensem,
3396 5068 3733 5139 WCECTI

530 5128 872 5199 'Jnlbertinum,
892 5128 1556 5201 ‘iolyetisem,_'t$avarricutn,
1583 5142 1635 5182 et
1656 5146 1801 5181 unum
1825 5133 2219 5201 Bernardinorum
2238 5130 2510 5201 t‘arisieusis
2525 5128 2715 5190 collegii
2744 5145 2757 5189 ;
2783 5131 2840 5178 ad
2866 5133 3104 5201 variantes
3140 5132 3374 5201 lectiones
3407 5128 3734 5201 Lov._e-xwtrt_tff§

1018 5183 1120 5266 {id
1137 5183 1386 5246 editiones
1406 5183 1504 5266 tim.
1530 5183 1602 5244 ἐπ’.
1630 5203 1681 5243 et
1704 5202 1809 5266 inv.
1836 5195 2013 5266 Quibus
2038 5194 2084 5240 in
2110 5192 2397 5266 editionibus
2420 5183 3626 5266 obsecramus'propositionumdistinctionentbﬁtld

526 5246 1136 5322 iii'oiieainﬁna’iideiicet
1171 5258 1505 5325 atqueeadem
1530 5246 1863 5325 propositione
1887 5258 1931 5303 1..
1955 5257 2075 5303 duas
2098 5253 2324 5325 pluresve
2345 5254 2519 5314 passim
2540 5246 2783 5302 dissecta':
2812 5246 2939 5301 nunc
2953 5268 3095 5315 porro
3112 5254 3202 5304 alia
3230 5253 3388 5302 induci
3404 5246 3621 5299 distinctio
3645 5246 3731 5288 cum

525 5320 885 5381 .Itunericarum
918 5331 1136 5371 notarqu
1166 5320 1429 5369 imitatione
1461 5334 1554 5368 non
1580 5320 1747 5381 putuit,
1780 5330 1843 5366 ne
1871 5324 2063 5379 pareret
2084 5320 2429 5365 contusionem.

609 5408 1118 5490 Comparavimus
1140 5414 1435 5485 praterea
1470 5422 1671 5463 omnes
1692 5402 1990 5464 editiones
2014 5401 2199 5464 initio
2233 5401 2402 5461 Retr.
2423 5399 2786 5462 etConfess.
2831 5407 2876 5458 t.
2934 5402 2991 5473 1,
3013 5408 3388 5463 memoratas.
3595 5388 3665 5449 M-

595 5513 669 5576 (a)
690 5512 902 5573 scriptus
922 5508 1112 5557 circiter
1126 5506 1293 5553 Christi
1312 5516 1389 5551 an.
1409 5503 1529 5550 394:
1556 5500 1740 5551 scilicet
1757 5503 2019 5563 Augustino
2039 5501 2195 5551 adhuc
2216 5503 2517 5564 presbytero,
2544 5512 2608 5548 ex
2632 5499 2715 5548 lib.
2738 5500 2759 5547 1
2790 5506 3011 5559 tietract.,
3034 5514 3137 5564 cap.
3162 5500 3238 5557 25,
3268 5513 3316 5548 n.
3345 5499 3386 5547 1.

595 5599 612 5628 ι
639 5595 755 5644 Editi
781 5608 793 5641 :
814 5604 907 5642 non
934 5588 1066 5640 inviti
1082 5590 1310 5651 fecerunt.
1339 5594 1459 5633 Nam
1474 5596 1582 5633 cum
1608 5584 1672 5633 ad
1697 5583 1841 5651 ntala.
1867 5592 1923 5651 at
1939 5597 2109 5651 omnes

527 5664 656 5717 5155.,
683 5668 775 5705 non
814 5650 966 5717 inviti,
991 5647 1225 5717 sed'cum,
1254 5654 1348 5717 etc.
1371 5655 1607 5708 ,excepto
1639 5659 1733 5695 uno
1760 5647 1991 5696 Victorino
2026 5647 2109 5709 qui

530 5708 697 5772 habet,
720 5729 813 5765 non
828 5708 961 5775 inviti
982 5713 1216 5775 fecerunt,
1239 5708 1321 5759 sed
1346 5721 1471 5757 cum.

596 5779 615 5807 ²
825 5774 912 5825 illa
933 5770 1042 5823 aute
1064 5784 1157 5822 non
1190 5773 1418 5833 fecerunt.
1446 5770 1610 5830 Abest,
1635 5781 1744 5830 non,
1770 5770 1833 5818 ab
1853 5775 1963 5819 octo
2000 5777 2106 5820 Mss.

2277 5584 2296 5614 ³
2320 5583 2455 5641 Editi,
2472 5578 2805 5655 jampeccatis
2830 5579 2966 5630 dicit.

2213 5652 2318 5711 Mss.
2345 5629 2648 5693 eueniat;
2662 5629 2849 5711 gverhis,
2875 5629 3188 5711 pandentem
3203 5629 3302 5701 ait;
3324 5629 3494 5711 qua-{in

2215 5707 2333 5756 tium
2354 5714 2466 5755 sunt
2487 5693 2818 5766 Propositionis
2833 5693 3029 5754 octavae.
3053 5707 3143 5754 Sed
3165 5693 3328 5766 contra
3340 5693 3389 5749 in
3409 5707 3503 5747 uss.
3518 5693 3644 5746 verba
3661 5696 3722 5734 ω’

2215 5769 2412 5830 quentia
2434 5769 2491 5816 ad
2516 5764 2886 5829 Propositioncm
2907 5768 3160 5828 septimam
3183 5764 3439 5829 pertinent.
