3994 6364
278 350 403 407 9065

277 462 541 523 secundum
567 460 759 531 Legem
786 458 997 514 volebat
1017 458 1254 527 judicare
1275 458 1341 512 de
1367 455 1643 512 Gentibus.

339 554 419 610 11.
454 551 549 625 [11).
576 567 643 613 u,
672 548 750 622 5.]
793 550 943 617 Quod
977 558 1154 604 autem
1193 548 1339 614 dicit,
1363 546 1696 601 Tltesaurizas
1734 548 1822 601 tibi

272 650 391 703 iram
416 646 464 698 in
488 644 566 697 die
592 642 702 707 irte,
728 641 860 695 iram
891 641 983 695 Dei
1029 641 1223 709 uhique
1266 640 1499 707 loquitur
1529 654 1624 708 pro
1652 637 1823 692 vindi-

270 749 366 797 cta.
385 737 575 793 Idcirco
588 735 666 817 git
675 734 806 803 justi
821 732 1007 804 judicii
1035 730 1147 785 Dei.
1174 731 1475 785 Notandum
1505 740 1679 783 autem
1699 730 1821 800 quia

268 832 339 885 ira
368 828 448 883 Dei
475 825 683 897 ponitur
709 833 761 878 et
789 824 840 901 in
873 822 1020 877 Novo
1041 823 1419 876 Testamento:
1452 821 1592 891 quod
1623 835 1741 875 cum
1768 821 1819 875 in

268 922 443 977 Vetere
464 920 640 987 legunt
659 915 901 969 homines
919 915 1003 984 qui
1018 914 1140 982 Legi
1157 914 1323 969 veteri
1341 913 1685 967 adversantur
1705 912 1777 984 (α)
1801 954 1816 979 ,

265 1013 558 1082 culpandum
583 1027 703 1067 eam
734 1019 945 1082 putant;
972 1026 1091 1065 cum
1122 1010 1260 1063 Deus
1290 1010 1488 1078 utique,
1518 1008 1671 1063 sicuti
1700 1023 1816 1074 nos,

262 1105 730 1178 perturbationibus
769 1119 872 1157 non
916 1103 1218 1183 subiaceat,
1249 1101 1457 1155 dicente
1500 1098 1815 1163 Salomone,

259 1198 331 1254 Tu
358 1210 536 1264 autem,
568 1196 782 1250 Domine
821 1197 1073 1258 virtutum,
1104 1211 1215 1247 cum
1232 1194 1589 1263 tranquillitate
1614 1192 1819 1262 judicas

262 1289 403 1364 (Sap.
431 1305 523 1351 xu,
555 1288 666 1359 18).
687 1287 791 1343 Sed
823 1289 919 1351 ira,
954 1295 1011 1341 ut
1029 1286 1223 1340 dictum
1247 1293 1348 1348 est,
1378 1286 1429 1339 iu
1455 1285 1698 1340 vindicta:
1741 1283 1816 1337 si-

255 1381 577 1453 gniﬁcatione
602 1380 832 1449 ponitur.

320 1473 384 1527 Χ.
412 1471 506 1545 [11).
541 1487 597 1536 tt,
629 1468 742 1548 .15.]
780 1468 929 1537 Quod
970 1479 1147 1524 autem
1189 1469 1340 1536 dicit,
1363 1468 1678 1522 Contestaute
1696 1483 1817 1521 con-

250 1565 443 1620 scientia
470 1563 688 1623 illorum,
717 1561 1008 1616 secundum
1036 1561 1162 1615 illud
1192 1561 1423 1630 loquitur
1447 1560 1666 1614 Joannis
1686 1573 1813 1628 apo-

250 1656 365 1712 stoli
393 1671 495 1726 quo
520 1655 615 1714 ait.
632 1652 982 1719 Dilectissimi,
1004 1656 1046 1707 si
1075 1670 1161 1707 car
1182 1662 1405 1707 nostrum
1434 1669 1524 1707 nos
1552 1652 1819 1721 reprelien-

252 1748 391 1811 derit,
417 1746 580 1815 major
621 1754 693 1798 est
715 1743 851 1799 Deus
875 1745 1177 1798 conscientia
1203 1756 1393 1810 nostra,
1426 1754 1557 1813 etc.,
1591 1740 1634 1815 (l
1657 1741 1813 1797 Joan.

249 1856 322 1905 ut,
346 1840 455 1911 20).

321 1932 401 1989 XI.
428 1931 527 2006 [11).
561 1947 621 1998 rt,
652 1929 769 2003 29.]
798 1930 948 2000 Quod
975 1939 1150 1985 autem
1182 1931 1328 1995 dicit,
1359 1930 1578 1999 Spiritu,
1609 1947 1709 1983 non
1729 1929 1815 1981 lit-

255 2035 386 2088 tera,
415 2024 509 2077 hoc
533 2030 638 2089 est,
671 2031 729 2075 ut
753 2022 1041 2077 secundum
1074 2023 1340 2091 spiritum,
1374 2036 1479 2075 non
1524 2020 1816 2075 secundum

252 2114 385 2185 quod
410 2113 561 2167 habet
585 2113 783 2178 littera,
808 2112 916 2166 Lex
939 2113 1258 2182 intelligatur
1281 2130 1292 2165 :
1318 2111 1457 2181 quod
1485 2113 1665 2181 utique
1690 2126 1818 2165 con-

251 2206 358 2275 tigit
384 2205 486 2260 illis
521 2204 612 2274 qui
649 2205 1103 2259 circumcisionem
1148 2205 1315 2274 magis
1346 2203 1629 2287 carnaliter
1657 2218 1815 2272 quam

252 2298 580 2368 spiritualiter
610 2307 950 2373 acceperunt.
1386 2362 1389 2365 ν

313 2389 418 2445 XII.
454 2390 555 2462 [11).
590 2406 646 2455 n,
676 2388 793 2461 29.]
823 2388 972 2455 Quod
1002 2398 1176 2443 autem
1207 2388 1363 2452 dicit,
1393 2386 1547 2459 Cujus
1579 2386 1689 2441 laus
1716 2403 1817 2440 non

250 2499 304 2538 ea:
332 2482 639 2548 hominibus,
662 2480 751 2534 sed
779 2496 841 2535 ea:
864 2479 992 2545 Deo,
1026 2481 1099 2535 illi
1123 2482 1371 2535 convenit
1407 2480 1550 2550 quod
1591 2480 1684 2547 ait,
1716 2480 1815 2545 Qui

250 2577 295 2629 in
309 2585 492 2629 secreto
518 2574 731 2628 Judteus
755 2582 844 2627 est.

309 2666 419 2721 XIII
435 2666 643 2721 -XVIII.
673 2665 771 2738 [1b.
792 2681 868 2731 tu,
885 2665 1000 2737 20.]
1023 2664 1172 2732 Quod
1193 2674 1370 2718 autem
1392 2664 1539 2731 dicit,
1564 2665 1696 2731 Quia
1715 2682 1815 2719 non

245 2757 595 2830 justiﬁeabitur
613 2758 664 2809 in
695 2755 828 2826 Lege
853 2757 1015 2809 omnis
1045 2772 1163 2808 caro
1198 2771 1367 2808 coram
1396 2755 1485 2807 illo
1511 2771 1527 2807 :
1550 2772 1638 2823 per
1659 2756 1817 2825 legem

234 2849 363 2902 enim
397 2848 618 2919 cognitio
663 2847 874 2916 peccati,
907 2855 959 2900 et
992 2856 1182 2901 caetera
1213 2846 1423 2911 similia,
1459 2861 1577 2915 qua:
1603 2846 1814 2915 quidam

247 2948 418 3008 putant
451 2940 503 2991 in
527 2938 899 2992 contumeliam
922 2937 1077 3006 Legis
1101 2935 1417 3005 objicienda,
1442 2936 1665 2990 sollicite
1686 2936 1816 2990 satis

245 3029 455 3100 legenda
486 3040 627 3096 sunt,
658 3039 714 3084 ut
740 3045 910 3099 neque
939 3030 1025 3084 lex
1054 3030 1119 3084 ab
1142 3030 1397 3099 Apostolo
1422 3030 1715 3099 improbata
1738 3029 1817 3083 vi-

247 3122 445 3190 deatur,
473 3138 640 3193 neque
669 3123 871 3176 homini
900 3122 1174 3176 arbitrium
1206 3122 1428 3176 liberum
1460 3122 1529 3177 sit
1554 3122 1812 3177 ablatum.

246 3214 673 3293 ltaque_quatuor
717 3217 845 3271 istos
892 3215 1087 3285 gradus
1133 3215 1363 3269 hominis
1393 3215 1811 3293 distinguamus;

248 3317 349 3361 ante
376 3306 605 3376 Legem,
637 3305 736 3359 sub
761 3307 920 3375 Lege,
941 3305 1042 3359 sub
1066 3307 1255 3375 gratia,
1290 3306 1342 3359 in
1371 3320 1518 3375 pace.
1547 3307 1683 3361 Ante
1708 3306 1812 3362 Le-

247 3412 365 3467 gem,
414 3397 692 3468 sequimur
734 3398 1212 3467 concupiscentiam
1254 3398 1430 3451 carnis
1463 3418 1475 3451 :
1521 3398 1618 3452 sub
1651 3400 1813 3470 Lege,

248 3489 497 3545 trahimur
547 3489 616 3543 ab
667 3505 729 3545 ea
767 3507 778 3542 :
817 3489 915 3543 sub
960 3489 1148 3559 gratia,
1202 3504 1300 3544 nec
1345 3492 1619 3559 sequimur
1673 3507 1809 3556 eam,

245 3596 328 3637 nec
350 3583 617 3658 trahimur
642 3583 710 3637 ab
729 3597 790 3637 ea
816 3600 828 3634 :
852 3583 903 3636 in
930 3598 1082 3652 pace,
1111 3582 1251 3637 nulla
1298 3594 1381 3638 est
1433 3585 1812 3654 concupiscen-

249 3673 313 3726 tia
343 3676 540 3729 carnis.
573 3675 711 3729 Ante
739 3674 931 3744 Legem
981 3690 1107 3744 ergo
1162 3690 1268 3728 non
1319 3691 1643 3745 pugnamus;
1694 3678 1813 3747 quia

256 3778 351 3819 non
386 3768 550 3822 solum
598 3767 1022 3836 concupiscimus
1065 3776 1119 3821 et
1159 3782 1458 3836 peccamus,
1510 3770 1601 3823 sed
1653 3770 1811 3823 etiam

257 3858 584 3925 approbamus
614 3866 870 3928 peccata:
901 3858 999 3913 sub
1025 3858 1162 3927 Lege
1208 3874 1520 3928 pugnamus,
1563 3859 1654 3916 sed
1695 3862 1811 3914 vin-

256 3951 430 4015 cimur;
482 3950 710 4006 fatemur
766 3950 904 4004 enim
953 3950 1086 4003 mala
1140 3964 1259 4004 esse
1304 3965 1422 4019 qua:
1476 3951 1716 4016 facimus,
1762 3960 1816 4006 et

254 4038 443 4097 fatendo
495 4043 631 4097 mala
670 4057 811 4108 esse,
834 4043 1014 4111 utique
1058 4042 1305 4095 nolumus
1354 4042 1543 4105 facere,
1579 4042 1670 4096 sed
1692 4044 1812 4112 quia

255 4135 465 4191 nondum
494 4145 576 4191 est
594 4135 785 4205 gratia,
815 4149 1146 4203 superamur.
1177 4134 1233 4187 In
1264 4134 1364 4187 isto
1389 4133 1555 4203 gradu
1577 4135 1813 4189 ostendi-

256 4234 329 4280 tur
361 4229 512 4284 nobis
536 4226 803 4298 quomodo
839 4226 1130 4295 jaceamus,
1160 4235 1215 4280 et
1246 4224 1370 4279 dum
1414 4240 1628 4289 surgere
1662 4227 1813 4281 volu-

257 4331 360 4373 mus
381 4329 433 4374 et
453 4320 716 4384 cadimus,
742 4318 953 4387 gravius
995 4316 1297 4386 afﬂigimur.
1331 4316 1455 4370 Inde
1486 4316 1571 4371 hic
1597 4317 1808 4383 dicitur,

261 4406 353 4465 Lex
387 4412 699 4476 subintrauit,
727 4421 782 4464 ut
822 4410 1099 4464 abundaret
1142 4411 1379 4463 delictum
1410 4409 1581 4482 (Rom.
1613 4427 1666 4475 ν,
1692 4411 1807 4483 20).

258 4497 369 4557 inde
390 4512 441 4558 et
470 4504 610 4575 quod
652 4517 794 4556 nunc
829 4502 1057 4570 positum
1088 4510 1189 4566 est,
1230 4500 1325 4554 Per
1353 4501 1536 4570 Legem
1565 4502 1697 4555 enim
1720 4518 1808 4555 co-

260 4591 395 4659 gnitio
420 4594 624 4663 peccati.
651 4591 769 4647 Non
795 4593 937 4646 enim
967 4591 1162 4645 ablatio
1191 4592 1391 4660 peccati
1416 4602 1526 4655 est;
1556 4593 1676 4661 quia
1713 4609 1810 4663 per

260 4680 403 4737 solam
417 4685 635 4754 gratiam
661 4682 899 4737 aufertur
924 4690 1218 4756 peccatum.
1243 4681 1386 4735 Bona
1413 4692 1494 4737 est
1520 4698 1645 4753 ergo
1675 4683 1804 4749 Lex,

260 4772 361 4839 quia
385 4790 443 4831 ea
468 4785 609 4832 vetat
631 4791 751 4846 quae
774 4775 1001 4830 velanda
1030 4783 1171 4841 sunt,
1203 4782 1258 4829 ct
1291 4768 1351 4829 ea
1386 4777 1535 4843 jubet
1563 4793 1680 4846 quin
1718 4778 1807 4846 ju-

261 4856 409 4918 heuda
449 4876 587 4922 sunt.
617 4866 723 4922 Sed
763 4882 883 4920 cum
927 4866 1148 4935 quisque
1192 4866 1335 4919 illam
1368 4866 1568 4921 viribus
1602 4870 1713 4923 suis
1750 4884 1809 4924 se

266 4962 391 5017 putat
416 4957 653 5029 implere,
686 4974 791 5012 non
833 4973 927 5027 per
949 4958 1168 5028 gratiam
1198 4958 1516 5013 Liberatoris
1544 4959 1645 5024 sui,
1680 4960 1809 5014 nihil

263 5043 304 5097 ei
329 5050 529 5115 prodest
554 5054 655 5108 ista
684 5052 1061 5121 praesumptio:
1093 5052 1199 5104 imo
1220 5052 1377 5105 etiam
1401 5061 1601 5106 tantum
1628 5061 1804 5119 nocet,

264 5144 311 5189 ut
342 5148 390 5193 et
418 5144 796 5200 vehementiori
838 5145 1039 5214 peccati
1084 5143 1348 5199 desiderio
1389 5149 1640 5211 rapiatur,
1674 5154 1728 5198 et
1756 5145 1806 5199 in

264 5239 467 5296 Peccatis
492 5245 647 5296 etiam
681 5241 1053 5310 praevaricator
1081 5238 1393 5292 inveniatur.
1426 5236 1523 5291 Ubi
1548 5238 1679 5290 enim
1707 5254 1806 5290 non

263 5332 323 5372 est
349 5323 463 5394 Lex,
492 5348 579 5387 nec
601 5333 945 5404 prtevaricatio
972 5329 1018 5403 (1
1028 5330 1080 5383 d.
1111 5347 1182 5396 ιγ,
1216 5330 1325 5401 15).
1359 5329 1445 5384 Sic
1474 5343 1599 5395 ergo
1624 5329 1807 5396 jacens

263 5424 366 5468 cum
393 5433 448 5475 se
473 5427 695 5496 quisque
722 5425 1029 5493 cognoverit
1057 5440 1153 5495 per
1207 5424 1438 5491 seipsum
1465 5437 1680 5489 surgere
1700 5437 1805 5476 non

260 5502 433 5573 valere,
485 5513 728 5587 imploret
775 5516 1099 5571 Liberatoris
1146 5515 1422 5568 auxilium.
1476 5512 1627 5565 Venit
1681 5528 1808 5584 ergo

259 5596 403 5677 gratia
427 5616 544 5669 qua:
570 5607 729 5662 donet
749 5616 964 5677 peccata
994 5606 1279 5676 praeterita,
1306 5612 1360 5659 et
1394 5611 1674 5658 conantem
1715 5604 1808 5658 ad-

258 5675 403 5753 lul’el,
428 5703 479 5745 et
513 5698 710 5752 tribuat
751 5675 1057 5753 charitatem
1090 5696 1326 5769 justitize,
1361 5703 1414 5750 et
1443 5693 1648 5751 auferat
1689 5712 1804 5751 me-

319 5788 384 5855 la)
414 5802 659 5855 uanitatis.

676 342 1110 412 QUARUMDAM
1138 340 1485 399 PROPOSIT.
1526 340 1620 396 EX
1658 341 1870 396 EPIST.
1913 342 2004 396 AD
2040 342 2227 410 ROM.,
2266 344 2322 400 S.
2356 344 2722 405 AUGUSTINI
2746 349 3118 410 EXPOSITIO.

3370 357 3511 415 2066

1938 464 2070 512 tum.
2095 457 2244 525 Quod
2264 474 2383 515 cum
2412 461 2490 529 fit,
2524 464 2732 519 tametsi
2753 464 3013 523 desideria
3037 470 3279 540 quaedam
3302 475 3501 543 carnis,

1934 546 2059 602 dum
2081 549 2133 603 in
2148 551 2246 605 hac
2265 553 2368 606 vita
2395 567 2597 619 sumus,
2613 555 2866 612 adversus
2892 559 3130 629 spiritum
3151 574 3387 619 nostrum
3408 582 3509 636 pu-

1932 650 2114 709 gnant,
2144 651 2200 698 ut
2228 658 2350 699 eum
2391 645 2588 701 ducant
2626 649 2679 703 in
2725 660 3031 718 peccatum;
3063 670 3166 709 non
3207 663 3383 712 tamen
3425 657 3508 713 his

1931 731 2208 789 desideriis
2235 739 2574 793 consentiens
2600 741 2837 810 Spiritus,
2866 745 3114 814 quoniam
3160 757 3240 802 est
3286 750 3419 803 Iixus
3451 749 3504 805 in

1930 826 2096 893 gratia
2124 838 2177 880 et
2200 828 2457 886 charitate
2485 831 2604 897 Dei,
2635 832 2829 889 desinit
2858 852 3096 904 peccare.
3128 838 3242 894 Non
3272 843 3412 896 enim
3452 844 3504 898 iu

1931 916 2047 986 ipso
2076 918 2341 976 desiderio
2374 940 2554 993 pravo,
2588 926 2681 980 sed
2712 928 2764 981 in
2793 938 2972 983 nostra
3003 933 3353 988 consensione
3381 950 3507 1005 pec-

1929 1022 2127 1064 camus.
2158 1012 2236 1067 Ad
2266 1014 2366 1069 hoc
2393 1016 2699 1087 valeanod
2730 1019 2857 1074 dicit
2891 1022 3029 1076 idem
3055 1025 3351 1092 apostolus,
3386 1026 3509 1084 Non

1929 1116 2045 1171 ergo
2074 1118 2244 1170 regnet
2274 1119 2527 1166 peccatum
2559 1110 2609 1163 in
2636 1122 2793 1164 vestro
2822 1116 3022 1168 mortali
3051 1132 3260 1184 corpore
3297 1120 3364 1172 ad
3392 1120 3512 1175 obs-

1930 1194 2166 1250 diendum
2191 1199 2447 1255 desideriis
2465 1204 2574 1273 ejus
2595 1204 2763 1274 (Rom.
2789 1222 2859 1270 v1,
2882 1207 2990 1277 l2).
3008 1209 3139 1264 Hinc
3162 1212 3305 1266 enim
3321 1221 3505 1268 osten-

1929 1287 2007 1342 dit
2033 1304 2149 1344 csse
2178 1291 2467 1360 desideria,
2498 1298 2688 1367 quibus
2728 1315 2832 1354 non
2881 1301 3195 1367 ohediendo,
3225 1315 3504 1376 peccatum

1910 1378 1980 1443 vin
2013 1382 2163 1435 nobis
2192 1400 2414 1454 regnare
2454 1403 2558 1442 non
2601 1390 2843 1447 sinimus.
2875 1391 2978 1447 Sed
3006 1396 3255 1463 quoniam
3285 1399 3381 1452 ista
3411 1397 3505 1452 de-

1910 1470 2117 1531 sideria
2145 1473 2211 1528 de
2236 1478 2411 1532 carnis
2436 1482 2750 1536 mortalitate
2769 1496 3074 1550 nascuntur,
3101 1503 3219 1556 qua:
3243 1490 3502 1545 trahimus

1927 1575 1990 1615 ex
2021 1563 2188 1630 primo
2213 1578 2429 1633 peccato
2460 1570 2613 1637 primi
2645 1572 2902 1638 hominis,
2932 1576 3071 1630 unde
3098 1579 3385 1635 carnaliter
3408 1595 3504 1635 na—

1926 1652 2161 1714 scimur;
2195 1672 2299 1711 non
2331 1658 2729 1727 ﬁnienturhmc,
2755 1667 2853 1719 nisi
2879 1670 3272 1726 resurrectione
3310 1687 3503 1743 corpo-

1924 1743 1998 1797 ris
2036 1745 2454 1805 immutationem
2506 1752 2668 1817 illam,
2696 1770 2813 1819 qua:
2843 1757 2995 1812 nobis
3024 1762 3365 1829 promittitur,
3389 1779 3503 1821 me-

1925 1838 2206 1906 ruerimus,
2238 1841 2323 1895 ubi
2355 1844 2583 1910 perlecta
2611 1861 2711 1915 pax
2740 1849 2862 1911 erit,
2894 1864 3014 1904 eum
3044 1853 3096 1905 in
3116 1863 3306 1922 quarto
3333 1855 3501 1925 gradu

1924 1931 2358 1988 constituemus“.
2387 1935 2512 1991 Ideo
2551 1947 2726 1994 autem
2770 1943 3001 2010 perfecta
3026 1960 3171 2013 .pax,
3196 1948 3318 2016 quia
3364 1946 3502 2004 nihil

1923 2021 2078 2072 nobis
2105 2023 2314 2077 resistet
2334 2040 2439 2078 non
2467 2027 2838 2085 resistentibus
2862 2033 2992 2087 Deo.
3022 2033 3132 2090 Hoc
3146 2048 3228 2090 est
3254 2039 3397 2107 quod
3421 2038 3504 2093 di-

1924 2108 1995 2162 cit
2021 2112 2322 2179 Apostolus,
2342 2112 2537 2185 Corpus
2566 2118 2768 2186 quidem
2793 2131 3043 2175 mortuum
3066 2135 3140 2177 est
3160 2135 3362 2196 prapter
3388 2144 3503 2199 pec-

1923 2212 2108 2267 catum,
2142 2205 2345 2274 spiritus
2370 2218 2535 2261 autem
2565 2209 2665 2262 vita
2688 2221 2760 2264 est
2784 2222 2987 2282 propter
2996 2217 3268 2285 justitiam.
3299 2220 3360 2274 Si
3384 2237 3502 2293 ergo

1925 2296 2150 2367 Spiritus
2171 2300 2277 2367 ejus
2306 2301 2392 2369 qui
2428 2303 2684 2356 suscitavit
2712 2304 2887 2359 Iesum
2912 2322 2944 2359 a
2972 2311 3201 2374 mortuis,
3231 2311 3420 2367 habitat
3449 2316 3504 2370 in

1923 2386 2058 2440 vobis
2076 2406 2094 2451 ;
2114 2390 2200 2460 qui
2223 2392 2475 2444 suscitavit
2497 2393 2749 2448 Christum
2768 2395 2804 2449 Ι
2807 2413 2945 2449 esum
2969 2414 3001 2451 a
3023 2404 3250 2467 mortuis,
3278 2405 3505 2471 viviﬁca-

1925 2478 1991 2531 bit
2006 2489 2051 2532 et
2073 2482 2306 2535 mortalia
2326 2498 2540 2552 corpora
2560 2495 2721 2538 vestra
2746 2504 2834 2556 per
2875 2488 3235 2545 inhabitantem
3253 2494 3503 2563 Spiritum

1923 2571 2030 2639 ejus
2059 2572 2109 2624 in
2163 2572 2297 2627 vobis
2337 2572 2470 2646 (Id.
2498 2593 2609 2642 VIII,
2636 2577 2721 2639 10.
2754 2577 2864 2648 ll).
2894 2581 3143 2637 Liberum
3187 2600 3314 2654 ergo
3356 2586 3504 2641 arbi-

1924 2663 2082 2716 trium
2107 2663 2339 2732 perfecte
2368 2666 2466 2721 fuit
2508 2668 2560 2721 in
2598 2669 2770 2737 primo
2794 2671 3027 2738 homine,
3058 2673 3109 2727 in
3141 2675 3294 2729 nobis
3319 2686 3500 2732 autem

1923 2763 2046 2807 ante
2074 2758 2294 2824 gratiam
2326 2773 2433 2811 non
2464 2767 2546 2813 est
2565 2759 2788 2815 liberum
2812 2762 3087 2817 arbitrium
3109 2773 3167 2819 ut
3189 2780 3292 2820 non
3316 2782 3501 2835 pecce-

1924 2861 2062 2911 mus,
2090 2848 2185 2901 sed
2217 2856 2418 2902 tantum
2443 2857 2501 2903 ut
2526 2866 2745 2919 peccare
2782 2853 3032 2908 nolimus.
3055 2854 3235 2910 Gratia
3267 2873 3397 2913 vero
3424 2859 3503 2914 ef-

1923 2937 2033 2993 ficit
2074 2948 2125 2993 ut
2167 2957 2270 2995 non
2306 2949 2509 2997 tantum
2538 2944 2763 2998 velimus
2804 2955 2949 3002 recte
2988 2946 3183 3013 facere,
3215 2950 3308 3005 sed
3338 2952 3500 3006 etiam

1923 3032 2215 3100 possimus;
2245 3048 2349 3087 non
2375 3034 2576 3090 viribus
2602 3037 2818 3101 nostris,
2844 3036 2938 3091 sed
2983 3038 3309 3095 Liberatoris
3344 3043 3499 3097 auxi-

1920 3121 2013 3189 lio,
2045 3124 2132 3192 qui
2164 3124 2317 3179 nobis
2336 3127 2494 3180 etiam
2514 3129 2802 3197 perfectam
2824 3145 3009 3198 pacem
3030 3132 3084 3185 in
3110 3134 3501 3191 resurrectione

1920 3216 2135 3281 tribuet,
2166 3232 2283 3287 quae
2329 3234 2428 3287 pax
2469 3220 2696 3288 perfecta
2739 3221 2932 3275 bonam
2961 3222 3290 3278 voluntatem
3313 3240 3508 3280 conse-i

1919 3309 2117 3376 quitur.
2139 3306 2317 3362 Gloria
2346 3312 2486 3364 enim
2515 3312 2567 3364 in
2593 3312 2799 3365 excelsis
2830 3312 2954 3376 Deo,
2984 3315 3101 3368 etin
3126 3326 3259 3370 terra
3282 3334 3385 3387 paa:
3402 3318 3498 3372 Ito-

1920 3398 2136 3453 minibus
2165 3399 2308 3454 boum
2331 3401 2599 3455 voluntatis
2630 3402 2778 3473 (Luc.
2804 3420 2861 3470 ιι,
2893 3402 3004 3476 14).

1994 3490 2133 3545 XIX.
2178 3491 2275 3565 [11).
2309 3510 2383 3557 tu,
2413 3494 2527 3567 5L]
2557 3495 2705 3564 Quod
2772 3506 2946 3551 autem
2986 3498 3133 3567 dicit,
3166 3500 3349 3572 Legem
3382 3521 3501 3575 ergo

1919 3599 2217 3637 evacuamus
2240 3601 2328 3655 per
2361 3586 2513 3653 ﬁdem
2531 3587 2556 3638 ?
2584 3588 2722 3639 Absit
2755 3605 2773 3641 :
2800 3588 2888 3641 sed
2915 3588 3098 3659 Legem
3131 3594 3413 3657 statuimus,
3449 3596 3504 3649 id

1919 3685 2026 3739 est,
2076 3676 2369 3732 firmamus.
2422 3677 2528 3733 Sed
2584 3680 3026 3748 quemadmodum
3080 3681 3333 3738 firmanda
3386 3697 3505 3742 erat

1919 3766 2045 3830 Lex,
2076 3767 2175 3819 nisi
2204 3782 2297 3835 per
2314 3767 2615 3835 justitiam?
2641 3768 2906 3824 Justitiam
2946 3781 3123 3825 autem
3153 3789 3273 3843 quae
3301 3785 3382 3830 est
3406 3791 3502 3845 per

1919 3858 2111 3923 Iidem;
2144 3858 2265 3926 quia
2293 3874 2355 3913 ea
2394 3860 2503 3928 ipsa
2549 3876 2666 3929 qua:
2717 3876 2825 3915 non
2868 3874 3114 3932 poterant
3153 3865 3360 3937 impleri
3404 3883 3501 3939 per

1919 3950 2136 4017 Legem,
2165 3966 2259 4019 per
2287 3950 2445 4005 fidem
2472 3952 2687 4020 impleta
2713 3962 2855 4008 sunt.

1990 4040 2106 4096 XX.
2151 4040 2245 4113 [Ib.
2277 4057 2350 4105 tv,
2382 4040 2460 4112 2.]
2487 4042 2637 4107 Quod
2660 4051 2837 4098 autem
2876 4046 2968 4109 ait,
2999 4047 3060 4101 Si
3085 4048 3216 4102 enim
3243 4051 3499 4107 Abraham

1917 4150 1978 4188 ea:
2005 4132 2237 4201 operibus
2252 4132 2559 4201 justi/icatus
2579 4142 2668 4194 est,
2694 4134 2837 4188 liabet
2859 4138 3092 4206 gloriam,
3120 4141 3208 4193 sed
3231 4158 3331 4195 non
3360 4145 3501 4211 apud

1917 4224 2116 4288 Deum;
2149 4224 2251 4280 hoc
2269 4234 2369 4289 est,
2400 4225 2520 4294 quia
2544 4225 2806 4280 Abraham
2835 4228 2950 4282 sine
2982 4229 3123 4300 Lege
3148 4231 3271 4285 dum
3302 4248 3406 4287 non
3432 4249 3500 4290 ex

1917 4318 2167 4389 operibus
2206 4318 2360 4387 chis
2395 4316 2616 4387 gloriam
2646 4320 2932 4388 conquirit,
2968 4322 3119 4391 quasi
3160 4325 3269 4378 suis
3298 4325 3499 4380 viribus

1917 4411 2111 4479 Legem
2140 4411 2375 4479 impleat,
2404 4424 2523 4464 cum
2568 4410 2741 4463 adhuc
2781 4411 2886 4466 Lex
2920 4412 3016 4467 ista
3047 4414 3166 4468 data
3200 4431 3305 4469 non
3333 4425 3495 4483 esset,

1915 4502 2010 4558 Dei
2033 4502 2116 4555 illa
2136 4501 2327 4570 gloria,
2360 4514 2465 4553 non
2489 4514 2580 4553 sua
2604 4508 2703 4554 est.
2735 4499 2850 4554 Non
2879 4503 3019 4556 enim
3043 4506 3235 4559 merito
3263 4505 3344 4560 sui
3374 4510 3505 4560 tan-'

1915 4611 2072 4665 quam
2101 4610 2166 4648 ex
2202 4594 2468 4662 operibus,
2499 4592 2592 4647 sed
2614 4593 2702 4648 Dei
2731 4594 2897 4663 gratia
2928 4595 3027 4649 ﬁde
3048 4595 3368 4665 justiticatus
3393 4607 3493 4654 est.

1990 4686 2128 4740 XXI.
2175 4684 2272 4758 [1b.
2319 4701 2392 4750 IV,
2438 4681 2516 4756 4.]
2556 4683 2707 4750 Quod
2754 4695 2928 4739 autem
2975 4687 3068 4746 ait.
3109 4687 3176 4740 Ei
3217 4698 3381 4743 autem
3410 4691 3497 4760 qui

1916 4786 2170 4847 operatur,
2198 4792 2385 4830 merces
2421 4791 2516 4828 non
2545 4776 2821 4845 imputatur
2848 4776 3122 4830 secundum
3144 4780 3380 4848 gratiam,
3411 4779 3500 4833 sed

1914 4869 2186 4924 secundum
2221 4868 2457 4922 debitum.
2486 4864 2620 4919 dixit
2646 4866 3092 4935 quemadmodum
3125 4868 3367 4923 homines
3397 4870 3496 4926 Ito-

1914 4961 2145 5017 miuibus
2188 4958 2410 5012 reddant
2454 4956 2775 5010 mercedem.
2805 4956 2936 5010 Nam
2970 4957 3107 5010 Deus
3137 4973 3233 5027 per
3271 4961 3495 5030 gratiam

1915 5053 2079 5116 dedit,
2129 5051 2248 5121 quia
2300 5047 2663 5119 peccatoribus
2699 5048 2873 5131 dedit,
2905 5057 2961 5101 ut
3010 5064 3104 5117 per
3148 5050 3499 5122 Iidemjuste

1914 5146 2177 5207 viverent,
2224 5141 2273 5196 id
2318 5150 2401 5195 est
2437 5140 2572 5194 bene
2612 5151 2981 5208 operarentur.
3023 5140 3176 5209 Quod
3209 5161 3336 5214 ergo
3363 5145 3496 5201 bene

1915 5234 2322 5307 operamurjam
2351 5242 2568 5301 accepta
2592 5232 2919 5300 gratia,non
2960 5236 3133 5300 nobis,
3162 5237 3255 5292 sed
3297 5239 3367 5291 illi
3400 5242 3496 5291 tri-

1915 5326 2183 5383 buendum
2219 5332 2320 5387 est,
2349 5340 2436 5392 qui
2482 5338 2575 5392 per
2607 5323 2827 5392 gratiam
2872 5340 2969 5379 nos
3008 5326 3330 5395 justiticavit.
3360 5325 3493 5382 Nam

1916 5420 1958 5474 si
1986 5419 2215 5473 debitam
2242 5415 2538 5471 tnercedem
2567 5415 2724 5469 vellet
2742 5415 2986 5484 reddere,
3012 5432 3221 5488 poenam
3250 5415 3496 5473 redderet

1915 5510 2143 5566 debitam
2174 5508 2556 5577 peccatoribus.

1984 5598 2148 5654 XXII.
2193 5597 2290 5670 [11).
2338 5614 2415 5662 tv,
2458 5596 2536 5671 5.]
2572 5598 2721 5668 Quod
2762 5606 2936 5653 autem
2978 5598 3067 5661 ait,
3119 5597 3218 5663 Qui
3243 5598 3496 5669 justi/ictu

1916 5693 2143 5760 impium,
2182 5691 2283 5745 hoc
2310 5701 2389 5745 est
2413 5707 2476 5745 cx
2505 5691 2664 5761 impio
2694 5692 2834 5760 pium
2866 5689 3008 5756 facit,
3043 5699 3098 5743 ut
3123 5690 3188 5745 de
3215 5700 3411 5747 caetero
3437 5694 3493 5751 in

1979 5807 1998 5835 ι
2024 5810 2121 5851 Am.
2142 5809 2193 5852 et
2214 5810 2309 5856 mn.
2328 5815 2429 5867 pan:
2444 5804 2536 5852 erit
2556 5813 2698 5865 quam
2711 5800 2949 5862 inquam
2966 5801 3126 5864 gradu
3148 5789 3517 5857 constituimus."
