3994 6380
1738 375 2113 432 EXI’OSITIO.
3384 374 3521 434 2070

1943 495 2025 549 bis
2051 489 2328 547 desideriis
2361 498 2415 544 et
2461 489 2814 544 incitamentis
2842 489 3154 564 quibusdam
3201 489 3266 543 ad
3298 504 3520 558 peccanv

1945 586 2090 651 dum,
2114 597 2218 636 non
2239 581 2512 636 obedimus
2530 588 2727 647 tamen,
2753 595 2924 648 neque
2944 581 3325 645 consentimus,
3345 593 3520 637 mente

1947 677 2238 732 servientes
2265 675 2365 745 legi
2401 674 2523 738 Dei;
2567 674 2685 742 quia
2714 673 2906 727 mortui
2930 687 3111 726 sumus
3138 683 3373 742 peccato.
3408 675 3517 728 Mo-

323 401 397 462 69

323 403 397 462 69
1738 403 1837 432 na.

175 403 798 586 g“XXXII-XXXIV.
841 515 937 591 [Ib.
984 531 1056 579 v,
1089 513 1168 584 6.]
1194 510 1344 578 Quod
1384 515 1558 561 autem
1601 505 1692 567 ait,
1729 501 1837 554 Hoc

212 621 494 682 scientes,
513 615 636 688 quia
660 622 794 671 vetus
831 612 981 664 homo
1013 616 1177 661 noster
1200 604 1346 658 simul
1372 601 1642 667 cruciﬁxus
1666 606 1755 662 est,
1786 604 1839 648 ut

225 715 587 770 evacuarelur
616 719 804 773 corpus
825 702 1030 772 peccati,
1060 697 1286 756 refertur
1310 693 1374 748 ad
1407 692 1538 746 illud
1567 688 1705 762 quod
1747 703 1842 764 per

232 802 480 870 Bioysen
508 796 708 850 dictum
736 802 838 860 est,
874 789 1166 844 Maledictus
1196 788 1354 841 omnis
1383 784 1466 856 qui
1505 784 1556 834 in
1587 781 1720 852 ligno
1752 794 1839 848 pe—

242 890 488 966 pmderit
516 885 695 959 (Deut.
730 901 844 952 xxt,
871 884 983 956 23).
1020 883 1222 938 Veteris
1245 879 1385 936 enim
1409 875 1638 932 hominis
1667 871 1839 928 cruci-

251 988 394 1042 [ixio
413 982 700 1054 signiﬁcata
730 988 818 1038 est
844 980 896 1032 in
923 992 1078 1038 cruce
1109 973 1333 1036 Domini,
1356 972 1493 1026 sicut
1518 967 1640 1023 novi
1666 966 1839 1020 horni—

251 1080 356 1134 nis
380 1073 684 1135 instauratio
724 1072 777 1134 in
813 1069 1200 1128 resurrectione
1256 1063 1544 1135 significata
1599 1067 1699 1116 est.
1733 1058 1842 1112 Ma-

257 1170 511 1227 nifestum
537 1175 620 1222 est
643 1173 820 1224 autem
844 1163 1131 1222 secundum
1158 1175 1277 1215 eum
1305 1171 1402 1212 nos
1426 1169 1588 1226 agere
1608 1161 1842 1213 veterem

254 1262 553 1326 hominem,
593 1258 684 1330 qui
721 1255 1032 1315 maledictus
1057 1262 1138 1313 est
1168 1270 1180 1306 :
1211 1258 1427 1322 propter
1465 1260 1620 1318 quem
1653 1257 1834 1314 pecca-

257 1365 379 1408 tum
421 1359 472 1407 et
509 1351 578 1404 de
609 1349 832 1410 Domino
856 1346 1052 1402 dictum
1095 1359 1212 1399 esse
1247 1356 1402 1396 nemo
1441 1338 1676 1408 ambigit,
1701 1334 1843 1406 quod

263 1453 479 1518 peccata
523 1452 703 1497 nostra
754 1439 980 1511 portavit
1028 1437 1175 1510 (lsai.
1207 1451 1315 1499 un,
1349 1432 1457 1502 Il),
1485 1440 1538 1485 et
1567 1439 1842 1502 peccatum

261 1553 367 1608 pro
394 1534 543 1589 nobis
588 1531 711 1587 fecit
754 1531 822 1603 (ll
849 1531 964 1585 Cor.
1008 1545 1062 1595 v,
1105 1529 1224 1600 21).ὶ
1254 1533 1306 1581 et
1342 1524 1408 1580 de
1457 1530 1672 1594 peccato
1713 1534 1842 1574 con»

265 1629 534 1685 (lemnavit
578 1634 852 1698 peccatum
896 1623 1070 1694 (Rom.
1121 1637 1234 1685 vm,
1275 1620 1353 1689 5).
1384 1617 1520 1686 Quid
1559 1624 1641 1674 est
1666 1621 1841 1668 autem

267 1734 522 1774 cvacuare
549 1733 743 1786 corpus
773 1715 1013 1785 peccati?
1039 1713 1153 1782 Ipse
1179 1711 1424 1780 exposuit
1455 1729 1466 1764 :
1495 1709 1560 1764 Ut
1583 1708 1715 1760 ultra
1745 1721 1843 1759 non

267 1815 534 1866 serviamus
577 1818 801 1879 peccato.
852 1807 917 1862 Et
962 1805 1092 1864 illud
1130 1803 1270 1874 quod
1311 1805 1402 1868 ait,
1436 1802 1496 1858 Si
1533 1801 1717 1877 mortui
1760 1815 1846 1852 su-

277 1923 382 1958 mus
422 1920 532 1958 cum
574 1901 798 1967 Christo,
842 1900 943 1956 hoc
988 1909 1090 1964 est,
1121 1899 1166 1952 si
1211 1896 1449 1954 cruciﬁxi
1494 1911 1674 1953 sumus
1723 1908 1844 1948 cum

277 1996 496 2050 Christo.
532 1993 666 2047 Dicit
699 1991 840 2045 enim
875 1990 978 2043 alio
1009 1989 1124 2042 loco
1158 2006 1169 2040 :
1210 1985 1305 2052 Qui
1345 1988 1477 2041 enim
1511 1984 1694 2040 Christi
1722 1984 1846 2038 Jesu

279 2099 407 2149 sunt,
433 2103 628 2140 carnem
653 2101 800 2140 suam
829 2083 1186 2151 cruciﬁateruut
1223 2097 1334 2134 cum
1368 2080 1499 2138 vitiis
1533 2089 1578 2132 et
1612 2079 1848 2146 concupi-

280 2178 466 2231 scentiis
504 2176 698 2246 (Galat.
738 2192 796 2238 ν,
836 2174 948 2244 24).
980 2173 1092 2226 Non
1134 2186 1259 2241 ergo
1309 2172 1534 2233 Domino
1579 2169 1847 2224 maledixit

280 2268 494 2340 Moyses,
512 2269 602 2326 sed
622 2267 747 2339 quid
765 2264 1194 2333 ostendereteius
1211 2262 1481 2316 cruciﬁxio
1495 2261 1842 2332 prophetarit.

344 2359 553 2414 XXXV.
596 2356 697 2430 [11).
747 2374 821 2424 v1,
871 2355 980 2428 14.]
1023 2355 1174 2422 Quod
1213 2363 1387 2408 autem
1433 2353 1524 2416 ait,
1578 2352 1847 2412 Peccatum

280 2452 398 2504 enim
439 2453 490 2504 in
534 2450 672 2504 vobis
720 2465 820 2502 non
868 2446 1250 2502 dominabitur:
1281 2463 1383 2499 non
1425 2446 1560 2499 enim
1599 2447 1713 2500 estis
1755 2445 1844 2499 sub

281 2543 418 2614 Lege,
457 2545 544 2599 sed
582 2545 673 2598 sub
699 2544 889 2614 gratia,
909 2544 1089 2612 utique
1114 2541 1180 2596 ad
1218 2541 1428 2595 tertium
1453 2541 1594 2596 illum
1628 2540 1844 2610 gradum

284 2638 376 2706 iam
417 2636 670 2708 pertinet,
698 2636 787 2690 ubi
818 2635 976 2690 homo
1001 2635 1111 2706 jam
1141 2643 1317 2688 mente
1357 2633 1520 2688 servit
1561 2632 1686 2700 Legi
1722 2633 1843 2698 Dei,

285 2730 506 2800 quamvis
552 2743 716 2786 carne
764 2726 960 2782 serviat
1006 2725 1109 2794 legi
1156 2724 1356 2794 peccati
1398 2723 1570 2794 (Rom.
1607 2738 1698 2786 vn,
1730 2722 1843 2793 25).

284 2819 383 2874 Non
411 2820 547 2874 enim
580 2818 799 2873 obaudit
829 2817 1094 2871 desiderio
1133 2816 1363 2886 peccati,
1402 2815 1644 2884 quamvis
1677 2815 1849 2870 adhuc

285 2912 556 2966 sollicitent
597 2909 1065 2982 concupiscentiae,
1114 2916 1166 2960 ct
1213 2914 1504 2975 provocent
1529 2905 1602 2960 ad
1624 2920 1847 2959 consen—

285 3006 495 3070 sionem,
528 3003 703 3058 donec
739 3001 1033 3054 vivilicetur
1064 2999 1222 3054 etiam
1248 3012 1459 3066 corpus,
1490 3007 1541 3051 et
1567 2997 1848 3054 absorbea-

287 3106 360 3150 tur
385 3111 525 3151 mors
554 3096 610 3148 in
639 3094 914 3147 victoriam
947 3092 988 3161 (I
1023 3089 1138 3144 Cor.
1174 3106 1260 3154 xv,
1292 3090 1406 3158 54).
1431 3089 1559 3157 Quia
1589 3103 1712 3158 ergo
1744 3104 1848 3142 non

284 3188 631 3241 consentimus
675 3184 954 3239 desideriis
1010 3183 1206 3252 pravis,
1256 3183 1307 3243 in
1352 3182 1516 3250 gratia
1562 3196 1762 3245 sumus,
1795 3189 1849 3234 et

285 3295 379 3333 non
416 3286 604 3348 regnat
647 3284 922 3346 peccatum
966 3275 1018 3328 in
1047 3282 1229 3327 nostro
1262 3272 1472 3326 mortali
1499 3285 1723 3342 corpore
1756 3288 1767 3323 :
1797 3281 1852 3327 et

285 3371 485 3423 omnino
515 3384 580 3424 ex
608 3367 699 3420 illo
725 3366 842 3419 loco
871 3365 954 3419 ubi
987 3365 1078 3428 ait,
1113 3362 1212 3430 Qui
1230 3363 1410 3416 mortui
1434 3377 1604 3415 sumus
1627 3371 1850 3430 peccato,

284 3461 518 3531 quomodo
549 3460 767 3512 vivemus
812 3458 864 3510 in
906 3473 962 3509 eo
1009 3455 1181 3527 (Rom.
1233 3471 1303 3518 vt,
1350 3455 1436 3520 12,
1483 3453 1575 3524 2)?
1603 3469 1724 3508 eum
1756 3453 1850 3508 de-

283 3554 471 3616 scribit,
504 3550 592 3622 qui
629 3558 711 3604 est
737 3549 836 3603 sub
873 3548 1038 3617 gratia
1067 3547 1401 3607 constitutus.
1430 3545 1524 3600 Cui
1555 3555 1728 3600 autem
1759 3545 1853 3600 do-

284 3646 500 3699 minatur
543 3651 819 3712 peccatum
843 3680 857 3706 ,
890 3640 1128 3709 quamvis
1165 3639 1291 3694 velit
1333 3646 1550 3710 peccato
1580 3639 1852 3704 resistere,

284 3738 448 3791 adhuc
474 3737 574 3790 sub
606 3737 746 3805 Lege
772 3743 871 3798 est,
901 3731 1132 3785 nondum
1161 3731 1257 3785 sub
1279 3730 1464 3800 gratia.

352 3826 584 3882 XXXVI.
618 3823 717 3898 [11).
741 3839 834 3888 vn,
856 3820 935 3894 2.]
954 3821 1102 3899 Quod
1132 3829 1306 3874 autem
1333 3819 1478 3885 dicit,
1509 3820 1695 3878 Mulier
1721 3822 1855 3874 enim

281 3921 364 3973 sub
388 3920 493 3972 viro
517 3961 531 3984 ,
556 3919 664 3971 vivo
687 3917 866 3968 marito
889 3955 903 3980 ,
933 3914 1093 3968 vincta
1120 3921 1189 3966 est
1216 3912 1347 3982 legi;
1372 3912 1412 3970 si
1444 3922 1608 3966 autem
1632 3922 1855 3965 mortuus

281 4018 422 4086 fuerit
448 4017 521 4068 vir
543 4015 674 4082 ejus,
701 4017 936 4065 evacuate
963 4017 1034 4062 est
1053 4026 1083 4060 a
1105 4009 1211 4077 lege
1233 4006 1350 4069 viri,
1368 4015 1494 4072 ctc..,
1521 4005 1854 4060 animadver-

282 4107 491 4162 tendum
518 4115 601 4161 est
628 4106 781 4158 istam
819 4099 1215 4155 similitudinem
1248 4102 1298 4152 in
1329 4099 1426 4150 hoc
1455 4097 1665 4154 diﬁcrre
1699 4097 1764 4153 ab
1794 4112 1856 4158 ea

284 4219 334 4257 rc
361 4209 577 4271 promer
617 4212 772 4268 quam
801 4195 1035 4249 adhibita
1082 4199 1166 4247 est
1188 4233 1206 4257 ,
1247 4191 1388 4261 quod
1418 4190 1501 4251 hic
1529 4191 1702 4244 virum
1731 4189 1856 4250 dicit

285 4294 434 4359 mori,
462 4291 726 4346 etmulier
754 4288 916 4342 nubat
937 4287 1018 4346 cui
1041 4285 1204 4349 volet,
1238 4283 1455 4342 liberata
1487 4282 1664 4350 utique
1693 4298 1724 4338 a
1744 4282 1858 4351 lege

286 4385 378 4438 viri
413 4404 425 4439 :
454 4382 524 4437 ibi
552 4389 730 4436 autem
759 4393 878 4432 cum
911 4377 1193 4431 constituat
1223 4375 1452 4428 animam
1484 4375 1632 4450 quasi
1672 4373 1858 4427 muliev

287 4491 392 4529 rem
417 4516 432 4541 ,
458 4475 631 4528 virum
660 4480 839 4524 autem
867 4467 1013 4538 quasi
1049 4465 1320 4536 passiones
1349 4475 1720 4532 peccatorum,
1745 4479 1862 4533 qua:

286 4576 570 4636 operantur
591 4565 646 4617 in
668 4560 940 4625 membris,
965 4567 1019 4612 ut
1041 4557 1263 4611 fructum
1293 4555 1462 4608 ferant
1484 4557 1659 4619 morti,
1687 4556 1734 4609 id
1757 4564 1860 4621 est,

287 4670 342 4713 ut
366 4659 452 4713 tali
474 4656 723 4727 coniugio
750 4653 926 4721 proles
955 4650 1108 4720 digna
1137 4657 1413 4713 nascatur;
1436 4657 1489 4702 et
1517 4649 1619 4702 Lex
1648 4648 1718 4720 (α)
1746 4663 1862 4716 qua:

288 4750 404 4804 data
431 4761 513 4805 est
546 4765 651 4802 non
681 4747 747 4800 ad
776 4743 1118 4801 auferendum
1147 4753 1438 4810 peccaturo,
1464 4742 1544 4794 vel
1575 4741 1641 4798 ad
1671 4743 1864 4796 libera-

291 4845 484 4897 tionem
515 4858 546 4896 a
573 4848 812 4912 peccato,
841 4836 933 4891 sed
952 4836 1016 4888 ad
1035 4834 1419 4888 ostendendum
1449 4843 1718 4903 peccatum
1744 4843 1866 4894 ante

290 4935 544 5002 gratiam;
572 4946 669 5001 per
699 4929 837 4999 quod
872 4927 1063 4981 factum
1105 4934 1184 4979 est
1213 4935 1267 4978 ut
1307 4927 1404 4980 sub
1431 4925 1566 4993 Lege
1597 4926 1754 4994 positi
1781 4940 1869 4978 vc-

291 5024 607 5081 hemcntiori
636 5021 900 5076 desiderio
925 5017 1175 5089 peccandi
1205 5028 1534 5086 raperentur,
1560 5029 1612 5073 et
1638 5019 1866 5088 amplius

291 5118 446 5171 etiam
481 5112 915 5188 prtevaricatione
948 5117 1226 5178 peccarent
1253 5125 1263 5158 ;
1298 5123 1416 5161 cum
1443 5119 1645 5178 ergoet
1670 5108 1737 5160 ibi
1772 5109 1868 5167 tria

291 5209 428 5274 sint,
461 5207 639 5260 anima
691 5213 938 5272 tanquam
992 5199 1198 5262 mulier,
1228 5199 1499 5266 passiones
1534 5209 1869 5270 peccatorum

295 5310 540 5372 tanquam
573 5298 674 5361 vir,
705 5305 757 5349 et
785 5294 889 5348 Lex
916 5303 1162 5360 tanquam
1195 5288 1275 5342 lex
1309 5289 1424 5354 viri,
1458 5305 1558 5342 non
1594 5290 1661 5344 ibi
1694 5299 1868 5346 tamen

295 5390 526 5462 peccatis
552 5386 776 5442 mortuis
797 5428 810 5450 ,
838 5393 1082 5452 tanquam
1106 5381 1217 5434 viro
1247 5391 1452 5434 tuortuo
1475 5423 1490 5445 ,
1519 5381 1729 5433 liberari
1759 5381 1871 5434 ani-

295 5497 433 5535 mam
461 5480 621 5542 dicit;
647 5477 739 5531 sed
769 5477 936 5543 ipsam
963 5474 1190 5526 animam
1223 5471 1357 5524 mori
1393 5481 1626 5536 peccato.
1657 5481 1707 5524 et
1738 5471 1870 5524 Iibe-

295 5573 400 5628 rari
430 5588 460 5626 a
492 5571 636 5646 Lege
657 5611 672 5634 ,
716 5576 773 5620 ut
813 5566 880 5618 sit
907 5565 1122 5623 alterius
1147 5563 1271 5626 viri,
1308 5562 1357 5615 id
1387 5571 1467 5620 est
1495 5561 1722 5626 Christi,
1751 5578 1873 5625 cum

296 5672 508 5719 mortua
536 5660 694 5716 fuerit
723 5665 944 5736 peccato
965 5699 978 5722 ,
1010 5656 1250 5724 quamvis
1279 5655 1449 5709 adhuc
1484 5655 1630 5723 quasi
1671 5654 1874 5718 vivente

297 5758 412 5824 ipso
441 5759 660 5822 peccato
691 5766 704 5801 :
733 5745 876 5824 quod
907 5745 962 5798 iit
990 5761 1108 5798 cum
1136 5745 1306 5797 adlmc
1338 5744 1669 5798 manentibus
1703 5746 1750 5799 in
1784 5762 1876 5804 no-

357 5849 431 5909 (a)
463 5851 622 5905 Forte,
649 5849 694 5893 et
718 5840 874 5904 legem
894 5839 985 5889 uiri
1010 5839 1145 5902 quasi
1168 5837 1318 5902 legem
1340 5852 1459 5901 qtae.

1947 769 2111 823 rietur
2131 777 2305 821 autem
2332 773 2385 820 et
2407 775 2700 835 peccatum,
2729 779 2847 818 cum
2872 763 3178 818 reformatio
3205 767 3443 835 corporis
3464 767 3517 820 in

1947 860 2337 916 resurrecrionc
2362 857 2496 912 facta
2524 857 2699 919 fuerit,
2734 857 2798 910 de
2828 872 2928 926 qua
2962 865 3077 925 post
3100 855 3248 922 dicit,
3285 855 3522 925 Vivi/ica-

1948 954 2016 1007 bit
2042 962 2086 1007 et
2107 953 2337 1005 mortalia
2359 967 2570 1020 corpora
2601 960 2780 1014 vestra,
2811 959 3012 1018 propter
3039 946 3288 1018 Spiritum
3316 965 3522 1004 ntanen-

1951 1056 2046 1099 tem
2066 1046 2117 1098 in
2140 1045 2274 1097 vobis
2303 1041 2475 1114 (Rom.
2501 1059 2592 1096 vui
2614 1083 2627 1106 ,
2663 1043 2775 1110 11).

2020 1136 2279 1191 XXXVII.
2316 1133 2410 1206 [11).
2441 1151 2532 1198 vn,
2557 1135 2608 1198 8,
2642 1133 2750 1205 15.]
2781 1134 2930 1202 Quod
2954 1142 3129 1188 autem
3155 1132 3322 1198 dicit,
3359 1131 3528 1186 0cca~

1948 1229 2086 1282 sione
2111 1237 2276 1279 autem
2301 1236 2522 1293 accepta,
2555 1236 2809 1293 peccatum
2830 1242 2918 1295 per
2944 1226 3236 1277 mandatum
3257 1233 3520 1294 operatum

1949 1330 2018 1374 est
2061 1321 2113 1372 in
2156 1335 2232 1370 me
2262 1331 2458 1370 onmem
2484 1317 2966 1386 concupiscentiam,
3007 1316 3404 1386 intelligendum
3444 1326 3528 1370 est

1950 1427 2053 1466 non
2082 1427 2291 1466 omnem
2319 1409 2482 1463 fuisse
2507 1412 3006 1480 concupiscentiam,
3042 1420 3322 1480 antequam
3346 1410 3529 1480 prohi-

1950 1503 2147 1557 bitione
2174 1511 2325 1556 aucta
2354 1511 2511 1555 esset.
2540 1503 2773 1571 Augetur
2793 1505 2932 1556 enim
2957 1503 3311 1571 prohibitione
3335 1518 3528 1558 concu—

1951 1597 2210 1666 piscentia
2233 1638 2246 1662 ,
2279 1597 2490 1666 quando
2517 1595 2665 1649 deest
2690 1597 2856 1665 gratia
2887 1597 3160 1650 Iiberantis
3189 1615 3199 1649 :
3232 1596 3349 1650 idco
3389 1612 3526 1650 non—

1950 1688 2073 1742 dmn
2114 1698 2194 1742 est
2233 1688 2405 1741 omnis
2443 1696 2725 1755 antequam
2778 1686 3144 1755 prohibeatur;
3197 1702 3315 1742 cum
3353 1696 3531 1749 autem

1952 1779 2215 1848 prohibita
2249 1779 2435 1844 fuerit,
2464 1777 2754 1832 desistente
2775 1819 2788 1841 ,
2823 1787 2878 1830 ut
2907 1777 3151 1842 diximus,
3186 1779 3374 1847 gratia,
3408 1788 3530 1832 tan-

1951 1883 2060 1928 tum
2104 1873 2296 1928 crescit
2344 1871 2806 1940 concupiscentia,
2862 1880 2920 1923 ut
2969 1871 3036 1923 ita
3087 1871 3137 1923 in
3187 1885 3282 1924 suo
3334 1886 3529 1940 genere

1951 1968 2143 2033 omnis,
2169 1967 2220 2020 id
2247 1976 2328 2020 est
2353 1974 2716 2020 consunnnata
2749 1967 2854 2030 tiat,
2882 1973 2932 2017 ut
2956 1963 3111 2017 etiam
3136 1974 3317 2017 contra
3337 1964 3531 2033 Legem

1954 2063 2063 2128 ﬁat,
2091 2071 2138 2114 et
2166 2060 2596 2130 prmvaricationc
2622 2060 2822 2112 crimen
2844 2058 3159 2111 accumnlet.
3184 2057 3334 2124 Quod
3356 2067 3530 2111 autem

1952 2155 2079 2209 dicit.
2101 2197 2112 2219 ,
2150 2154 2273 2209 Sine
2293 2153 2422 2224 Lege
2440 2155 2571 2208 enim
2604 2163 2859 2223 peccatum
2882 2161 3133 2205 mortuum
3155 2160 3256 2219 est,
3284 2167 3388 2205 non
3410 2151 3535 2221 quia

1953 2263 2058 2301 non
2081 2257 2159 2301 cst
2186 2288 2197 2311 ,
2229 2247 2360 2300 dixit
2388 2256 2637 2298 mortuum
2677 2255 2781 2311 est,
2827 2244 2920 2298 sed
2965 2244 3084 2313 quia
3115 2244 3277 2297 latet:
3310 2242 3451 2311 quod
3481 2243 3534 2298 in

1954 2341 2400 2408 consequentibus
2427 2338 2746 2401 manifestat,
2783 2351 2900 2390 cum
2927 2336 3086 2398 dicit,
3122 2334 3226 2389 Sed
3249 2345 3533 2406 peccatum,

1956 2443 2009 2485 ut
2039 2444 2279 2502 appareat
2311 2443 2600 2503 peccatum,
2648 2450 2735 2502 per
2777 2433 2957 2485 bonum
3002 2431 3126 2484 mihi
3166 2440 3424 2499 operatum
3467 2437 3538 2483 est

1956 2535 2182 2577 mortem.
2224 2525 2366 2578 Bona
2388 2534 2470 2579 est
2499 2526 2638 2579 enim
2671 2525 2809 2588 Lex;
2853 2524 2944 2579 sed
2975 2524 3089 2581 sine
3118 2523 3284 2592 gratia
3307 2522 3537 2577 ostendit

1959 2615 2322 2668 tantummodo
2345 2623 2555 2684 peccata
2579 2657 2593 2681 ,
2619 2633 2721 2669 non
2747 2616 2900 2669 tollit.

2026 2708 2309 2763 XXXVIII.
2347 2709 2443 2781 [11).
2473 2726 2567 2776 vu,
2594 2711 2647 2776 9,
2676 2708 2784 2780 10.]
2811 2708 2960 2776 Quod
2990 2718 3165 2761 autem
3189 2707 3280 2770 ait,
3312 2706 3423 2778 Ego
3443 2723 3537 2759 au-

1959 2810 2052 2853 tem
2085 2802 2300 2854 vivebam
2331 2803 2601 2870 aliquando
2633 2804 2740 2854 sine
2785 2800 2943 2868 Lege,
2988 2799 3386 2868 intelligendum
3419 2809 3534 2864 est,

1955 2893 2130 2947 vivere
2159 2895 2284 2947 mihi
2315 2895 2556 2959 videbar;
2583 2895 2700 2964 quia
2723 2893 3164 2948 antemandatum
3196 2893 3389 2948 latebat
3414 2907 3536 2961 pec-

1955 2994 2149 3037 catum.
2177 2986 2241 3038 Et
2266 2987 2404 3054 quod
2433 2987 2524 3050 ait,
2549 2987 2849 3041 Adveniente
2877 2995 3042 3039 autem
3068 2986 3322 3050 mandato,
3357 3003 3538 3054 pecca-

1956 3082 2060 3126 tum
2088 3077 2261 3128 revixit
2279 3094 2297 3139 ;
2324 3095 2412 3148 ego
2447 3087 2610 3129 autent
2641 3088 2866 3132 mortuus
2907 3095 3049 3134 suum
3070 3121 3083 3144 ,
3137 3077 3537 3147 intelligendum

1956 3177 2032 3218 est
2058 3209 2071 3230 ,
2111 3177 2378 3234 peccatum
2408 3183 2662 3237 apparere
2685 3172 2883 3240 coepit;
2931 3187 3028 3240 ego
3054 3182 3228 3226 autem
3267 3183 3534 3228 mortuum

1955 3273 2040 3311 me
2070 3274 2185 3313 esse
2213 3262 2452 3329 cognovi.

2027 3351 2266 3405 XXXIX.
2300 3352 2398 3424 [11).
2430 3371 2518 3418 vn,
2551 3355 2661 3428 IL]
2705 3357 2854 3426 Quod
2901 3367 3074 3411 autem
3115 3359 3214 3424 ait,
3265 3357 3538 3412 Peccatum

1957 3444 2086 3494 enim
2112 3485 2125 3508 ,
2152 3446 2412 3496 occasione
2437 3457 2641 3514 accepta
2670 3464 2756 3514 per
2782 3448 3105 3513 numdatum,
3139 3449 3320 3517 fefellit
3350 3465 3427 3501 me
3445 3491 3460 3514 ,
3491 3458 3542 3504 et

1959 3553 2045 3604 per
2071 3535 2200 3588 illud
2220 3537 2417 3600 occidit,
2449 3538 2563 3592 ideo
2580 3539 2776 3592 dictum
2806 3548 2905 3604 est,
2937 3541 3055 3608 quia
3078 3540 3322 3594 desiderii
3355 3539 3537 3609 prohi-

1961 3624 2050 3676 biti
2084 3625 2281 3678 fructus
2304 3626 2508 3679 dulcior
2539 3639 2635 3680 est.
2672 3628 2822 3682 Unde
2849 3631 3003 3683 ctian'i
3036 3645 3378 3698 qumcumque
3407 3645 3540 3697 pec-

1961 3725 2074 3766 cata
2099 3716 2302 3768 occulte
2332 3715 2463 3768 ﬁunt
2484 3757 2497 3781 ,
2531 3717 2763 3771 dulciora
2795 3728 2916 3771 sunt
2945 3737 2956 3770 :
2997 3719 3236 3787 quamvis
3265 3719 3538 3776 mortifera

1961 3805 2056 3856 ista
2086 3805 2310 3860 dulcedo
2354 3809 2438 3860 sit.
2474 3808 2596 3863 Inde
2626 3819 2705 3863 est
2731 3810 2869 3879 quod
2905 3812 3042 3880 apud
3071 3812 3407 3866 Salomonem
3438 3813 3535 3868 I'al-

1964 3897 2090 3951 lacis
2111 3897 2363 3951 doctrina:
2405 3899 2632 3970 imagine
2663 3902 2852 3954 sedens
2885 3904 3073 3956 i'nulier
3093 3945 3106 3967 ,
3149 3913 3201 3956 ct
3227 3903 3453 3958 inritans
3484 3915 3542 3959 ut

1964 3988 2027 4041 ad
2058 4005 2113 4041 se
2140 3989 2355 4042 veniant
2381 3989 2704 4057 insipientes,
2736 3993 2981 4048 scribitur
3011 3995 3186 4047 dicere
3221 4013 3231 4046 :
3267 3995 3431 4048 Panes
3460 4014 3542 4048 oc-

1965 4078 2121 4130 cultos
2153 4079 2356 4130 libenter
2387 4078 2513 4131 edite
2533 4121 2546 4144 ,
2594 4090 2639 4131 ct
2686 4097 2866 4149 aquam
2895 4085 3127 4150 furtivam
3164 4084 3358 4136 dulcem
3390 4085 3537 4137 bibite

1967 4168 2141 4238 (Prov.
2164 4185 2236 4234 rx,
2271 4169 2376 4238 i7).
2405 4168 2503 4222 Ista
2533 4169 2754 4225 dulcedo
2781 4181 2860 4225 est
2884 4174 3092 4226 occasio
3127 4188 3218 4241 per
3235 4175 3540 4228 mandatum

1966 4261 2175 4314 inventa
2205 4262 2400 4328 peccati
2435 4278 2445 4312 :
2476 4277 2592 4329 quae
2623 4277 2738 4314 cum
2767 4262 3030 4330 appetitur
3050 4304 3062 4328 ,
3093 4264 3272 4332 utique
3303 4264 3457 4331 I‘allit,
3487 4274 3542 4319 et

1967 4351 2018 4406 in
2045 4351 2269 4420 majores
2295 4352 2671 4405 amaritudines
2694 4353 2867 4406 vertit.

2037 4441 2148 4495 XL.
2177 4442 2273 4513 [11).
2305 4458 2396 4503 vn,
2433 4441 2538 4512 IS]
2560 4443 2709 4508 Quod
2736 4453 2908 4497 autem
2935 4445 3026 4511 ait,
3060 4445 3206 4510 Quod
3225 4463 3340 4518 ergo
3358 4447 3541 4503 bonum

1971 4544 2062 4598 est,
2093 4534 2215 4586 mihi
2235 4539 2420 4603 factum
2449 4541 2517 4586 est
2547 4535 2716 4586 mors?
2743 4535 2920 4588 Absit:
2947 4537 3035 4588 sed
3061 4547 3340 4607 peccatum,
3372 4550 3425 4593 ut
3446 4557 3543 4610 ap-

1972 4638 2144 4697 pareat
2183 4638 2470 4696 precatum,
2517 4645 2603 4696 per
2639 4630 2819 4681 bonum
2846 4631 2963 4682 mihi
3007 4640 3264 4700 operatum
3303 4642 3374 4687 est
3404 4650 3542 4686 mor-

1973 4729 2101 4780 tem,
2135 4719 2217 4772 hic
2243 4719 2513 4772 evidenter
2553 4719 2812 4782 ostendit,
2859 4720 2998 4790 quod
3028 4723 3271 4790 superius
3305 4722 3544 4790 dixerat,

1975 4811 2098 4863 Sine
2123 4811 2254 4880 Lege
2283 4813 2410 4862 enim
2445 4823 2697 4879 peccatum
2726 4823 2971 4866 mortuum
3005 4825 3075 4866 est
3104 4813 3276 4885 (Rom.
3307 4831 3379 4869 vn
3402 4858 3416 4883 ,
3448 4817 3501 4887 8)
3525 4858 3542 4883 ,

1975 4903 2092 4956 ideo
2126 4903 2324 4956 dixisse
2346 4945 2358 4965 ,
2400 4905 2518 4971 quia
2566 4904 2694 4956 latet
2724 4922 2734 4955 :
2765 4905 3185 4974 quandoquidem
3216 4921 3353 4959 nunc
3378 4907 3546 4974 dicit,

1976 5012 2077 5048 non
2098 4995 2222 5047 illud
2254 4996 2469 5057 bonum,
2505 4994 2553 5047 id
2580 5003 2676 5057 cst,
2708 4994 2898 5063 Legem
2919 4995 3106 5050 factam
3136 4997 3233 5052 sibi
3261 5014 3380 5055 esse
3400 5016 3547 5054 mor-

1976 5096 2101 5149 tem,
2122 5087 2212 5139 sed
2239 5094 2507 5153 peccatum
2535 5094 2804 5154 operatmu
2835 5101 2951 5140 esse
2983 5096 3205 5142 mortem
3238 5105 3331 5159 per
3351 5090 3548 5145 bonum

1977 5179 2150 5246 chis,
2181 5176 2229 5229 id
2259 5185 2360 5243 est,
2390 5185 2444 5229 ut
2469 5187 2743 5245 appareret
2761 5188 3031 5245 peccaturo
3063 5181 3201 5249 quod
3225 5182 3416 5238 latebat
3438 5183 3551 5237 sine

1979 5271 2135 5338 Lege.
2166 5267 2313 5321 Tunc
2329 5268 2467 5322 enim
2498 5284 2553 5321 se
2577 5278 2835 5322 mortuum
2860 5271 3082 5342 quisque
3110 5275 3406 5342 cognoscit,
3429 5289 3553 5328 cunt
3599 5337 3614 5347 '

1979 5363 2103 5417 illud
2135 5362 2274 5432 quod
2307 5369 2447 5415 recte
2477 5372 2795 5431 przeceptum
2827 5379 2944 5418 esse
2979 5366 3288 5428 conﬁtetur,
3335 5365 3550 5432 implere

1983 5469 2084 5506 non
2106 5463 2313 5522 potest;
2347 5462 2399 5506 et
2444 5455 2889 5522 praevaricatitmis
2915 5457 3133 5508 crimine
3171 5454 3392 5521 amplius
3425 5470 3549 5522 pec-

1981 5553 2066 5597 cat
2087 5585 2100 5607 ,
2130 5557 2286 5612 quam
2309 5545 2350 5594 si
2382 5559 2484 5594 non
2514 5543 2899 5612 prohiberetur.
2935 5544 3042 5596 IIoc
3074 5553 3154 5595 est
3180 5543 3318 5610 quod
3343 5543 3391 5594 in
3421 5558 3552 5602 con-

1982 5632 2319 5701 sequentibus
2358 5631 2519 5698 dicit,
2573 5632 2638 5686 Ut
2663 5635 2750 5700 ﬁat
2779 5649 2934 5699 supra
2963 5631 3161 5684 modum
3193 5640 3423 5698 peccator
3461 5641 3555 5686 aut
3616 5681 3622 5686 .

1985 5733 2238 5791 peccatum
2262 5724 2278 5753 ί
2311 5741 2396 5792 per
2433 5725 2721 5776 mandatum
2749 5741 2766 5775 :
2796 5723 2934 5790 quod
2963 5731 3083 5775 ante
3115 5721 3416 5775 mandatum
3454 5726 3551 5776 mi-
3611 5708 3626 5715 i-

2049 5840 2062 5867 ¹
2091 5837 2224 5896 Editi,
2251 5844 2467 5897 peccator
2491 5849 2707 5895 pccmns.
2737 5843 2838 5883 Mss.
2869 5849 3002 5890 vero,
3024 5842 3246 5893 peccator
3277 5843 3359 5886 aut
3381 5850 3552 5892 νει-σα·
3598 5887 3607 5894 _
