3994 6388
526 320 629 376 207
642 321 659 376 1

529 453 626 493 11115
652 444 769 492 01111
786 453 800 501 ;
820 434 942 505 quia
970 435 1055 488 ubi
1087 449 1191 488 non
1215 442 1299 489 est
1326 433 1431 496 lex,
1461 446 1560 486 nec
1580 430 1967 501 praevaricatio.

597 527 733 584 XLI.
763 527 860 602 [lb.
884 544 976 594 vn,
1001 525 1112 601 14.]
1133 526 1283 595 Quod
1308 536 1485 581 autem
1512 526 1605 591 ait,
1631 524 1831 580 Scimus
1858 524 1976 595 quia
2005 521 2113 577 Lea:

524 622 808 692 spiritualis
836 631 907 676 est
925 663 939 686 ,
982 636 1073 692 ego
1097 629 1263 673 autem
1292 619 1510 673 carnalis
1538 634 1651 671 sum
1670 658 1684 681 ,
1726 618 1856 671 satis
1881 614 2115 669 ostendit

525 730 633 767 non
666 728 820 781 posse
848 712 1055 782 impleri
1088 711 1302 781 Legem,
1334 711 1435 765 nisi
1464 710 1530 764 ab
1560 709 1948 780 spiritualibus,
1983 723 2114 778 qua-

526 805 609 861 les
657 805 783 860 facit
826 805 992 875 gratia
1023 805 1113 859 Dei
1149 803 1244 875 (a).
1279 803 1480 859 Similis
1520 804 1661 858 enim
1685 803 1907 873 quisque
1945 802 2113 855 Iactus

526 895 625 964 ipsi
654 895 813 965 Legi,
848 895 1000 950 facile
1044 895 1226 964 implet
1253 896 1393 965 quod
1432 895 1704 964 praicipit;
1751 910 1849 949 nec
1886 894 1987 950 erit
2014 893 2113 949 sub

524 986 613 1040 illa
634 1029 648 1053 ,
680 987 773 1041 sed
799 1002 919 1041 cum
951 988 1039 1042 illa
1078 1006 1091 1040 :
1125 988 1170 1042 is
1196 996 1279 1042 est
1303 997 1483 1042 autem
1514 987 1602 1057 qui
1625 987 1734 1056 jam
1777 1004 1881 1042 non
1903 989 2113 1057 capitur

525 1078 900 1145 temporalibus
930 1078 1114 1139 bonis,
1151 1094 1248 1133 nec
1271 1087 1498 1133 terretur
1524 1079 1907 1147 temporalibus
1932 1078 2106 1133 malis.

596 1167 755 1222 XLII.
797 1164 895 1240 [lb.
932 1185 1001 1223 vit
1026 1211 1040 1235 ,
1074 1168 1185 1242 14.]
1215 1169 1366 1237 Quod
1404 1179 1582 1223 autem
1622 1169 1728 1233 ait,
1773 1168 2111 1223 Venumdatus

525 1264 617 1317 sub
639 1273 839 1333 peccato
864 1306 878 1331 ,
904 1264 1301 1333 intelligendum
1332 1271 1414 1318 est
1440 1263 1580 1334 quod
1606 1264 1963 1331 unusquisque
1990 1278 2111 1331 pec-

523 1355 694 1409 cando
722 1356 950 1409 animam
974 1370 1123 1409 suam
1149 1355 1358 1410 diabolo
1388 1356 1587 1417 vendit,
1621 1366 1833 1422 accepta
1858 1362 2105 1422 tanquam

526 1447 700 1516 pretio
730 1446 1008 1502 dulcedine
1045 1446 1349 1516 temporalis
1390 1446 1694 1516 voluptatis.
1742 1443 1892 1499 Unde
1916 1453 1969 1497 et
1998 1444 2104 1497 Do-

522 1541 699 1591 minus
729 1537 1053 1607 Redemptor
1090 1549 1271 1593 noster
1312 1538 1484 1591 dictus
1513 1546 1627 1602 est,
1674 1536 1795 1605 quia
1823 1535 1923 1590 hoc
1949 1537 2108 1592 modo

521 1642 629 1697 quo
657 1626 853 1681 dictum
885 1637 985 1691 est,
1018 1628 1214 1682 venditi
1250 1642 1480 1682 eramus.

594 1720 773 1774 XLIII.
799 1720 899 1793 [lb.
931 1737 1018 1785 vn,
1056 1718 1273 1791 15,15.]
1300 1720 1453 1787 Quod
1477 1730 1652 1775 autem
1682 1719 1768 1783 ait,
1796 1720 1942 1785 Quod
1975 1722 2107 1775 enim

521 1829 733 1882 operor,
776 1813 953 1882 ignoro
975 1854 989 1876 ,
1037 1819 1211 1879 potest
1243 1811 1408 1865 videri
1440 1812 1612 1865 minus
1655 1813 2102 1879 intelligentibus,

519 1905 847 1959 contrarium
875 1919 992 1957 esse
1014 1903 1087 1956 illi
1113 1904 1389 1958 sententia:
1418 1920 1521 1974 qua
1547 1904 1696 1970 dixit,
1726 1904 2019 1971 Peccatum,
2054 1916 2106 1959 ut

517 2002 764 2064 appareat
789 2003 1046 2063 peccatum
1065 2036 1078 2059 ,
1121 2011 1209 2063 per
1235 1996 1419 2047 bonum
1441 1995 1563 2047 mihi
1583 2006 1843 2058 aperatum
1866 2006 1936 2051 est
1966 2014 2097 2051 mor-

518 2098 636 2141 tem.
659 2086 935 2154 Quomodo
956 2088 1099 2143 enim
1125 2096 1363 2158 apparet,
1385 2090 1428 2142 si
1453 2089 1755 2159 ignoratur?
1778 2090 1880 2144 Sed
1904 2092 2098 2161 ignoro,

517 2181 595 2234 sic
614 2181 811 2233 dictum
842 2189 921 2235 est
948 2181 1048 2234 hoc
1080 2181 1194 2237 loco
1214 2224 1227 2247 ,
1259 2190 1316 2235 ut
1342 2182 1678 2251 intelligatur,
1712 2199 1815 2236 non
1843 2184 2097 2252 approbo.

518 2270 797 2337 Quomodo
824 2272 964 2326 enim
997 2272 1229 2328 tenebrze
1255 2290 1359 2327 non
1390 2273 1655 2338 videntur,
1684 2274 1777 2329 sed
1803 2276 1933 2329 lucis
1953 2291 2099 2329 com-

515 2364 787 2433 paratione
808 2366 1136 2430 sentiuntur;
1168 2368 1265 2421 hoc
1289 2376 1369 2421 est
1400 2376 1576 2421 autem
1600 2368 1796 2422 sentire
1827 2367 2093 2435 tenebras,

514 2455 657 2526 quod
684 2465 763 2510 est
788 2472 894 2510 non
922 2457 1099 2512 videre
1128 2476 1139 2510 :
1169 2459 1245 2511 sic
1272 2468 1325 2513 et
1350 2469 1625 2528 peccatum
1648 2501 1662 2522 ,
1693 2459 1814 2529 quia
1852 2474 1954 2512 non
1980 2460 2099 2514 illu-

513 2556 711 2601 stratur
731 2550 847 2603 luce
868 2549 1109 2618 justitizc,
1145 2567 1249 2605 non
1281 2551 1624 2622 intelligendo
1644 2552 1992 2621 dignoscitur,
2017 2553 2091 2606 si-

515 2642 592 2695 uti
648 2642 892 2697 tenebras
921 2642 1119 2697 dictum
1166 2651 1247 2698 est
1293 2659 1395 2697 non
1435 2645 1661 2699 videndo
1701 2645 1903 2699 sentiri.
1938 2645 2002 2698 Et
2025 2644 2094 2699 ad

512 2731 617 2787 hoc
656 2733 882 2809 pertinet
906 2733 1043 2803 quod
1076 2734 1127 2787 in
1152 2734 1365 2789 Psalmo
1393 2734 1616 2802 dicitur,
1655 2734 1853 2789 Delicta
1875 2737 1985 2806 quis
2008 2736 2091 2789 in-

513 2823 689 2893 telligit
721 2823 889 2895 (Psal.
920 2841 1070 2892 xvut,
1106 2826 1235 2894 £5)?

581 2916 764 2970 XLIV.
792 2915 890 2989 [lb.
913 2934 1007 2981 vit,
1043 2918 1128 2983 19,
1157 2916 1272 2989 20]
1298 2917 1447 2985 Quod
1475 2928 1652 2974 autem
1682 2921 1783 2983 ait,
1812 2920 1930 2973 Non
1960 2921 2093 2974 enim

509 3009 643 3078 quod
672 3009 803 3074 volo,
832 3009 924 3062 Itoc
952 3025 1082 3079 ago;
1112 3008 1200 3062 sed
1224 3010 1356 3079 quod
1382 3011 1518 3076 nolo,
1550 3011 1643 3064 hoc
1664 3013 1814 3083 facio.
1841 3012 1900 3065 Si
1924 3022 2093 3066 autent

510 3100 645 3170 quod
672 3100 810 3163 nolo,
845 3101 937 3153 hoc
967 3102 1121 3170 facio,
1144 3102 1396 3155 consentio
1417 3100 1559 3172 Legi,
1582 3104 1820 3173 quoniam
1846 3104 1975 3156 bona
1995 3112 2089 3170 est,

515 3190 645 3244 satis
673 3190 886 3258 quidem
914 3192 1020 3245 Lex
1047 3192 1113 3246 ab
1142 3194 1284 3246 omni
1335 3194 1703 3249 criminatione
1748 3195 2049 3250 defenditur
2077 3215 2090 3251 :

511 3279 605 3334 sed
644 3280 971 3347 cavendum,
1008 3299 1073 3335 ne
1115 3283 1232 3351 quis
1258 3283 1544 3338 arbitretur
1581 3285 1662 3339 his
1699 3287 1873 3340 verbis
1898 3287 2094 3343 auferri

511 3371 664 3426 nobis
694 3373 917 3428 liberum
944 3377 1230 3429 voluntatis
1249 3376 1522 3430 arbitrium
1548 3420 1562 3442 ,
1590 3379 1731 3448 quod
1755 3395 1856 3433 non
1889 3381 1959 3434 ita
1989 3390 2089 3436 est.

508 3465 661 3520 Nunc
686 3467 826 3522 enim
862 3466 1020 3520 homo
1049 3466 1369 3522 describitur
1407 3470 1506 3523 sub
1538 3469 1679 3539 Lege
1724 3472 1926 3540 positus
1970 3481 2093 3529 ante

510 3558 753 3628 gratiam.
786 3557 934 3613 Tunc
962 3558 1102 3613 enim
1135 3560 1366 3628 peccatis
1403 3561 1663 3629 vincitur,
1708 3562 1833 3616 dum
1892 3565 2092 3621 viribus

509 3649 622 3704 suis
647 3650 787 3719 juste
816 3650 995 3704 vivere
1020 3659 1241 3704 conatur
1261 3652 1374 3706 sine
1399 3651 1662 3721 adjutorio
1683 3652 1953 3709 liberantis
1973 3670 2095 3723 gra-

508 3742 596 3797 tiae
624 3742 733 3795 Dei.
763 3742 816 3796 In
846 3742 1014 3797 libero
1039 3751 1215 3797 autem
1237 3743 1455 3798 arbitrio
1483 3744 1641 3800 habet
1663 3755 1719 3799 ut
1738 3746 1918 3801 credat
1938 3746 2092 3803 Libe-

508 3833 696 3899 ratori,
725 3841 779 3888 et
798 3835 1021 3903 accipiat
1044 3835 1268 3905 gratiam
1293 3876 1309 3901 ,
1345 3845 1401 3890 ut
1426 3837 1535 3905 jam
1560 3838 1649 3892 illo
1678 3840 1765 3908 qui
1792 3855 1906 3893 eam
1931 3841 2093 3897 donat

505 3925 765 3980 liberante
789 3935 843 3981 et
868 3925 1149 3994 adiuvante
1176 3944 1279 3982 non
1321 3938 1535 3997 peccet;
1584 3940 1740 3999 atque
1782 3932 1852 3985 ita
1882 3932 2093 3990 desinat

506 4032 626 4073 esse
652 4017 750 4071 sub
780 4017 953 4089 Lege,
999 4019 1091 4073 sed
1125 4033 1245 4074 cum
1279 4018 1419 4090 Lege
1453 4021 1536 4075 vel
1563 4021 1613 4074 in
1647 4021 1786 4092 Lege
1811 4065 1824 4089 ,
1859 4024 2085 4094 impleas

504 4127 622 4167 eam
652 4112 909 4167 charitate
936 4112 1049 4175 Dei,
1076 4113 1217 4182 quod
1248 4113 1436 4168 timore
1464 4130 1569 4168 non
1596 4123 1820 4183 poterat.

576 4202 933 4258 XLV-XLVI.
989 4201 1085 4276 [lb.
1109 4220 1182 4258 vn
1204 4246 1218 4268 ,
1252 4203 1463 4278 25-25.]
1492 4204 1645 4272 Quod
1675 4216 1850 4261 autem
1872 4209 1972 4272 ait,
2004 4209 2090 4263 Vi-

506 4294 600 4347 deo
638 4296 793 4348 aliam
837 4298 994 4366 legem
1033 4297 1085 4349 in
1116 4296 1349 4350 membris
1386 4298 1541 4359 meis,
1590 4310 1950 4370 repugnantem
1991 4302 2090 4373 legi

502 4389 683 4440 mentis
700 4406 841 4453 mete,
873 4398 918 4442 et
941 4390 1272 4458 captivantem
1296 4407 1374 4444 me
1399 4390 1487 4443 sub
1515 4392 1622 4460 lege
1643 4395 1850 4459 peccati,
1883 4411 1996 4462 qua:
2017 4407 2089 4450 est

502 4480 557 4531 in
588 4478 820 4532 membris
840 4481 985 4549 meis,
1008 4479 1173 4548 legem
1206 4482 1405 4547 peccati
1430 4482 1578 4546 dicit,
1601 4498 1703 4551 qua
1731 4486 1953 4555 quisque
1972 4502 2091 4542 car-

503 4568 612 4624 nali
644 4569 1025 4623 consuetudine
1054 4569 1351 4637 implicatus
1392 4572 1719 4642 astringitur.
1750 4574 1895 4629 Hanc
1926 4592 2086 4646 repu-

500 4674 668 4732 gnare
712 4660 785 4712 ait
821 4660 922 4729 legi
964 4660 1155 4713 mentis
1184 4676 1328 4727 suae,
1368 4671 1423 4717 et
1463 4677 1521 4717 se
1548 4664 1813 4733 captivare
1838 4667 1938 4723 sub
1967 4668 2085 4740 lege

501 4751 707 4822 peccati
745 4769 757 4804 :
792 4750 928 4805 unde
976 4749 1284 4820 intelligitur
1335 4752 1421 4807 ille
1469 4752 1631 4808 homo
1682 4755 1939 4823 describi,
1996 4761 2085 4829 qui

499 4844 735 4900 nondum
763 4853 845 4899 est
864 4843 964 4898 sub
983 4844 1147 4914 gratia
1166 4841 1261 4917 (ὁ).
1292 4843 1347 4899 Si
1373 4846 1512 4900 enim
1542 4860 1860 4918 repugnaret
1882 4859 2084 4908 tantum

500 4939 827 4994 consuetudo
871 4937 1133 5003 carnalis,
1184 4946 1239 4992 et
1283 4954 1387 4993 non
1418 4939 1739 5008 captivaret,
1788 4958 1894 4996 non
1944 4954 2083 5000 esset

502 5029 791 5083 damnatio.
824 5028 881 5083 In
907 5045 971 5084 eo
994 5029 1136 5084 enim
1161 5039 1243 5085 est
1269 5029 1558 5094 damnatio,
1585 5032 1725 5100 quod
1747 5033 2084 5105 obtempera-

501 5136 620 5175 mus
647 5129 699 5175 et
727 5121 987 5175 servimus
1023 5121 1302 5177 desideriis
1340 5123 1515 5192 pravis
1545 5125 1864 5181 carnalibus.
1911 5126 1968 5183 Si
1990 5144 2083 5183 au-

499 5221 608 5269 tem
635 5213 887 5273 existant,
916 5220 969 5266 et
990 5228 1095 5267 non
1118 5214 1290 5269 desint
1319 5216 1438 5269 talia
1466 5215 1747 5281 desideria,
1782 5234 1886 5273 non
1907 5230 2081 5277 tamen

498 5304 583 5360 1115
609 5304 919 5359 obedhmus
943 5321 957 5368 ;
988 5321 1091 5358 non
1115 5307 1448 5376 captivamur
1471 5351 1486 5373 ,
1536 5317 1591 5363 et
1637 5310 1734 5363 sub
1759 5312 1925 5380 gratia
1970 5313 2081 5382 jam

498 5411 681 5452 sumus
700 5438 715 5464 ,
748 5395 816 5451 de
844 5410 945 5466 qua
976 5396 1219 5466 loquetur
1248 5413 1368 5452 cum
1403 5399 1776 5455 exclamaverit
1802 5410 1857 5457 et
1885 5401 2078 5473 implo-

495 5578 612 5645 tum.
637 5575 709 5645 sic
731 5571 848 5622 alibi
878 5575 1169 5637 Augustinus
1187 5575 1314 5637 quod
1351 5573 1478 5625 forte
1498 5576 1566 5635 in,
1584 5587 1744 5638 graeco
1775 5576 2029 5642 legeretur
2051 5582 2081 5633 ἐ

494 5633 753 5685 Ιιωηανεία.
949 5633 970 5637 ’
1203 5633 1220 5637 “

557 5696 631 5816 qq;
654 5702 923 5805 thigetract.
948 5710 1052 5759 cap.
1076 5697 1155 5758 23,
1178 5711 1229 5745 n.
1257 5699 1302 5749 1.

1006 314 1437 384 0010011010
1476 310 2019 369 puerosmouuu
2062 280 2095 365 ε

2202 310 2400 367 EPIST.
2445 312 2534 367 AD
2573 312 2756 380 ROM.,
2799 316 2858 371 S.
2898 315 3267 375 AUGUSTINI

3657 320 3793 380 51170

2218 428 2417 482 raverit
2459 426 2783 485 Liberatoris
2807 431 3059 487 auxilium
3081 475 3097 501 ,
3154 443 3212 489 ut
3246 435 3419 505 possit
3451 452 3550 506 per
3581 442 3792 510 gratiam

2219 516 2479 584 Charitas,
2526 521 2664 588 quod
2702 537 2796 591 per
2822 523 3019 593 Legem
3064 525 3227 589 timor
3260 542 3368 581 non
3401 538 3627 599 poterat.
3660 530 3787 590 Dixit

2219 610 2359 664 enim
2384 653 2399 675 ,
2428 609 2621 679 Infelix
2647 629 2737 684 ego
2760 613 2908 667 homo
2928 657 2942 679 ,
2984 617 3097 684 quis
3136 634 3215 670 me
3250 617 3480 672 liberabit
3504 619 3566 674 de
3592 639 3783 694 corpore

2218 702 2393 753 mortis
2420 701 2567 771 hujus
2588 701 2614 755 ?
2643 702 2709 756 Et
2730 704 2992 773 subjecit,
3027 705 3202 762 Gratia
3227 707 3325 763 Dei
3344 728 3435 781 per
3452 712 3624 767 Iesum
3647 715 3777 771 Clari-

2217 801 2349 846 stum
2372 791 2647 847 Dominum
2672 805 2917 850 nostrum.
2947 798 3143 855 Deinde
3174 801 3357 871 incipit
3381 802 3675 862 describam
3696 809 3781 865 ho-

2218 881 2415 937 minem
2447 884 2544 938 sub
2571 885 2735 954 gratia
2765 889 3108 944 constitutum
3136 908 3149 945 :
3181 894 3269 961 qui
3302 896 3488 949 tertius
3504 899 3691 966 gradus
3707 915 3778 959 est

2218 973 2429 1027 illorum
2471 986 2698 1046 quatuor
2738 992 2871 1049 quos
2916 984 3161 1051 superius
3204 986 3543 1045 distinximus
3570 991 3764 1066 (Prop.,

2220 1066 2331 1136 I3).
2360 1066 2442 1122 Ad
2470 1067 2609 1124 hunc
2646 1070 2864 1140 gradum
2897 1072 3008 1143 jam
3040 1076 3275 1142 pertinet
3294 1079 3437 1149 quod
3466 1084 3632 1137 statim
3660 1088 3767 1143 sub-

2211 1157 2404 1228 jungit,
2435 1159 2600 1231 Igitur
2622 1179 2713 1233 ego
2732 1165 2841 1233 ipse
2862 1176 3026 1220 mente
3049 1170 3209 1223 servio
3233 1169 3355 1240 Legi
3375 1170 3473 1226 Dei
3490 1217 3505 1242 ,
3531 1193 3672 1231 carne
3687 1198 3767 1233 au-

2216 1260 2312 1305 tem
2336 1252 2435 1324 legi
2464 1258 2652 1324 peccati
2674 1274 2692 1309 :
2715 1258 2833 1327 quia
2863 1258 2984 1313 licet
3011 1262 3366 1319 existentibus
3393 1266 3658 1323 desideriis
3670 1289 3769 1327 car-

2214 1343 2462 1412 nalibus,
2508 1346 2617 1416 jam
2657 1364 2760 1402 non
2810 1351 2973 1404 servit
2998 1355 3383 1409 consentiendo
3406 1358 3472 1411 ad
3499 1359 3763 1419 faciendum

2215 1445 2524 1503 peccatum,
2580 1438 2667 1509 qui
2721 1439 2819 1495 sub
2868 1443 3033 1512 gratia
3062 1445 3383 1502 constitutus
3426 1434 3592 1506 mente
3621 1456 3766 1510 servit

2212 1525 2341 1595 Legi
2390 1527 2520 1594 Dei,
2563 1543 2725 1585 carne
2766 1542 2943 1586 autem
2992 1533 3095 1605 legi
3146 1538 3369 1606 peccati.
3401 1540 3580 1611 Legem
3602 1556 3767 1602 autem

2210 1620 2414 1688 peccati
2441 1620 2568 1675 dicit
2592 1636 2657 1676 ex
2686 1628 3105 1693 transgressione
3129 1629 3259 1683 Adae
3274 1631 3614 1691 conditionem
3635 1654 3763 1693 11101·-

2214 1710 2406 1775 talem,
2438 1730 2539 1783 qua
2570 1716 2821 1770 mortales
2846 1717 2966 1771 lacti
2990 1735 3192 1774 sumus.
3227 1720 3306 1776 Ex
3348 1722 3449 1778 hac
3491 1727 3618 1781 enim
3657 1729 3763 1786 labe

2213 1802 2388 1857 carnis
2416 1806 2841 1875 concupiscentia
2863 1810 3092 1864 carnalis
3115 1812 3397 1881 sollicitat,
3428 1825 3482 1871 et
3503 1820 3762 1876 secundum

2213 1893 2350 1950 hanc
2390 1895 2519 1952 dicit
2567 1898 2671 1953 alio
2711 1901 2829 1955 loco
2860 1921 2873 1955 :
2906 1901 3119 1958 Fuimus
3154 1915 3201 1958 et
3226 1922 3319 1961 nos
3349 1918 3526 1964 natura
3543 1912 3755 1981 liliiirre,

2211 1988 2336 2041 sicut
2366 1998 2411 2043 et
2436 1991 2601 2044 (celeri
2633 1991 2852 2062 (Ep/tes.
2886 2010 2943 2060 11,
2968 1996 3047 2063 5).

2282 2078 2487 2135 XLVII.
2518 2080 2616 2154 [lb.
2650 2099 2761 2147 vui,
2797 2083 2872 2158 l.]
2894 2086 3044 2155 Quod
3072 2097 3247 2143 autem
3273 2089 3431 2159 dicit,
3476 2093 3628 2149 Nulla
3661 2114 3757 2169 ergo

2211 2175 2556 2229 condemnatio
2584 2186 2655 2230 est
2675 2195 2808 2232 nunc
2830 2179 2907 2233 Itis
2926 2181 3012 2249 qui
3038 2184 3228 2236 suntin
3248 2182 3449 2239 Clu-isto
3473 2187 3589 2242 Jesu
3607 2232 3622 2257 ,
3649 2193 3756 2245 satis

2211 2265 2442 2319 ostendit
2469 2267 2964 2325 condemnationem
3003 2288 3107 2327 nou
3142 2289 3292 2342 esse,
3320 2276 3369 2330 si
3392 2279 3612 2335 existant
3636 2281 3752 2337 desi-

2210 2356 2356 2410 deria
2396 2360 2625 2415 carnalia
2646 2402 2660 2427 ,
2690 2363 2785 2417 sed
2814 2365 2859 2417 si
2888 2366 2965 2419 eis
2985 2366 3050 2420 ad
3082 2370 3407 2436 peccandum
3440 2388 3541 2427 non
3565 2374 3751 2428 obedia-

2214 2455 2317 2501 tur.
2346 2448 2495 2516 Quod
2522 2452 2777 2523 contingit
2801 2454 2884 2509 his
2922 2458 3011 2526 qui
3046 2458 3145 2511 sub
3161 2459 3299 2530 Lege
3327 2465 3591 2518 constituti
3622 2476 3748 2532 sunt,

2207 2540 2440 2593 nondum
2465 2544 2562 2595 sub
2586 2547 2773 2612 gratia.
2806 2546 2937 2601 Nam
2971 2549 3069 2603 sub
3099 2550 3238 2621 Lege
3262 2557 3532 2609 0011511111ιί
3561 2572 3653 2611 11011
3682 2574 3749 2612 so.

2206 2630 2316 2684 lum
2345 2647 2722 2703 repugnantem
2754 2636 2951 2693 habent
2977 2643 3483 2713 concupiscentiam,
3512 2650 3597 2704 sed
3622 2651 3747 2705 etiam

2210 2724 2400 2790 captivi
2449 2725 2714 2783 ducuntur
2739 2772 2751 2794 ,
2794 2746 2913 2785 cum
2946 2734 3315 2805 obtemperant
3344 2741 3414 2794 01.
3458 2740 3566 2798 Non
3606 2754 3748 2800 autem

2202 2812 2459 2883 contingit
2487 2815 2567 2871 his
2598 2821 2685 2888 qui
2714 2830 2890 2877 mente
2912 2826 3152 2881 serviunt
3172 2828 3297 2900 Legi
3332 2831 3445 2888 Dei.

2273 2906 2499 2962 XLVIII.
2536 2907 2634 2981 [lb.
2668 2929 2756 2967 vin
2782 2956 2796 2978 ,
2844 2917 2876 2970 5
2899 2958 2913 2981 ,
2947 2918 3026 2990 4.]
3058 2920 3206 2988 Quod
3237 2933 3416 2979 autem
3446 2928 3548 2992 ait,
3575 2947 3593 2980 1
3624 2928 3744 2997 Quod

2204 2998 2345 3051 enim
2375 2999 2701 3069 impossibile
2730 3015 2844 3061 erat
2879 3007 3002 3078 Legi
3026 3051 3042 3075 ,
3084 3010 3136 3064 in
3165 3028 3270 3082 quo
3302 3014 3648 3074 iulinnabatur
3670 3036 3745 3089 per

2200 3104 2436 3157 carnem,
2470 3093 2605 3147 Deus
2634 3094 2821 3151 Filium
2853 3115 3005 3157 suum
3034 3102 3176 3158 misit
3207 3104 3260 3157 in
3291 3106 3624 3165 similitudine
3644 3126 3740 3166 car-

2200 3180 2283 3234 nis
2308 3185 2529 3249 peccati,
2549 3195 2599 3239 ct
2620 3187 2686 3242 de
2709 3201 2924 3256 peccato
2943 3191 3211 3248 damnavit
3233 3210 3503 3264 peccatum
3529 3201 3575 3255 111
3592 3217 3740 3269 carne,

2199 3284 2255 3329 ut
2280 3276 2482 3343 justitia
2511 3277 2663 3349 Legis
2692 3281 3003 3350 impleretur
3029 3287 3080 3340 in
3111 3287 3263 3341 nobis
3283 3332 3297 3355 ,
3330 3293 3421 3361 qui
3453 3309 3551 3348 non
3577 3310 3738 3350 5001111-

2199 3365 2323 3419 dum
2354 3382 2569 3424 carnem
2597 3372 2927 3428 ambulamus
2946 3418 2960 3442 ,
2991 3377 3083 3431 sed
3109 3380 3402 3436 secundum
3446 3385 3678 3454 spiritum,
3713 3406 3730 3438 1

2198 3457 2627 3516 manifestissime
2682 3463 2874 3530 docet,
2920 3466 3102 3522 eadem
3153 3469 3266 3540 ipsa
3315 3485 3562 3545 praecepta
3604 3476 3734 3546 chis

2197 3560 2477 3619 propterea
2528 3570 2633 3608 non
2687 3556 2922 3627 impleta,
2973 3562 3216 3629 quamvis
3265 3577 3447 3621 essent
3487 3567 3725 3637 implenda,

2197 3643 2443 3709 quoniam
2474 3645 2665 3715 quibus
2702 3647 2825 3703 data
2854 3660 2968 3704 erat
2996 3650 3102 3706 Lex
3144 3665 3267 3709 ante
3304 3659 3521 3727 gratiam
3546 3700 3558 3722 ,
3595 3657 3728 3714 dediti

2196 3741 2351 3788 erant
2370 3737 2672 3794 carnalibus
2704 3740 2875 3808 bonis,
2905 3753 2959 3798 et
2986 3760 3049 3799 ex
3079 3745 3160 3800 his
3185 3746 3558 3808 beatitudinem
3583 3752 3735 3823 acqui-

2197 3840 2315 3879 rere
2350 3827 2670 3895 cupiebant,
2704 3847 2873 3902 nequc
2919 3838 3261 3905 metuebant,
3296 3841 3399 3895 nisi
3424 3858 3539 3897 011111
3579 3842 3735 3897 talibus

2196 3914 2349 3970 bonis
2374 3917 2682 3973 imminebat
2706 3907 2997 3979 adversitas
3022 3943 3036 3991 ;
3066 3938 3121 3981 et
3149 3929 3271 3984 ideo
3298 3946 3419 3987 cum
3452 3934 3531 3988 illa
3560 3942 3734 4004 tempo-

2197 4008 2326 4062 ralia
2354 4009 2489 4064 bona
2518 4012 2876 4081 turbarentur,
2908 4015 3066 4073 facile
3095 4021 3417 4077 recedebant
3443 4041 3470 4078 a
3495 4025 3735 4095 praeceptis

2195 4099 2369 4171 Legis.
2396 4102 2761 4161 Iulirmabatur
2775 4123 2900 4178 ergo
2924 4110 3028 4165 Lex
3053 4128 3156 4166 nou
3183 4115 3454 4184 implendo
3474 4117 3734 4189 0110110110-

2195 4193 2452 4262 cipiebat;
2484 4213 2588 4252 non
2616 4215 2707 4254 sua
2737 4202 2889 4271 culpa
2908 4246 2922 4267 ,
2953 4204 3045 4259 sed
3067 4222 3162 4276 per
3186 4222 3397 4264 carnem
3416 4254 3430 4276 ,
3458 4212 3507 4267 id
3536 4222 3640 4277 est,
3661 4227 3733 4268 eos

2196 4283 2439 4340 homines
2477 4289 2566 4358 qui
2604 4291 2831 4345 carnalia
2872 4293 3009 4348 bona
3053 4298 3350 4366 appetendo
3380 4317 3483 4356 non
3525 4304 3732 4358 amabant

2194 4375 2349 4446 chis
2383 4378 2672 4447 justitiam,
2700 4382 2794 4436 sed
2840 4385 2886 4437 ei
2918 4390 3224 4456 temporalia
3256 4394 3531 4448 commoda
3560 4409 3734 4465 prazpo-

2194 4469 2408 4525 nebant.
2450 4472 2572 4526 Ideo
2599 4474 2874 4530 Libet-ator
2913 4488 3092 4533 noster
3123 4480 3374 4538 Dominus
3418 4484 3570 4542 Jesus
3603 4486 3727 4541 Chri-

2193 4567 2307 4613 stus
2335 4562 2668 4631 suscipiendo
2699 4568 2977 4622 mortalem
3004 4584 3238 4636 carnem,
3271 4576 3415 4629 venit
3439 4577 3489 4631 in
3513 4578 3730 4633 similitu-

2193 4651 2316 4708 dine
2360 4656 2537 4708 carnis
2567 4658 2785 4724 peccati.
2819 4657 2973 4713 Carni
3005 4662 3145 4716 enim
3179 4667 3378 4731 peccati
3408 4667 3580 4723 debita
3618 4683 3733 4723 mors

2193 4756 2292 4800 est.
2324 4749 2392 4800 At
2415 4762 2542 4802 vero
2581 4749 2665 4801 illa
2694 4764 2836 4804 mors
2877 4751 3120 4821 Domini,
3151 4755 3468 4825 dignationis
3497 4760 3589 4815 fuit
3609 4804 3623 4828 ,
3650 4775 3731 4815 non

2193 4837 2356 4893 debiti
2385 4858 2397 4891 :
2426 4848 2479 4894 et
2509 4848 2679 4894 tamen
2703 4841 2803 4896 hoc
2832 4859 3039 4914 quoque
3065 4848 3348 4916 Apostolus
3377 4862 3639 4920 peccatum
3664 4868 3733 4906 v0-

2192 4937 2276 4983 cat
2301 4932 2684 4999 susceptionem
2711 4935 2948 4989 mortalis
2971 4939 3165 5005 carnis,
3190 4945 3429 5009 quamvis
3453 4961 3555 4999 non
3578 4960 3731 5017 pecca-

2195 5021 2371 5085 tricis,
2406 5021 2523 5075 ideo
2552 5023 2671 5090 quia
2715 5023 3027 5081 immortalis
3058 5037 3303 5100 tanquam
3336 5046 3606 5103 peccatum
3635 5036 3730 5090 facit

2191 5126 2309 5165 cum
2349 5112 2590 5165 moritur.
2622 5113 2726 5169 Sed
2756 5116 2820 5170 de
2856 5129 3056 5186 peccato
3080 5163 3094 5186 ,
3126 5122 3333 5193 inquit,
3363 5127 3613 5182 damnavit
3636 5143 3729 5199 pec-

2190 5212 2356 5257 catum
2381 5203 2435 5256 in
2463 5219 2631 5258 carne.
2665 5206 2721 5261 ld
2748 5212 2888 5263 enim
2925 5212 3032 5281 egit
3073 5228 3217 5269 mors
3246 5215 3453 5273 Domini
3477 5262 3493 5287 ,
3525 5237 3588 5276 ne
3614 5236 3729 5275 mors

2191 5294 2483 5362 timeretur,
2516 5305 2571 5350 et
2597 5314 2662 5352 ex
2687 5314 2751 5353 eo
2774 5300 2883 5369 jam
2916 5318 3019 5357 non
3048 5317 3424 5376 appeterentnr
3453 5313 3726 5383 temporalis

2190 5385 2326 5442 bona
2350 5430 2363 5452 ,
2397 5403 2494 5443 nec
2526 5400 2884 5447 metuerentur
2914 5398 3218 5465 temporalia
3265 5402 3402 5456 mala
3427 5446 3443 5469 ,
3475 5405 3527 5458 in
3564 5404 3724 5476 quibus

2189 5479 2418 5533 carnalis
2439 5490 2551 5535 erat
2580 5481 2664 5535 illa
2686 5483 2982 5552 prudentia,
3008 5489 3056 5540 in
3082 5503 3181 5558 qua
3211 5493 3413 5561 impleri
3441 5500 3591 5572 Legis
3610 5518 3725 5574 pra:-

2188 5583 2338 5642 cepta
2364 5587 2466 5627 non
2496 5584 2757 5643 poterant.
2790 5575 2898 5632 Hac
2927 5589 3100 5635 autem
3143 5587 3418 5652 prudentia
3463 5593 3513 5646 in
3542 5593 3724 5649 homine

2186 5666 2461 5722 Dominico
2489 5666 2751 5723 destructa
2775 5678 2828 5724 et
2852 5670 3022 5725 ablata
3047 5716 3061 5740 ,
3081 5674 3285 5744 justitia
3314 5681 3465 5754 Legis
3489 5686 3716 5756 impletur,

2189 5773 2308 5813 cum
2332 5759 2620 5814 secundum
2642 5775 2853 5816 carnem
2885 5779 2988 5819 non
3019 5768 3332 5839 ambulatur,
3355 5775 3447 5832 sed
3466 5777 3717 5834 secundum
