3994 6368
186 369 337 432 2073

199 489 475 562 spiritum.
507 482 662 540 Unde
688 484 962 540 verissime
980 483 1178 537 dictum
1200 488 1300 543 est,
1329 478 1453 532 Non
1474 474 1583 531 veni
1607 475 1789 544 Legem

205 581 434 642 soluere,
476 573 565 628 sed
592 573 801 642 implere
837 571 1046 643 (Matth.
1085 588 1155 636 v,
1186 572 1299 639 i7).
1342 567 1622 623 Plenitudo
1661 580 1790 635 ergo

210 670 368 741 Legis
388 665 619 721 Charitas
646 664 819 737 (Rom.
851 680 946 719 χιιι
966 707 980 728 ,
1010 663 1120 735 10).
1153 664 1218 719 Ει
1246 661 1475 717 Charitas
1500 675 1683 714 eorum
1710 667 1791 713 est

214 765 314 836 qui
341 759 616 817 secundum
661 758 904 828 spiritum
931 757 1218 812 ambulant.
1251 755 1373 809 Haec
1404 754 1545 809 cnim
1570 752 1634 806 ad
1662 765 1785 823 gra-

220 860 347 913 tiam
371 854 594 924 pertinet
628 850 858 922 Spiritus
901 851 1089 905 sancti.
1118 849 1339 918 Quando
1367 848 1508 903 enim
1542 862 1644 900 non
1676 851 1791 900 erat

218 949 442 1005 Charitas
460 944 804 1015 justitim,sed
835 946 1011 1009 timor,
1040 942 1148 998 Lex
1175 956 1279 995 non
1307 939 1641 1009 implebatur.

297 1040 464 1098 XLIX.
497 1037 593 1112 [lb.
617 1054 728 1103 vut,
753 1038 831 1113 7.]
859 1038 1008 1108 Quod
1034 1046 1210 1092 autem
1235 1037 1328 1099 ait,
1362 1035 1494 1103 Quia
1523 1035 1788 1105 prudentia

219 1136 381 1191 carnis
398 1134 596 1189 inimica
612 1134 668 1188 in
690 1131 856 1186 Deum
879 1149 896 1186 :
920 1131 1042 1202 Legi
1062 1133 1193 1186 enim
1211 1129 1305 1185 Dei
1328 1146 1426 1183 non
1444 1138 1515 1181 est
1530 1129 1788 1197 subjecta;

221 1247 321 1285 nec
335 1229 453 1283 enim
475 1237 653 1297 potest,
675 1225 905 1281 ostendit
925 1224 1047 1295 quid
1074 1224 1285 1285 dixerit,
1310 1222 1514 1275 inimica
1542 1237 1558 1273 :
1588 1238 1652 1275 ne
1672 1221 1791 1291 quis

222 1329 421 1394 putaret
434 1332 677 1389 tanquam
696 1333 762 1373 ex
774 1317 1001 1371 adverso
1017 1315 1270 1386 principio
1282 1314 1508 1383 aliquam
1525 1320 1785 1379 naturam,

220 1428 372 1486 quam
411 1427 513 1466 non
549 1409 786 1465 condidit
811 1409 981 1473 Deus,
1008 1408 1307 1463 inimicrtias
1341 1407 1593 1461 adversus
1625 1406 1790 1459 Deum

223 1521 478 1563 exercere.
517 1504 764 1560 Inimicus
803 1518 930 1573 ergo
962 1501 1057 1557 Dei
1099 1501 1313 1566 dicitur,
1346 1500 1432 1569 qui
1467 1499 1591 1567 Legi
1625 1498 1789 1567 ipsius

223 1618 327 1658 non
349 1602 689 1670 obtemperat,
719 1608 773 1653 et
799 1597 899 1651 hoc
917 1611 1015 1668 per
1032 1595 1205 1650 carnis
1232 1593 1584 1664 prudentiam,
1610 1591 1658 1645 id
1687 1600 1787 1656 est,

222 1708 340 1748 cum
373 1691 569 1762 appetit
612 1689 920 1757 temporalia
968 1688 1139 1754 bona,
1184 1696 1239 1742 et
1287 1687 1436 1739 timet
1480 1683 1789 1754 temporalia

204 1786 369 1839 mala.
393 1782 637 1838 Deﬁnitio
660 1782 803 1836 enim
830 1779 1118 1848 prudentizc
1142 1779 1192 1832 iu
1220 1778 1531 1848 appetendis
1559 1777 1709 1830 bonis
1735 1785 1790 1831 et

195 1876 437 1931 vitandis
478 1873 629 1930 malis
671 1871 924 1943 ertplicari
965 1871 1118 1925 solet.
1151 1869 1484 1940 Quapropter
1518 1878 1661 1922 recte
1691 1883 1788 1937 ap-

189 1968 374 2039 pellat
402 1966 678 2038 Apostolus
721 1964 897 2020 carnis
934 1961 1305 2032 prudentiam,
1336 1976 1438 2030 qua
1469 1959 1581 2013 haec
1623 1974 1788 2028 appe-

190 2069 398 2116 tuntur
420 2075 512 2130 pro
546 2058 753 2128 magnis
794 2057 947 2111 bonis
969 2098 983 2121 ,
1016 2070 1134 2124 qua:
1163 2068 1269 2108 non
1297 2061 1641 2122 perseverant
1669 2066 1787 2105 cum

188 2152 462 2217 homine;
491 2157 635 2206 etne
656 2148 771 2203 haec
792 2148 1102 2200 amittantur
1131 2144 1364 2209 timetur,
1398 2158 1518 2212 qua:
1547 2141 1788 2211 quando-

194 2258 315 2316 qnte
338 2240 623 2297 amittenda
648 2249 791 2295 sunt.
818 2238 937 2293 Non
966 2246 1137 2307 potest
1162 2244 1336 2290 autem
1367 2234 1483 2288 talis
1510 2233 1788 2302 prudentia

199 2335 341 2402 Legi
368 2333 454 2388 Dei
481 2333 869 2400 obtemperare.
915 2328 1019 2383 Sed
1060 2336 1183 2382 tunc
1212 2326 1608 2394 obtemperatur
1637 2323 1783 2393 Legi,

219 2442 334 2483 cum
376 2425 487 2480 haec
530 2422 807 2494 prudentia
841 2421 1098 2476 exstincta
1139 2419 1324 2482 fuerit,
1355 2428 1412 2472 ut
1449 2418 1498 2472 ei
1542 2415 1792 2471 succedat

227 2518 487 2590 prudentia
506 2515 744 2586 spiritus,
767 2530 868 2584 qua
891 2528 990 2567 nec
1015 2514 1066 2566 in
1091 2511 1471 2581 temporalibus
1492 2510 1643 2565 bonis
1666 2524 1789 2578 spes

226 2619 390 2668 nostra
434 2618 535 2672 est,
584 2621 755 2677 neque
804 2604 859 2659 in
898 2604 1051 2658 malis
1098 2604 1273 2657 timor.
1318 2601 1517 2655 Eadem
1560 2615 1790 2667 namque

226 2706 399 2758 anima:
426 2710 611 2757 natura
640 2707 696 2755 et
738 2698 1070 2769 prudentiain
1112 2695 1287 2749 carnis
1328 2694 1522 2757 habet,
1554 2709 1672 2746 cum
1702 2693 1786 2745 in-

226 2795 400 2851 feriora
437 2801 699 2858 sectatur;
730 2800 783 2845 et
827 2788 1160 2860 prudentiam
1188 2788 1406 2855 spiritus
1428 2829 1440 2851 ,
1477 2801 1597 2839 cum
1626 2800 1789 2853 supe-

227 2890 351 2944 riora
384 2887 525 2958 eligit
559 2905 571 2939 :
611 2883 1056 2956 quemadmodum
1097 2881 1282 2937 eadem
1321 2896 1472 2948 aqua:
1510 2891 1695 2934 natura
1738 2888 1792 2934 et

227 2978 404 3050 frigore
427 2977 748 3048 congelascit
768 3016 783 3041 ,
813 2986 866 3030 et
900 2975 1077 3029 calore
1105 2974 1407 3028 resolvitur.
1436 2972 1522 3027 Sic
1549 2987 1676 3042 ergo
1705 2972 1788 3027 di-

228 3081 357 3130 ctum
382 3081 494 3138 est,
526 3070 651 3141 Legi
681 3068 777 3123 Dei
816 3085 917 3122 non
942 3076 1012 3121 est
1041 3067 1263 3138 subjecta
1289 3066 1555 3137 prudentia
1584 3066 1787 3132 carnis;

230 3182 313 3220 nec
335 3166 453 3219 enim
478 3171 678 3235 potest;
701 3159 969 3231 quomodo
995 3168 1136 3214 recte
1162 3159 1448 3224 diceretur,
1473 3158 1647 3212 nivem
1674 3174 1781 3213 non

230 3274 372 3329 posse
408 3258 667 3322 caleﬁeri;
714 3270 886 3324 neque
925 3255 1065 3309 enim
1097 3261 1271 3321 potest
1301 3269 1313 3302 :
1349 3251 1443 3305 sed
1481 3266 1601 3305 cum
1630 3251 1786 3306 adbi-

234 3351 333 3406 bito
353 3352 518 3407 calore
549 3350 771 3405 solvitur
789 3389 805 3413 ,
838 3355 893 3402 et
917 3346 1133 3402 calescit
1154 3360 1287 3415 aqua
1313 3385 1328 3412 ,
1351 3344 1462 3414 jam
1499 3360 1658 3401 nemo
1687 3359 1787 3415 po-

238 3451 327 3498 test
347 3459 452 3498 eam
477 3443 651 3497 nivem
680 3439 878 3495 dicere.

298 3534 351 3589 L.
382 3534 472 3608 [lb.
500 3549 589 3589 vru
608 3574 623 3599 ,
654 3531 767 3604 10.]
806 3530 957 3599 Quod
1000 3537 1178 3585 autem
1217 3531 1290 3584 ait
1318 3570 1332 3594 ,
1361 3529 1559 3601 Corpus
1586 3530 1788 3600 quidem

237 3639 460 3683 mortuum
494 3637 565 3682 est
600 3634 801 3696 propter
828 3632 1086 3695 peccatum
1109 3663 1124 3686 ,
1150 3622 1359 3691 spiritus
1383 3633 1551 3674 autem
1574 3622 1676 3674 vita
1717 3630 1789 3675 est

240 3729 421 3790 propter
437 3717 714 3789 justitiam;
754 3713 948 3785 Corpus
986 3722 1238 3767 mortuum
1278 3710 1472 3765 dicitur
1496 3753 1510 3775 ,
1540 3714 1786 3766 mortale.

239 3811 313 3865 Ex
337 3810 482 3880 ipsius
503 3812 643 3866 enim
675 3808 994 3863 mortalitate
1025 3805 1310 3875 indigentia
1336 3820 1516 3859 rerum
1551 3814 1790 3861 terrena-

239 3921 341 3960 rum
369 3906 604 3962 sollicitat
645 3905 874 3959 animam
900 3946 915 3969 ,
941 3911 997 3957 et
1020 3902 1263 3972 quaedam
1286 3901 1545 3958 desideria
1573 3906 1787 3972 excitat,

238 3997 406 4067 quibus
432 3999 495 4054 ad
519 3996 847 4068 peccandum
871 4010 976 4050 non
997 3994 1331 4064 obtemperat
1356 3996 1445 4064 qui
1469 3995 1577 4065 jam
1612 4007 1791 4055 mente

239 4091 379 4145 servit
402 4092 521 4161 Legi
550 4090 663 4147 Dei.
1771 4150 1777 4155 θ

299 4180 373 4235 Ll.
403 4181 495 4253 [lb.
527 4179 931 4253 vut,li.]Quod
948 4188 1124 4236 autem
1140 4180 1233 4244 ait,
1250 4178 1312 4234 Si
1329 4179 1550 4251 Spiritus
1580 4184 1687 4253 ejus
1708 4185 1793 4253 qui

239 4274 467 4327 suscitavit
494 4273 669 4327 Iesum
696 4272 952 4327 Christum
980 4289 1011 4325 a
1044 4272 1257 4325 mortuis
1280 4313 1295 4336 ,
1328 4271 1516 4325 habitat
1541 4273 1595 4325 in
1619 4272 1755 4326 vobis
1771 4292 1792 4339 ,-

238 4364 311 4432 ςιιὶ
334 4365 578 4419 suscitavit
601 4362 777 4418 Iesum
819 4362 1075 4416 Christum
1113 4380 1145 4416 a
1170 4363 1381 4416 mortuis
1404 4403 1419 4427 ,
1451 4363 1719 4432 viviﬁcabit
1748 4373 1794 4417 et

236 4457 446 4509 mortalia
467 4471 679 4526 corpora
705 4463 870 4510 vestra
899 4471 987 4524 per
1021 4453 1381 4508 inhabitantem
1407 4454 1657 4524 Spiritum
1684 4456 1793 4525 ejus

234 4544 281 4597 in
317 4546 464 4612 vobis,
506 4545 613 4615 jam
656 4554 900 4616 quartum
943 4544 1165 4615 gradum
1202 4545 1531 4599 demonstrat
1576 4562 1640 4600 ex
1689 4547 1794 4602 illis

234 4650 438 4709 quatuor
470 4656 605 4712 quos
643 4641 886 4709 superius
937 4638 1278 4694 distinximus
1316 4637 1497 4711 (Pr0p.
1546 4638 1656 4711 l3).
1689 4640 1793 4696 Sed

232 4734 406 4801 gradus
436 4735 535 4789 iste
564 4734 618 4788 in
648 4732 747 4787 hac
771 4733 875 4786 vita
911 4747 1017 4786 non
1062 4732 1345 4787 invenitur.
1384 4732 1619 4788 Pertinet
1651 4736 1793 4789 enim

233 4822 290 4876 ad
333 4839 476 4896 spem
520 4840 625 4896 qua
668 4810 1037 4893 exspectamus
1084 4823 1497 4892 redemptionem
1555 4828 1795 4895 corporis

231 4919 421 4984 nostri,
449 4917 663 4989 quando
701 4917 1045 4987 corruptibile
1085 4918 1186 4972 hoc
1234 4917 1415 4973 induet
1445 4919 1795 4989 incorruptio-

231 5022 341 5062 nem
361 5050 375 5074 ,
414 5019 469 5063 et
501 5010 722 5064 mortale
767 5009 868 5062 hoc
901 5008 1082 5063 induet
1126 5009 1572 5064 immortalitatem
1603 5011 1647 5079 (l
1674 5011 1790 5067 Cor.

233 5116 319 5165 xv,
344 5102 431 5169 53,
453 5102 567 5171 54).
592 5101 667 5157 lbi
700 5116 798 5171 pax
828 5099 1061 5170 perfecta
1089 5110 1191 5166 est,
1214 5101 1335 5169 quia
1366 5102 1496 5155 nihil
1526 5103 1795 5159 molestia-

233 5206 336 5246 rum
376 5194 550 5248 anima
588 5192 657 5247 de
699 5207 924 5262 corpore
966 5193 1160 5262 patitur
1180 5191 1290 5261 jam
1321 5192 1583 5248 viviticato
1606 5238 1620 5262 ,
1649 5204 1703 5250 et
1741 5197 1791 5250 in

236 5283 485 5341 ctnlestem
512 5283 819 5354 qualitatem
848 5286 1143 5338 immutato.

296 5374 396 5429 LII.
430 5374 531 5449 [lb.
563 5390 675 5439 vul,
709 5376 797 5442 i5,
841 5375 952 5447 l6.]
979 5375 1131 5444 Quod
1159 5384 1335 5429 autem
1379 5378 1471 5441 ait,
1504 5376 1623 5431 Non
1661 5382 1793 5433 enim

235 5472 480 5540 accepistis
502 5470 739 5541 spiritum
760 5470 1006 5523 servitutis
1024 5470 1079 5522 in
1107 5470 1333 5522 timerent
1356 5471 1395 5533 ¹,
1422 5470 1510 5523 sed
1535 5473 1796 5541 accepistis

234 5563 450 5631 spiritum
492 5563 781 5632 adoptionis
822 5562 1061 5631 ﬁliorum,
1092 5562 1145 5616 in
1172 5578 1270 5629 quo
1307 5562 1601 5630 clamamus,
1635 5563 1789 5632 Abba,

290 5677 305 5706 ⁸
329 5675 464 5737 Editi,
489 5675 543 5725 in
558 5680 744 5724 umore.
772 5682 825 5737 At
847 5683 971 5737 Mss.
990 5672 1044 5726 in
1065 5675 1281 5725 timorem
1298 5688 1316 5736 ;
1334 5676 1473 5737 juxta
1494 5687 1705 5737 graecum
1728 5674 1797 5727 eis

231 5735 438 5849 m,
471 5737 553 5789 cui
574 5736 814 5786 consentit
853 5735 1053 5799 Vulgata
1096 5739 1147 5787 in
1187 5735 1395 5800 antiquis
1427 5735 1797 5788 Corbeiensibus

1655 350 2032 408 EXPOSITIO.

3340 358 3482 429 sort

1901 470 2078 538 Pater,
2092 473 2484 534 evidentissime
2500 479 2728 535 duorum
2745 482 3207 543 Testamentorum
3228 487 3479 545 distincta

1899 574 2021 617 sunt
2042 573 2296 635 tempora.
2328 567 2459 623 Illud
2477 570 2616 624 enim
2641 571 2706 626 ad
2734 573 2978 630 timorem
3002 578 3250 645 pertinet,
3271 578 3477 635 Novum

1898 663 2073 709 autem
2113 657 2177 711 ad
2217 658 2548 716 charitatem.
2580 661 2683 717 Sed
2712 666 2970 733 quaeritur
2994 668 3114 738 quis
3152 670 3220 724 sit
3257 671 3474 740 spiritus

1898 748 2205 803 servitutis?
2241 750 2371 804 Nam
2400 754 2619 823 spiritus
2662 755 2965 825 adoptionis
3006 758 3229 815 ﬁliorum
3255 802 3269 825 ,
3297 763 3479 834 utique

1896 836 2122 907 Spiritus
2164 855 2377 896 saueius
2419 852 2517 898 est.
2565 844 2792 914 Spiritus
2834 864 2962 917 ergo
3005 850 3277 906 servitutis
3311 854 3365 907 in
3402 855 3480 909 .ιί-

1897 945 2063 996 more,
2095 933 2181 988 ille
2209 943 2292 988 est
2316 937 2403 1004 qui
2435 943 2746 1004 potestatem
2776 938 2934 994 habet
2959 942 3179 1007 mortis;
3208 944 3329 1013 quia
3362 946 3489 1014 ipso

1899 1021 2087 1076 timore
2128 1039 2221 1091 per
2249 1032 2410 1079 totam
2450 1026 2609 1080 vitam
2640 1028 2717 1083 rei
2757 1038 2910 1084 erant
2948 1033 3218 1087 servitutis
3259 1035 3346 1104 qui
3380 1037 3479 1091 sub

1896 1112 2037 1183 Lege
2063 1116 2282 1184 agebant
2308 1159 2323 1182 ,
2354 1131 2458 1171 non
2497 1119 2597 1173 sub
2621 1122 2808 1189 gratia.
2854 1121 2964 1177 Nec
2992 1124 3183 1178 mirum
3222 1133 3305 1179 est
3332 1126 3476 1197 quod

1897 1220 2016 1261 eum
2048 1216 2365 1275 acceperunt
2407 1225 2500 1279 per
2526 1210 2756 1266 divinam
2794 1214 3176 1283 providentiam
3218 1218 3308 1287 qui
3335 1218 3472 1273 bona

1897 1299 2203 1368 temporalia
2245 1303 2584 1356 sectabantur
2606 1345 2622 1369 ,
2657 1320 2760 1359 non
2802 1306 2923 1376 quia
2955 1308 3121 1377 ipsius
3163 1316 3246 1363 est
3282 1309 3391 1365 Lex
3421 1320 3478 1366 et

1897 1393 2221 1447 mandatum.
2251 1395 2379 1449 Nam
2410 1395 2518 1450 Lex
2542 1408 2736 1465 sancta,
2766 1409 2811 1453 et
2840 1400 3137 1455 mandatum
3155 1412 3407 1469 sanctum,
3429 1413 3477 1458 et

1888 1486 2085 1555 justum
2117 1496 2161 1539 et
2192 1488 2374 1540 bonum
2406 1488 2581 1558 (Rom.
2613 1505 2686 1543 Vll
2711 1532 2722 1553 ,
2758 1488 2847 1563 12)
2884 1509 2896 1545 :
2928 1491 3015 1546 ille
3052 1502 3229 1547 autem
3262 1494 3478 1563 spiritus

1897 1577 2164 1631 servitutis
2190 1593 2295 1630 non
2325 1580 2501 1649 utique
2530 1579 2721 1646 bonus,
2752 1597 2907 1650 quem
2936 1582 3201 1652 accipiunt
3228 1584 3316 1653 qui
3339 1597 3479 1655 prae-

1896 1677 2046 1737 cepta
2074 1668 2208 1723 datm
2237 1670 2392 1740 Legis
2422 1671 2642 1739 implere
2672 1687 2777 1726 non
2808 1683 3047 1741 possunt,
3079 1673 3205 1727 dum
3238 1676 3477 1730 serviunt

1896 1761 2172 1816 desideriis
2200 1763 2499 1817 carnalibus
2519 1805 2533 1825 ,
2566 1763 2798 1818 nondum
2829 1766 2993 1833 gratia
3024 1765 3355 1823 Liberatoris
3383 1783 3473 1824 as-

1896 1857 2089 1924 sumpti
2122 1856 2172 1909 in
2205 1855 2430 1910 ﬁliorum
2460 1856 2818 1926 adoptionem.
2867 1857 2998 1925 Quia
3026 1868 3081 1913 et
3118 1859 3232 1928 ipse
3258 1861 3478 1930 spiritus

1897 1946 2163 2000 servitutis
2189 1962 2291 1999 non
2321 1947 2479 2002 habet
2502 1963 2824 2018 quemquam
2855 1948 2909 2002 in
2939 1957 3199 2019 potestate
3218 1992 3232 2017 ,
3260 1952 3359 2006 nisi
3385 1953 3477 2023 qui

1895 2038 1944 2091 ei
1990 2053 2084 2106 per
2123 2038 2362 2093 ordinem
2405 2038 2597 2093 divinae
2643 2038 2987 2107 providentia:
3034 2039 3259 2095 traditus
3298 2040 3475 2109 fuerit,

1898 2129 1989 2185 Dei
2026 2130 2224 2199 justitia
2255 2145 2347 2185 sua
2390 2131 2579 2200 cuique
2618 2132 2907 2186 tribuente.
2951 2131 3118 2201 Quam
3159 2143 3477 2204 potestatem

1894 2232 2170 2291 acceperat
2194 2222 2476 2290 Apostolus
2499 2263 2515 2287 ,
2545 2237 2664 2276 cum
2696 2222 2822 2277 dicit
2848 2223 2917 2277 de
2951 2222 3267 2291 quibusdam
3293 2266 3306 2291 ,
3340 2225 3479 2292 Quos

1897 2314 2083 2366 tradidi
2111 2323 2303 2366 satante
2320 2323 2373 2366 ut
2393 2314 2587 2367 discant
2604 2330 2704 2367 non
2722 2314 3067 2385 blasphemare
3080 2315 3121 2387 (l
3144 2315 3277 2372 Tim.
3296 2332 3335 2384 ι,
3353 2315 3445 2392 20)
3463 2337 3477 2373 :

1895 2414 1949 2459 et
1971 2406 2158 2459 iterum
2190 2405 2254 2459 dc
2278 2406 2403 2472 alio,
2431 2404 2811 2477 Jamjudicavi,
2846 2407 3036 2477 inquit,
3061 2408 3259 2462 tradere
3289 2409 3475 2479 hujus-

1895 2497 2032 2550 modi
2075 2506 2266 2551 satana:
2310 2499 2364 2551 in
2400 2498 2657 2551 interitum
2700 2499 2886 2568 carnis,
2926 2507 2980 2551 ut
3026 2500 3196 2553 anima
3233 2502 3374 2555 salva
3411 2503 3478 2557 sit

1896 2589 1937 2658 (l
1964 2587 2079 2642 Cor.
2114 2605 2167 2653 v,
2198 2590 2250 2654 '5,
2281 2586 2358 2659 5).
2392 2588 2491 2657 Qui
2521 2604 2649 2658 ergo
2677 2589 2909 2642 nondum
2935 2588 3032 2643 sub
3059 2589 3224 2659 gratia
3250 2599 3394 2656 sunt,
3422 2599 3477 2646 et

1893 2678 1992 2733 sub
2016 2679 2155 2749 Lege
2181 2680 2449 2733 constituti
2476 2679 2758 2733 vincuntur
2779 2680 3006 2747 peccatis
3022 2678 3088 2733 ad
3113 2679 3469 2736 obediendum

1893 2772 2169 2826 desideriis
2189 2772 2505 2838 carnalibus,
2529 2780 2583 2828 et
2604 2771 3038 2841 prmvaricatione
3058 2780 3249 2841 augent
3266 2781 3475 2829 reatum

1894 2865 2171 2920 criminum
2203 2882 2421 2920 suorum
2440 2908 2454 2931 ,
2487 2865 2730 2936 spiritum
2758 2874 3075 2936 acceperunt
3099 2869 3384 2935 servitutis,
3420 2868 3474 2923 id

1894 2965 2006 3023 est,
2037 2958 2276 3027 spiritum
2301 2958 2416 3027 ejus
2453 2958 2542 3028 qui
2574 2966 2887 3027 potestatem
2918 2959 3104 3013 mortis
3135 2958 3313 3014 habet.
3341 2959 3475 3016 Nam

1893 3048 1938 3103 si
1979 3049 2216 3119 Spiritum
2253 3049 2521 3104 servitutis
2562 3049 2733 3119 ipsum
2773 3049 3011 3118 spiritum
3055 3049 3284 3104 hominis
3312 3052 3475 3106 intel-

1895 3139 2177 3195 lcxerimus
2195 3181 2208 3203 ,
2239 3139 2421 3208 incipit
2446 3148 2500 3193 et
2527 3139 2742 3208 spiritus
2771 3140 3066 3209 adoptionis
3108 3140 3221 3209 ipse
3250 3141 3471 3212 intelligi

1895 3238 2141 3299 tanquam
2188 3230 2237 3282 in
2283 3229 2471 3284 melius
2506 3238 2875 3283 commutatus.
2925 3229 3029 3285 Sed
3061 3231 3181 3300 quia
3227 3232 3471 3301 Spiritum

1891 3322 2191 3392 adoptionis
2223 3321 2476 3391 Spiritum
2504 3333 2741 3376 sanctum
2770 3323 3080 3391 accipimus,
3108 3338 3266 3393 quem
3295 3325 3476 3378 maui-

1892 3413 2027 3471 feste
2068 3415 2300 3470 ostendit
2336 3430 2456 3469 cum
2498 3414 2661 3477 dicit,
2702 3412 2823 3483 Ipse
2868 3412 3094 3484 Spiritus
3135 3415 3473 3470 testimonium

1891 3508 2056 3563 reddit
2080 3509 2279 3577 spiritui
2304 3517 2505 3571 nostra;
2543 3515 2709 3562 restat
2738 3515 2795 3560 ut
2822 3506 3065 3575 spiritum
3108 3508 3375 3564 servitutis
3399 3508 3466 3562 il-

1894 3599 2002 3653 lum
2031 3599 2381 3668 intelligamus
2403 3638 2417 3662 ,
2446 3598 2529 3651 cui
2560 3598 2797 3651 serviunt
2822 3606 3136 3666 peccatores
3164 3614 3178 3649 :
3212 3607 3268 3650 ut
3288 3613 3475 3667 quem-

1894 3690 2176 3744 admodum
2207 3689 2435 3757 Spiritus
2463 3697 2676 3742 sanctus
2701 3703 2728 3741 a
2761 3688 2950 3741 timore
2978 3687 3162 3742 mortis
3200 3688 3433 3744 vindicat
3452 3684 3489 3756 ἶ

1894 3781 1971 3835 sic
2013 3780 2228 3848 spiritus
2266 3779 2535 3833 servitutis
2580 3779 2666 3847 qui
2712 3785 3025 3847 potestatem
3064 3777 3218 3834 habet
3263 3780 3470 3844 mortis,

1895 3869 2130 3940 ejusdem
2158 3868 2344 3921 mortis
2371 3878 2573 3922 terrore
2596 3883 2717 3922 reos
2748 3876 2920 3923 teneat
2944 3886 2959 3936 ;
2989 3877 3047 3923 ut
3069 3883 3128 3924 se
3153 3869 3218 3924 ad
3249 3870 3475 3925 Libera-

1897 3962 2027 4016 toris
2054 3959 2302 4014 auxilium
2330 3959 2550 4028 quisque
2587 3967 2895 4022 convertat,
2926 3959 3085 4013 etiam
3117 3961 3233 4029 ipso
3256 3960 3473 4017 diabolo

1896 4056 2060 4109 invito
2087 4094 2101 4119 ,
2153 4053 2241 4122 qui
2290 4066 2411 4106 eum
2459 4065 2670 4120 semper
2712 4050 2765 4103 in
2816 4058 3076 4121 potestate
3127 4051 3323 4106 habere
3368 4051 3467 4106 de-

1897 4147 2111 4201 siderat.

1966 4234 2097 4290 Llll.
2127 4231 2223 4305 [lb.
2253 4249 2366 4297 vnr,
2390 4230 2598 4306 19-25.]
2618 4230 2769 4298 Quod
2789 4238 2962 4284 autem
2986 4230 3078 4295 ait,
3103 4230 3241 4283 Nam
3264 4247 3474 4302 exspec-

1897 4327 2017 4380 tatio
2046 4336 2287 4379 creatures
2316 4325 2663 4378 reuelationem
2689 4323 2911 4393 ﬁliorum
2940 4320 3034 4374 Dei
3060 4330 3333 4392 exspectat.
3370 4320 3474 4375 Va-

1888 4419 2042 4472 nitati
2070 4418 2453 4471 enim‘creatura
2481 4415 2702 4486 subjecta
2724 4423 2796 4468 est
2822 4430 2923 4467 non
2950 4420 3287 4482 sponte,etc.,
3305 4428 3475 4483 usque

1898 4509 1964 4562 ad
1990 4508 2040 4561 id
2072 4507 2211 4577 quod
2237 4507 2308 4561 ait
2332 4548 2346 4571 ,
2377 4505 2441 4559 Et
2469 4505 2565 4574 ipsi
2591 4506 2643 4558 in
2672 4503 3035 4572 nobismetipsis
3063 4503 3431 4574 ingemiscimtts
3455 4544 3471 4569 ,

1899 4603 2217 4673 adoptionem
2245 4609 2603 4670 exspectantes,
2634 4598 3022 4666 redemptionem
3044 4595 3267 4667 corporis
3293 4598 3471 4663 nostri,

1900 4694 1975 4747 sic
1997 4692 2389 4762 intelligendum
2417 4697 2517 4756 est,
2549 4698 2607 4743 ut
2633 4703 2803 4758 neque
2824 4703 3037 4743 sensum
3065 4687 3279 4743 dolendi
3308 4697 3364 4742 et
3382 4702 3474 4757 ge-

1899 4785 2079 4839 mendi
2109 4784 2386 4852 opinemur
2409 4796 2526 4836 esse
2553 4781 2608 4834 in
2636 4779 2914 4833 arboribus
2938 4787 2992 4833 et
3011 4779 3239 4833 oleribus
3266 4788 3316 4832 et
3343 4779 3474 4846 lapi-

1900 4875 2085 4940 dibus,
2121 4884 2173 4928 et
2218 4873 2423 4927 crctcris
2465 4869 2825 4940 hujuscemodi
2867 4870 3161 4935 creaturis;
3202 4869 3285 4922 hic
3330 4868 3473 4922 enim

1888 4966 2049 5025 error
2076 4968 2481 5022 Manichaeorum
2523 4973 2603 5017 est
2640 4982 2652 5016 :
2686 4978 2856 5031 neque
2889 4961 3115 5031 Angelos
3140 4970 3352 5015 sanctos
3376 4976 3473 5015 va-

1899 5054 2051 5114 nitati
2078 5058 2342 5125 subjectos
2378 5068 2495 5109 esse
2528 5053 2876 5117 arbitremur;
2905 5060 2958 5105 et
2986 5051 3050 5106 de
3080 5049 3163 5105 his
3201 5052 3472 5108 existime-

1901 5165 2018 5204 mus
2063 5148 2203 5220 quod
2250 5145 2611 5201 liberabuntur
2650 5158 2679 5197 a
2724 5144 2976 5197 sen'itule
3024 5144 3304 5210 interitus,
3353 5160 3473 5199 cum

1901 5242 2161 5297 interituri
2194 5240 2371 5308 utique
2396 5253 2500 5291 non
2530 5237 2633 5291 sint
2663 5252 2677 5289 :
2718 5234 2812 5289 sed
2847 5249 3060 5289 omnem
3095 5244 3390 5290 creaturam
3420 5235 3471 5288 iu

1902 5336 2017 5405 ipso
2046 5334 2259 5387 homine
2287 5332 2400 5386 sine
2429 5330 2533 5384 ulla
2562 5329 2822 5383 calumnia
2848 5329 3159 5398 cogitemus.
3190 5328 3303 5381 Non
3329 5327 3470 5381 enim

1901 5436 2137 5481 creatura
2166 5424 2272 5478 ulla
2297 5438 2415 5478 esse
2440 5428 2632 5492 potest,
2661 5421 2760 5474 nisi
2782 5429 2873 5474 aut
2896 5419 3205 5490 spiritualis,
3234 5432 3354 5487 qua:
3375 5431 3472 5469 ex-

1901 5517 2045 5573 cellit
2069 5518 2121 5569 in
2147 5515 2359 5586 Angelis
2384 5530 2399 5580 ;
2427 5524 2518 5567 aut
2544 5512 2805 5576 animalis,
2831 5526 2949 5580 quae
2979 5511 3135 5564 etiam
3165 5508 3217 5561 in
3249 5507 3351 5560 vita
3378 5506 3471 5561 be—

1900 5611 2118 5664 stiarum
2147 5607 2275 5662 satis
2299 5614 2548 5676 apparet;
2580 5614 2669 5659 aut
2691 5602 3014 5673 corporalis,
3044 5614 3162 5669 qua:
3185 5598 3349 5653 videri
3380 5609 3471 5655 aut

1901 5701 2041 5772 tangi
2070 5708 2280 5772 potest:
2312 5699 2484 5754 omnis
2503 5707 2677 5772 autem
2706 5703 2786 5749 est
2804 5694 2962 5748 etiam
2988 5693 3042 5746 in
3067 5690 3318 5756 homine;
3344 5691 3467 5760 quia

1901 5794 2063 5849 homo
2083 5800 2288 5848 constat
2314 5791 2501 5861 spiritu
2528 5798 2582 5843 et
2616 5787 2790 5840 anima
2818 5791 2870 5837 et
2894 5796 3135 5855 corpore.
3163 5780 3302 5855 Ergo
3326 5795 3441 5836 creo
3466 5819 3470 5824 -
