3994 6380
688 386 757 444 79
1108 379 1541 452 QUARUMDUM
1580 377 2120 434 PROPOSITIONUM
2157 377 2253 433 EX
2291 377 2501 433 EPIST.
2545 379 2633 432 AD
2672 377 2857 445 ROM.,
2900 379 2959 438 S.
2999 378 3369 437 AUGUSTINI

616 512 738 559 sunt
761 509 883 556 ante
907 500 1174 564 meritum,
1195 513 1291 553 nec
1317 505 1493 567 potest
1514 497 1564 550 in
1594 497 1755 550 rebus
1774 494 1989 547 omnino
2005 507 2182 562 requa-

614 595 751 649 libus
773 593 967 649 electio
992 590 1273 646 nominari.
1306 590 1412 646 Sed
1442 590 1690 657 quoniam
1717 587 1946 654 Spiritus
1967 594 2184 640 sanctus

612 699 721 740 non
745 684 902 739 datur
945 683 1045 737 nisi
1092 681 1449 741 credentibus,
1483 694 1586 731 non
1616 677 1831 747 quidem
1866 675 2002 729 Deus
2025 675 2185 743 elegit

611 791 775 848 opera
800 791 917 845 qua:
941 776 1051 842 ipse
1072 774 1309 843 largitur,
1352 785 1471 825 cum
1505 770 1597 824 dat
1631 769 1885 839 Spiritum
1913 777 2176 833 sanctum,

612 877 671 922 ut
714 882 806 935 per
828 865 1139 920 charitatem
1170 864 1305 917 bona
1342 877 1626 932 Operemur
1652 879 1665 913 :
1694 860 1787 914 sed
1817 870 1991 913 tamen
2021 858 2183 928 elegit

615 957 791 1012 fidem.
819 954 951 1023 Quia
980 955 1080 1008 nisi
1119 954 1339 1023 quisque
1375 952 1559 1008 credat
1598 953 1650 1005 in
1681 967 1822 1012 eum,
1869 960 1921 1004 et
1959 952 2010 1003 in
2040 950 2182 1003 acci-

610 1047 787 1117 piendi
813 1046 1078 1100 voluntate
1118 1052 1443 1113 permaneat,
1473 1059 1577 1097 non
1603 1044 1795 1113 accipit
1830 1043 2027 1096 donum
2066 1043 2177 1107 Dei,

612 1138 665 1192 id
703 1147 812 1203 est,
844 1136 1096 1205 Spiritttm
1118 1144 1379 1197 sanctum,
1401 1150 1492 1203 per
1520 1149 1677 1203 quem
1706 1133 1893 1186 diffusa
1924 1132 2179 1185 charitate

614 1229 810 1285 bonum
852 1228 1019 1298 possit
1055 1227 1283 1297 cperari.
1326 1224 1441 1279 Non
1486 1240 1612 1294 ergo
1654 1224 1815 1293 elegit
1846 1224 1982 1277 Deus
2021 1234 2183 1290 opera

609 1322 915 1391 cujusquam
964 1321 1013 1374 in
1071 1320 1430 1389 prtescieutia,
1483 1333 1602 1387 quae
1656 1318 1768 1385 ipse
1806 1316 2024 1369 daturus
2063 1325 2178 1381 cst;

610 1413 701 1469 sed
731 1412 886 1467 fidem
924 1411 1081 1482 elegit
1110 1412 1161 1464 in
1190 1409 1517 1480 praescii-mia
1543 1428 1555 1461 :
1586 1416 1641 1461 ut
1687 1423 1841 1476 quem
1883 1408 1980 1460 sibi
2010 1407 2181 1460 credi-

610 1513 782 1559 turum
808 1519 928 1559 esse
957 1502 1258 1573 prmscivit,
1316 1503 1485 1571 ipsum
1535 1500 1751 1568 elegerit
1799 1500 1882 1552 cui
1928 1499 2182 1567 Spiritum

608 1602 851 1649 sanctum
879 1593 1064 1658 daret,
1097 1601 1152 1644 ιιι
1180 1591 1318 1644 bona
1342 1588 1610 1658 operando
1639 1589 1795 1642 etiam
1827 1590 1986 1641 vitam
2016 1598 2176 1642 teter-

607 1701 728 1740 nam
759 1691 1192 1753 consequeretur.
1222 1682 1356 1736 Dicit
1383 1681 1524 1735 enim
1558 1679 1693 1732 idem
1723 1680 2015 1747 apostolus,
2034 1677 2181 1731 Idem

607 1774 746 1830 Deus
766 1777 848 1846 qui
875 1783 1110 1844 operatur
1160 1773 1329 1825 omnia
1378 1772 1431 1824 in
1481 1771 1707 1824 omnibus
1739 1770 1779 1843 (Ι
1813 1770 1927 1824 Cor.
1974 1788 2071 1834 xu,
2103 1772 2176 1839 6).

606 1868 874 1938 Nusquam
939 1875 1115 1921 autem
1159 1864 1358 1919 dictum
1407 1874 1521 1929 est,
1583 1864 1723 1917 Deus
1791 1863 1960 1917 credit
2003 1863 2179 1917 omnia

608 1962 662 2016 in
712 1960 976 2015 omnibus.
1037 1956 1190 2025 Quod
1236 1971 1362 2025 ergo
1414 1955 1715 2018 credimus,
1762 1962 1999 2015 nostrum
2056 1962 2175 2007 est:

612 2052 753 2122 quod
806 2058 980 2104 autem
1030 2048 1228 2103 bonum
1276 2062 1576 2116 Operamur,
1627 2045 1766 2098 illius
1819 2046 1907 2113 qui
1957 2045 2177 2099 creden—

613 2143 751 2198 tibus
795 2142 846 2195 in
876 2156 934 2196 se
976 2140 1066 2194 dat
1108 2139 1365 2209 Spiritum
1407 2147 1646 2191 sanctum
1696 2135 1791 2207 (a).
1848 2136 1957 2190 [loc
2000 2145 2177 2191 autem

604 2236 905 2305 exemplum
922 2232 1233 2304 quibusdam
1246 2231 1446 2287 Judaais
1457 2230 1723 2299 objectum
1742 2237 1843 2291 est,
1858 2230 1944 2298 qui
1964 2227 2177 2282 Christo

608 2327 968 2389 crediderunt,
988 2326 1123 2381 etde
1144 2325 1394 2395 operibus
1412 2334 1535 2378 ante
1550 2324 1772 2393 gratiam
1793 2321 2171 2392 gloriabantur,

604 2427 660 2475 ct
681 2419 926 2475 dicebant
953 2434 1011 2473 se
1035 2418 1203 2487 ipsam
1231 2416 1499 2485 Evangelii
1524 2414 1749 2483 gratiam
1784 2428 1877 2481 per
1917 2428 2011 2467 sua
2039 2414 2175 2467 bona

604 2527 764 2581 opera
813 2510 1166 2581 praecedentia
1211 2510 1500 2573 meruisse;
1560 2523 1680 2561 cum
1733 2506 1867 2560 bona
1920 2519 2078 2574 opera
2123 2506 2175 2557 in

603 2604 749 2661 nullo
773 2618 892 2658 esse
931 2603 1152 2672 possint,
1203 2591 1304 2655 nisi
1351 2601 1440 2670 qui
1485 2600 1752 2666 acceperit
1785 2598 2029 2667 gratiam.
2083 2598 2177 2651 Est

604 2706 779 2750 autem
805 2695 971 2765 gratia
1003 2704 1058 2748 ut
1100 2694 1307 2747 vocatio
1343 2692 1605 2761 peccatori
1638 2700 1961 2759 praerogetur
1986 2690 2027 2753 ι,
2055 2703 2175 2742 cum

603 2786 717 2856 ejus
732 2786 919 2840 merita
946 2786 1107 2851 nulla,
1138 2785 1239 2839 nisi
1266 2783 1332 2839 ad
1357 2783 1751 2837 damnationem
1785 2781 2171 2849 praecesserint.

602 2875 753 2943 Quod
784 2876 827 2931 si
854 2884 1072 2930 vocatus
1109 2884 1383 2929 vocantem
1430 2885 1641 2928 secutus
1692 2872 1883 2937 fuerit,
1923 2871 2064 2940 quod
2094 2880 2175 2925 est

598 2968 706 3039 jam
736 2968 968 3022 inlibero
995 2967 1232 3030 arbitrio,
1263 2966 1550 3019 merebitur
1565 2965 1889 3032 etSpiritum
1910 2973 2171 3026 sanctum,

602 3074 695 3129 per
723 3073 878 3128 quem
932 3059 1067 3111 bona
1121 3056 1287 3125 possit
1332 3058 1575 3124 operari;
1626 3056 1677 3109 in
1722 3071 1827 3124 quo
1858 3068 2173 3123 permanens

603 3151 766 3221 (quod
789 3150 1131 3205 nihilominus
1171 3160 1252 3204 est
1298 3150 1348 3202 in
1400 3150 1569 3203 libero
1593 3147 1837 3218 arbitrio)
1887 3148 2175 3202 merebitur

601 3240 759 3294 etiam
784 3240 940 3293 vitam
962 3248 1237 3302 aeternam,
1262 3254 1379 3307 qua:
1396 3240 1536 3291 nulla
1562 3240 1727 3307 possit
1745 3240 1859 3292 labe
1881 3240 2168 3306 corrumpi.

670 3331 804 3387 LXI.
845 3329 944 3403 [11).
986 3348 1060 3395 ix,
1103 3329 1311 3401 11-15.]
1350 3329 1501 3396 Quod
1537 3338 1712 3381 autem
1749 3330 1854 3393 ait,
1902 3328 2175 3383 Miserebor

598 3427 681 3482 sui
710 3426 937 3479 misertus
966 3440 1068 3488 ero,
1100 3433 1144 3477 et
1171 3421 1563 3476 misericordiam
1593 3421 1840 3491 prazstabo
1869 3422 1946 3473 cui
1977 3422 2173 3474 miseri-

599 3536 711 3575 cors
739 3523 901 3591 fuero,
936 3518 1059 3572 hinc
1086 3515 1381 3572 ostenditur
1406 3528 1509 3568 non
1536 3528 1655 3576 esse
1682 3514 2008 3582 iniquitatem
2035 3514 2173 3583 apud

599 3614 798 3675 Deum;
837 3611 978 3682 quod
1019 3619 1238 3679 possunt
1280 3609 1459 3662 dicere
1491 3606 1725 3676 quidam,
1768 3620 1885 3660 cum
1921 3605 2169 3671 audiunt,

597 3706 877 3776 Antequam
915 3712 1254 3766 nascerentur,
1297 3698 1458 3753 Iacob
1488 3698 1662 3763 dilexi,
1686 3696 1825 3750 Esau
1854 3706 2020 3752 autem
2057 3698 2172 3751 odio

598 3798 765 3851 habui.
795 3795 1068 3850 Misercbor
1091 3795 1252 3856 enim,
1284 3792 1471 3861 inquit,
1501 3791 1582 3843 cui
1611 3792 1837 3844 misertus
1863 3807 1966 3842 ero.
1994 3790 2173 3843 Primo

596 3890 736 3944 enim
764 3890 1012 3942 misertus
1037 3894 1119 3940 est
1148 3883 1313 3939 nostri
1347 3882 1509 3946 Deus,
1541 3897 1659 3937 cum
1695 3890 2000 3950 peccatores
2030 3895 2174 3933 essc-

597 3997 713 4037 mus
753 3990 808 4035 ut
838 3987 1048 4035 vocaret
1083 3993 1197 4032 nos.
1221 3976 1312 4030 Cui
1337 3991 1464 4045 ergo
1493 3978 1719 4028 misertus
1753 3990 1858 4039 ero,
1892 3972 2088 4040 inquit,
2117 3979 2174 4024 ut

595 4090 716 4129 eum
764 4087 968 4137 vocem,
1019 4070 1282 4123 miserebor
1326 4066 1499 4121 adhuc
1546 4066 1660 4133 ejus
1703 4080 1819 4117 cum
1867 4061 2167 4116 crediderit.

595 4166 871 4237 Quomodo
890 4174 1063 4219 autem
1090 4162 1281 4226 adhuc,
1308 4161 1405 4213 nisi
1435 4168 1489 4211 ut
1515 4160 1603 4213 det
1634 4157 1869 4212 credenti
1896 4164 1949 4209 et
1972 4156 2169 4223 petenti

596 4259 851 4330 Spiritum
876 4256 1149 4312 sanctum?
1169 4254 1284 4320 Quo
1311 4252 1433 4305 dato
1456 4248 1871 4304 misericordiam
1900 4240 2172 4314 pra‘stabit

593 4352 678 4408 cui
706 4349 1006 4405 misericors
1034 4346 1210 4408 fuerit,
1246 4344 1294 4397 id
1324 4351 1424 4404 est,
1456 4355 1509 4394 ut
1536 4340 1692 4394 faciat
1715 4355 1833 4393 eum
1867 4340 2168 4392 misericor-

592 4441 735 4503 dem,
765 4453 866 4506 quo
896 4438 1031 4491 bona
1064 4436 1229 4503 possit
1256 4448 1347 4500 per
1377 4432 1711 4483 dilectionem
1747 4431 1972 4496 operari.
2002 4429 2169 4484 Nemo

593 4542 718 4599 ergo
746 4528 843 4582 sibi
868 4527 1061 4580 audeat
1099 4524 1332 4578 tribuere
1364 4520 1502 4589 quod
1536 4520 1946 4573 misericorditer
1973 4537 2157 4588 opera-

596 4628 705 4681 tur;
738 4618 859 4688 quia
891 4615 1031 4670 Deus
1060 4615 1130 4667 illi
1171 4629 1263 4682 per
1305 4610 1557 4680 Spiritum
1590 4617 1829 4663 sanctum
1863 4609 2005 4663 dedit
2033 4611 2169 4667 dile-

592 4710 852 4775 ctiouem,
882 4709 996 4763 sine
1021 4722 1121 4776 qua
1151 4720 1308 4760 nemo
1336 4712 1508 4772 potest
1547 4717 1665 4756 esse
1702 4702 2021 4756 misericors.
2052 4704 2165 4759 Non

590 4819 718 4875 ergo
767 4803 925 4875 elegit
977 4802 1118 4856 Deus
1173 4799 1306 4854 bene
1361 4804 1683 4866 operantes,
1740 4794 1833 4849 sed
1888 4795 2165 4852 credentes

590 4897 785 4968 potius,
832 4906 890 4950 ut
926 4895 1038 4963 ipse
1086 4892 1203 4946 illos
1252 4889 1408 4944 faciat
1460 4888 1593 4943 bene
1637 4887 1863 4954 operari.
1916 4886 2162 4942 Nostrum

512 5038 515 5039 ν
588 4988 728 5042 enim
772 4994 856 5042 est
900 4985 1119 5041 credere
1164 4993 1217 5038 et
1254 4982 1408 5047 velle,
1454 4980 1595 5035 illius
1642 4989 1817 5031 autem
1867 4979 1994 5032 dare
2043 4993 2162 5035 cre-

587 5077 835 5134 dentibus
891 5086 942 5131 et
995 5056 1292 5130 volentibus
1353 5072 1651 5126 facultatem
1717 5069 1852 5123 bene
1913 5069 2163 5138 operaudi

588 5184 685 5240 per
736 5169 987 5237 Spiritum
1040 5174 1302 5231 sanctum,
1352 5179 1443 5234 per
1488 5178 1643 5233 quem
1672 5161 1900 5215 Charitas
1927 5160 2021 5214 Dei
2061 5160 2163 5214 dif-

526 5314 533 5319 .
588 5258 827 5315 funditur
856 5258 910 5313 in
958 5257 1204 5313 cordibus
1253 5258 1482 5323 nostris,
1533 5262 1589 5308 ut
1643 5267 1739 5307 nos
1794 5251 2162 5305 misericordes

586 5350 781 5407 efficiat
809 5350 902 5421 (b).
926 5333 943 5345 ί

660 5442 816 5499 LXII.
850 5441 947 5515 [11).
980 5458 1068 5507 1x,
1109 5436 1314 5510 15-21.]
1339 5436 1486 5504 Quod
1512 5444 1684 5488 autem
1734 5436 1833 5498 ait,
1870 5434 2033 5504 Igitur
2062 5452 2161 5489 non

649 5561 666 5591 ι
692 5558 827 5630 Editi,
875 5561 925 5606 ut
941 5560 1120 5606 vocatto
1135 5549 1395 5617 peccatoris
1416 5553 1712 5613 prorogetur.
1736 5547 1904 5597 Melius
1920 5556 2040 5608 3188.,
2057 5559 2162 5611 pec-

587 5626 739 5670 ταωνι
759 5630 1074 5683 ρι’ωνοςελιν.

650 5700 746 5761 (a)t
771 5706 970 5761 Retract.
984 5711 1087 5759 cap.
1104 5696 1182 5755 ΖΞ,
1207 5708 1255 5744 n.
1281 5694 1339 5754 2,
1363 5697 1415 5742 et
1433 5691 1517 5742 lib.
1546 5693 1566 5741 1
1601 5692 1665 5741 de
1689 5693 1913 5743 mdest.
1938 5702 2030 5755 $8.,
2047 5706 2091 5743 c.
2110 5691 2161 5755 3,

589 5759 778 5809 dicitse
801 5759 878 5807 hic
891 5771 1097 5807 errasse.

652 5818 725 5880 (b)
748 5818 882 5872 lbid.,
904 5832 951 5864 ιι.
976 5817 1022 5865 5.

3690 391 3806 448 (11180

2294 494 2518 560 volentis,
2565 510 2720 562 neque
2754 496 3017 559 currentis,
3049 498 3137 549 sed
3172 498 3452 551 miserentis
3494 509 3559 551 est
3594 500 3691 560 Dei.
3726 520 3805 563 non

2291 586 2424 639 tollit
2450 587 2669 639 liberum
2699 586 2981 640 voluntatis
3009 588 3316 652 arbitrium;
3356 596 3452 643 sed
3481 604 3579 644 non
3615 592 3805 653 sufﬁcere

2289 675 2415 729 dicit
2444 677 2575 731 velle
2619 687 2853 731 nostrum
2874 719 2889 743 ,
2923 679 3022 732 nisi
3054 680 3265 749 adjuvet
3300 681 3470 746 Deus,
3499 685 3805 745 misericordes

2289 782 2387 821 nos
2411 767 2685 822 efficiendo
2704 769 2771 822 ad
2794 772 2928 824 bene
2950 772 3276 839 operandum
3304 789 3398 841 per
3416 775 3608 828 donum
3634 776 3804 844 Spiritus

2287 862 2474 923 sancti,
2496 859 2561 913 ad
2585 858 2684 913 hoc
2704 860 2961 925 referens,
2985 863 3123 930 quod
3146 864 3389 932 superius
3408 864 3561 930 dixit,
3592 865 3802 923 Misererer

2287 952 2366 1002 cui
2396 952 2623 1004 misertus
2648 968 2760 1017 ero,
2792 960 2839 1005 et
2864 954 3252 1007 inimicm-diam
3281 958 3529 1025 prtestabo
3562 959 3637 1011 cui
3659 961 3801 1015 iniseri-

2285 1059 2397 1096 cors
2420 1047 2581 1114 fuero.
2614 1043 2744 1107 Quia
2776 1060 2945 1113 neque
2970 1046 3105 1100 vvlle
3130 1062 3428 1115 possumus,
3460 1049 3560 1103 nisi
3581 1065 3801 1116 vocemur;

2288 1145 2339 1190 et
2374 1152 2489 1190 cum
2519 1144 2635 1206 post
2673 1138 3000 1192 vocationem
3039 1140 3381 1206 voluerimus,
3416 1156 3522 1195 non
3553 1144 3722 1198 sufficit
3740 1161 3801 1199 ro-

2254 1226 2457 1281 ‘luntas
2500 1238 2678 1281 nostra
2727 1237 2781 1282 et
2820 1243 3006 1282 cursus
3047 1240 3249 1295 noster,
3298 1232 3397 1285 nisi
3449 1232 3591 1286 Deus
3633 1243 3679 1287 et
3711 1236 3802 1290 vires

2286 1320 2617 1375 currentibus
2663 1322 2925 1389 praebeat,
2971 1329 3025 1375 et
3066 1322 3315 1391 perducat
3356 1338 3467 1392 quo
3499 1335 3665 1378 vocat.
3689 1325 3802 1381 Mani-

2286 1412 2476 1467 fes‘um
2524 1422 2605 1468 est
2641 1428 2767 1482 ergo
2808 1429 2913 1467 non
2957 1415 3178 1468 volentis
3219 1429 3392 1484 neque
3425 1417 3708 1483 currentis,
3742 1417 3805 1473 sed

2286 1504 2584 1558 miserentis
2616 1504 2708 1557 Dei
2748 1519 2883 1567 esse,
2928 1504 3066 1573 quod
3104 1505 3299 1558 bonum
3338 1519 3806 1577 operamnr2qusn-

2285 1611 2440 1664 quam
2486 1596 2553 1649 ibi
2594 1596 2663 1650 sit
2704 1596 2861 1648 etiam
2894 1596 3135 1648 voluntas
3183 1604 3383 1655 nostra,
3428 1612 3550 1665 quze
3586 1597 3681 1651 sola
3713 1598 3810 1653 nihil

2285 1696 2481 1755 posset.
2516 1686 2666 1741 Unde
2700 1687 2934 1755 sequitur
2975 1688 3133 1740 etiam
3174 1686 3240 1741 de
3276 1686 3573 1741 Pharaonis
3603 1691 3812 1758 supplicio

2286 1780 2664 1843 testimonium,
2705 1794 2825 1833 cum
2870 1778 2944 1832 ait
2979 1778 3248 1843 Scriptura
3291 1779 3359 1833 de
3396 1779 3685 1845 Pharaone,
3716 1780 3812 1847 οιὶι

2283 1869 2351 1920 ad
2374 1870 2467 1921 hoc
2496 1879 2541 1921 te
2568 1868 2777 1921 excitavi
2794 1909 2809 1934 ,
2844 1876 2895 1921 ut
2925 1869 3184 1920 ostendam
3212 1869 3265 1921 in
3294 1878 3342 1921 te
3366 1870 3639 1939 potentiam
3666 1887 3808 1933 tum,

2283 1968 2327 2011 et
2354 1969 2406 2011 ut
2434 1960 2759 2012 annuntietur
2786 1975 2965 2011 nomen
2989 1974 3155 2011 meum
3183 1959 3235 2011 in
3266 1960 3500 2012 uniuersa
3537 1970 3684 2014 terra.
3706 1960 3812 2014 Sicut

2282 2052 2422 2105 enim
2449 2052 2672 2121 legimus
2692 2052 2743 2104 in
2776 2051 2984 2115 Exodo,
3014 2051 3328 2105 obduratum
3354 2061 3436 2106 est
3455 2068 3552 2106 cor
3574 2052 3809 2106 Pharaonis

2284 2138 2475 2211 (Exod.
2510 2157 2563 2206 Χ,
2608 2142 2693 2210 1),
2726 2151 2781 2194 ιιι
2809 2149 2911 2193 tam
2941 2142 3270 2195 evidentibus
3290 2142 3460 2211 signis
3486 2159 3589 2196 non
3618 2159 3807 2197 movere

2284 2240 2383 2285 tur.
2417 2232 2567 2298 Quod
2603 2248 2729 2303 ergo
2767 2243 2890 2288 tunc
2918 2233 3125 2288 Pharao
3156 2250 3262 2288 non
3289 2235 3686 2303 obtemperabat
3713 2252 3809 2306 prr-

2281 2325 2447 2393 ceptis
2489 2325 2616 2391 Dei,
2644 2326 2753 2395 jam
2798 2326 2864 2380 de
2911 2327 3166 2395 supplicio
3210 2328 3478 2382 veniebat.
3521 2327 3634 2383 Non
3681 2340 3810 2382 autem

2279 2417 2554 2485 quisquam
2602 2427 2773 2486 potest
2819 2418 2998 2473 dicere
3042 2418 3447 2473 obdurationem
3499 2420 3639 2473 illam
3677 2420 3810 2475 cordis

2279 2506 2543 2562 immerito
2584 2509 2839 2562 accidisse
2870 2510 3163 2575 Pharaoni,
3195 2509 3291 2564 sed
3323 2510 3527 2579 judicio
3562 2512 3651 2565 Dei
3693 2512 3808 2565 retri-

2278 2598 2487 2652 buentis
2527 2600 2884 2653 iucredulitati
2920 2601 3034 2669 ejus
3062 2602 3293 2656 debitam
3324 2616 3557 2671 pteuam.
3585 2602 3695 2657 Non
3722 2618 3812 2672 ergo

2280 2687 2381 2743 hoc
2423 2690 2496 2743 illi
2550 2691 2851 2758 imputatur,
2903 2691 3043 2761 quod
3096 2703 3216 2745 tunc
3273 2707 3377 2747 non
3435 2693 3809 2763 obtemperaret,

2261 2783 2702 2852 quandoquidem
2734 2784 2992 2838 obdurato
3021 2786 3181 2839 corde
3219 2786 3591 2854 obtemperare
3618 2802 3717 2840 non
3739 2801 3812 2856 po.

2282 2884 2441 2940 terat;
2473 2876 2565 2929 sed
2589 2876 2706 2945 quia
2738 2876 2950 2946 dignum
2996 2892 3054 2930 se
3094 2877 3344 2945 prmbuit,
3381 2879 3467 2932 cui
3504 2893 3595 2932 cor
3618 2878 3814 2933 obdura-

2280 2978 2424 3020 retur
2449 2969 2621 3035 priore
2647 2967 2972 3022 infidelitate.
3000 2968 3145 3022 Sicut
3173 2970 3313 3023 enim
3341 2971 3394 3023 in
3435 2970 3501 3024 iis
3540 2986 3668 3041 quos
3691 2970 3815 3039 elegit

2281 3057 2449 3123 Deus,
2493 3073 2595 3111 non
2640 3074 2798 3127 opera
2843 3058 2934 3112 sed
2967 3060 3097 3112 fides
3126 3059 3338 3114 inchoat
3375 3062 3639 3125 meritum,
3658 3071 3711 3116 ut
3742 3076 3813 3131 per

2280 3166 2466 3205 munus
2496 3151 2588 3205 Dei
2626 3150 2761 3205 bene
2784 3161 3070 3221 operentur
3102 3171 3113 3205 :
3144 3154 3219 3207 sic
3251 3156 3303 3207 in
3340 3153 3424 3208 his
3451 3169 3583 3223 quos
3605 3154 3809 3219 damnat,

2278 3240 2557 3293 infidelitas
2583 3248 2637 3295 et
2663 3241 2902 3309 impietas
2933 3242 3142 3295 inchoat
3168 3257 3342 3312 poena:
3374 3246 3636 3311 meritum,
3667 3255 3717 3299 ut
3738 3260 3811 3314 per

2277 3332 2442 3400 ipsam
2471 3346 2677 3400 ptenam
2696 3332 2853 3386 etiam
2877 3334 3013 3387 male
3034 3343 3358 3402 operentur;
3382 3336 3518 3389 sicut
3534 3346 3584 3390 et
3602 3338 3812 3405 superius

2277 3422 2418 3476 idem
2462 3422 2589 3476 dicit
2634 3423 2935 3491 apostolus,
2984 3421 3051 3477 Et
3093 3429 3332 3493 quoniam
3376 3443 3478 3479 non
3522 3426 3812 3497 probaverunt

2276 3512 2438 3565 Deum
2465 3514 2515 3566 in
2542 3514 2716 3567 notitia
2743 3514 2941 3578 habere,
2965 3516 3171 3569 tradidit
3196 3516 3312 3570 illos
3343 3517 3484 3572 Deus
3504 3520 3549 3571 in
3574 3519 3811 3587 reprobnnt

2276 3622 2504 3672 sensum,
2535 3616 2587 3659 ut
2614 3608 2803 3677 faciant
2844 3624 2956 3678 qute
2979 3625 3079 3662 non
3122 3613 3422 3665 conveniunt
3459 3611 3615 3676 (Rom.
3643 3628 3675 3677 t,
3702 3613 3807 3683 28).

2276 3697 2605 3766 Quapropter
2651 3698 2719 3751 ita
2764 3699 3032 3753 concludit
3075 3700 3398 3769 Apostolus,
3449 3701 3578 3773 Ergo
3611 3702 3681 3755 cui
3714 3702 3809 3754 uult

2276 3788 2553 3852 miseretur,
2582 3797 2628 3841 et
2650 3805 2795 3858 quem
2812 3789 2913 3843 vult
2937 3789 3165 3843 obdurat.
3190 3791 3351 3860 Cujus
3376 3794 3519 3848 enim
3544 3794 3803 3855 miseretur,

2276 3880 2401 3934 facit
2426 3896 2546 3934 eum
2592 3880 2727 3935 bene
2759 3881 2996 3949 operari;
3028 3890 3081 3936 et
3108 3897 3264 3951 quem
3300 3884 3556 3947 obdurat,
3598 3884 3806 3953 relinquit

2275 3986 2395 4025 eum
2422 3978 2481 4023 ut
2507 3970 2643 4024 male
2680 3980 2947 4039 operetur.
2981 3972 3084 4027 Sed
3112 3979 3167 4026 et
3188 3973 3274 4027 illa
3309 3974 3661 4030 misericordia
3696 3990 3802 4043 pra:-

2275 4059 2480 4114 cedenti
2521 4060 2707 4114 merito
2746 4061 2865 4115 ﬁdei
2889 4062 3151 4129 tribuitur,
3178 4072 3232 4117 et
3272 4064 3371 4118 ista
3406 4065 3673 4120 obduratio
3696 4052 3802 4134 prte-

2274 4151 2480 4205 cedenti
2524 4152 2773 4220 impietati
2818 4153 2894 4222 (a)
2933 4172 2945 4206 :
2993 4162 3050 4207 ut
3093 4165 3146 4208 et
3185 4155 3319 4209 bona
3368 4172 3466 4227 per
3503 4157 3687 4212 donum
3729 4154 3798 4209 [iri

2275 4256 2574 4310 Operetnur,
2594 4251 2645 4295 et
2666 4243 2802 4295 mala
2829 4257 2921 4311 per
2936 4244 3278 4312 supplicium;
3301 4261 3421 4299 cum
3445 4256 3617 4302 tamen
3636 4244 3795 4299 homini

2274 4347 2379 4386 non
2419 4331 2687 4386 auferatur
2726 4332 2945 4386 liberum
2974 4335 3255 4388 voluntatis
3283 4336 3580 4401 arbitrium,
3623 4337 3717 4390 sive
3746 4332 3796 4386 ad

2273 4423 2594 4501 credendum
2619 4424 2724 4477 Deo
2756 4433 2811 4476 ιιι
2832 4434 3184 4493 consequatur
3204 4442 3298 4480 nos
3321 4428 3687 4490 misericordia,
3710 4426 3793 4479 sive

2272 4516 2338 4569 ad
2368 4517 2686 4591 impietatem
2717 4525 2775 4569 ut
2814 4528 3164 4587 consequatur
3204 4520 3539 4588 supplicium.
3566 4521 3668 4588 Qua
3693 4533 3792 4573 eou-

2272 4608 2509 4661 clusiOne
2545 4606 2702 4669 illata,
2735 4606 2889 4659 infert
2918 4608 3259 4675 quarstiouem
3290 4618 3537 4679 tanquam
3574 4627 3601 4663 a
3626 4618 3792 4664 contra-

2270 4700 2495 4755 dicente.
2546 4700 2633 4753 Ait
2670 4699 2809 4752 cnittt
2856 4718 2868 4751 :
2921 4699 3060 4753 Dicis
3106 4701 3268 4769 itaque
3309 4703 3453 4766 mihi,
3499 4703 3627 4770 Quid
3665 4702 3790 4754 aditet

2270 4789 2631 4858 conqueritur?
2660 4806 2774 4842 nam
2794 4791 3037 4843 voluntati
3065 4793 3172 4861 ejus
3202 4798 3312 4861 quis
3339 4796 3567 4848 resistit?
3593 4795 3679 4849 Cui
3698 4805 3791 4846 sane

2270 4882 2592 4951 inquisitioni
2616 4882 2693 4935 sic
2713 4882 3013 4951 respondet,
3040 4892 3092 4936 ut
3116 4883 3467 4953 intelligamus
3483 4882 3791 4954 spiritualibus

2268 4972 2414 5031 viris,
2448 4972 2621 5039 etjam
2648 4987 2749 5025 non
2774 4972 3058 5026 secundum
3085 4983 3350 5028 terrenum
3375 4974 3635 5032 hominem
3656 4976 3793 5027 viren-

2268 5060 2436 5124 tibus,
2468 5070 2645 5128 patere
2679 5076 2836 5130 posse
2866 5061 3031 5130 prima
3070 5064 3254 5117 merita
3285 5064 3405 5120 fidei
3444 5077 3498 5120 et
3526 5063 3788 5134 impietatis.

2268 5153 2531 5223 quomodo
2562 5154 2698 5208 Deus
2730 5155 2976 5223 praescius
3012 5156 3168 5223 eligat
3193 5159 3489 5212 credituros
3508 5200 3522 5222 ,
3547 5169 3598 5213 ct
3622 5157 3792 5211 damnet

2268 5247 2597 5312 incredulos;
2642 5262 2740 5302 nec
2777 5247 2896 5302 illos
2930 5262 2993 5301 ex
3034 5249 3284 5316 Operibus
3322 5250 3544 5320 eligens,
3582 5266 3669 5304 nec
3693 5248 3794 5301 istos

2267 5354 2332 5394 ex
2361 5340 2606 5409 cperibus
2652 5338 2936 5402 damnans;
2965 5340 3057 5393 sed
3094 5340 3299 5394 illorum
3328 5341 3452 5397 fidei
3489 5351 3724 5411 pratstans
3752 5343 3793 5389 ut

2267 5433 2401 5487 bene
2452 5443 2768 5502 operentur,
2823 5441 2877 5485 et
2928 5432 3147 5486 istorum
3197 5434 3524 5503 impietatem
3571 5433 3792 5489 obdurans

2266 5524 2593 5590 deserendo,
2641 5533 2702 5578 ut
2743 5524 2879 5578 male
2919 5533 3218 5592 operentur.
3255 5525 3357 5593 Qui
3392 5524 3629 5595 quoniam
3663 5518 3789 5574 intel-

2268 5618 2453 5682 lectus,
2492 5624 2548 5670 ut
2584 5615 2713 5681 dixi,
2758 5615 3112 5684 spiritualibus
3154 5624 3317 5685 patet,
3350 5632 3381 5670 a
3423 5615 3608 5672 carnali
3643 5620 3788 5665 autem

2266 5751 2504 5863 25(a[)m1)e=5
2512 5751 2603 5859 hqc
2626 5759 2678 5801 et
2697 5750 3024 5813 superioribus
3052 5749 3170 5800 locis
3190 5751 3286 5801 vid.
3315 5758 3515 5801 neu-act.
3538 5749 3612 5798 lib.
3635 5747 3675 5805 1,
3694 5753 3781 5801 σιμ

2332 5848 2345 5875 ,
2372 5846 2452 5861 IIII.
2473 5846 2518 5873 II,
2547 5846 2592 5861 ‘l'o

3925 374 3930 427 l

3924 523 3930 562 l

3924 612 3931 651 l

3924 800 3931 833 ι

3924 892 3931 923 ι

3924 980 3934 1013 ι

3922 1072 3934 1105 ι

3922 1170 3933 1199 l.

3922 1262 3934 1297 ι

3928 1720 3938 1759 i
