3994 6366
136 374 269 441 2081

144 506 421 589 prudentia
450 505 609 575 longe
636 508 872 558 remotus
898 508 996 566 est,
1030 498 1107 555 sic
1132 495 1321 552 refellit
1347 491 1725 595 inquirentem,

147 574 206 664 ut
230 574 486 669 intelligat
518 612 579 653 se
610 595 878 667 deponere
908 593 1101 649 debere
1128 591 1273 661 prius
1298 586 1566 684 hominem
1600 583 1726 651 luti,

152 710 212 755 ut
251 696 344 748 ista
388 686 495 761 per
534 689 776 759 spiritum
828 686 1142 755 investigare
1168 680 1465 738 'mereatur.
1514 679 1725 747 Itaque,

125 785 332 859 .inquit,
365 780 409 835 0
436 783 586 847 homo
611 790 664 832 tu
693 778 805 849 quis
831 795 913 845 es,
945 778 1027 848 qui
1056 773 1356 845 respondeas
1382 770 1532 825 Deo?
1562 768 1736 875 unis

158 879 271 952 quid
308 875 422 929 dicit
461 875 757 945 ﬁgmentum
807 871 853 925 ei
894 871 980 939 qui
1027 886 1079 923 se
1118 868 1286 935 ﬁnxit,
1319 867 1487 932 Quare
1533 867 1605 916 sic
1651 878 1731 914 me

159 967 349 1040 fecisti?
372 967 552 1019 Annon
597 962 743 1016 liabet
772 971 1064 1031 potestatem
1100 960 1283 1030 ﬁgulus
1311 959 1403 1012 luti
1423 999 1437 1022 ,
1464 973 1529 1010 ea:
1554 953 1729 1007 eadem

160 1060 489 1132 conspersione
512 1074 598 1111 vas
626 1057 813 1126 facere,
842 1054 984 1108 aliud
1004 1052 1205 1123 quidem
1230 1054 1282 1106 in
1304 1051 1563 1116 honorem,
1588 1047 1730 1101 aliud

160 1158 214 1211 in
239 1149 609 1210 contumeliam?
634 1148 897 1218 Quamdiu
929 1147 1233 1217 figmentum
1264 1160 1342 1210 es,
1368 1144 1554 1213 inquit,
1585 1150 1638 1196 et
1661 1140 1730 1196 ad

158 1228 370 1307 massam
406 1245 499 1301 luti
542 1242 815 1314 pertines,
858 1239 1092 1294 nondum
1138 1239 1419 1308 perductus
1459 1236 1524 1289 ad
1567 1234 1727 1304 spiri-

160 1345 337 1411 tualia,
366 1351 414 1397 ut
444 1342 519 1397 sis
548 1338 839 1410 spiritualis
859 1336 1035 1390 omnia
1066 1333 1341 1404 judicans,
1371 1339 1425 1385 et
1442 1346 1487 1431 ’ξι
1507 1328 1730 1431 nemine

154 1436 410 1510 judiceris,
458 1432 711 1488 cohibeas
748 1438 800 1483 te
829 1434 1037 1523 oportet
1072 1427 1139 1523 ab
1172 1421 1483 1523 bujusmodi
1506 1421 1730 1523 inquisi-

160 1532 311 1595 tione,
349 1535 400 1581 et
439 1540 544 1580 non
580 1519 907 1592 respondeas
941 1520 1068 1573 Deo.
1100 1516 1265 1586 Cujus
1301 1515 1578 1616 consilium
1609 1515 1730 1616 quis

158 1623 285 1679 scire
309 1618 545 1689 cupiens,
573 1622 781 1684 Oportet
810 1623 866 1666 ut
889 1611 1034 1682 prius
1058 1610 1111 1664 in
1142 1609 1259 1678 ejus
1288 1606 1574 1662 amicitiam
1601 1606 1731 1660 reci-

160 1711 352 1782 piatur:
380 1706 520 1778 quod
544 1704 850 1774 contingere
877 1701 981 1757 nisi
1001 1700 1363 1770 Spiritualibus
1391 1713 1496 1752 non
1528 1705 1723 1766 potest,

152 1803 259 1873 jam
294 1797 619 1872 portantibus
672 1795 954 1864 imaginem
1009 1790 1561 1893 ccelestis‘hominis;
1607 1789 1730 1893 1am

157 1895 291 1952 enim
316 1892 496 1962 inquit,
530 1906 632 1943 non
660 1904 745 1943 vos
775 1888 942 1940 dicam
965 1902 1153 1951 servos,
1182 1884 1269 1939 sed
1295 1884 1483 1937 amicos
1511 1898 1530 1935 :
1558 1884 1731 1936 omnia

157 1988 285 2043 enim
321 2000 425 2055 qua:
462 1982 633 2037 audivi
668 1999 700 2035 a
731 1979 890 2033 Patre
932 1995 1062 2044 meo,
1100 1987 1219 2031 nota
1262 1977 1355 2049 feci
1383 1976 1518 2063 vobis
1546 1973 1724 2039 (Joan.

155 2097 253 2143 xv,
286 2080 384 2149 I5).
412 2076 666 2145 Quamdiu
699 2076 875 2145 itaque
900 2090 992 2127 vas
1025 2073 1187 2127 ﬁctile
1217 2085 1274 2125 es
1294 2112 1307 2134 ,
1343 2068 1727 2125 conterendum

158 2174 354 2230 esthoc
377 2173 539 2243 ipsum
578 2170 629 2224 in
659 2179 707 2224 te
740 2168 883 2237 prius
911 2168 1054 2236 virga
1084 2166 1173 2219 illa
1202 2164 1395 2231 ferrea,
1422 2163 1489 2217 de
1517 2179 1618 2232 qtta
1645 2162 1729 2216 di-

159 2274 295 2321 ctum
333 2272 436 2327 est,
477 2261 638 2333 Reges
676 2277 758 2314 eos
785 2260 837 2312 in
875 2259 1013 2329 virga
1054 2260 1244 2328 ferrea,
1286 2265 1332 2308 et
1370 2264 1607 2325 tanquam
1643 2269 1729 2307 vas

163 2358 297 2429 ﬁguli
319 2366 533 2411 conteres
563 2372 646 2410 eos
674 2352 846 2425 (Psal.
879 2369 935 2416 ιι,
969 2352 1026 2422 9)
1058 2369 1070 2404 :
1099 2362 1152 2404 ut
1182 2358 1432 2420 corrupto
1461 2351 1732 2406 exteriore

164 2447 392 2514 homine,
434 2458 488 2503 et
530 2447 784 2501 interiore
829 2453 1117 2506 renovato,
1164 2443 1333 2511 possis
1375 2443 1425 2495 in
1472 2440 1732 2495 cbaritate

164 2542 408 2598 radicatus
456 2550 511 2596 et
560 2540 808 2594 fundatus
852 2534 1307 2606 comprehendere
1358 2533 1729 2603 latitudinem,

165 2634 545 2705 longitudinem,
577 2631 933 2692 altitudinem,
963 2641 1017 2685 et
1045 2627 1383 2698 profundum,
1407 2642 1733 2697 cognoscere

166 2729 305 2783 etiam
321 2726 797 2797 supereminentem
816 2723 1094 2779 scientiam
1110 2723 1254 2777 cliari
1264 2723 1383 2775 tatis
1403 2722 1493 2776 Dei
1514 2721 1729 2791 (Ephes.

166 2817 451 2891 11516-19).
480 2817 633 2872 Nunc
670 2818 845 2886 itaque
872 2822 1007 2870 cum
1029 2830 1097 2869 ex
1130 2814 1315 2868 eadem
1352 2814 1733 2882 conspersioue

168 2910 292 2967 Deus
314 2911 411 2965 alia
433 2925 558 2965 vasa
581 2910 634 2964 in
664 2910 924 2962 honorem
951 2906 1097 2971 facit,
1127 2905 1227 2958 alia
1250 2905 1300 2958 in
1329 2905 1728 2971 contumeliam,

167 3019 258 3059 non
276 3014 353 3060 est
375 3014 520 3058 tuum
543 3002 833 3066 discutere,
861 3000 1100 3070 quisquis
1120 2996 1412 3052 secundum
1444 2996 1580 3050 lianc
1605 3011 1735 3050 con-

167 3097 470 3165 spersiouem
500 3093 675 3148 adhuc
702 3093 857 3158 vivis,
888 3090 942 3145 id
967 3099 1069 3157 est,
1102 3100 1314 3144 terreno
1342 3102 1501 3142 sensu
1529 3096 1584 3143 et
1610 3102 1732 3142 car-

168 3189 340 3243 naliter
359 3188 520 3257 sapis.

228 3279 394 3335 LXIII.
418 3278 519 3353 [Ib.
551 3294 623 3343 ix,
654 3274 768 3348 ‘22.]
788 3274 942 3344 Quod
967 3282 1143 3329 autem
1171 3273 1261 3339 ait,
1295 3272 1475 3325 Attulit
1495 3272 1548 3326 in
1573 3272 1735 3326 multa

170 3372 383 3441 patientia
423 3387 545 3424 vasa
589 3369 701 3435 ira,
730 3382 842 3437 qua:
884 3369 1104 3437 perfecta
1132 3374 1249 3418 sunt
1274 3365 1326 3417 in
1358 3362 1725 3434 perditionem,

168 3463 277 3518 hinc
310 3476 431 3519 satis
474 3462 794 3532 signiﬁcavit
842 3459 1249 3514 obduratinnem
1298 3457 1472 3511 cordis
1516 3473 1633 3525 qua:
1680 3456 1733 3510 in

168 3553 414 3610 Pharaone
454 3555 591 3609 facta
618 3561 719 3615 est,
753 3567 819 3605 ex
854 3551 1059 3606 meritis
1082 3551 1293 3605 venisse
1319 3550 1540 3604 occultae
1570 3563 1732 3617 supe-

168 3644 305 3698 rioris
341 3645 621 3715 impietatis
667 3661 681 3697 :
732 3658 890 3713 quam
942 3651 1121 3696 tamen
1170 3641 1432 3709 patienter
1483 3639 1734 3693 sustinuit

166 3735 315 3799 Deus,
336 3738 501 3792 donec
517 3736 583 3791 ad
606 3735 735 3790 illud
759 3744 966 3804 tempus
986 3735 1388 3803 perduceretur,
1414 3748 1520 3801 quo
1546 3747 1734 3800 oppor-

168 3837 283 3883 tune
318 3829 369 3883 in
406 3845 523 3885 eum
570 3828 798 3883 vindicta
847 3827 1191 3896 procederet,
1238 3825 1304 3879 ad
1344 3824 1731 3878 correctionem

166 3933 327 3975 eorum
348 3938 480 3992 quos
498 3922 566 3976 ab
585 3936 768 3976 errore
786 3920 1083 3973 instituerat
1106 3917 1348 3979 liberare,
1370 3926 1422 3970 et
1442 3915 1509 3969 ad
1530 3914 1731 3969 cultum

168 4025 298 4067 suum
325 4015 515 4084 pietate
542 4012 784 4069 vocando
806 4011 1100 4082 perducere
1123 4011 1162 4076 ί,
1194 4010 1440 4080 precibus
1465 4024 1651 4064 eorum
1677 4017 1732 4064 et

168 4105 422 4172 gemitibus
449 4123 607 4177 opem
635 4106 897 4176 praibens.

226 4196 394 4252 LXIV.
437 4197 536 4271 [Ib.
570 4214 643 4263 ix,
679 4196 769 4263 24,
805 4195 921 4270 25.]
963 4196 1114 4265 Quod
1150 4203 1327 4250 autem
1368 4197 1459 4261 ait,
1501 4196 1639 4264 Quos
1682 4206 1731 4251 et

170 4290 331 4344 vocavit
366 4307 477 4355 nos,
521 4306 623 4344 non
653 4290 815 4343 solum
854 4306 916 4343 ea:
952 4287 1168 4355 Iudaeis,
1200 4288 1288 4342 sed
1325 4289 1477 4342 etiam
1498 4306 1559 4343 ea:
1598 4288 1732 4344 Gen-

172 4382 278 4437 tibus
300 4402 318 4439 :
343 4386 471 4439 sicut
492 4394 538 4437 et
565 4385 618 4437 in
649 4382 775 4437 Osee
802 4383 943 4449 dicit,
978 4381 1179 4435 Vocabo
1203 4398 1304 4435 non
1330 4381 1523 4451 plebem
1543 4399 1727 4449 meam,

172 4473 334 4541 plebem
367 4492 547 4540 meam,
573 4484 701 4539 etc.,
736 4475 894 4530 totius
929 4475 1083 4543 hujus
1120 4473 1491 4543 disputationis
1532 4489 1729 4543 propo-

172 4567 304 4623 situm
321 4569 387 4624 ad
410 4569 509 4622 hoc
531 4567 789 4637 perducit,
813 4576 872 4621 ut
886 4569 1133 4636 quoniam
1154 4566 1335 4621 docuit
1354 4566 1731 4621 misericordias

176 4656 251 4714 Dei
271 4678 383 4717 esse
414 4661 556 4733 quod
584 4661 722 4716 bene
758 4675 1066 4731 operantur,
1086 4676 1189 4714 non
1229 4669 1476 4729 tanquam
1502 4675 1567 4714 ex
1596 4675 1731 4730 Ope-

175 4750 298 4809 ribus
322 4755 485 4811 Judaei
515 4756 835 4826 glorientur,
865 4754 955 4824 qui
995 4770 1115 4808 cum
1157 4754 1500 4824 Evangelium
1542 4770 1731 4823 perce-

176 4840 383 4917 pissent’,
422 4861 674 4921 tanquam
708 4850 911 4904 meritis
952 4848 1061 4904 suis
1090 4848 1140 4901 id
1177 4848 1512 4903 tribuendum
1546 4849 1732 4903 existi-

176 4949 375 5009 mantes,
401 4942 653 4997 nolebant
680 4940 939 4999 Gentibus
962 4939 1077 4994 dari
1112 4960 1124 4994 :
1156 4954 1184 4992 a
1212 4954 1316 5009 qua
1347 4940 1594 5009 superbia
1620 4940 1729 5010 jam

178 5024 346 5086 debent
386 5033 673 5100 desistere,
721 5033 1076 5101 intelligentes
1122 5032 1372 5100 quoniam
1417 5032 1461 5085 si
1517 5046 1623 5084 non
1666 5046 1733 5086 ex

179 5125 415 5192 operibus,
446 5129 537 5183 sed
561 5126 922 5183 misericordia
951 5126 1042 5181 Dei
1072 5140 1324 5180 vocamur
1350 5134 1403 5179 ut
1429 5125 1729 5191 credamus,

180 5223 223 5268 ει
252 5220 573 5278 credentibus
605 5230 883 5291 pra‘statur
916 5232 971 5274 ut
1012 5220 1147 5275 bene
1175 5234 1480 5289 operemur,
1511 5237 1618 5274 non
1654 5230 1735 5276 est

180 5303 405 5368 Gentibus
432 5314 532 5369 ista
573 5313 856 5368 invidenda
888 5311 1253 5367 misericordia
1285 5312 1382 5384 (a),
1411 5313 1564 5381 quasi
1594 5328 1733 5382 prte-

181 5393 273 5454 lato
296 5406 477 5460 merito
499 5405 825 5471 ιυόωυτυιη,
855 5405 995 5475 quod
1027 5404 1229 5459 nullum
1256 5413 1357 5460 est.

156 5474 161 5485 “
238 5487 379 5550 LXV.
432 5494 529 5569 [11).
558 5512 631 5560 Ix,
661 5495 777 5568 9.7.]
799 5474 949 5564 Quod
981 5506 1154 5550 autem
1182 5495 1329 5562 dicit,
1365 5495 1551 5550 Isaias
1570 5505 1734 5552 autem

182 5577 338 5637 clamat
375 5605 466 5644 aro
502 5587 703 5656 Israel,
747 5588 807 5644 Si
844 5588 992 5653 fuerit
1034 5604 1267 5642 numerus
1306 5589 1526 5657 ﬁliorum
1570 5587 1738 5644 Israel

232 5718 250 5793 ξ
269 5726 409 5793 {Vestri
433 5739 603 5780 omnes
615 5735 746 5788 Mss,
769 5733 817 5779 et
831 5727 895 5779 ad
913 5729 1095 5781 cultum
1116 5740 1256 5782 suum
1280 5727 1593 5793 pietatemque
1610 5746 1739 5783 revo-

184 5782 311 5851 εωξάρ
330 5793 606 5851 perducere.

235 5844 297 5908 (α)
316 5844 551 5907 l'netract.
575 5866 681 5917 cap.
702 5854 781 5915 25,
803 5867 854 5903 n.
878 5854 927 5903 4.

1590 348 1966 410 EXPOSITIO.

3283 365 3428 429 2082

1836 493 1981 561 quasi
2003 511 2157 550 arena
2181 500 2356 567 maris,
2371 502 2599 574 reliquiae
2627 506 2782 561 salvae
2815 510 2957 577 ﬁent,
2980 511 3213 568 ostendit
3236 530 3429 585 quem«

1836 584 2123 641 admodum
2171 589 2239 643 sit
2278 593 2420 646 Deus
2476 597 2608 665 lapis
2657 601 2964 671 angularis,
3005 584 3289 677 utrumque
3328 595 3425 677 pa-

1837 675 2025 732 rietem
2058 679 2109 734 in
2139 696 2198 735 se
2227 684 2553 754 conjungens
2595 690 2824 758 (Ep/tes.
2869 712 2942 763 ιι,
2967 695 3039 752 20
3066 699 3105 768 ).
3153 675 3418 754 Testimo-

1840 767 1984 820 nium
2014 770 2156 824 enim
2186 771 2322 828 Osee
2354 776 2624 845 propheta:
2653 778 2855 835 dictum
2900 795 2985 838 eSt
3019 767 3116 853 pro
3145 788 3424 856 Gentibus,

1855 856 2048 912 Vocabo
2072 878 2173 915 non
2200 865 2393 932 plebem
2417 883 2600 934 meam,
2625 869 2816 938 plebem
2844 889 3027 940 meam,
3065 884 3111 928 et
3140 891 3241 953 non
3265 879 3429 933 dilec-

1838 957 1959 1012 tam,
1984 952 2217 1007 dilectam
2245 954 2399 1028 (Osee
2427 974 2483 1024 il,
2511 958 2636 1033 24);
2661 971 2715 1016 et
2741 961 2889 1019 Isaia:
2918 967 3282 1024 testimonium
3312 969 3426 1026 dic-

1839 1049 1947 1096 tum
1972 1054 2053 1098 est
2081 1061 2175 1115 pro
2202 1048 2383 1116 Israel,
2408 1050 2667 1116 Quoniam
2698 1056 2922 1127 reliquiae
2947 1060 3100 1115 salute
3129 1062 3249 1124 ﬁent
3271 1060 3425 1135 (Isai.

1838 1147 1897 1197 x,
1926 1133 2057 1207 22),
2090 1146 2145 1191 ut
2188 1139 2317 1209 ipsae
2354 1141 2678 1213 deputentur
2717 1147 2771 1201 in
2801 1162 2986 1205 semen
3025 1133 3427 1225 Abrahae,qum

1841 1225 2181 1283 crediderunt
2209 1231 2259 1283 in
2291 1232 2561 1289 Christum
2589 1254 2603 1290 :
2630 1237 2699 1291 ita
2724 1240 3016 1297 concordes
3041 1244 3227 1300 ambos
3254 1260 3426 1316 popu-

1836 1314 1918 1369 los
1947 1314 2092 1385 facit,
2126 1324 2417 1379 secundum
2461 1336 2515 1382 et
2553 1328 2766 1384 Domini
2812 1335 3171 1391 testimonium
3201 1314 3427 1395 dicentis

1836 1406 1887 1460 in
1916 1408 2206 1480 Evangelio
2238 1414 2305 1469 de
2335 1415 2612 1487 Gentibus,
2653 1421 2830 1478 Habeo
2857 1425 2985 1480 alias
3011 1444 3123 1483 oues
3166 1447 3281 1500 (μιαν
3320 1449 3426 1487 non

1835 1511 1951 1553 sunt
1976 1502 2037 1555 de
2056 1503 2148 1556 hoc
2173 1506 2309 1573 ovili,
2333 1525 2459 1578 quas
2480 1522 2673 1580 oportet
2701 1531 2778 1568 me
2801 1516 3083 1585 adducere;
3103 1528 3149 1574 et
3178 1523 3271 1576 erit
3295 1540 3424 1578 unus

1836 1608 1978 1662 grex,
2010 1603 2056 1647 et
2085 1613 2214 1650 unus
2242 1611 2414 1667 pastor
2446 1600 2465 1673 (
2484 1602 2638 1661 Joan.
2669 1622 2724 1671 χ,
2759 1608 2888 1681 16

1907 1686 2091 1778 LXVI.
2125 1688 2222 1762 [Ib.
2258 1709 2315 1758 x,
2348 1694 2426 1768 1.]
2455 1696 2605 1765 Quod
2645 1712 2823 1757 autem
2865 1706 2977 1770 ait,
3024 1706 3253 1778 Fratres,
3295 1710 3428 1767 bona

1836 1776 2067 1833 voluntas
2092 1783 2259 1836 cordis
2289 1786 2386 1838 mei
2423 1797 2469 1839 et
2499 1790 2784 1859 deprecatio
2814 1794 2881 1847 ad
2906 1794 3072 1851 Deum
3112 1801 3170 1867 ﬁt
3200 1776 3292 1870 pro
3324 1803 3428 1857 illis

1836 1867 1889 1922 in
1911 1870 2159 1940 salutem;
2194 1875 2319 1932 hinc
2342 1876 2451 1947 jam
2482 1880 2666 1951 incipit
2693 1884 2761 1941 de
2788 1901 2883 1956 spe
2913 1867 3217 1947 Iudaeorum
3244 1894 3426 1965 loqui,

1836 1976 1904 2015 ne
1928 1965 2087 2018 etiam
2118 1964 2314 2022 Gentes
2340 1972 2617 2039 superbire
2643 1976 2874 2033 audeant
2904 1981 3162 2039 adversus
3189 1964 3431 2048 Iudaeos:

1835 2049 1982 2107 Sicut
2010 2055 2154 2109 enim
2195 2056 2500 2116 Iudaeorum
2540 2067 2789 2134 superbia
2828 2070 3120 2129 refellenda
3161 2085 3279 2131 erat
3314 2087 3433 2135 tan-

1836 2158 1992 2213 quam
2023 2162 2087 2200 ex
2110 2149 2361 2217 operibus
2386 2153 2756 2223 gloriantium;
2786 2160 2864 2216 sic
2880 2170 2934 2216 et
2957 2161 3215 2222 Gentibus
3240 2183 3431 2226 occur-

1836 2239 2058 2292 rendum
2086 2249 2185 2306 est,
2214 2257 2277 2295 ne
2302 2252 2548 2314 tanquam
2570 2236 2771 2306 Iudaeis
2794 2254 2994 2320 praelati
3017 2260 3352 2326 superbiant.

1908 2326 2115 2384 LXVII.
2160 2330 2258 2405 [Ib.
2291 2351 2347 2401 x,
2376 2336 2545 2411 8-10.]
2575 2340 2728 2408 Quod
2768 2352 2945 2399 autem
2972 2345 3139 2415 dicit,
3190 2368 3210 2402 ‹
3258 2351 3433 2424 Prope

1837 2426 1920 2472 est
1957 2422 2176 2476 verbum
2207 2424 2256 2477 in
2289 2440 2381 2479 ore
2405 2436 2513 2493 tuo,
2549 2439 2602 2483 et
2631 2430 2683 2484 in
2718 2433 2881 2488 corde
2914 2443 3035 2501 tuo;
3066 2437 3171 2493 hoc
3195 2451 3278 2497 est
3306 2422 3431 2500 ver-

1838 2508 1968 2565 bum
1992 2509 2114 2567 fidei
2137 2516 2277 2583 quod
2302 2519 2650 2587 prmdicamus
2678 2506 2696 2574 εΔ
2716 2524 2838 2593 quia
2862 2525 2907 2579 si
2933 2528 3237 2586 confitearis
3259 2534 3308 2586 in
3336 2549 3431 2590 ore

1840 2612 1930 2657 tuo
1968 2606 2089 2675 quia
2131 2607 2389 2664 Dominus
2428 2621 2511 2666 est
2550 2612 2726 2681 Jesus,
2769 2623 2823 2670 et
2860 2617 3153 2697 credideris
3186 2622 3239 2677 in
3267 2623 3432 2682 corde

1842 2703 1935 2748 tuo
1965 2697 2085 2766 quia
2117 2698 2253 2754 Deus
2280 2701 2425 2754 illum
2455 2705 2731 2759 suscitavit
2757 2721 2787 2760 a
2817 2710 3061 2776 mortuis,
3093 2702 3272 2768 salvus
3300 2714 3428 2771 eris.

1840 2785 2012 2844 Corde
2042 2792 2185 2845 enim
2212 2795 2448 2848 creditur
2473 2797 2538 2850 ad
2564 2798 2856 2867 justitiam,
2893 2816 2989 2859 ore
3017 2812 3194 2860 autem
3222 2806 3432 2864 confes-

1839 2882 1920 2936 sio
1950 2882 2008 2936 ﬁt
2034 2884 2083 2937 in
2111 2886 2368 2952 salutem;
2400 2907 2419 2940 ι
2450 2898 2587 2943 totus
2618 2890 2703 2946 Itic
2733 2892 2881 2948 locus
2913 2894 2979 2950 ad
3028 2897 3158 2952 illud
3199 2898 3433 2958 refertur

1839 2974 1982 3045 quod
2009 2979 2255 3048 superius
2281 2981 2435 3048 dixit,
2469 2980 2686 3037 Verbum
2716 2987 2848 3040 enim
2876 3005 3232 3046 consummans
3251 3001 3298 3046 et
3320 2995 3434 3073 bre-_-

1840 3068 1983 3121 vians
2014 3072 2165 3139 faciet
2191 3070 2618 3151 Dominussuper
2638 3086 2824 3132 terram
2853 3079 3028 3153 (Rom.
3055 3098 3137 3148 Ix,
3164 3083 3235 3140 28
3254 3084 3295 3155 ).
3329 3068 3433 3143 Ile?-

1842 3161 2003 3215 motis
2031 3162 2174 3215 enim
2220 3162 2699 3223 innumerabilibus
2741 3180 2797 3224 et
2839 3172 3220 3243 multiplicibus
3255 3190 3434 3232 sacra-

1842 3252 2039 3305 mentis
2065 3254 2256 3321 quibus
2281 3255 2532 3311 Judaicus
2558 3261 2783 3328 populus
2812 3264 3173 3332 premebatur,
3207 3282 3303 3337 per
3335 3268 3435 3324 mi-

1841 3344 2187 3400 sericordiam
2224 3347 2320 3401 Dei
2356 3348 2551 3404 factum
2582 3359 2665 3406 est
2692 3361 2752 3408 ut
2791 3353 3055 3414 brevitate
3081 3358 3435 3417 confessionis

1842 3434 1964 3491 ﬁdei
1993 3436 2057 3489 ad
2085 3438 2311 3492 salutem
2342 3442 2760 3509 perveniremus.

1912 3525 2144 3583 LXVIII.
2175 3529 2273 3601 [Ib.
2306 3547 2362 3598 ι,
2400 3533 2512 3606 19.]
2553 3534 2705 3601 Quod
2730 3548 2907 3595 autem
2936 3541 3099 3610 dicit,
3139 3546 3432 3604 secundum

1843 3620 2204 3675 testimOuium
2230 3623 2417 3693 Moysi,
2443 3625 2554 3697 Ego
2574 3628 2644 3680 ad
2664 3631 3034 3687 wmulationem
3054 3651 3141 3690 vos
3156 3638 3433 3706 perducam

1841 3712 1895 3764 in
1924 3728 2024 3765 non
2054 3724 2281 3782 gentem;
2311 3716 2365 3768 in
2388 3727 2588 3786 gentem
2611 3719 2929 3791 insipientem
2963 3725 3172 3782 irritabo
3209 3745 3327 3796 vos;
3352 3730 3435 3787 di-

1839 3805 2031 3869 cendo,
2068 3816 2263 3876 gentem
2305 3808 2643 3879 insipientem,
2684 3815 2930 3883 exposuit
2963 3818 3089 3887 quid
3126 3820 3341 3889 dixerit,
3377 3822 3434 3880 in

1838 3913 1939 3951 non
1965 3908 2161 3968 gentem
2192 3914 2212 3953 :
2252 3902 2401 3968 quasi
2437 3903 2579 3972 quod
2625 3920 2726 3961 nec
2770 3923 2903 3978 gens
2942 3909 3165 3969 dicenda
3201 3916 3272 3972 sit
3313 3934 3435 3990 quae

1841 3986 2101 4067 insipiens
2130 3996 2233 4044 est.
2284 3990 2361 4046 De
2398 3993 2548 4062 cujus
2580 4004 2759 4052 tamen
2799 4000 2904 4055 fide
2940 4001 3258 4062 irritandum
3303 3986 3435 4067 dicit

1840 4080 2093 4149 populum
2134 4080 2449 4147 Iudaicum,
2495 4085 2617 4153 quia
2664 4087 2739 4142 illi
2776 4090 3247 4159 apprehenderunt
3288 4099 3433 4169 quod

1840 4171 1929 4227 isti
1969 4184 2305 4242 respuerant.
2335 4175 2433 4232 Vel
2478 4186 2624 4234 certe
2663 4180 2717 4235 in
2744 4198 2845 4237 non
2871 4195 3069 4255 gentem
3090 4228 3106 4252 ,
3155 4189 3210 4245 in
3237 4201 3434 4261 gentem

1839 4267 2190 4338 insipientem;
2214 4271 2337 4340 quia
2364 4286 2484 4326 cum
2516 4284 2662 4329 esset
2688 4290 2822 4346 gens
2848 4276 3105 4349 insipiens
3134 4285 3310 4341 omnis
3337 4301 3435 4357 po-

1841 4359 1996 4428 pulus
2018 4360 2155 4415 idola
2177 4363 2379 4430 colens,
2405 4373 2580 4420 tamen
2605 4368 2952 4437 gentilitatem
2979 4373 3248 4432 credendo
3265 4377 3433 4449 depo-

1840 4451 1967 4506 suit.
2003 4451 2155 4508 Unde
2187 4454 2312 4509 illud
2339 4456 2498 4511 etiam
2525 4467 2644 4513 est:
2680 4458 2742 4515 Si
2768 4462 2923 4532 igitur
2948 4468 3249 4536 praeputium
3275 4470 3436 4541 justi-

1842 4549 1937 4598 tias
1965 4544 2116 4618 Legis
2145 4550 2415 4617 custodiat,
2449 4568 2614 4606 nonne
2641 4556 2941 4624 prwputium
2962 4559 3072 4626 ejus
3095 4561 3149 4615 in
3173 4563 3435 4620 circumci-

1843 4640 1983 4694 sione
2012 4641 2334 4708 depulabitur
2361 4644 2379 4713 (
2389 4641 2469 4696 Id.
2500 4660 2556 4709 tt,
2588 4645 2735 4718 ‘26)?
2759 4647 2826 4703 Ut
2850 4650 2921 4705 sit
2954 4651 3040 4707 hic
3064 4667 3254 4711 sensus
3278 4675 3292 4711 :
3319 4657 3432 4731 Ego

1842 4732 1897 4787 in
1927 4734 2321 4789 aemulationem
2353 4750 2447 4791 vos
2472 4736 2731 4793 adducam
2760 4741 2812 4795 in
2850 4757 2969 4797 eam
3002 4760 3120 4815 qua:
3166 4763 3271 4804 non
3299 4765 3430 4821 gens

1844 4826 1979 4882 facta
2008 4836 2112 4892 est,
2145 4827 2462 4896 deponendo
2503 4832 2851 4899 gentilitatem
2887 4850 2984 4905 per
3014 4835 3170 4894 fidem
3196 4837 3391 4898 Christi
3412 4884 3432 4913 ,

1843 4936 1961 4975 cum
1993 4920 2181 4975 fuisset
2212 4936 2343 4991 gens
2373 4922 2627 4991 insipiens
2652 4925 2879 4981 colendo
2908 4927 3066 4983 idola.

1915 5011 2100 5067 LXIX.
2126 5012 2222 5084 [Ib.
2244 5029 2318 5073 xi.
2347 5013 2456 5087 Its]
2479 5014 2628 5081 Quod
2649 5028 2825 5072 autem
2846 5020 2939 5086 ait,
2965 5019 3231 5094 Numquid
3244 5031 3430 5099 repulit

1841 5103 1980 5159 Deus
2007 5105 2196 5175 plebem
2221 5107 2405 5159 suam?
2437 5106 2595 5159 Absit.
2638 5106 2778 5162 Nam
2815 5120 2860 5164 et
2888 5129 2978 5184 ego
3016 5113 3254 5173 Israelita
3291 5139 3424 5193 sum,

1842 5216 1904 5254 ex
1928 5200 2112 5253 semine
2138 5192 2419 5264 Abraham,
2436 5200 2509 5253 de
2533 5200 2664 5255 tribu
2688 5201 2979 5276 Benjamin,
3011 5209 3076 5263 ad
3118 5209 3222 5268 hoc
3258 5192 3428 5270 refer¥

1845 5300 1930 5347 tur
1972 5294 2113 5362 quod
2149 5294 2394 5363 superius
2437 5295 2606 5361 dixit,
2650 5295 2774 5352 Non
2807 5309 2967 5370 potest
2998 5313 3163 5360 autem
3202 5309 3431 5364 excidere

1846 5385 2045 5438 verbum
2078 5384 2188 5438 Dei.
2234 5384 2353 5438 Non
2393 5387 2523 5441 enim
2559 5405 2729 5443 omnes
2767 5391 2854 5459 qui
2896 5403 3012 5447 sunt
3049 5412 3113 5449 ea:
3149 5395 3333 5465 Israel,
3376 5399 3432 5455 In

1814 5488 1958 5531 sunt
1993 5476 2276 5541 Israelitte;
2316 5495 2474 5549 neque
2501 5480 2618 5549 quia
2644 5490 2759 5535 sunt
2798 5499 2963 5537 semen
3004 5484 3278 5552 Abraham,
3323 5506 3434 5544 om-

1847 5586 1933 5623 nes
1962 5570 2093 5639 ﬁlii;
2119 5570 2205 5622 sed
2231 5570 2281 5622 in
2307 5568 2459 5623 Isaac
2488 5562 2741 5625 vocabitur
2763 5573 2852 5627 tibi
2874 5590 3038 5628 semen
3062 5591 3082 5629 :
3114 5585 3171 5632 ut
3207 5578 3274 5635 de
3314 5581 3431 5651 ipso

1845 5662 2051 5717 scilicet
2093 5662 2285 5732 popqu
2313 5661 2618 5741 Iudaeorum
2659 5664 2734 5718 illi
2771 5665 3090 5733 deputentur
3127 5669 3183 5724 in
3221 5685 3431 5745 semen,

1845 5756 1935 5825 qui
1964 5754 2187 5809 Domino
2212 5754 2568 5811 crediderunt.
2600 5757 2672 5811 De
2701 5756 2801 5811 hoc
2832 5756 2956 5812 item
2981 5756 3112 5815 dicit
3156 5766 3425 5845 superius,

1848 5850 2095 5922 Reliquiae
2116 5850 2269 5907 salva:
2284 5850 2407 5918 ﬁent
2431 5848 2553 5920 (Id.
2582 5864 2657 5917 ix,
2681 5849 2736 5918 6,
2766 5849 2818 5920 7,
2849 5848 2958 5941 27).
