  <div class='ocr_page' id='page_1' title='image "/cluster/home/n/w/nwhite01/storage/ocr_20150623/35/uva.x000827104/396.png"; bbox 0 0 3994 6368; ppageno 0'>
   <div class='ocr_carea' id='block_1_1' title="bbox 154 345 300 406">
    <p class='ocr_par' dir='ltr' id='par_1_1' title="bbox 154 345 300 406">
     <span class='ocr_line' id='line_1_1' title="bbox 154 345 300 406; baseline 0 0"><span class='ocrx_word' id='word_1_1' title='bbox 154 345 300 406; x_wconf 75' lang='lat'><strong>2085</strong></span> 
     </span>
    </p>
   </div>
   <div class='ocr_carea' id='block_1_2' title="bbox 161 451 1744 530">
    <p class='ocr_par' dir='ltr' id='par_1_2' title="bbox 161 451 1744 530">
     <span class='ocr_line' id='line_1_2' title="bbox 161 451 1744 530; baseline -0.01 -8"><span class='ocrx_word' id='word_1_2' title='bbox 161 468 356 522; x_wconf 99' lang='lat' dir='ltr'><strong>tionem</strong></span> <span class='ocrx_word' id='word_1_3' title='bbox 387 459 545 530; x_wconf 81' lang='lat' dir='ltr'><strong>Legis</strong></span> <span class='ocrx_word' id='word_1_4' title='bbox 563 459 614 512; x_wconf 91' lang='lat' dir='ltr'><strong>in</strong></span> <span class='ocrx_word' id='word_1_5' title='bbox 638 455 919 512; x_wconf 88' lang='lat' dir='ltr'><strong>dilectione</strong></span> <span class='ocrx_word' id='word_1_6' title='bbox 953 456 1211 526; x_wconf 90' lang='lat' dir='ltr'><strong>positam,</strong></span> <span class='ocrx_word' id='word_1_7' title='bbox 1239 453 1292 509; x_wconf 88' lang='lat' dir='ltr'><strong>id</strong></span> <span class='ocrx_word' id='word_1_8' title='bbox 1327 461 1431 522; x_wconf 88' lang='lat' dir='ltr'><strong>est,</strong></span> <span class='ocrx_word' id='word_1_9' title='bbox 1461 453 1516 507; x_wconf 87' lang='lat' dir='ltr'><strong>in</strong></span> <span class='ocrx_word' id='word_1_10' title='bbox 1563 451 1744 508; x_wconf 86' lang='lat' dir='ltr'><strong>chari-</strong></span> 
     </span>
    </p>
   </div>
   <div class='ocr_carea' id='block_1_3' title="bbox 162 544 1744 616">
    <p class='ocr_par' dir='ltr' id='par_1_3' title="bbox 162 544 1744 616">
     <span class='ocr_line' id='line_1_3' title="bbox 162 544 1744 616; baseline -0.009 -4"><span class='ocrx_word' id='word_1_11' title='bbox 162 566 284 612; x_wconf 82' lang='lat' dir='ltr'><strong>tate.</strong></span> <span class='ocrx_word' id='word_1_12' title='bbox 324 550 468 612; x_wconf 77' lang='lat' dir='ltr'><strong>&#39;Jnde</strong></span> <span class='ocrx_word' id='word_1_13' title='bbox 490 558 544 606; x_wconf 87' lang='lat' dir='ltr'><strong>et</strong></span> <span class='ocrx_word' id='word_1_14' title='bbox 573 547 831 606; x_wconf 81' lang='lat' dir='ltr'><strong>Dominus</strong></span> <span class='ocrx_word' id='word_1_15' title='bbox 867 548 924 602; x_wconf 86' lang='lat' dir='ltr'><strong>in</strong></span> <span class='ocrx_word' id='word_1_16' title='bbox 950 547 1058 602; x_wconf 84' lang='lat' dir='ltr'><strong>illis</strong></span> <span class='ocrx_word' id='word_1_17' title='bbox 1083 546 1294 602; x_wconf 87' lang='lat' dir='ltr'><strong>duobus</strong></span> <span class='ocrx_word' id='word_1_18' title='bbox 1333 544 1615 616; x_wconf 57' lang='lat' dir='ltr'><strong>praeceptis</strong></span> <span class='ocrx_word' id='word_1_19' title='bbox 1659 551 1744 598; x_wconf 84' lang='lat' dir='ltr'><strong>to-</strong></span> 
     </span>
    </p>
   </div>
   <div class='ocr_carea' id='block_1_4' title="bbox 165 637 1748 717">
    <p class='ocr_par' dir='ltr' id='par_1_4' title="bbox 165 637 1748 717">
     <span class='ocr_line' id='line_1_4' title="bbox 165 637 1748 717; baseline -0.008 -12"><span class='ocrx_word' id='word_1_20' title='bbox 165 661 268 705; x_wconf 87' lang='lat' dir='ltr'><strong>tam</strong></span> <span class='ocrx_word' id='word_1_21' title='bbox 293 645 486 717; x_wconf 68' lang='lat' dir='ltr'><strong>Legem</strong></span> <span class='ocrx_word' id='word_1_22' title='bbox 507 641 748 716; x_wconf 76' lang='lat' dir='ltr'><strong>pendere</strong></span> <span class='ocrx_word' id='word_1_23' title='bbox 768 640 917 706; x_wconf 92' lang='lat' dir='ltr'><strong>dicit,</strong></span> <span class='ocrx_word' id='word_1_24' title='bbox 941 650 996 696; x_wconf 89' lang='lat' dir='ltr'><strong>et</strong></span> <span class='ocrx_word' id='word_1_25' title='bbox 1017 655 1207 696; x_wconf 90' lang='lat' dir='ltr'><strong>omnes</strong></span> <span class='ocrx_word' id='word_1_26' title='bbox 1235 639 1549 710; x_wconf 83' lang='lat' dir='ltr'><strong>PrOphctas,</strong></span> <span class='ocrx_word' id='word_1_27' title='bbox 1583 637 1636 692; x_wconf 90' lang='lat' dir='ltr'><strong>id</strong></span> <span class='ocrx_word' id='word_1_28' title='bbox 1662 646 1748 692; x_wconf 89' lang='lat' dir='ltr'><strong>est</strong></span> 
     </span>
    </p>
   </div>
   <div class='ocr_carea' id='block_1_5' title="bbox 165 725 1742 804">
    <p class='ocr_par' dir='ltr' id='par_1_5' title="bbox 165 725 1742 804">
     <span class='ocr_line' id='line_1_5' title="bbox 165 725 1742 804; baseline -0.012 -6"><span class='ocrx_word' id='word_1_29' title='bbox 165 743 214 798; x_wconf 88' lang='lat' dir='ltr'><strong>in</strong></span> <span class='ocrx_word' id='word_1_30' title='bbox 263 737 544 795; x_wconf 80' lang='lat' dir='ltr'><strong>dilectione</strong></span> <span class='ocrx_word' id='word_1_31' title='bbox 572 735 664 792; x_wconf 86' lang='lat' dir='ltr'><strong>Dei</strong></span> <span class='ocrx_word' id='word_1_32' title='bbox 709 742 763 789; x_wconf 90' lang='lat' dir='ltr'><strong>et</strong></span> <span class='ocrx_word' id='word_1_33' title='bbox 787 733 1012 804; x_wconf 82' lang='lat' dir='ltr'><strong>proximi</strong></span> <span class='ocrx_word' id='word_1_34' title='bbox 1052 730 1293 804; x_wconf 77' lang='lat' dir='ltr'><strong>(Matth.</strong></span> <span class='ocrx_word' id='word_1_35' title='bbox 1344 747 1489 798; x_wconf 66' lang='grc' dir='ltr'>χιιι,</span> <span class='ocrx_word' id='word_1_36' title='bbox 1517 729 1586 786; x_wconf 73' lang='lat'><strong>57</strong></span> <span class='ocrx_word' id='word_1_37' title='bbox 1627 725 1742 804; x_wconf 74' lang='grc'><strong>40.)</strong></span> 
     </span>
    </p>
   </div>
   <div class='ocr_carea' id='block_1_6' title="bbox 171 817 1742 897">
    <p class='ocr_par' dir='ltr' id='par_1_6' title="bbox 171 817 1742 897">
     <span class='ocr_line' id='line_1_6' title="bbox 171 817 1742 897; baseline -0.01 -8"><span class='ocrx_word' id='word_1_38' title='bbox 171 830 315 890; x_wconf 80' lang='lat' dir='ltr'><strong>Unde</strong></span> <span class='ocrx_word' id='word_1_39' title='bbox 342 837 394 885; x_wconf 86' lang='lat' dir='ltr'><strong>et</strong></span> <span class='ocrx_word' id='word_1_40' title='bbox 438 829 553 896; x_wconf 89' lang='lat' dir='ltr'><strong>ipse</strong></span> <span class='ocrx_word' id='word_1_41' title='bbox 579 826 672 896; x_wconf 85' lang='lat' dir='ltr'><strong>qui</strong></span> <span class='ocrx_word' id='word_1_42' title='bbox 704 825 902 897; x_wconf 79' lang='lat' dir='ltr'><strong>Legem</strong></span> <span class='ocrx_word' id='word_1_43' title='bbox 933 823 1076 880; x_wconf 88' lang='lat' dir='ltr'><strong>venit</strong></span> <span class='ocrx_word' id='word_1_44' title='bbox 1113 823 1370 893; x_wconf 83' lang='lat' dir='ltr'><strong>implere.</strong></span> <span class='ocrx_word' id='word_1_45' title='bbox 1401 817 1742 877; x_wconf 67' lang='lat' dir='ltr'><strong>dilectionem</strong></span> 
     </span>
    </p>
   </div>
   <div class='ocr_carea' id='block_1_7' title="bbox 169 915 1743 992">
    <p class='ocr_par' dir='ltr' id='par_1_7' title="bbox 169 915 1743 992">
     <span class='ocr_line' id='line_1_7' title="bbox 169 915 1743 992; baseline -0.009 -11"><span class='ocrx_word' id='word_1_46' title='bbox 169 923 370 981; x_wconf 86' lang='lat' dir='ltr'><strong>donavit</strong></span> <span class='ocrx_word' id='word_1_47' title='bbox 399 937 490 992; x_wconf 89' lang='lat' dir='ltr'><strong>per</strong></span> <span class='ocrx_word' id='word_1_48' title='bbox 514 919 774 992; x_wconf 85' lang='lat' dir='ltr'><strong>Spiritum</strong></span> <span class='ocrx_word' id='word_1_49' title='bbox 799 927 1077 984; x_wconf 81' lang='lat' dir='ltr'><strong>sanctum,</strong></span> <span class='ocrx_word' id='word_1_50' title='bbox 1129 923 1184 972; x_wconf 88' lang='lat' dir='ltr'><strong>ut</strong></span> <span class='ocrx_word' id='word_1_51' title='bbox 1229 918 1371 987; x_wconf 87' lang='lat' dir='ltr'><strong>quod</strong></span> <span class='ocrx_word' id='word_1_52' title='bbox 1399 923 1554 971; x_wconf 90' lang='lat' dir='ltr'><strong>antea</strong></span> <span class='ocrx_word' id='word_1_53' title='bbox 1585 915 1743 970; x_wconf 84' lang='lat' dir='ltr'><strong>timor</strong></span> 
     </span>
    </p>
   </div>
   <div class='ocr_carea' id='block_1_8' title="bbox 171 1009 1740 1089">
    <p class='ocr_par' dir='ltr' id='par_1_8' title="bbox 171 1009 1740 1089">
     <span class='ocr_line' id='line_1_8' title="bbox 171 1009 1740 1089; baseline -0.008 -14"><span class='ocrx_word' id='word_1_54' title='bbox 171 1018 380 1089; x_wconf 77' lang='lat' dir='ltr'><strong>implere</strong></span> <span class='ocrx_word' id='word_1_55' title='bbox 407 1031 508 1070; x_wconf 86' lang='lat' dir='ltr'><strong>non</strong></span> <span class='ocrx_word' id='word_1_56' title='bbox 529 1021 740 1084; x_wconf 80' lang='lat' dir='ltr'><strong>poterat</strong></span> <span class='ocrx_word' id='word_1_57' title='bbox 763 1054 782 1080; x_wconf 90' lang='lat'><strong>,</strong></span> <span class='ocrx_word' id='word_1_58' title='bbox 817 1011 1050 1068; x_wconf 86' lang='lat' dir='ltr'><strong>ebaritas</strong></span> <span class='ocrx_word' id='word_1_59' title='bbox 1085 1009 1427 1081; x_wconf 83' lang='lat' dir='ltr'><strong>postmodum</strong></span> <span class='ocrx_word' id='word_1_60' title='bbox 1474 1009 1740 1078; x_wconf 83' lang='lat' dir='ltr'><strong>impleret.</strong></span> 
     </span>
    </p>
   </div>
   <div class='ocr_carea' id='block_1_9' title="bbox 173 1099 1742 1173">
    <p class='ocr_par' dir='ltr' id='par_1_9' title="bbox 173 1099 1742 1173">
     <span class='ocr_line' id='line_1_9' title="bbox 173 1099 1742 1173; baseline -0.009 -9"><span class='ocrx_word' id='word_1_61' title='bbox 173 1109 388 1164; x_wconf 84' lang='lat' dir='ltr'><strong>Iudeest</strong></span> <span class='ocrx_word' id='word_1_62' title='bbox 419 1113 476 1159; x_wconf 88' lang='lat' dir='ltr'><strong>et</strong></span> <span class='ocrx_word' id='word_1_63' title='bbox 499 1103 635 1158; x_wconf 84' lang='lat' dir='ltr'><strong>illud</strong></span> <span class='ocrx_word' id='word_1_64' title='bbox 664 1102 903 1173; x_wconf 80' lang='lat' dir='ltr'><strong>ejusdem</strong></span> <span class='ocrx_word' id='word_1_65' title='bbox 948 1102 1210 1172; x_wconf 84' lang='lat' dir='ltr'><strong>apostoli,</strong></span> <span class='ocrx_word' id='word_1_66' title='bbox 1271 1099 1545 1154; x_wconf 77' lang='lat' dir='ltr'><strong>Plenitudo</strong></span> <span class='ocrx_word' id='word_1_67' title='bbox 1573 1109 1742 1152; x_wconf 79' lang='lat' dir='ltr'><strong>autent</strong></span> 
     </span>
    </p>
   </div>
   <div class='ocr_carea' id='block_1_10' title="bbox 170 1191 1742 1272">
    <p class='ocr_par' dir='ltr' id='par_1_10' title="bbox 170 1191 1742 1272">
     <span class='ocr_line' id='line_1_10' title="bbox 170 1191 1742 1272; baseline -0.008 -16"><span class='ocrx_word' id='word_1_68' title='bbox 170 1201 312 1272; x_wconf 70' lang='lat' dir='ltr'><strong>Legi:</strong></span> <span class='ocrx_word' id='word_1_69' title='bbox 337 1195 552 1252; x_wconf 70' lang='lat' dir='ltr'><strong>chm&#39;itas</strong></span> <span class='ocrx_word' id='word_1_70' title='bbox 580 1211 598 1248; x_wconf 90' lang='lat'><strong><em>:</em></strong></span> <span class='ocrx_word' id='word_1_71' title='bbox 627 1202 683 1250; x_wconf 90' lang='lat' dir='ltr'><strong>et</strong></span> <span class='ocrx_word' id='word_1_72' title='bbox 707 1193 836 1250; x_wconf 85' lang='lat' dir='ltr'><strong>illud</strong></span> <span class='ocrx_word' id='word_1_73' title='bbox 853 1235 869 1260; x_wconf 94' lang='lat'><strong>,</strong></span> <span class='ocrx_word' id='word_1_74' title='bbox 899 1192 1046 1248; x_wconf 72' lang='lat' dir='ltr'><strong>Finis</strong></span> <span class='ocrx_word' id='word_1_75' title='bbox 1073 1202 1239 1247; x_wconf 85' lang='lat' dir='ltr'><strong>autem</strong></span> <span class='ocrx_word' id='word_1_76' title='bbox 1259 1192 1495 1264; x_wconf 65' lang='lat' dir='ltr'><strong>praecepti</strong></span> <span class='ocrx_word' id='word_1_77' title='bbox 1524 1200 1596 1246; x_wconf 72' lang='lat' dir='ltr'><strong>est</strong></span> <span class='ocrx_word' id='word_1_78' title='bbox 1615 1191 1742 1244; x_wconf 79' lang='lat' dir='ltr'><strong>clm-</strong></span> 
     </span>
    </p>
   </div>
   <div class='ocr_carea' id='block_1_11' title="bbox 171 1284 1742 1358">
    <p class='ocr_par' dir='ltr' id='par_1_11' title="bbox 171 1284 1742 1358">
     <span class='ocr_line' id='line_1_11' title="bbox 171 1284 1742 1358; baseline -0.007 -9"><span class='ocrx_word' id='word_1_79' title='bbox 171 1295 288 1349; x_wconf 75' lang='lat' dir='ltr'><strong>ritar</strong></span> <span class='ocrx_word' id='word_1_80' title='bbox 315 1290 374 1344; x_wconf 67' lang='lat' dir='ltr'><strong>de</strong></span> <span class='ocrx_word' id='word_1_81' title='bbox 407 1288 563 1343; x_wconf 74' lang='lat' dir='ltr'><strong>corde</strong></span> <span class='ocrx_word' id='word_1_82' title='bbox 611 1305 762 1358; x_wconf 76' lang='lat' dir='ltr'><strong>puro,</strong></span> <span class='ocrx_word' id='word_1_83' title='bbox 787 1297 840 1342; x_wconf 80' lang='lat' dir='ltr'><strong>et</strong></span> <span class='ocrx_word' id='word_1_84' title='bbox 888 1287 1192 1342; x_wconf 78' lang='lat' dir='ltr'><strong>conscientia</strong></span> <span class='ocrx_word' id='word_1_85' title='bbox 1233 1285 1385 1353; x_wconf 88' lang='lat' dir='ltr'><strong>bona,</strong></span> <span class='ocrx_word' id='word_1_86' title='bbox 1415 1294 1461 1342; x_wconf 80' lang='lat' dir='ltr'><strong>et</strong></span> <span class='ocrx_word' id='word_1_87' title='bbox 1503 1284 1606 1356; x_wconf 79' lang='lat' dir='ltr'><strong>ﬁde</strong></span> <span class='ocrx_word' id='word_1_88' title='bbox 1640 1300 1742 1339; x_wconf 87' lang='lat' dir='ltr'><strong>non</strong></span> 
     </span>
    </p>
   </div>
   <div class='ocr_carea' id='block_1_12' title="bbox 173 1377 696 1455">
    <p class='ocr_par' dir='ltr' id='par_1_12' title="bbox 173 1377 696 1455">
     <span class='ocr_line' id='line_1_12' title="bbox 173 1377 696 1455; baseline -0.011 -17"><span class='ocrx_word' id='word_1_89' title='bbox 173 1387 284 1454; x_wconf 69' lang='lat' dir='ltr'><strong>ﬁcta</strong></span> <span class='ocrx_word' id='word_1_90' title='bbox 315 1381 502 1455; x_wconf 82' lang='lat' dir='ltr'><strong>(ITint.</strong></span> <span class='ocrx_word' id='word_1_91' title='bbox 531 1381 584 1444; x_wconf 84' lang='lat' dir='ltr'><strong>t,</strong></span> <span class='ocrx_word' id='word_1_92' title='bbox 615 1377 696 1452; x_wconf 81' lang='lat'><strong>5).</strong></span> 
     </span>
    </p>
   </div>
   <div class='ocr_carea' id='block_1_13' title="bbox 233 1467 1738 1548">
    <p class='ocr_par' dir='ltr' id='par_1_13' title="bbox 233 1467 1738 1548">
     <span class='ocr_line' id='line_1_13' title="bbox 233 1467 1738 1548; baseline -0.007 -16"><span class='ocrx_word' id='word_1_93' title='bbox 233 1474 456 1532; x_wconf 72' lang='lat' dir='ltr'><strong>LXXVI.</strong></span> <span class='ocrx_word' id='word_1_94' title='bbox 477 1473 579 1548; x_wconf 90' lang='lat' dir='ltr'><strong>[lb.</strong></span> <span class='ocrx_word' id='word_1_95' title='bbox 608 1488 722 1540; x_wconf 70' lang='lat' dir='ltr'><strong>aut,</strong></span> <span class='ocrx_word' id='word_1_96' title='bbox 752 1471 864 1545; x_wconf 76' lang='lat' dir='ltr'><strong>IL]</strong></span> <span class='ocrx_word' id='word_1_97' title='bbox 878 1471 1029 1540; x_wconf 88' lang='lat' dir='ltr'><strong>Quod</strong></span> <span class='ocrx_word' id='word_1_98' title='bbox 1049 1479 1228 1526; x_wconf 89' lang='lat' dir='ltr'><strong>autem</strong></span> <span class='ocrx_word' id='word_1_99' title='bbox 1248 1471 1348 1535; x_wconf 89' lang='lat' dir='ltr'><strong>ait,</strong></span> <span class='ocrx_word' id='word_1_100' title='bbox 1373 1467 1441 1524; x_wconf 89' lang='lat' dir='ltr'><strong>Et</strong></span> <span class='ocrx_word' id='word_1_101' title='bbox 1459 1469 1552 1524; x_wconf 76' lang='lat' dir='ltr'><strong>hoc</strong></span> <span class='ocrx_word' id='word_1_102' title='bbox 1574 1469 1738 1524; x_wconf 79' lang='lat' dir='ltr'><strong>scien-</strong></span> 
     </span>
    </p>
   </div>
   <div class='ocr_carea' id='block_1_14' title="bbox 176 1561 1737 1637">
    <p class='ocr_par' dir='ltr' id='par_1_14' title="bbox 176 1561 1737 1637">
     <span class='ocr_line' id='line_1_14' title="bbox 176 1561 1737 1637; baseline -0.006 -13"><span class='ocrx_word' id='word_1_103' title='bbox 176 1577 463 1637; x_wconf 71' lang='lat' dir='ltr'><strong>testmptu,</strong></span> <span class='ocrx_word' id='word_1_104' title='bbox 509 1567 628 1636; x_wconf 74' lang='lat' dir='ltr'><strong>quia</strong></span> <span class='ocrx_word' id='word_1_105' title='bbox 651 1565 781 1618; x_wconf 73' lang='lat' dir='ltr'><strong>liora</strong></span> <span class='ocrx_word' id='word_1_106' title='bbox 849 1573 924 1618; x_wconf 84' lang='lat' dir='ltr'><strong>est</strong></span> <span class='ocrx_word' id='word_1_107' title='bbox 957 1565 1072 1635; x_wconf 83' lang='lat' dir='ltr'><strong>jam</strong></span> <span class='ocrx_word' id='word_1_108' title='bbox 1094 1579 1183 1617; x_wconf 86' lang='lat' dir='ltr'><strong>nos</strong></span> <span class='ocrx_word' id='word_1_109' title='bbox 1209 1561 1272 1618; x_wconf 81' lang='lat' dir='ltr'><strong>de</strong></span> <span class='ocrx_word' id='word_1_110' title='bbox 1311 1579 1488 1618; x_wconf 81' lang='lat' dir='ltr'><strong>somno</strong></span> <span class='ocrx_word' id='word_1_111' title='bbox 1509 1578 1737 1632; x_wconf 71' lang='lat' dir='ltr'><strong>surgere,</strong></span> 
     </span>
    </p>
   </div>
   <div class='ocr_carea' id='block_1_15' title="bbox 176 1654 1743 1729">
    <p class='ocr_par' dir='ltr' id='par_1_15' title="bbox 176 1654 1743 1729">
     <span class='ocr_line' id='line_1_15' title="bbox 176 1654 1743 1729; baseline -0.006 -12"><span class='ocrx_word' id='word_1_112' title='bbox 176 1661 289 1717; x_wconf 80' lang='lat' dir='ltr'><strong>illuc</strong></span> <span class='ocrx_word' id='word_1_113' title='bbox 313 1665 509 1729; x_wconf 75' lang='lat' dir='ltr'><strong>spectat</strong></span> <span class='ocrx_word' id='word_1_114' title='bbox 547 1657 694 1728; x_wconf 79' lang='lat' dir='ltr'><strong>quod</strong></span> <span class='ocrx_word' id='word_1_115' title='bbox 724 1657 922 1711; x_wconf 80' lang='lat' dir='ltr'><strong>dictum</strong></span> <span class='ocrx_word' id='word_1_116' title='bbox 973 1664 1073 1720; x_wconf 87' lang='lat' dir='ltr'><strong>est,</strong></span> <span class='ocrx_word' id='word_1_117' title='bbox 1100 1654 1231 1709; x_wconf 75' lang='lat' dir='ltr'><strong>Ecce</strong></span> <span class='ocrx_word' id='word_1_118' title='bbox 1257 1671 1388 1708; x_wconf 87' lang='lat' dir='ltr'><strong>nunc</strong></span> <span class='ocrx_word' id='word_1_119' title='bbox 1419 1663 1614 1724; x_wconf 81' lang='lat' dir='ltr'><strong>tempus</strong></span> <span class='ocrx_word' id='word_1_120' title='bbox 1654 1671 1743 1708; x_wconf 82' lang='lat' dir='ltr'><strong>ac-</strong></span> 
     </span>
    </p>
   </div>
   <div class='ocr_carea' id='block_1_16' title="bbox 178 1743 1739 1818">
    <p class='ocr_par' dir='ltr' id='par_1_16' title="bbox 178 1743 1739 1818">
     <span class='ocr_line' id='line_1_16' title="bbox 178 1743 1739 1818; baseline -0.003 -14"><span class='ocrx_word' id='word_1_121' title='bbox 178 1751 410 1818; x_wconf 61' lang='lat' dir='ltr'><strong>cep-labile,</strong></span> <span class='ocrx_word' id='word_1_122' title='bbox 433 1764 698 1802; x_wconf 70' lang='lat' dir='ltr'><strong>eccenuac</strong></span> <span class='ocrx_word' id='word_1_123' title='bbox 728 1748 832 1800; x_wconf 81' lang='lat' dir='ltr'><strong>dies</strong></span> <span class='ocrx_word' id='word_1_124' title='bbox 881 1744 1062 1801; x_wconf 76' lang='lat' dir='ltr'><strong>salutis</strong></span> <span class='ocrx_word' id='word_1_125' title='bbox 1091 1745 1108 1816; x_wconf 97' lang='lat'>(</span> <span class='ocrx_word' id='word_1_126' title='bbox 1134 1745 1174 1800; x_wconf 91' lang='lat' dir='ltr'><strong>ll</strong></span> <span class='ocrx_word' id='word_1_127' title='bbox 1197 1743 1318 1800; x_wconf 87' lang='lat' dir='ltr'><strong>Cor.</strong></span> <span class='ocrx_word' id='word_1_128' title='bbox 1349 1761 1426 1812; x_wconf 83' lang='lat' dir='ltr'><strong>vt,</strong></span> <span class='ocrx_word' id='word_1_129' title='bbox 1457 1745 1550 1816; x_wconf 76' lang='grc'><strong>2).</strong></span> <span class='ocrx_word' id='word_1_130' title='bbox 1575 1745 1739 1800; x_wconf 87' lang='lat' dir='ltr'><strong>Tem-</strong></span> 
     </span>
    </p>
   </div>
   <div class='ocr_carea' id='block_1_17' title="bbox 176 1831 1740 1906">
    <p class='ocr_par' dir='ltr' id='par_1_17' title="bbox 176 1831 1740 1906">
     <span class='ocr_line' id='line_1_17' title="bbox 176 1831 1740 1906; baseline -0.004 -14"><span class='ocrx_word' id='word_1_131' title='bbox 176 1853 266 1906; x_wconf 88' lang='lat' dir='ltr'><strong>pus</strong></span> <span class='ocrx_word' id='word_1_132' title='bbox 281 1837 412 1892; x_wconf 82' lang='lat' dir='ltr'><strong>enim</strong></span> <span class='ocrx_word' id='word_1_133' title='bbox 454 1833 725 1903; x_wconf 77' lang='lat' dir='ltr'><strong>Evangelii</strong></span> <span class='ocrx_word' id='word_1_134' title='bbox 751 1833 1098 1904; x_wconf 80' lang='lat' dir='ltr'><strong>signiﬁcatur.</strong></span> <span class='ocrx_word' id='word_1_135' title='bbox 1141 1841 1194 1888; x_wconf 89' lang='lat' dir='ltr'><strong>et</strong></span> <span class='ocrx_word' id='word_1_136' title='bbox 1243 1831 1334 1886; x_wconf 91' lang='lat' dir='ltr'><strong>illa</strong></span> <span class='ocrx_word' id='word_1_137' title='bbox 1373 1832 1740 1902; x_wconf 81' lang='lat' dir='ltr'><strong>opportunitas</strong></span> 
     </span>
    </p>
   </div>
   <div class='ocr_carea' id='block_1_18' title="bbox 178 1925 1158 1984">
    <p class='ocr_par' dir='ltr' id='par_1_18' title="bbox 178 1925 1158 1984">
     <span class='ocr_line' id='line_1_18' title="bbox 178 1925 1158 1984; baseline -0.009 -1"><span class='ocrx_word' id='word_1_138' title='bbox 178 1930 337 1984; x_wconf 72' lang='lat' dir='ltr'><strong>salvos</strong></span> <span class='ocrx_word' id='word_1_139' title='bbox 355 1926 573 1984; x_wconf 69' lang='lat' dir='ltr'><strong>faciendi</strong></span> <span class='ocrx_word' id='word_1_140' title='bbox 593 1926 875 1982; x_wconf 85' lang='lat' dir='ltr'><strong>credentes</strong></span> <span class='ocrx_word' id='word_1_141' title='bbox 893 1925 942 1979; x_wconf 92' lang='lat' dir='ltr'><strong>in</strong></span> <span class='ocrx_word' id='word_1_142' title='bbox 977 1925 1158 1980; x_wconf 89' lang='lat' dir='ltr'><strong>Deum.</strong></span> 
     </span>
    </p>
   </div>
   <div class='ocr_carea' id='block_1_19' title="bbox 237 2012 1739 2092">
    <p class='ocr_par' dir='ltr' id='par_1_19' title="bbox 237 2012 1739 2092">
     <span class='ocr_line' id='line_1_19' title="bbox 237 2012 1739 2092; baseline -0.004 -16"><span class='ocrx_word' id='word_1_143' title='bbox 237 2019 479 2076; x_wconf 71' lang='lat' dir='ltr'><strong>LXXVII.</strong></span> <span class='ocrx_word' id='word_1_144' title='bbox 503 2017 607 2092; x_wconf 81' lang='grc'><strong>[11).</strong></span> <span class='ocrx_word' id='word_1_145' title='bbox 637 2033 764 2084; x_wconf 79' lang='lat' dir='ltr'><strong>xm,</strong></span> <span class='ocrx_word' id='word_1_146' title='bbox 793 2015 902 2090; x_wconf 63' lang='lat'><strong>14.]</strong></span> <span class='ocrx_word' id='word_1_147' title='bbox 929 2015 1082 2084; x_wconf 85' lang='lat' dir='ltr'><strong>Quod</strong></span> <span class='ocrx_word' id='word_1_148' title='bbox 1108 2025 1284 2072; x_wconf 86' lang='lat' dir='ltr'><strong>autem</strong></span> <span class='ocrx_word' id='word_1_149' title='bbox 1326 2015 1440 2079; x_wconf 89' lang='lat' dir='ltr'><strong>ait,</strong></span> <span class='ocrx_word' id='word_1_150' title='bbox 1483 2012 1551 2068; x_wconf 88' lang='lat' dir='ltr'><strong>Et</strong></span> <span class='ocrx_word' id='word_1_151' title='bbox 1571 2015 1739 2070; x_wconf 80' lang='lat' dir='ltr'><strong>carnis</strong></span> 
     </span>
    </p>
   </div>
   <div class='ocr_carea' id='block_1_20' title="bbox 177 2105 1741 2185">
    <p class='ocr_par' dir='ltr' id='par_1_20' title="bbox 177 2105 1741 2185">
     <span class='ocr_line' id='line_1_20' title="bbox 177 2105 1741 2185; baseline -0.004 -14"><span class='ocrx_word' id='word_1_152' title='bbox 177 2114 512 2185; x_wconf 72' lang='lat' dir='ltr'><strong>prouide</strong></span> <span class='ocrx_word' id='word_1_153' title='bbox 541 2129 604 2167; x_wconf 74' lang='lat' dir='ltr'><strong>ne</strong></span> <span class='ocrx_word' id='word_1_154' title='bbox 647 2112 862 2182; x_wconf 70' lang='lat' dir='ltr'><strong>feceritis</strong></span> <span class='ocrx_word' id='word_1_155' title='bbox 887 2112 900 2141; x_wconf 82' lang='grc'>¹</span> <span class='ocrx_word' id='word_1_156' title='bbox 927 2111 978 2164; x_wconf 83' lang='lat' dir='ltr'><strong>in</strong></span> <span class='ocrx_word' id='word_1_157' title='bbox 1027 2110 1463 2182; x_wconf 71' lang='lat' dir='ltr'><strong>concupiscentiis,</strong></span> <span class='ocrx_word' id='word_1_158' title='bbox 1507 2105 1741 2165; x_wconf 81' lang='lat' dir='ltr'><strong>ostendit</strong></span> 
     </span>
    </p>
   </div>
   <div class='ocr_carea' id='block_1_21' title="bbox 182 2202 1737 2278">
    <p class='ocr_par' dir='ltr' id='par_1_21' title="bbox 182 2202 1737 2278">
     <span class='ocr_line' id='line_1_21' title="bbox 182 2202 1737 2278; baseline -0.003 -16"><span class='ocrx_word' id='word_1_159' title='bbox 182 2221 276 2264; x_wconf 74' lang='lat' dir='ltr'><strong>inea</strong></span> <span class='ocrx_word' id='word_1_160' title='bbox 295 2223 411 2264; x_wconf 82' lang='lat' dir='ltr'><strong>esse</strong></span> <span class='ocrx_word' id='word_1_161' title='bbox 428 2204 740 2278; x_wconf 53' lang='lat' dir='ltr'><strong>culpantur:</strong></span> <span class='ocrx_word' id='word_1_162' title='bbox 765 2205 944 2261; x_wconf 89' lang='lat' dir='ltr'><strong>carnis</strong></span> <span class='ocrx_word' id='word_1_163' title='bbox 971 2203 1360 2274; x_wconf 79' lang='lat' dir='ltr'><strong>providentiam</strong></span> <span class='ocrx_word' id='word_1_164' title='bbox 1379 2243 1398 2270; x_wconf 93' lang='lat'><strong>,</strong></span> <span class='ocrx_word' id='word_1_165' title='bbox 1430 2202 1644 2273; x_wconf 86' lang='lat' dir='ltr'><strong>quando</strong></span> <span class='ocrx_word' id='word_1_166' title='bbox 1673 2219 1737 2258; x_wconf 87' lang='lat' dir='ltr'><strong>ea</strong></span> 
     </span>
    </p>
   </div>
   <div class='ocr_carea' id='block_1_22' title="bbox 184 2296 1740 2372">
    <p class='ocr_par' dir='ltr' id='par_1_22' title="bbox 184 2296 1740 2372">
     <span class='ocr_line' id='line_1_22' title="bbox 184 2296 1740 2372; baseline -0.003 -17"><span class='ocrx_word' id='word_1_167' title='bbox 184 2301 495 2372; x_wconf 76' lang='lat' dir='ltr'><strong>providentur</strong></span> <span class='ocrx_word' id='word_1_168' title='bbox 531 2316 651 2369; x_wconf 62' lang='lat' dir='ltr'><strong>quat</strong></span> <span class='ocrx_word' id='word_1_169' title='bbox 685 2297 753 2352; x_wconf 90' lang='lat' dir='ltr'><strong>ad</strong></span> <span class='ocrx_word' id='word_1_170' title='bbox 791 2297 1163 2352; x_wconf 89' lang='lat' dir='ltr'><strong>necessitatem</strong></span> <span class='ocrx_word' id='word_1_171' title='bbox 1215 2297 1402 2351; x_wconf 86' lang='lat' dir='ltr'><strong>salutis</strong></span> <span class='ocrx_word' id='word_1_172' title='bbox 1449 2296 1740 2366; x_wconf 88' lang='lat' dir='ltr'><strong>corporalis</strong></span> 
     </span>
    </p>
   </div>
   <div class='ocr_carea' id='block_1_23' title="bbox 187 2387 1740 2459">
    <p class='ocr_par' dir='ltr' id='par_1_23' title="bbox 187 2387 1740 2459">
     <span class='ocr_line' id='line_1_23' title="bbox 187 2387 1740 2459; baseline 0.001 -14"><span class='ocrx_word' id='word_1_173' title='bbox 187 2391 432 2448; x_wconf 74' lang='lat' dir='ltr'><strong>vaient.§i</strong></span> <span class='ocrx_word' id='word_1_174' title='bbox 462 2397 639 2446; x_wconf 69' lang='lat' dir='ltr'><strong>autem</strong></span> <span class='ocrx_word' id='word_1_175' title='bbox 685 2390 754 2444; x_wconf 71' lang='lat' dir='ltr'><strong>ad</strong></span> <span class='ocrx_word' id='word_1_176' title='bbox 807 2388 1102 2459; x_wconf 63' lang='lat' dir='ltr'><strong>smﬂm</strong></span> <span class='ocrx_word' id='word_1_177' title='bbox 1141 2387 1532 2444; x_wconf 70' lang='lat' dir='ltr'><strong>delectationes</strong></span> <span class='ocrx_word' id='word_1_178' title='bbox 1575 2398 1740 2458; x_wconf 77' lang='lat' dir='ltr'><strong>atque</strong></span> 
     </span>
    </p>
   </div>
   <div class='ocr_carea' id='block_1_24' title="bbox 190 2481 1736 2554">
    <p class='ocr_par' dir='ltr' id='par_1_24' title="bbox 190 2481 1736 2554">
     <span class='ocr_line' id='line_1_24' title="bbox 190 2481 1736 2554; baseline -0.003 -14"><span class='ocrx_word' id='word_1_179' title='bbox 190 2485 412 2550; x_wconf 80' lang='lat' dir='ltr'><strong>luxurias,</strong></span> <span class='ocrx_word' id='word_1_180' title='bbox 443 2494 497 2538; x_wconf 90' lang='lat' dir='ltr'><strong>ut</strong></span> <span class='ocrx_word' id='word_1_181' title='bbox 522 2486 746 2554; x_wconf 87' lang='lat' dir='ltr'><strong>quisque</strong></span> <span class='ocrx_word' id='word_1_182' title='bbox 774 2483 826 2537; x_wconf 88' lang='lat' dir='ltr'><strong>in</strong></span> <span class='ocrx_word' id='word_1_183' title='bbox 859 2481 941 2536; x_wconf 89' lang='lat' dir='ltr'><strong>his</strong></span> <span class='ocrx_word' id='word_1_184' title='bbox 965 2482 1190 2552; x_wconf 84' lang='lat' dir='ltr'><strong>gaudeat</strong></span> <span class='ocrx_word' id='word_1_185' title='bbox 1211 2495 1329 2552; x_wconf 79' lang='lat' dir='ltr'><strong>qutc</strong></span> <span class='ocrx_word' id='word_1_186' title='bbox 1373 2494 1534 2536; x_wconf 85' lang='lat' dir='ltr'><strong>carne</strong></span> <span class='ocrx_word' id='word_1_187' title='bbox 1553 2481 1698 2550; x_wconf 60' lang='lat' dir='ltr'><strong>cupi?</strong></span> <span class='ocrx_word' id='word_1_188' title='bbox 1721 2525 1736 2549; x_wconf 90' lang='lat'><strong>,</strong></span> 
     </span>
    </p>
   </div>
   <div class='ocr_carea' id='block_1_25' title="bbox 191 2575 1740 2649">
    <p class='ocr_par' dir='ltr' id='par_1_25' title="bbox 191 2575 1740 2649">
     <span class='ocr_line' id='line_1_25' title="bbox 191 2575 1740 2649; baseline -0.004 -15"><span class='ocrx_word' id='word_1_189' title='bbox 191 2588 309 2634; x_wconf 86' lang='lat' dir='ltr'><strong>recte</strong></span> <span class='ocrx_word' id='word_1_190' title='bbox 347 2577 788 2649; x_wconf 86' lang='lat' dir='ltr'><strong>reprehenditur,</strong></span> <span class='ocrx_word' id='word_1_191' title='bbox 845 2576 966 2645; x_wconf 85' lang='lat' dir='ltr'><strong>quia</strong></span> <span class='ocrx_word' id='word_1_192' title='bbox 1023 2575 1404 2646; x_wconf 79' lang='lat' dir='ltr'><strong>providentiam</strong></span> <span class='ocrx_word' id='word_1_193' title='bbox 1449 2575 1623 2629; x_wconf 87' lang='lat' dir='ltr'><strong>carnis</strong></span> <span class='ocrx_word' id='word_1_194' title='bbox 1687 2590 1740 2628; x_wconf 83' lang='grc' dir='ltr'><strong>ιη</strong></span> 
     </span>
    </p>
   </div>
   <div class='ocr_carea' id='block_1_26' title="bbox 191 2667 1741 2742">
    <p class='ocr_par' dir='ltr' id='par_1_26' title="bbox 191 2667 1741 2742">
     <span class='ocr_line' id='line_1_26' title="bbox 191 2667 1741 2742; baseline -0.005 -15"><span class='ocrx_word' id='word_1_195' title='bbox 191 2671 594 2742; x_wconf 85' lang='lat' dir='ltr'><strong>concupiscentiis</strong></span> <span class='ocrx_word' id='word_1_196' title='bbox 637 2669 779 2724; x_wconf 75' lang='lat' dir='ltr'><strong>facit.</strong></span> <span class='ocrx_word' id='word_1_197' title='bbox 826 2668 1076 2736; x_wconf 82' lang='lat' dir='ltr'><strong>Quoniam</strong></span> <span class='ocrx_word' id='word_1_198' title='bbox 1123 2669 1209 2737; x_wconf 89' lang='lat' dir='ltr'><strong>qui</strong></span> <span class='ocrx_word' id='word_1_199' title='bbox 1236 2668 1450 2721; x_wconf 80' lang='lat' dir='ltr'><strong>seminat</strong></span> <span class='ocrx_word' id='word_1_200' title='bbox 1494 2667 1547 2720; x_wconf 87' lang='lat' dir='ltr'><strong>iu</strong></span> <span class='ocrx_word' id='word_1_201' title='bbox 1589 2681 1741 2720; x_wconf 83' lang='lat' dir='ltr'><strong>carne</strong></span> 
     </span>
    </p>
   </div>
   <div class='ocr_carea' id='block_1_27' title="bbox 193 2758 1736 2831">
    <p class='ocr_par' dir='ltr' id='par_1_27' title="bbox 193 2758 1736 2831">
     <span class='ocr_line' id='line_1_27' title="bbox 193 2758 1736 2831; baseline -0.003 -13"><span class='ocrx_word' id='word_1_202' title='bbox 193 2764 352 2831; x_wconf 46' lang='lat' dir='ltr'><strong>inde</strong></span> <span class='ocrx_word' id='word_1_203' title='bbox 373 2777 518 2818; x_wconf 74' lang='lat' dir='ltr'><strong>eam</strong></span> <span class='ocrx_word' id='word_1_204' title='bbox 530 2771 675 2818; x_wconf 73' lang='lat' dir='ltr'><strong>nictet</strong></span> <span class='ocrx_word' id='word_1_205' title='bbox 697 2761 1066 2831; x_wconf 71' lang='lat' dir='ltr'><strong>corruptionem</strong></span> <span class='ocrx_word' id='word_1_206' title='bbox 1081 2758 1280 2829; x_wconf 73' lang='lat' dir='ltr'><strong>(Calai.</strong></span> <span class='ocrx_word' id='word_1_207' title='bbox 1300 2774 1376 2824; x_wconf 70' lang='lat' dir='ltr'><strong>vn,</strong></span> <span class='ocrx_word' id='word_1_208' title='bbox 1397 2759 1532 2828; x_wconf 88' lang='lat' dir='ltr'><strong>vtn),</strong></span> <span class='ocrx_word' id='word_1_209' title='bbox 1555 2759 1736 2824; x_wconf 75' lang='lat' dir='ltr'><strong>idest,</strong></span> 
     </span>
    </p>
   </div>
   <div class='ocr_carea' id='block_1_28' title="bbox 194 2855 1285 2926">
    <p class='ocr_par' dir='ltr' id='par_1_28' title="bbox 194 2855 1285 2926">
     <span class='ocr_line' id='line_1_28' title="bbox 194 2855 1285 2926; baseline -0.002 -16"><span class='ocrx_word' id='word_1_210' title='bbox 194 2857 262 2926; x_wconf 88' lang='lat' dir='ltr'><strong>qui</strong></span> <span class='ocrx_word' id='word_1_211' title='bbox 286 2856 714 2913; x_wconf 85' lang='lat' dir='ltr'><strong>delectationibus</strong></span> <span class='ocrx_word' id='word_1_212' title='bbox 739 2855 1038 2910; x_wconf 70' lang='lat' dir='ltr'><strong>carnalibus</strong></span> <span class='ocrx_word' id='word_1_213' title='bbox 1067 2855 1285 2924; x_wconf 80' lang='lat' dir='ltr'><strong>gaudet.</strong></span> 
     </span>
    </p>
   </div>
   <div class='ocr_carea' id='block_1_29' title="bbox 249 2945 1743 3020">
    <p class='ocr_par' dir='ltr' id='par_1_29' title="bbox 249 2945 1743 3020">
     <span class='ocr_line' id='line_1_29' title="bbox 249 2945 1743 3020; baseline -0.003 -17"><span class='ocrx_word' id='word_1_214' title='bbox 249 2947 504 3004; x_wconf 80' lang='lat' dir='ltr'><strong>LXXVIII.</strong></span> <span class='ocrx_word' id='word_1_215' title='bbox 536 2947 634 3020; x_wconf 86' lang='grc'><strong>[11).</strong></span> <span class='ocrx_word' id='word_1_216' title='bbox 667 2963 776 3008; x_wconf 73' lang='lat' dir='ltr'><strong>xw.</strong></span> <span class='ocrx_word' id='word_1_217' title='bbox 809 2945 954 3018; x_wconf 76' lang='lat'><strong>1-3.]</strong></span> <span class='ocrx_word' id='word_1_218' title='bbox 981 2945 1132 3014; x_wconf 86' lang='lat' dir='ltr'><strong>Quod</strong></span> <span class='ocrx_word' id='word_1_219' title='bbox 1155 2955 1332 3000; x_wconf 81' lang='lat' dir='ltr'><strong>autem</strong></span> <span class='ocrx_word' id='word_1_220' title='bbox 1363 2945 1526 3012; x_wconf 89' lang='lat' dir='ltr'><strong>dicit,</strong></span> <span class='ocrx_word' id='word_1_221' title='bbox 1583 2945 1743 3014; x_wconf 78' lang='lat' dir='ltr'><strong>ln/ir-</strong></span> 
     </span>
    </p>
   </div>
   <div class='ocr_carea' id='block_1_30' title="bbox 197 3035 1741 3108">
    <p class='ocr_par' dir='ltr' id='par_1_30' title="bbox 197 3035 1741 3108">
     <span class='ocr_line' id='line_1_30' title="bbox 197 3035 1741 3108; baseline -0.001 -18"><span class='ocrx_word' id='word_1_222' title='bbox 197 3053 306 3092; x_wconf 86' lang='lat' dir='ltr'><strong>mttm</strong></span> <span class='ocrx_word' id='word_1_223' title='bbox 323 3049 477 3092; x_wconf 77' lang='lat' dir='ltr'><strong>autem</strong></span> <span class='ocrx_word' id='word_1_224' title='bbox 497 3037 548 3092; x_wconf 87' lang='lat' dir='ltr'><strong>in</strong></span> <span class='ocrx_word' id='word_1_225' title='bbox 568 3035 671 3108; x_wconf 79' lang='lat' dir='ltr'><strong>ﬁde</strong></span> <span class='ocrx_word' id='word_1_226' title='bbox 687 3035 910 3108; x_wconf 79' lang='lat' dir='ltr'><strong>recipite,</strong></span> <span class='ocrx_word' id='word_1_227' title='bbox 929 3053 1031 3091; x_wconf 84' lang='lat' dir='ltr'><strong>non</strong></span> <span class='ocrx_word' id='word_1_228' title='bbox 1060 3037 1112 3090; x_wconf 87' lang='lat' dir='ltr'><strong>in</strong></span> <span class='ocrx_word' id='word_1_229' title='bbox 1138 3035 1580 3108; x_wconf 75' lang='lat' dir='ltr'><strong>dijmlicationibus</strong></span> <span class='ocrx_word' id='word_1_230' title='bbox 1604 3037 1741 3108; x_wconf 81' lang='lat' dir='ltr'><strong>cog&#39;i-</strong></span> 
     </span>
    </p>
   </div>
   <div class='ocr_carea' id='block_1_31' title="bbox 189 3130 1736 3204">
    <p class='ocr_par' dir='ltr' id='par_1_31' title="bbox 189 3130 1736 3204">
     <span class='ocr_line' id='line_1_31' title="bbox 189 3130 1736 3204; baseline 0 -19"><span class='ocrx_word' id='word_1_231' title='bbox 189 3133 400 3187; x_wconf 78' lang='lat' dir='ltr'><strong>tationum</strong></span> <span class='ocrx_word' id='word_1_232' title='bbox 421 3175 435 3200; x_wconf 89' lang='lat'><strong>,</strong></span> <span class='ocrx_word' id='word_1_233' title='bbox 467 3133 567 3187; x_wconf 87' lang='lat' dir='ltr'><strong>hoc</strong></span> <span class='ocrx_word' id='word_1_234' title='bbox 592 3132 739 3198; x_wconf 81' lang='lat' dir='ltr'><strong>dicit,</strong></span> <span class='ocrx_word' id='word_1_235' title='bbox 785 3139 844 3188; x_wconf 85' lang='lat' dir='ltr'><strong>ut</strong></span> <span class='ocrx_word' id='word_1_236' title='bbox 869 3145 993 3185; x_wconf 78' lang='lat' dir='ltr'><strong>eunt</strong></span> <span class='ocrx_word' id='word_1_237' title='bbox 1017 3132 1110 3204; x_wconf 84' lang='lat' dir='ltr'><strong>qui</strong></span> <span class='ocrx_word' id='word_1_238' title='bbox 1137 3130 1376 3187; x_wconf 78' lang='lat' dir='ltr'><strong>inﬁrmus</strong></span> <span class='ocrx_word' id='word_1_239' title='bbox 1395 3133 1450 3186; x_wconf 88' lang='lat' dir='ltr'><strong>in</strong></span> <span class='ocrx_word' id='word_1_240' title='bbox 1492 3130 1596 3186; x_wconf 84' lang='lat' dir='ltr'><strong>ﬁde</strong></span> <span class='ocrx_word' id='word_1_241' title='bbox 1633 3139 1736 3198; x_wconf 90' lang='lat' dir='ltr'><strong>est,</strong></span> 
     </span>
    </p>
   </div>
   <div class='ocr_carea' id='block_1_32' title="bbox 178 3223 1741 3296">
    <p class='ocr_par' dir='ltr' id='par_1_32' title="bbox 178 3223 1741 3296">
     <span class='ocr_line' id='line_1_32' title="bbox 178 3223 1741 3296; baseline -0.003 -15"><span class='ocrx_word' id='word_1_242' title='bbox 178 3227 492 3296; x_wconf 84' lang='lat' dir='ltr'><strong>recipiamus,</strong></span> <span class='ocrx_word' id='word_1_243' title='bbox 523 3234 579 3280; x_wconf 86' lang='lat' dir='ltr'><strong>et</strong></span> <span class='ocrx_word' id='word_1_244' title='bbox 601 3233 781 3279; x_wconf 68' lang='lat' dir='ltr'><strong>nostra</strong></span> <span class='ocrx_word' id='word_1_245' title='bbox 814 3223 1064 3278; x_wconf 75' lang='lat' dir='ltr'><strong>ﬁrmitate</strong></span> <span class='ocrx_word' id='word_1_246' title='bbox 1088 3224 1448 3277; x_wconf 73' lang='lat' dir='ltr'><strong>inﬁrmitatem</strong></span> <span class='ocrx_word' id='word_1_247' title='bbox 1473 3223 1598 3293; x_wconf 79' lang='lat' dir='ltr'><strong>ejus</strong></span> <span class='ocrx_word' id='word_1_248' title='bbox 1616 3237 1741 3278; x_wconf 76' lang='lat' dir='ltr'><strong>sus-</strong></span> 
     </span>
    </p>
   </div>
   <div class='ocr_carea' id='block_1_33' title="bbox 181 3314 1738 3388">
    <p class='ocr_par' dir='ltr' id='par_1_33' title="bbox 181 3314 1738 3388">
     <span class='ocr_line' id='line_1_33' title="bbox 181 3314 1738 3388; baseline -0.003 -14"><span class='ocrx_word' id='word_1_249' title='bbox 181 3319 440 3381; x_wconf 80' lang='lat' dir='ltr'><strong>tineamus,</strong></span> <span class='ocrx_word' id='word_1_250' title='bbox 467 3333 640 3388; x_wconf 89' lang='lat' dir='ltr'><strong>neque</strong></span> <span class='ocrx_word' id='word_1_251' title='bbox 667 3315 1018 3386; x_wconf 87' lang='lat' dir='ltr'><strong>dijudiccmus</strong></span> <span class='ocrx_word' id='word_1_252' title='bbox 1034 3315 1384 3386; x_wconf 85' lang='lat' dir='ltr'><strong>cogitationes</strong></span> <span class='ocrx_word' id='word_1_253' title='bbox 1405 3315 1541 3385; x_wconf 86' lang='lat' dir='ltr'><strong>ejus,</strong></span> <span class='ocrx_word' id='word_1_254' title='bbox 1560 3314 1612 3369; x_wconf 91' lang='lat' dir='ltr'><strong>id</strong></span> <span class='ocrx_word' id='word_1_255' title='bbox 1634 3324 1738 3379; x_wconf 90' lang='lat' dir='ltr'><strong>est,</strong></span> 
     </span>
    </p>
   </div>
   <div class='ocr_carea' id='block_1_34' title="bbox 179 3405 1738 3481">
    <p class='ocr_par' dir='ltr' id='par_1_34' title="bbox 179 3405 1738 3481">
     <span class='ocr_line' id='line_1_34' title="bbox 179 3405 1738 3481; baseline -0.002 -18"><span class='ocrx_word' id='word_1_256' title='bbox 179 3411 310 3481; x_wconf 82' lang='lat' dir='ltr'><strong>quasi</strong></span> <span class='ocrx_word' id='word_1_257' title='bbox 338 3411 470 3465; x_wconf 80' lang='lat' dir='ltr'><strong>ferre</strong></span> <span class='ocrx_word' id='word_1_258' title='bbox 523 3407 816 3463; x_wconf 88' lang='lat' dir='ltr'><strong>audeamus</strong></span> <span class='ocrx_word' id='word_1_259' title='bbox 858 3407 1176 3462; x_wconf 83' lang='lat' dir='ltr'><strong>sententiam</strong></span> <span class='ocrx_word' id='word_1_260' title='bbox 1215 3405 1285 3461; x_wconf 76' lang='lat' dir='ltr'><strong>de</strong></span> <span class='ocrx_word' id='word_1_261' title='bbox 1332 3405 1506 3462; x_wconf 68' lang='lat' dir='ltr'><strong>aliato</strong></span> <span class='ocrx_word' id='word_1_262' title='bbox 1547 3406 1738 3472; x_wconf 78' lang='lat' dir='ltr'><strong>corde,</strong></span> 
     </span>
    </p>
   </div>
   <div class='ocr_carea' id='block_1_35' title="bbox 179 3498 1740 3572">
    <p class='ocr_par' dir='ltr' id='par_1_35' title="bbox 179 3498 1740 3572">
     <span class='ocr_line' id='line_1_35' title="bbox 179 3498 1740 3572; baseline -0.003 -17"><span class='ocrx_word' id='word_1_263' title='bbox 179 3501 300 3572; x_wconf 86' lang='lat' dir='ltr'><strong>quod</strong></span> <span class='ocrx_word' id='word_1_264' title='bbox 327 3519 430 3558; x_wconf 88' lang='lat' dir='ltr'><strong>non</strong></span> <span class='ocrx_word' id='word_1_265' title='bbox 459 3501 718 3557; x_wconf 84' lang='lat' dir='ltr'><strong>videmus.</strong></span> <span class='ocrx_word' id='word_1_266' title='bbox 753 3499 876 3554; x_wconf 87' lang='lat' dir='ltr'><strong>Ideo</strong></span> <span class='ocrx_word' id='word_1_267' title='bbox 902 3499 1164 3568; x_wconf 85' lang='lat' dir='ltr'><strong>sequitur,</strong></span> <span class='ocrx_word' id='word_1_268' title='bbox 1205 3508 1258 3554; x_wconf 91' lang='lat' dir='ltr'><strong>et</strong></span> <span class='ocrx_word' id='word_1_269' title='bbox 1284 3498 1432 3564; x_wconf 87' lang='lat' dir='ltr'><strong>dicit,</strong></span> <span class='ocrx_word' id='word_1_270' title='bbox 1461 3499 1606 3554; x_wconf 78' lang='lat' dir='ltr'><strong>Alius</strong></span> <span class='ocrx_word' id='word_1_271' title='bbox 1625 3499 1740 3569; x_wconf 87' lang='lat' dir='ltr'><strong>qui-</strong></span> 
     </span>
    </p>
   </div>
   <div class='ocr_carea' id='block_1_36' title="bbox 179 3591 1736 3664">
    <p class='ocr_par' dir='ltr' id='par_1_36' title="bbox 179 3591 1736 3664">
     <span class='ocr_line' id='line_1_36' title="bbox 179 3591 1736 3664; baseline -0.001 -17"><span class='ocrx_word' id='word_1_272' title='bbox 179 3595 274 3649; x_wconf 71' lang='lat' dir='ltr'><strong>dem</strong></span> <span class='ocrx_word' id='word_1_273' title='bbox 293 3595 444 3652; x_wconf 60' lang='lat' dir='ltr'><strong>cui!</strong></span> <span class='ocrx_word' id='word_1_274' title='bbox 480 3591 788 3648; x_wconf 63' lang='lat' dir='ltr'><strong>trucidamur:</strong></span> <span class='ocrx_word' id='word_1_275' title='bbox 813 3593 987 3648; x_wconf 72' lang='lat' dir='ltr'><strong>omnia</strong></span> <span class='ocrx_word' id='word_1_276' title='bbox 1007 3607 1029 3646; x_wconf 84' lang='lat'><strong><em>:</em></strong></span> <span class='ocrx_word' id='word_1_277' title='bbox 1053 3593 1142 3664; x_wconf 74' lang='lat' dir='ltr'><strong>qui</strong></span> <span class='ocrx_word' id='word_1_278' title='bbox 1171 3602 1336 3654; x_wconf 58' lang='lat' dir='ltr'><strong>autem</strong></span> <span class='ocrx_word' id='word_1_279' title='bbox 1363 3591 1601 3660; x_wconf 76' lang='lat' dir='ltr'><strong>infirmus</strong></span> <span class='ocrx_word' id='word_1_280' title='bbox 1623 3603 1698 3648; x_wconf 83' lang='lat' dir='ltr'><strong>est</strong></span> <span class='ocrx_word' id='word_1_281' title='bbox 1716 3631 1736 3660; x_wconf 89' lang='lat'><strong>,</strong></span> 
     </span>
    </p>
   </div>
   <div class='ocr_carea' id='block_1_37' title="bbox 175 3682 1737 3754">
    <p class='ocr_par' dir='ltr' id='par_1_37' title="bbox 175 3682 1737 3754">
     <span class='ocr_line' id='line_1_37' title="bbox 175 3682 1737 3754; baseline -0.001 -15"><span class='ocrx_word' id='word_1_282' title='bbox 175 3688 273 3740; x_wconf 84' lang='lat' dir='ltr'><strong>olus</strong></span> <span class='ocrx_word' id='word_1_283' title='bbox 309 3685 580 3741; x_wconf 81' lang='lat' dir='ltr'><strong>manducet.</strong></span> <span class='ocrx_word' id='word_1_284' title='bbox 614 3685 745 3754; x_wconf 80' lang='lat' dir='ltr'><strong>Quia</strong></span> <span class='ocrx_word' id='word_1_285' title='bbox 772 3683 868 3737; x_wconf 76' lang='lat' dir='ltr'><strong>illo</strong></span> <span class='ocrx_word' id='word_1_286' title='bbox 891 3683 997 3754; x_wconf 87' lang='lat' dir='ltr'><strong>jam</strong></span> <span class='ocrx_word' id='word_1_287' title='bbox 1029 3692 1269 3753; x_wconf 77' lang='lat' dir='ltr'><strong>tempore</strong></span> <span class='ocrx_word' id='word_1_288' title='bbox 1283 3682 1566 3752; x_wconf 76' lang='lat' dir='ltr'><strong>multijutn</strong></span> <span class='ocrx_word' id='word_1_289' title='bbox 1598 3683 1737 3737; x_wconf 80' lang='lat' dir='ltr'><strong>ﬁrmi</strong></span> 
     </span>
    </p>
   </div>
   <div class='ocr_carea' id='block_1_38' title="bbox 173 3774 1736 3844">
    <p class='ocr_par' dir='ltr' id='par_1_38' title="bbox 173 3774 1736 3844">
     <span class='ocr_line' id='line_1_38' title="bbox 173 3774 1736 3844; baseline -0.001 -13"><span class='ocrx_word' id='word_1_290' title='bbox 173 3778 217 3831; x_wconf 89' lang='lat' dir='ltr'><strong>in</strong></span> <span class='ocrx_word' id='word_1_291' title='bbox 263 3777 362 3832; x_wconf 88' lang='lat' dir='ltr'><strong>ﬁde</strong></span> <span class='ocrx_word' id='word_1_292' title='bbox 385 3819 398 3842; x_wconf 89' lang='lat'><strong>,</strong></span> <span class='ocrx_word' id='word_1_293' title='bbox 442 3786 491 3832; x_wconf 88' lang='lat' dir='ltr'><strong>ct</strong></span> <span class='ocrx_word' id='word_1_294' title='bbox 525 3777 758 3832; x_wconf 76' lang='lat' dir='ltr'><strong>scientes</strong></span> <span class='ocrx_word' id='word_1_295' title='bbox 797 3774 1086 3830; x_wconf 85' lang='lat' dir='ltr'><strong>secundum</strong></span> <span class='ocrx_word' id='word_1_296' title='bbox 1139 3777 1456 3831; x_wconf 87' lang='lat' dir='ltr'><strong>sententiam</strong></span> <span class='ocrx_word' id='word_1_297' title='bbox 1485 3776 1695 3832; x_wconf 90' lang='lat' dir='ltr'><strong>Domini</strong></span> <span class='ocrx_word' id='word_1_298' title='bbox 1719 3817 1736 3844; x_wconf 90' lang='lat'><strong>,</strong></span> 
     </span>
    </p>
   </div>
   <div class='ocr_carea' id='block_1_39' title="bbox 174 3865 1738 3938">
    <p class='ocr_par' dir='ltr' id='par_1_39' title="bbox 174 3865 1738 3938">
     <span class='ocr_line' id='line_1_39' title="bbox 174 3865 1738 3938; baseline 0.002 -15"><span class='ocrx_word' id='word_1_299' title='bbox 174 3885 267 3924; x_wconf 88' lang='lat' dir='ltr'><strong>non</strong></span> <span class='ocrx_word' id='word_1_300' title='bbox 295 3869 681 3924; x_wconf 86' lang='lat' dir='ltr'><strong>commaculare</strong></span> <span class='ocrx_word' id='word_1_301' title='bbox 719 3883 782 3923; x_wconf 90' lang='lat' dir='ltr'><strong>ea</strong></span> <span class='ocrx_word' id='word_1_302' title='bbox 803 3881 930 3938; x_wconf 65' lang='lat' dir='ltr'><strong>qua</strong></span> <span class='ocrx_word' id='word_1_303' title='bbox 963 3870 1020 3924; x_wconf 74' lang='lat' dir='ltr'><strong>in</strong></span> <span class='ocrx_word' id='word_1_304' title='bbox 1055 3882 1154 3925; x_wconf 75' lang='lat' dir='ltr'><strong>eos</strong></span> <span class='ocrx_word' id='word_1_305' title='bbox 1189 3867 1392 3924; x_wconf 75' lang='lat' dir='ltr'><strong>intrant</strong></span> <span class='ocrx_word' id='word_1_306' title='bbox 1414 3909 1429 3935; x_wconf 90' lang='lat'><strong>,</strong></span> <span class='ocrx_word' id='word_1_307' title='bbox 1475 3865 1578 3926; x_wconf 79' lang='lat' dir='ltr'><strong>led</strong></span> <span class='ocrx_word' id='word_1_308' title='bbox 1613 3881 1738 3938; x_wconf 65' lang='lat' dir='ltr'><strong>qua</strong></span> 
     </span>
    </p>
   </div>
   <div class='ocr_carea' id='block_1_40' title="bbox 173 3959 1734 4031">
    <p class='ocr_par' dir='ltr' id='par_1_40' title="bbox 173 3959 1734 4031">
     <span class='ocr_line' id='line_1_40' title="bbox 173 3959 1734 4031; baseline 0.001 -16"><span class='ocrx_word' id='word_1_309' title='bbox 173 3962 384 4031; x_wconf 72' lang='lat' dir='ltr'><strong>exeuntl</strong></span> <span class='ocrx_word' id='word_1_310' title='bbox 414 3959 598 4015; x_wconf 78' lang='lat' dir='ltr'><strong>Matth.</strong></span> <span class='ocrx_word' id='word_1_311' title='bbox 640 3977 711 4016; x_wconf 75' lang='lat' dir='ltr'><strong>xv</strong></span> <span class='ocrx_word' id='word_1_312' title='bbox 732 4003 746 4028; x_wconf 96' lang='lat'><strong>,</strong></span> <span class='ocrx_word' id='word_1_313' title='bbox 780 3960 944 4016; x_wconf 67' lang='lat'><strong>&quot;-20</strong></span> <span class='ocrx_word' id='word_1_314' title='bbox 971 3959 1023 4028; x_wconf 90' lang='lat'><strong>),</strong></span> <span class='ocrx_word' id='word_1_315' title='bbox 1059 3959 1425 4016; x_wconf 79' lang='lat' dir='ltr'><strong>indifferenter</strong></span> <span class='ocrx_word' id='word_1_316' title='bbox 1452 3961 1734 4018; x_wconf 86' lang='lat' dir='ltr'><strong>sumebant</strong></span> 
     </span>
    </p>
   </div>
   <div class='ocr_carea' id='block_1_41' title="bbox 173 4050 1737 4122">
    <p class='ocr_par' dir='ltr' id='par_1_41' title="bbox 173 4050 1737 4122">
     <span class='ocr_line' id='line_1_41' title="bbox 173 4050 1737 4122; baseline 0.003 -19"><span class='ocrx_word' id='word_1_317' title='bbox 173 4051 300 4106; x_wconf 86' lang='lat' dir='ltr'><strong>cibos</strong></span> <span class='ocrx_word' id='word_1_318' title='bbox 324 4052 466 4107; x_wconf 89' lang='lat' dir='ltr'><strong>salva</strong></span> <span class='ocrx_word' id='word_1_319' title='bbox 489 4052 849 4106; x_wconf 86' lang='lat' dir='ltr'><strong>conscientia:</strong></span> <span class='ocrx_word' id='word_1_320' title='bbox 879 4051 1093 4122; x_wconf 90' lang='lat' dir='ltr'><strong>quidam</strong></span> <span class='ocrx_word' id='word_1_321' title='bbox 1121 4065 1248 4106; x_wconf 88' lang='lat' dir='ltr'><strong>vero</strong></span> <span class='ocrx_word' id='word_1_322' title='bbox 1277 4050 1596 4106; x_wconf 82' lang='lat' dir='ltr'><strong>inﬁrmiores</strong></span> <span class='ocrx_word' id='word_1_323' title='bbox 1639 4054 1737 4108; x_wconf 85' lang='lat' dir='ltr'><strong>ab—</strong></span> 
     </span>
    </p>
   </div>
   <div class='ocr_carea' id='block_1_42' title="bbox 174 4143 1739 4207">
    <p class='ocr_par' dir='ltr' id='par_1_42' title="bbox 174 4143 1739 4207">
     <span class='ocr_line' id='line_1_42' title="bbox 174 4143 1739 4207; baseline 0.002 -10"><span class='ocrx_word' id='word_1_324' title='bbox 174 4143 416 4199; x_wconf 81' lang='lat' dir='ltr'><strong>stinebant</strong></span> <span class='ocrx_word' id='word_1_325' title='bbox 439 4159 470 4198; x_wconf 90' lang='lat' dir='ltr'><strong>a</strong></span> <span class='ocrx_word' id='word_1_326' title='bbox 500 4144 748 4198; x_wconf 89' lang='lat' dir='ltr'><strong>carnibus</strong></span> <span class='ocrx_word' id='word_1_327' title='bbox 764 4152 817 4198; x_wconf 89' lang='lat' dir='ltr'><strong>et</strong></span> <span class='ocrx_word' id='word_1_328' title='bbox 843 4160 874 4198; x_wconf 90' lang='lat' dir='ltr'><strong>a</strong></span> <span class='ocrx_word' id='word_1_329' title='bbox 900 4143 1046 4207; x_wconf 81' lang='lat' dir='ltr'><strong>vino,</strong></span> <span class='ocrx_word' id='word_1_330' title='bbox 1079 4159 1147 4197; x_wconf 88' lang='lat' dir='ltr'><strong>ne</strong></span> <span class='ocrx_word' id='word_1_331' title='bbox 1179 4143 1262 4198; x_wconf 90' lang='lat' dir='ltr'><strong>vel</strong></span> <span class='ocrx_word' id='word_1_332' title='bbox 1289 4144 1588 4200; x_wconf 85' lang='lat' dir='ltr'><strong>nescientes</strong></span> <span class='ocrx_word' id='word_1_333' title='bbox 1609 4144 1739 4200; x_wconf 88' lang='lat' dir='ltr'><strong>inci-</strong></span> 
     </span>
    </p>
   </div>
   <div class='ocr_carea' id='block_1_43' title="bbox 174 4232 1786 4305">
    <p class='ocr_par' dir='ltr' id='par_1_43' title="bbox 174 4232 1786 4305">
     <span class='ocr_line' id='line_1_43' title="bbox 174 4232 1786 4305; baseline 0.001 -17"><span class='ocrx_word' id='word_1_334' title='bbox 174 4232 338 4290; x_wconf 88' lang='lat' dir='ltr'><strong>derent</strong></span> <span class='ocrx_word' id='word_1_335' title='bbox 367 4236 419 4288; x_wconf 90' lang='lat' dir='ltr'><strong>in</strong></span> <span class='ocrx_word' id='word_1_336' title='bbox 447 4249 510 4290; x_wconf 89' lang='lat' dir='ltr'><strong>ea</strong></span> <span class='ocrx_word' id='word_1_337' title='bbox 553 4250 672 4305; x_wconf 72' lang='lat' dir='ltr'><strong>qua:</strong></span> <span class='ocrx_word' id='word_1_338' title='bbox 700 4234 854 4289; x_wconf 88' lang='lat' dir='ltr'><strong>idolis</strong></span> <span class='ocrx_word' id='word_1_339' title='bbox 879 4234 1336 4290; x_wconf 87' lang='lat' dir='ltr'><strong>sacriﬁcabantur.</strong></span> <span class='ocrx_word' id='word_1_340' title='bbox 1365 4235 1552 4290; x_wconf 86' lang='lat' dir='ltr'><strong>Omnis</strong></span> <span class='ocrx_word' id='word_1_341' title='bbox 1593 4236 1737 4292; x_wconf 88' lang='lat' dir='ltr'><strong>enim</strong></span> <span class='ocrx_word' id='word_1_342' title='bbox 1784 4251 1786 4253; x_wconf 68' lang='lat'><strong><em>&#39;</em></strong></span> 
     </span>
    </p>
   </div>
   <div class='ocr_carea' id='block_1_44' title="bbox 175 4327 1738 4394">
    <p class='ocr_par' dir='ltr' id='par_1_44' title="bbox 175 4327 1738 4394">
     <span class='ocr_line' id='line_1_44' title="bbox 175 4327 1738 4394; baseline 0.002 -12"><span class='ocrx_word' id='word_1_343' title='bbox 175 4337 277 4384; x_wconf 87' lang='lat' dir='ltr'><strong>tunc</strong></span> <span class='ocrx_word' id='word_1_344' title='bbox 299 4328 630 4384; x_wconf 87' lang='lat' dir='ltr'><strong>immolatitia</strong></span> <span class='ocrx_word' id='word_1_345' title='bbox 661 4343 786 4384; x_wconf 78' lang='lat' dir='ltr'><strong>eam</strong></span> <span class='ocrx_word' id='word_1_346' title='bbox 826 4327 883 4382; x_wconf 83' lang='lat' dir='ltr'><strong>in</strong></span> <span class='ocrx_word' id='word_1_347' title='bbox 925 4327 1150 4384; x_wconf 75' lang='lat' dir='ltr'><strong>macello</strong></span> <span class='ocrx_word' id='word_1_348' title='bbox 1179 4327 1526 4394; x_wconf 79' lang='lat' dir='ltr'><strong>vendebatm&#39;,</strong></span> <span class='ocrx_word' id='word_1_349' title='bbox 1579 4337 1635 4384; x_wconf 85' lang='lat' dir='ltr'><strong>et</strong></span> <span class='ocrx_word' id='word_1_350' title='bbox 1662 4329 1738 4385; x_wconf 75' lang='lat' dir='ltr'><strong>de</strong></span> 
     </span>
    </p>
   </div>
   <div class='ocr_carea' id='block_1_45' title="bbox 173 4420 1738 4492">
    <p class='ocr_par' dir='ltr' id='par_1_45' title="bbox 173 4420 1738 4492">
     <span class='ocr_line' id='line_1_45' title="bbox 173 4420 1738 4492; baseline -0.001 -12"><span class='ocrx_word' id='word_1_351' title='bbox 173 4421 396 4492; x_wconf 59' lang='lat' dir='ltr'><strong>[ﬂuidis</strong></span> <span class='ocrx_word' id='word_1_352' title='bbox 416 4421 521 4476; x_wconf 78' lang='lat' dir='ltr'><strong>vini</strong></span> <span class='ocrx_word' id='word_1_353' title='bbox 552 4421 787 4476; x_wconf 84' lang='lat' dir='ltr'><strong>libabant</strong></span> <span class='ocrx_word' id='word_1_354' title='bbox 813 4420 1012 4478; x_wconf 84' lang='lat' dir='ltr'><strong>Gentes</strong></span> <span class='ocrx_word' id='word_1_355' title='bbox 1035 4421 1336 4477; x_wconf 82' lang='lat' dir='ltr'><strong>simulacris</strong></span> <span class='ocrx_word' id='word_1_356' title='bbox 1355 4422 1487 4489; x_wconf 85' lang='lat' dir='ltr'><strong>suis,</strong></span> <span class='ocrx_word' id='word_1_357' title='bbox 1517 4431 1573 4478; x_wconf 90' lang='lat' dir='ltr'><strong>et</strong></span> <span class='ocrx_word' id='word_1_358' title='bbox 1589 4438 1738 4492; x_wconf 65' lang='lat' dir='ltr'><strong>quie-</strong></span> 
     </span>
    </p>
   </div>
   <div class='ocr_carea' id='block_1_46' title="bbox 170 4514 1737 4586">
    <p class='ocr_par' dir='ltr' id='par_1_46' title="bbox 170 4514 1737 4586">
     <span class='ocr_line' id='line_1_46' title="bbox 170 4514 1737 4586; baseline 0.004 -16"><span class='ocrx_word' id='word_1_359' title='bbox 170 4514 334 4572; x_wconf 75' lang='lat' dir='ltr'><strong>tbmin</strong></span> <span class='ocrx_word' id='word_1_360' title='bbox 351 4515 484 4586; x_wconf 82' lang='lat' dir='ltr'><strong>ipsis</strong></span> <span class='ocrx_word' id='word_1_361' title='bbox 503 4515 858 4572; x_wconf 78' lang='lat' dir='ltr'><strong>torcularibus</strong></span> <span class='ocrx_word' id='word_1_362' title='bbox 877 4516 1138 4572; x_wconf 77' lang='lat' dir='ltr'><strong>sacriﬁcia</strong></span> <span class='ocrx_word' id='word_1_363' title='bbox 1149 4515 1436 4574; x_wconf 77' lang='lat' dir='ltr'><strong>faciebant.</strong></span> <span class='ocrx_word' id='word_1_364' title='bbox 1461 4518 1625 4576; x_wconf 68' lang='lat' dir='ltr'><strong>Iubet</strong></span> <span class='ocrx_word' id='word_1_365' title='bbox 1643 4534 1737 4577; x_wconf 65' lang='lat' dir='ltr'><strong>eo-</strong></span> 
     </span>
    </p>
   </div>
   <div class='ocr_carea' id='block_1_47' title="bbox 169 4607 1736 4678">
    <p class='ocr_par' dir='ltr' id='par_1_47' title="bbox 169 4607 1736 4678">
     <span class='ocr_line' id='line_1_47' title="bbox 169 4607 1736 4678; baseline 0.004 -16"><span class='ocrx_word' id='word_1_366' title='bbox 169 4622 219 4678; x_wconf 78' lang='lat' dir='ltr'><strong>go</strong></span> <span class='ocrx_word' id='word_1_367' title='bbox 237 4607 522 4678; x_wconf 77' lang='lat' dir='ltr'><strong>Apostolus</strong></span> <span class='ocrx_word' id='word_1_368' title='bbox 551 4617 606 4664; x_wconf 88' lang='lat' dir='ltr'><strong>et</strong></span> <span class='ocrx_word' id='word_1_369' title='bbox 627 4607 714 4662; x_wconf 81' lang='lat' dir='ltr'><strong>bis</strong></span> <span class='ocrx_word' id='word_1_370' title='bbox 739 4607 828 4678; x_wconf 89' lang='lat' dir='ltr'><strong>qui</strong></span> <span class='ocrx_word' id='word_1_371' title='bbox 867 4607 1016 4664; x_wconf 85' lang='lat' dir='ltr'><strong>salva</strong></span> <span class='ocrx_word' id='word_1_372' title='bbox 1043 4610 1368 4666; x_wconf 74' lang='lat' dir='ltr'><strong>conscientia</strong></span> <span class='ocrx_word' id='word_1_373' title='bbox 1390 4612 1587 4670; x_wconf 70' lang='lat' dir='ltr'><strong>talibus</strong></span> <span class='ocrx_word' id='word_1_374' title='bbox 1635 4613 1736 4669; x_wconf 83' lang='lat' dir='ltr'><strong>ali-</strong></span> 
     </span>
    </p>
   </div>
   <div class='ocr_carea' id='block_1_48' title="bbox 169 4699 1734 4770">
    <p class='ocr_par' dir='ltr' id='par_1_48' title="bbox 169 4699 1734 4770">
     <span class='ocr_line' id='line_1_48' title="bbox 169 4699 1734 4770; baseline 0.003 -12"><span class='ocrx_word' id='word_1_375' title='bbox 169 4702 342 4758; x_wconf 74' lang='lat' dir='ltr'><strong>mentis</strong></span> <span class='ocrx_word' id='word_1_376' title='bbox 379 4699 688 4767; x_wconf 68' lang='lat' dir='ltr'><strong>utebatur,</strong></span> <span class='ocrx_word' id='word_1_377' title='bbox 717 4714 822 4756; x_wconf 83' lang='lat' dir='ltr'><strong>non</strong></span> <span class='ocrx_word' id='word_1_378' title='bbox 843 4715 1096 4770; x_wconf 52' lang='lat' dir='ltr'><strong>meruere</strong></span> <span class='ocrx_word' id='word_1_379' title='bbox 1123 4703 1486 4762; x_wconf 70' lang='lat' dir='ltr'><strong>inﬁrmitatem</strong></span> <span class='ocrx_word' id='word_1_380' title='bbox 1514 4706 1734 4762; x_wconf 72' lang='lat' dir='ltr'><strong>illorum</strong></span> 
     </span>
    </p>
   </div>
   <div class='ocr_carea' id='block_1_49' title="bbox 171 4792 1735 4862">
    <p class='ocr_par' dir='ltr' id='par_1_49' title="bbox 171 4792 1735 4862">
     <span class='ocr_line' id='line_1_49' title="bbox 171 4792 1735 4862; baseline -0.003 -14"><span class='ocrx_word' id='word_1_381' title='bbox 171 4793 314 4860; x_wconf 76' lang='lat' dir='ltr'><strong>quise</strong></span> <span class='ocrx_word' id='word_1_382' title='bbox 331 4807 370 4848; x_wconf 83' lang='lat' dir='ltr'><strong>a</strong></span> <span class='ocrx_word' id='word_1_383' title='bbox 389 4792 582 4848; x_wconf 80' lang='lat' dir='ltr'><strong>talibus</strong></span> <span class='ocrx_word' id='word_1_384' title='bbox 617 4792 756 4848; x_wconf 84' lang='lat' dir='ltr'><strong>cibis</strong></span> <span class='ocrx_word' id='word_1_385' title='bbox 777 4801 834 4848; x_wconf 83' lang='lat' dir='ltr'><strong>et</strong></span> <span class='ocrx_word' id='word_1_386' title='bbox 851 4801 983 4862; x_wconf 75' lang='lat' dir='ltr'><strong>potu</strong></span> <span class='ocrx_word' id='word_1_387' title='bbox 1010 4796 1394 4857; x_wconf 62' lang='lat' dir='ltr'><strong>sustinebant:</strong></span> <span class='ocrx_word' id='word_1_388' title='bbox 1425 4807 1488 4858; x_wconf 76' lang='lat' dir='ltr'><strong>et</strong></span> <span class='ocrx_word' id='word_1_389' title='bbox 1515 4799 1622 4856; x_wconf 83' lang='lat' dir='ltr'><strong>illis</strong></span> <span class='ocrx_word' id='word_1_390' title='bbox 1642 4799 1735 4856; x_wconf 79' lang='lat' dir='ltr'><strong>in-</strong></span> 
     </span>
    </p>
   </div>
   <div class='ocr_carea' id='block_1_50' title="bbox 164 4883 1734 4956">
    <p class='ocr_par' dir='ltr' id='par_1_50' title="bbox 164 4883 1734 4956">
     <span class='ocr_line' id='line_1_50' title="bbox 164 4883 1734 4956; baseline 0.007 -16"><span class='ocrx_word' id='word_1_391' title='bbox 164 4883 335 4952; x_wconf 74' lang='lat' dir='ltr'><strong>lit-niis,</strong></span> <span class='ocrx_word' id='word_1_392' title='bbox 361 4900 431 4944; x_wconf 87' lang='lat' dir='ltr'><strong>uc</strong></span> <span class='ocrx_word' id='word_1_393' title='bbox 453 4899 551 4943; x_wconf 83' lang='lat' dir='ltr'><strong>eos</strong></span> <span class='ocrx_word' id='word_1_394' title='bbox 574 4885 668 4954; x_wconf 84' lang='lat' dir='ltr'><strong>qui</strong></span> <span class='ocrx_word' id='word_1_395' title='bbox 697 4885 950 4944; x_wconf 70' lang='lat' dir='ltr'><strong>carnibus</strong></span> <span class='ocrx_word' id='word_1_396' title='bbox 971 4902 1080 4942; x_wconf 81' lang='lat' dir='ltr'><strong>non</strong></span> <span class='ocrx_word' id='word_1_397' title='bbox 1123 4888 1469 4946; x_wconf 71' lang='lat' dir='ltr'><strong>abstinebant</strong></span> <span class='ocrx_word' id='word_1_398' title='bbox 1487 4929 1508 4956; x_wconf 82' lang='lat'><strong>,</strong></span> <span class='ocrx_word' id='word_1_399' title='bbox 1557 4900 1618 4948; x_wconf 91' lang='lat' dir='ltr'><strong>et</strong></span> <span class='ocrx_word' id='word_1_400' title='bbox 1659 4893 1734 4950; x_wconf 77' lang='lat' dir='ltr'><strong>vi-</strong></span> 
     </span>
    </p>
   </div>
   <div class='ocr_carea' id='block_1_51' title="bbox 148 4975 1736 5050">
    <p class='ocr_par' dir='ltr' id='par_1_51' title="bbox 148 4975 1736 5050">
     <span class='ocr_line' id='line_1_51' title="bbox 148 4975 1736 5050; baseline 0.007 -20"><span class='ocrx_word' id='word_1_401' title='bbox 148 4992 269 5031; x_wconf 79' lang='lat' dir='ltr'><strong>num</strong></span> <span class='ocrx_word' id='word_1_402' title='bbox 295 4975 583 5042; x_wconf 71' lang='lat' dir='ltr'><strong>bibebant,</strong></span> <span class='ocrx_word' id='word_1_403' title='bbox 639 4983 896 5046; x_wconf 74' lang='lat' dir='ltr'><strong>tanquam</strong></span> <span class='ocrx_word' id='word_1_404' title='bbox 933 4979 1098 5047; x_wconf 76' lang='lat' dir='ltr'><strong>pollui</strong></span> <span class='ocrx_word' id='word_1_405' title='bbox 1143 4979 1463 5050; x_wconf 69' lang='lat' dir='ltr'><strong>indicarent.</strong></span> <span class='ocrx_word' id='word_1_406' title='bbox 1521 4982 1605 5040; x_wconf 67' lang='lat' dir='ltr'><strong>Ad</strong></span> <span class='ocrx_word' id='word_1_407' title='bbox 1629 4983 1736 5040; x_wconf 74' lang='lat' dir='ltr'><strong>hoc</strong></span> 
     </span>
    </p>
   </div>
   <div class='ocr_carea' id='block_1_52' title="bbox 139 5066 1736 5142">
    <p class='ocr_par' dir='ltr' id='par_1_52' title="bbox 139 5066 1736 5142">
     <span class='ocr_line' id='line_1_52' title="bbox 139 5066 1736 5142; baseline 0.008 -22"><span class='ocrx_word' id='word_1_408' title='bbox 139 5069 280 5124; x_wconf 73' lang='lat' dir='ltr'><strong>valet</strong></span> <span class='ocrx_word' id='word_1_409' title='bbox 317 5066 464 5138; x_wconf 86' lang='lat' dir='ltr'><strong>quod</strong></span> <span class='ocrx_word' id='word_1_410' title='bbox 505 5078 905 5137; x_wconf 78' lang='lat' dir='ltr'><strong>consequenter</strong></span> <span class='ocrx_word' id='word_1_411' title='bbox 945 5069 1115 5137; x_wconf 74' lang='lat' dir='ltr'><strong>dicit,</strong></span> <span class='ocrx_word' id='word_1_412' title='bbox 1149 5068 1250 5138; x_wconf 77' lang='lat' dir='ltr'><strong>Qui</strong></span> <span class='ocrx_word' id='word_1_413' title='bbox 1273 5073 1578 5142; x_wconf 60' lang='lat' dir='ltr'><strong>mandunt,</strong></span> <span class='ocrx_word' id='word_1_414' title='bbox 1626 5091 1736 5132; x_wconf 66' lang='lat' dir='ltr'><strong>aut</strong></span> 
     </span>
    </p>
   </div>
   <div class='ocr_carea' id='block_1_53' title="bbox 151 5161 1735 5235">
    <p class='ocr_par' dir='ltr' id='par_1_53' title="bbox 151 5161 1735 5235">
     <span class='ocr_line' id='line_1_53' title="bbox 151 5161 1735 5235; baseline 0.006 -20"><span class='ocrx_word' id='word_1_415' title='bbox 151 5161 534 5218; x_wconf 59' lang='lat' dir='ltr'><strong>vindicantem</strong></span> <span class='ocrx_word' id='word_1_416' title='bbox 562 5177 666 5222; x_wconf 72' lang='lat' dir='ltr'><strong>non</strong></span> <span class='ocrx_word' id='word_1_417' title='bbox 691 5171 931 5232; x_wconf 61' lang='lat' dir='ltr'><strong>spernat;</strong></span> <span class='ocrx_word' id='word_1_418' title='bbox 959 5172 1008 5220; x_wconf 79' lang='lat' dir='ltr'><strong>et</strong></span> <span class='ocrx_word' id='word_1_419' title='bbox 1031 5163 1118 5234; x_wconf 67' lang='lat' dir='ltr'><strong>qui</strong></span> <span class='ocrx_word' id='word_1_420' title='bbox 1133 5180 1240 5222; x_wconf 64' lang='lat' dir='ltr'><strong>non</strong></span> <span class='ocrx_word' id='word_1_421' title='bbox 1263 5168 1562 5235; x_wconf 67' lang='lat' dir='ltr'><strong>utendum,</strong></span> <span class='ocrx_word' id='word_1_422' title='bbox 1584 5183 1735 5224; x_wconf 67' lang='lat' dir='ltr'><strong>man-</strong></span> 
     </span>
    </p>
   </div>
   <div class='ocr_carea' id='block_1_54' title="bbox 155 5253 1733 5326">
    <p class='ocr_par' dir='ltr' id='par_1_54' title="bbox 155 5253 1733 5326">
     <span class='ocr_line' id='line_1_54' title="bbox 155 5253 1733 5326; baseline 0.009 -22"><span class='ocrx_word' id='word_1_423' title='bbox 155 5253 415 5310; x_wconf 65' lang='lat' dir='ltr'><strong>demutat:</strong></span> <span class='ocrx_word' id='word_1_424' title='bbox 435 5253 770 5326; x_wconf 57' lang='grc' dir='ltr'><strong>κρηναῖαι.</strong></span> <span class='ocrx_word' id='word_1_425' title='bbox 797 5253 964 5311; x_wconf 77' lang='lat' dir='ltr'><strong>Firmi</strong></span> <span class='ocrx_word' id='word_1_426' title='bbox 983 5255 1130 5312; x_wconf 74' lang='lat' dir='ltr'><strong>enim</strong></span> <span class='ocrx_word' id='word_1_427' title='bbox 1169 5256 1492 5315; x_wconf 68' lang='lat' dir='ltr'><strong>inti-mium</strong></span> <span class='ocrx_word' id='word_1_428' title='bbox 1531 5269 1733 5318; x_wconf 56' lang='grc' dir='ltr'><strong>οοηιιφ</strong></span> 
     </span>
    </p>
   </div>
   <div class='ocr_carea' id='block_1_55' title="bbox 165 5346 1734 5415">
    <p class='ocr_par' dir='ltr' id='par_1_55' title="bbox 165 5346 1734 5415">
     <span class='ocr_line' id='line_1_55' title="bbox 165 5346 1734 5415; baseline 0.006 -15"><span class='ocrx_word' id='word_1_429' title='bbox 165 5349 368 5403; x_wconf 86' lang='lat' dir='ltr'><strong>maeiter</strong></span> <span class='ocrx_word' id='word_1_430' title='bbox 413 5346 874 5415; x_wconf 88' lang='lat' dir='ltr'><strong>contemnebant,</strong></span> <span class='ocrx_word' id='word_1_431' title='bbox 931 5357 984 5403; x_wconf 87' lang='lat' dir='ltr'><strong>et</strong></span> <span class='ocrx_word' id='word_1_432' title='bbox 1050 5349 1245 5404; x_wconf 90' lang='lat' dir='ltr'><strong>inﬁrmi</strong></span> <span class='ocrx_word' id='word_1_433' title='bbox 1302 5349 1489 5406; x_wconf 76' lang='lat' dir='ltr'><strong>ﬁrmos</strong></span> <span class='ocrx_word' id='word_1_434' title='bbox 1527 5361 1734 5409; x_wconf 67' lang='lat' dir='ltr'><strong>tenue</strong></span> 
     </span>
    </p>
   </div>
   <div class='ocr_carea' id='block_1_56' title="bbox 167 5436 1599 5506">
    <p class='ocr_par' dir='ltr' id='par_1_56' title="bbox 167 5436 1599 5506">
     <span class='ocr_line' id='line_1_56' title="bbox 167 5436 1599 5506; baseline 0.002 -11"><span class='ocrx_word' id='word_1_435' title='bbox 167 5436 468 5506; x_wconf 76' lang='lat' dir='ltr'><strong>judicabant.</strong></span> <span class='ocrx_word' id='word_1_436' title='bbox 1589 5455 1599 5465; x_wconf 70' lang='lat'><strong>‘</strong></span> 
     </span>
    </p>
   </div>
   <div class='ocr_carea' id='block_1_57' title="bbox 221 5530 1735 5612">
    <p class='ocr_par' dir='ltr' id='par_1_57' title="bbox 221 5530 1735 5612">
     <span class='ocr_line' id='line_1_57' title="bbox 221 5530 1735 5612; baseline 0.006 -25"><span class='ocrx_word' id='word_1_437' title='bbox 221 5531 452 5589; x_wconf 77' lang='lat' dir='ltr'><strong>LXXIX.</strong></span> <span class='ocrx_word' id='word_1_438' title='bbox 489 5530 588 5606; x_wconf 85' lang='lat' dir='ltr'><strong>[1b.</strong></span> <span class='ocrx_word' id='word_1_439' title='bbox 619 5549 706 5588; x_wconf 78' lang='lat' dir='ltr'><strong>xw</strong></span> <span class='ocrx_word' id='word_1_440' title='bbox 727 5575 742 5600; x_wconf 93' lang='lat'><strong>,</strong></span> <span class='ocrx_word' id='word_1_441' title='bbox 766 5532 846 5608; x_wconf 70' lang='lat'><strong>4.]</strong></span> <span class='ocrx_word' id='word_1_442' title='bbox 871 5534 1024 5604; x_wconf 86' lang='lat' dir='ltr'><strong>Quod</strong></span> <span class='ocrx_word' id='word_1_443' title='bbox 1051 5545 1226 5592; x_wconf 87' lang='lat' dir='ltr'><strong>autem</strong></span> <span class='ocrx_word' id='word_1_444' title='bbox 1257 5537 1414 5606; x_wconf 90' lang='lat' dir='ltr'><strong>dicit,</strong></span> <span class='ocrx_word' id='word_1_445' title='bbox 1453 5538 1526 5594; x_wconf 87' lang='lat' dir='ltr'><strong>Tu</strong></span> <span class='ocrx_word' id='word_1_446' title='bbox 1553 5541 1662 5612; x_wconf 84' lang='lat' dir='ltr'><strong>quis</strong></span> <span class='ocrx_word' id='word_1_447' title='bbox 1684 5558 1735 5596; x_wconf 85' lang='lat' dir='ltr'><strong>es</strong></span> 
     </span>
    </p>
   </div>
   <div class='ocr_carea' id='block_1_58' title="bbox 170 5625 1736 5699">
    <p class='ocr_par' dir='ltr' id='par_1_58' title="bbox 170 5625 1736 5699">
     <span class='ocr_line' id='line_1_58' title="bbox 170 5625 1736 5699; baseline 0.006 -19"><span class='ocrx_word' id='word_1_448' title='bbox 170 5625 236 5694; x_wconf 63' lang='lat' dir='ltr'><strong>qui</strong></span> <span class='ocrx_word' id='word_1_449' title='bbox 271 5627 477 5699; x_wconf 65' lang='lat' dir='ltr'><strong>judice:</strong></span> <span class='ocrx_word' id='word_1_450' title='bbox 524 5627 747 5682; x_wconf 61' lang='lat' dir='ltr'><strong>etim</strong></span> <span class='ocrx_word' id='word_1_451' title='bbox 795 5629 1125 5684; x_wconf 70' lang='lat' dir='ltr'><strong>aenumhd</strong></span> <span class='ocrx_word' id='word_1_452' title='bbox 1146 5629 1253 5686; x_wconf 68' lang='lat' dir='ltr'><strong>hoc</strong></span> <span class='ocrx_word' id='word_1_453' title='bbox 1278 5631 1443 5698; x_wconf 74' lang='lat' dir='ltr'><strong>dicit,</strong></span> <span class='ocrx_word' id='word_1_454' title='bbox 1475 5641 1536 5688; x_wconf 83' lang='lat' dir='ltr'><strong>ut</strong></span> <span class='ocrx_word' id='word_1_455' title='bbox 1569 5633 1626 5688; x_wconf 75' lang='lat' dir='ltr'><strong>in</strong></span> <span class='ocrx_word' id='word_1_456' title='bbox 1648 5635 1736 5690; x_wconf 81' lang='lat' dir='ltr'><strong>his</strong></span> 
     </span>
    </p>
   </div>
   <div class='ocr_carea' id='block_1_59' title="bbox 170 5765 1734 5882">
    <p class='ocr_par' dir='ltr' id='par_1_59' title="bbox 170 5765 1734 5882">
     <span class='ocr_line' id='line_1_59' title="bbox 170 5765 1734 5882; baseline 0.011 -72"><span class='ocrx_word' id='word_1_457' title='bbox 170 5765 251 5882; x_wconf 40' lang='grc' dir='ltr'><strong>ἠὲ</strong></span> <span class='ocrx_word' id='word_1_458' title='bbox 255 5765 505 5818; x_wconf 76' lang='lat' dir='ltr'><strong>Vaticanus</strong></span> <span class='ocrx_word' id='word_1_459' title='bbox 526 5765 702 5829; x_wconf 81' lang='lat' dir='ltr'><strong>codex,</strong></span> <span class='ocrx_word' id='word_1_460' title='bbox 741 5765 1111 5830; x_wconf 79' lang='lat' dir='ltr'><strong>superfeceritis.</strong></span> <span class='ocrx_word' id='word_1_461' title='bbox 1149 5771 1319 5821; x_wconf 70' lang='lat' dir='ltr'><strong>caeteri</strong></span> <span class='ocrx_word' id='word_1_462' title='bbox 1356 5779 1462 5823; x_wconf 79' lang='lat' dir='ltr'><strong>Mss.</strong></span> <span class='ocrx_word' id='word_1_463' title='bbox 1479 5807 1494 5834; x_wconf 92' lang='lat'><strong>,</strong></span> <span class='ocrx_word' id='word_1_464' title='bbox 1520 5776 1734 5839; x_wconf 84' lang='lat' dir='ltr'><strong>perfece-</strong></span> 
     </span>
    </p>
   </div>
   <div class='ocr_carea' id='block_1_60' title="bbox 1585 324 1968 392">
    <p class='ocr_par' dir='ltr' id='par_1_60' title="bbox 1585 324 1968 392">
     <span class='ocr_line' id='line_1_60' title="bbox 1585 324 1968 392; baseline 0.005 -2"><span class='ocrx_word' id='word_1_465' title='bbox 1585 324 1968 392; x_wconf 78' lang='lat' dir='ltr'><strong>EXPOSITIO.</strong></span> 
     </span>
    </p>
   </div>
   <div class='ocr_carea' id='block_1_61' title="bbox 3297 349 3439 416">
    <p class='ocr_par' dir='ltr' id='par_1_61' title="bbox 3297 349 3439 416">
     <span class='ocr_line' id='line_1_61' title="bbox 3297 349 3439 416; baseline 0.028 -4"><span class='ocrx_word' id='word_1_466' title='bbox 3297 349 3439 416; x_wconf 69' lang='lat'><strong>2086</strong></span> 
     </span>
    </p>
   </div>
   <div class='ocr_carea' id='block_1_62' title="bbox 1851 454 3438 545">
    <p class='ocr_par' dir='ltr' id='par_1_62' title="bbox 1851 454 3438 545">
     <span class='ocr_line' id='line_1_62' title="bbox 1851 454 3438 545; baseline 0.016 -37"><span class='ocrx_word' id='word_1_467' title='bbox 1851 454 2010 512; x_wconf 87' lang='lat' dir='ltr'><strong>rebus</strong></span> <span class='ocrx_word' id='word_1_468' title='bbox 2035 471 2154 526; x_wconf 74' lang='lat' dir='ltr'><strong>otiae</strong></span> <span class='ocrx_word' id='word_1_469' title='bbox 2183 468 2406 532; x_wconf 88' lang='lat' dir='ltr'><strong>possunt</strong></span> <span class='ocrx_word' id='word_1_470' title='bbox 2427 469 2481 518; x_wconf 87' lang='lat' dir='ltr'><strong>et</strong></span> <span class='ocrx_word' id='word_1_471' title='bbox 2505 459 2649 520; x_wconf 91' lang='lat' dir='ltr'><strong>bono</strong></span> <span class='ocrx_word' id='word_1_472' title='bbox 2664 465 2848 522; x_wconf 87' lang='lat' dir='ltr'><strong>animo</strong></span> <span class='ocrx_word' id='word_1_473' title='bbox 2873 466 2990 524; x_wconf 84' lang='lat' dir='ltr'><strong>ﬁeri</strong></span> <span class='ocrx_word' id='word_1_474' title='bbox 3012 476 3070 528; x_wconf 89' lang='lat' dir='ltr'><strong>et</strong></span> <span class='ocrx_word' id='word_1_475' title='bbox 3091 474 3270 541; x_wconf 89' lang='lat' dir='ltr'><strong>malo,</strong></span> <span class='ocrx_word' id='word_1_476' title='bbox 3293 474 3438 545; x_wconf 86' lang='lat' dir='ltr'><strong>judi-</strong></span> 
     </span>
    </p>
   </div>
   <div class='ocr_carea' id='block_1_63' title="bbox 1851 547 3436 627">
    <p class='ocr_par' dir='ltr' id='par_1_63' title="bbox 1851 547 3436 627">
     <span class='ocr_line' id='line_1_63' title="bbox 1851 547 3436 627; baseline 0.015 -25"><span class='ocrx_word' id='word_1_477' title='bbox 1851 547 1991 603; x_wconf 90' lang='lat' dir='ltr'><strong>cium</strong></span> <span class='ocrx_word' id='word_1_478' title='bbox 2037 551 2150 605; x_wconf 89' lang='lat' dir='ltr'><strong>Deo</strong></span> <span class='ocrx_word' id='word_1_479' title='bbox 2187 553 2519 614; x_wconf 78' lang='lat' dir='ltr'><strong>dimittamus</strong></span> <span class='ocrx_word' id='word_1_480' title='bbox 2551 597 2570 626; x_wconf 85' lang='lat'><strong>,</strong></span> <span class='ocrx_word' id='word_1_481' title='bbox 2612 574 2712 616; x_wconf 87' lang='lat' dir='ltr'><strong>nec</strong></span> <span class='ocrx_word' id='word_1_482' title='bbox 2749 561 3039 620; x_wconf 89' lang='lat' dir='ltr'><strong>audeamus</strong></span> <span class='ocrx_word' id='word_1_483' title='bbox 3101 565 3167 623; x_wconf 90' lang='lat' dir='ltr'><strong>de</strong></span> <span class='ocrx_word' id='word_1_484' title='bbox 3214 568 3436 627; x_wconf 84' lang='lat' dir='ltr'><strong>alterius</strong></span> 
     </span>
    </p>
   </div>
   <div class='ocr_carea' id='block_1_64' title="bbox 1850 641 3437 720">
    <p class='ocr_par' dir='ltr' id='par_1_64' title="bbox 1850 641 3437 720">
     <span class='ocr_line' id='line_1_64' title="bbox 1850 641 3437 720; baseline 0.018 -28"><span class='ocrx_word' id='word_1_485' title='bbox 1850 641 2033 707; x_wconf 88' lang='lat' dir='ltr'><strong>corde,</strong></span> <span class='ocrx_word' id='word_1_486' title='bbox 2075 641 2222 712; x_wconf 77' lang='lat' dir='ltr'><strong>quod</strong></span> <span class='ocrx_word' id='word_1_487' title='bbox 2263 660 2370 700; x_wconf 87' lang='lat' dir='ltr'><strong>non</strong></span> <span class='ocrx_word' id='word_1_488' title='bbox 2403 649 2663 714; x_wconf 73' lang='lat' dir='ltr'><strong>videmus,</strong></span> <span class='ocrx_word' id='word_1_489' title='bbox 2711 653 2850 710; x_wconf 82' lang='lat' dir='ltr'><strong>ferre</strong></span> <span class='ocrx_word' id='word_1_490' title='bbox 2893 659 3230 714; x_wconf 77' lang='lat' dir='ltr'><strong>sententiam.</strong></span> <span class='ocrx_word' id='word_1_491' title='bbox 3263 659 3320 715; x_wconf 89' lang='lat' dir='ltr'><strong>In</strong></span> <span class='ocrx_word' id='word_1_492' title='bbox 3352 661 3437 720; x_wconf 84' lang='lat' dir='ltr'><strong>his</strong></span> 
     </span>
    </p>
   </div>
   <div class='ocr_carea' id='block_1_65' title="bbox 1850 733 3436 812">
    <p class='ocr_par' dir='ltr' id='par_1_65' title="bbox 1850 733 3436 812">
     <span class='ocr_line' id='line_1_65' title="bbox 1850 733 3436 812; baseline 0.017 -28"><span class='ocrx_word' id='word_1_493' title='bbox 1850 746 1978 788; x_wconf 89' lang='lat' dir='ltr'><strong>vero</strong></span> <span class='ocrx_word' id='word_1_494' title='bbox 2005 733 2168 789; x_wconf 82' lang='lat' dir='ltr'><strong>rebus</strong></span> <span class='ocrx_word' id='word_1_495' title='bbox 2187 751 2306 805; x_wconf 77' lang='lat' dir='ltr'><strong>qua:</strong></span> <span class='ocrx_word' id='word_1_496' title='bbox 2333 736 2404 792; x_wconf 87' lang='lat' dir='ltr'><strong>ita</strong></span> <span class='ocrx_word' id='word_1_497' title='bbox 2427 737 2979 812; x_wconf 80' lang='lat' dir='ltr'><strong>comprehenduntur,</strong></span> <span class='ocrx_word' id='word_1_498' title='bbox 3015 759 3074 804; x_wconf 90' lang='lat' dir='ltr'><strong>ut</strong></span> <span class='ocrx_word' id='word_1_499' title='bbox 3099 766 3192 806; x_wconf 87' lang='lat' dir='ltr'><strong>eas</strong></span> <span class='ocrx_word' id='word_1_500' title='bbox 3213 751 3356 810; x_wconf 88' lang='lat' dir='ltr'><strong>bono</strong></span> <span class='ocrx_word' id='word_1_501' title='bbox 3379 763 3436 811; x_wconf 89' lang='lat' dir='ltr'><strong>et</strong></span> 
     </span>
    </p>
   </div>
   <div class='ocr_carea' id='block_1_66' title="bbox 1849 825 3447 908">
    <p class='ocr_par' dir='ltr' id='par_1_66' title="bbox 1849 825 3447 908">
     <span class='ocr_line' id='line_1_66' title="bbox 1849 825 3447 908; baseline 0.017 -31"><span class='ocrx_word' id='word_1_502' title='bbox 1849 831 1996 880; x_wconf 85' lang='lat' dir='ltr'><strong>casto</strong></span> <span class='ocrx_word' id='word_1_503' title='bbox 2031 825 2212 880; x_wconf 89' lang='lat' dir='ltr'><strong>animo</strong></span> <span class='ocrx_word' id='word_1_504' title='bbox 2247 842 2352 882; x_wconf 87' lang='lat' dir='ltr'><strong>non</strong></span> <span class='ocrx_word' id='word_1_505' title='bbox 2396 843 2551 899; x_wconf 86' lang='lat' dir='ltr'><strong>posse</strong></span> <span class='ocrx_word' id='word_1_506' title='bbox 2583 831 2700 886; x_wconf 79' lang='lat' dir='ltr'><strong>ﬁeri</strong></span> <span class='ocrx_word' id='word_1_507' title='bbox 2719 835 3062 892; x_wconf 78' lang='lat' dir='ltr'><strong>manifestum</strong></span> <span class='ocrx_word' id='word_1_508' title='bbox 3081 842 3172 908; x_wconf 87' lang='lat' dir='ltr'><strong>sit,</strong></span> <span class='ocrx_word' id='word_1_509' title='bbox 3204 860 3312 900; x_wconf 87' lang='lat' dir='ltr'><strong>non</strong></span> <span class='ocrx_word' id='word_1_510' title='bbox 3331 845 3404 902; x_wconf 82' lang='lat' dir='ltr'><strong>im</strong></span> <span class='ocrx_word' id='word_1_511' title='bbox 3423 877 3447 888; x_wconf 91' lang='lat'><em>-</em></span> 
     </span>
    </p>
   </div>
   <div class='ocr_carea' id='block_1_67' title="bbox 1849 915 3431 1000">
    <p class='ocr_par' dir='ltr' id='par_1_67' title="bbox 1849 915 3431 1000">
     <span class='ocr_line' id='line_1_67' title="bbox 1849 915 3431 1000; baseline 0.015 -31"><span class='ocrx_word' id='word_1_512' title='bbox 1849 915 2136 985; x_wconf 86' lang='lat' dir='ltr'><strong>probatur,</strong></span> <span class='ocrx_word' id='word_1_513' title='bbox 2161 919 2210 974; x_wconf 88' lang='lat' dir='ltr'><strong>si</strong></span> <span class='ocrx_word' id='word_1_514' title='bbox 2225 919 2547 990; x_wconf 71' lang='lat' dir='ltr'><strong>iudicemus.</strong></span> <span class='ocrx_word' id='word_1_515' title='bbox 2581 921 2761 996; x_wconf 83' lang='lat' dir='ltr'><strong>Itaque</strong></span> <span class='ocrx_word' id='word_1_516' title='bbox 2787 925 2889 983; x_wconf 87' lang='lat' dir='ltr'><strong>hoc</strong></span> <span class='ocrx_word' id='word_1_517' title='bbox 2923 929 3068 1000; x_wconf 89' lang='lat' dir='ltr'><strong>quod</strong></span> <span class='ocrx_word' id='word_1_518' title='bbox 3098 931 3165 987; x_wconf 87' lang='lat' dir='ltr'><strong>de</strong></span> <span class='ocrx_word' id='word_1_519' title='bbox 3188 933 3325 990; x_wconf 88' lang='lat' dir='ltr'><strong>cibis</strong></span> <span class='ocrx_word' id='word_1_520' title='bbox 3351 937 3431 992; x_wconf 84' lang='lat' dir='ltr'><strong>di-</strong></span> 
     </span>
    </p>
   </div>
   <div class='ocr_carea' id='block_1_68' title="bbox 1847 1009 3438 1087">
    <p class='ocr_par' dir='ltr' id='par_1_68' title="bbox 1847 1009 3438 1087">
     <span class='ocr_line' id='line_1_68' title="bbox 1847 1009 3438 1087; baseline 0.015 -24"><span class='ocrx_word' id='word_1_521' title='bbox 1847 1009 1952 1074; x_wconf 85' lang='lat' dir='ltr'><strong>cit,</strong></span> <span class='ocrx_word' id='word_1_522' title='bbox 1985 1011 2107 1081; x_wconf 90' lang='lat' dir='ltr'><strong>quia</strong></span> <span class='ocrx_word' id='word_1_523' title='bbox 2133 1012 2408 1083; x_wconf 76' lang='lat' dir='ltr'><strong>ignoratur</strong></span> <span class='ocrx_word' id='word_1_524' title='bbox 2435 1031 2541 1086; x_wconf 92' lang='lat' dir='ltr'><strong>quo</strong></span> <span class='ocrx_word' id='word_1_525' title='bbox 2563 1018 2746 1073; x_wconf 86' lang='lat' dir='ltr'><strong>animo</strong></span> <span class='ocrx_word' id='word_1_526' title='bbox 2787 1021 2898 1087; x_wconf 89' lang='lat' dir='ltr'><strong>ﬁat,</strong></span> <span class='ocrx_word' id='word_1_527' title='bbox 2926 1038 3032 1078; x_wconf 87' lang='lat' dir='ltr'><strong>non</strong></span> <span class='ocrx_word' id='word_1_528' title='bbox 3059 1024 3174 1080; x_wconf 85' lang='lat' dir='ltr'><strong>vult</strong></span> <span class='ocrx_word' id='word_1_529' title='bbox 3195 1041 3296 1083; x_wconf 90' lang='lat' dir='ltr'><strong>nos</strong></span> <span class='ocrx_word' id='word_1_530' title='bbox 3317 1043 3438 1086; x_wconf 80' lang='lat' dir='ltr'><strong>esse</strong></span> 
     </span>
    </p>
   </div>
   <div class='ocr_carea' id='block_1_69' title="bbox 1842 1099 3438 1192">
    <p class='ocr_par' dir='ltr' id='par_1_69' title="bbox 1842 1099 3438 1192">
     <span class='ocr_line' id='line_1_69' title="bbox 1842 1099 3438 1192; baseline 0.014 -38"><span class='ocrx_word' id='word_1_531' title='bbox 1842 1099 2070 1171; x_wconf 73' lang='lat' dir='ltr'><strong>iudices,</strong></span> <span class='ocrx_word' id='word_1_532' title='bbox 2099 1102 2194 1159; x_wconf 79' lang='lat' dir='ltr'><strong>sed</strong></span> <span class='ocrx_word' id='word_1_533' title='bbox 2220 1101 2390 1160; x_wconf 79' lang='lat' dir='ltr'><strong>Deum</strong></span> <span class='ocrx_word' id='word_1_534' title='bbox 2417 1123 2430 1159; x_wconf 92' lang='lat'><strong>:</strong></span> <span class='ocrx_word' id='word_1_535' title='bbox 2459 1106 2527 1162; x_wconf 87' lang='lat' dir='ltr'><strong>de</strong></span> <span class='ocrx_word' id='word_1_536' title='bbox 2555 1107 2645 1162; x_wconf 87' lang='lat' dir='ltr'><strong>illo</strong></span> <span class='ocrx_word' id='word_1_537' title='bbox 2671 1119 2850 1166; x_wconf 88' lang='lat' dir='ltr'><strong>autem</strong></span> <span class='ocrx_word' id='word_1_538' title='bbox 2873 1113 3076 1168; x_wconf 66' lang='lat' dir='ltr'><strong>nehrio</strong></span> <span class='ocrx_word' id='word_1_539' title='bbox 3097 1125 3316 1192; x_wconf 79' lang='lat' dir='ltr'><strong>stupro,</strong></span> <span class='ocrx_word' id='word_1_540' title='bbox 3346 1120 3438 1176; x_wconf 91' lang='lat' dir='ltr'><strong>ubi</strong></span> 
     </span>
    </p>
   </div>
   <div class='ocr_carea' id='block_1_70' title="bbox 1847 1195 3436 1279">
    <p class='ocr_par' dir='ltr' id='par_1_70' title="bbox 1847 1195 3436 1279">
     <span class='ocr_line' id='line_1_70' title="bbox 1847 1195 3436 1279; baseline 0.015 -33"><span class='ocrx_word' id='word_1_541' title='bbox 1847 1207 2068 1248; x_wconf 78' lang='lat' dir='ltr'><strong>uxorem</strong></span> <span class='ocrx_word' id='word_1_542' title='bbox 2105 1195 2272 1265; x_wconf 86' lang='lat' dir='ltr'><strong>patris</strong></span> <span class='ocrx_word' id='word_1_543' title='bbox 2289 1197 2372 1252; x_wconf 90' lang='lat' dir='ltr'><strong>sui</strong></span> <span class='ocrx_word' id='word_1_544' title='bbox 2391 1198 2606 1268; x_wconf 85' lang='lat' dir='ltr'><strong>quidam</strong></span> <span class='ocrx_word' id='word_1_545' title='bbox 2633 1199 2911 1272; x_wconf 81' lang='lat' dir='ltr'><strong>habuerat,</strong></span> <span class='ocrx_word' id='word_1_546' title='bbox 2937 1209 3188 1279; x_wconf 71' lang='lat' dir='ltr'><strong>prmcepit</strong></span> <span class='ocrx_word' id='word_1_547' title='bbox 3237 1209 3436 1270; x_wconf 87' lang='lat' dir='ltr'><strong>debere</strong></span> 
     </span>
    </p>
   </div>
   <div class='ocr_carea' id='block_1_71' title="bbox 1841 1281 3436 1365">
    <p class='ocr_par' dir='ltr' id='par_1_71' title="bbox 1841 1281 3436 1365">
     <span class='ocr_line' id='line_1_71' title="bbox 1841 1281 3436 1365; baseline 0.014 -28"><span class='ocrx_word' id='word_1_548' title='bbox 1841 1281 2068 1352; x_wconf 76' lang='lat' dir='ltr'><strong>jtuiicari</strong></span> <span class='ocrx_word' id='word_1_549' title='bbox 2113 1283 2178 1358; x_wconf 89' lang='grc'><strong>(1</strong></span> <span class='ocrx_word' id='word_1_550' title='bbox 2205 1284 2326 1342; x_wconf 84' lang='lat' dir='ltr'><strong>Cor.</strong></span> <span class='ocrx_word' id='word_1_551' title='bbox 2356 1304 2392 1342; x_wconf 90' lang='lat' dir='ltr'><strong>v</strong></span> <span class='ocrx_word' id='word_1_552' title='bbox 2411 1329 2426 1354; x_wconf 94' lang='lat'><strong>,</strong></span> <span class='ocrx_word' id='word_1_553' title='bbox 2473 1290 2498 1344; x_wconf 82' lang='grc'><strong>1</strong></span> <span class='ocrx_word' id='word_1_554' title='bbox 2524 1292 2565 1362; x_wconf 89' lang='grc'><strong>).</strong></span> <span class='ocrx_word' id='word_1_555' title='bbox 2619 1291 2736 1346; x_wconf 88' lang='lat' dir='ltr'><strong>Non</strong></span> <span class='ocrx_word' id='word_1_556' title='bbox 2763 1295 2904 1348; x_wconf 87' lang='lat' dir='ltr'><strong>enim</strong></span> <span class='ocrx_word' id='word_1_557' title='bbox 2926 1306 3141 1365; x_wconf 83' lang='lat' dir='ltr'><strong>poterat</strong></span> <span class='ocrx_word' id='word_1_558' title='bbox 3166 1301 3258 1357; x_wconf 87' lang='lat' dir='ltr'><strong>ille</strong></span> <span class='ocrx_word' id='word_1_559' title='bbox 3286 1303 3436 1358; x_wconf 89' lang='lat' dir='ltr'><strong>dice-</strong></span> 
     </span>
    </p>
   </div>
   <div class='ocr_carea' id='block_1_72' title="bbox 1847 1375 3431 1458">
    <p class='ocr_par' dir='ltr' id='par_1_72' title="bbox 1847 1375 3431 1458">
     <span class='ocr_line' id='line_1_72' title="bbox 1847 1375 3431 1458; baseline 0.015 -30"><span class='ocrx_word' id='word_1_560' title='bbox 1847 1389 1926 1442; x_wconf 87' lang='lat' dir='ltr'><strong>re,</strong></span> <span class='ocrx_word' id='word_1_561' title='bbox 1953 1375 2099 1430; x_wconf 80' lang='lat' dir='ltr'><strong>bono</strong></span> <span class='ocrx_word' id='word_1_562' title='bbox 2123 1377 2305 1434; x_wconf 81' lang='lat' dir='ltr'><strong>animo</strong></span> <span class='ocrx_word' id='word_1_563' title='bbox 2322 1395 2383 1436; x_wconf 86' lang='lat' dir='ltr'><strong>se</strong></span> <span class='ocrx_word' id='word_1_564' title='bbox 2410 1388 2518 1436; x_wconf 85' lang='lat' dir='ltr'><strong>tam</strong></span> <span class='ocrx_word' id='word_1_565' title='bbox 2545 1383 2778 1441; x_wconf 85' lang='lat' dir='ltr'><strong>immane</strong></span> <span class='ocrx_word' id='word_1_566' title='bbox 2801 1386 3056 1458; x_wconf 76' lang='lat' dir='ltr'><strong>ﬂagitium</strong></span> <span class='ocrx_word' id='word_1_567' title='bbox 3077 1395 3431 1454; x_wconf 79' lang='lat' dir='ltr'><strong>commisisse.</strong></span> 
     </span>
    </p>
   </div>
   <div class='ocr_carea' id='block_1_73' title="bbox 1847 1464 3431 1560">
    <p class='ocr_par' dir='ltr' id='par_1_73' title="bbox 1847 1464 3431 1560">
     <span class='ocr_line' id='line_1_73' title="bbox 1847 1464 3431 1560; baseline 0.016 -41"><span class='ocrx_word' id='word_1_568' title='bbox 1847 1464 1991 1560; x_wconf 58' lang='lat' dir='ltr'><strong>Ergo</strong></span> <span class='ocrx_word' id='word_1_569' title='bbox 2009 1483 2360 1560; x_wconf 55' lang='lat' dir='ltr'><strong>quaecumque</strong></span> <span class='ocrx_word' id='word_1_570' title='bbox 2383 1472 2516 1529; x_wconf 76' lang='lat' dir='ltr'><strong>facta</strong></span> <span class='ocrx_word' id='word_1_571' title='bbox 2538 1475 2610 1530; x_wconf 83' lang='lat' dir='ltr'><strong>ita</strong></span> <span class='ocrx_word' id='word_1_572' title='bbox 2629 1477 3058 1549; x_wconf 77' lang='lat' dir='ltr'><strong>manilestantur,</strong></span> <span class='ocrx_word' id='word_1_573' title='bbox 3088 1492 3148 1538; x_wconf 85' lang='lat' dir='ltr'><strong>ut</strong></span> <span class='ocrx_word' id='word_1_574' title='bbox 3173 1501 3280 1542; x_wconf 84' lang='lat' dir='ltr'><strong>non</strong></span> <span class='ocrx_word' id='word_1_575' title='bbox 3303 1505 3431 1560; x_wconf 83' lang='lat' dir='ltr'><strong>pos-</strong></span> 
     </span>
    </p>
   </div>
   <div class='ocr_carea' id='block_1_74' title="bbox 1846 1556 3428 1646">
    <p class='ocr_par' dir='ltr' id='par_1_74' title="bbox 1846 1556 3428 1646">
     <span class='ocr_line' id='line_1_74' title="bbox 1846 1556 3428 1646; baseline 0.014 -34"><span class='ocrx_word' id='word_1_576' title='bbox 1846 1556 1916 1612; x_wconf 86' lang='lat' dir='ltr'><strong>sit</strong></span> <span class='ocrx_word' id='word_1_577' title='bbox 1939 1557 2064 1624; x_wconf 92' lang='lat' dir='ltr'><strong>dici,</strong></span> <span class='ocrx_word' id='word_1_578' title='bbox 2105 1559 2254 1614; x_wconf 86' lang='lat' dir='ltr'><strong>Bono</strong></span> <span class='ocrx_word' id='word_1_579' title='bbox 2270 1561 2448 1618; x_wconf 89' lang='lat' dir='ltr'><strong>animo</strong></span> <span class='ocrx_word' id='word_1_580' title='bbox 2491 1563 2624 1632; x_wconf 77' lang='lat' dir='ltr'><strong>feci,</strong></span> <span class='ocrx_word' id='word_1_581' title='bbox 2659 1567 2946 1637; x_wconf 67' lang='lat' dir='ltr'><strong>iudicanda</strong></span> <span class='ocrx_word' id='word_1_582' title='bbox 2982 1581 3110 1628; x_wconf 84' lang='lat' dir='ltr'><strong>sunt</strong></span> <span class='ocrx_word' id='word_1_583' title='bbox 3149 1590 3184 1628; x_wconf 89' lang='lat' dir='ltr'><strong>a</strong></span> <span class='ocrx_word' id='word_1_584' title='bbox 3237 1556 3428 1646; x_wconf 79' lang='lat' dir='ltr'><strong>nobis;</strong></span> 
     </span>
    </p>
   </div>
   <div class='ocr_carea' id='block_1_75' title="bbox 1845 1655 3434 1732">
    <p class='ocr_par' dir='ltr' id='par_1_75' title="bbox 1845 1655 3434 1732">
     <span class='ocr_line' id='line_1_75' title="bbox 1845 1655 3434 1732; baseline 0.017 -30"><span class='ocrx_word' id='word_1_585' title='bbox 1845 1665 2196 1722; x_wconf 74' lang='lat' dir='ltr'><strong>quaecumque</strong></span> <span class='ocrx_word' id='word_1_586' title='bbox 2219 1664 2399 1709; x_wconf 86' lang='lat' dir='ltr'><strong>autem</strong></span> <span class='ocrx_word' id='word_1_587' title='bbox 2423 1657 2492 1709; x_wconf 89' lang='lat' dir='ltr'><strong>ita</strong></span> <span class='ocrx_word' id='word_1_588' title='bbox 2512 1655 2676 1724; x_wconf 86' lang='lat' dir='ltr'><strong>ﬁunt,</strong></span> <span class='ocrx_word' id='word_1_589' title='bbox 2706 1670 2763 1715; x_wconf 88' lang='lat' dir='ltr'><strong>ut</strong></span> <span class='ocrx_word' id='word_1_590' title='bbox 2792 1679 2896 1732; x_wconf 85' lang='lat' dir='ltr'><strong>quo</strong></span> <span class='ocrx_word' id='word_1_591' title='bbox 2917 1667 3096 1722; x_wconf 87' lang='lat' dir='ltr'><strong>animo</strong></span> <span class='ocrx_word' id='word_1_592' title='bbox 3116 1667 3242 1726; x_wconf 82' lang='lat' dir='ltr'><strong>ﬁant</strong></span> <span class='ocrx_word' id='word_1_593' title='bbox 3265 1672 3434 1728; x_wconf 85' lang='lat' dir='ltr'><strong>incer-</strong></span> 
     </span>
    </p>
   </div>
   <div class='ocr_carea' id='block_1_76' title="bbox 1847 1743 3430 1831">
    <p class='ocr_par' dir='ltr' id='par_1_76' title="bbox 1847 1743 3430 1831">
     <span class='ocr_line' id='line_1_76' title="bbox 1847 1743 3430 1831; baseline 0.014 -34"><span class='ocrx_word' id='word_1_594' title='bbox 1847 1749 1957 1797; x_wconf 91' lang='lat' dir='ltr'><strong>tum</strong></span> <span class='ocrx_word' id='word_1_595' title='bbox 1986 1743 2088 1810; x_wconf 87' lang='lat' dir='ltr'><strong>sit,</strong></span> <span class='ocrx_word' id='word_1_596' title='bbox 2108 1759 2212 1798; x_wconf 91' lang='lat' dir='ltr'><strong>non</strong></span> <span class='ocrx_word' id='word_1_597' title='bbox 2241 1753 2365 1800; x_wconf 90' lang='lat' dir='ltr'><strong>sunt</strong></span> <span class='ocrx_word' id='word_1_598' title='bbox 2383 1745 2668 1817; x_wconf 75' lang='lat' dir='ltr'><strong>iudicanda</strong></span> <span class='ocrx_word' id='word_1_599' title='bbox 2688 1793 2703 1812; x_wconf 91' lang='lat'><strong><em>.</em></strong></span> <span class='ocrx_word' id='word_1_600' title='bbox 2741 1752 2840 1807; x_wconf 87' lang='lat' dir='ltr'><strong>sed</strong></span> <span class='ocrx_word' id='word_1_601' title='bbox 2881 1757 3198 1814; x_wconf 86' lang='lat' dir='ltr'><strong>reservanda</strong></span> <span class='ocrx_word' id='word_1_602' title='bbox 3227 1758 3430 1831; x_wconf 88' lang='lat' dir='ltr'><strong>judicio</strong></span> 
     </span>
    </p>
   </div>
   <div class='ocr_carea' id='block_1_77' title="bbox 1847 1832 3430 1925">
    <p class='ocr_par' dir='ltr' id='par_1_77' title="bbox 1847 1832 3430 1925">
     <span class='ocr_line' id='line_1_77' title="bbox 1847 1832 3430 1925; baseline 0.013 -38"><span class='ocrx_word' id='word_1_603' title='bbox 1847 1832 1944 1888; x_wconf 90' lang='lat' dir='ltr'><strong>Dei</strong></span> <span class='ocrx_word' id='word_1_604' title='bbox 1978 1853 1992 1888; x_wconf 90' lang='lat'><strong>:</strong></span> <span class='ocrx_word' id='word_1_605' title='bbox 2016 1835 2154 1890; x_wconf 85' lang='lat' dir='ltr'><strong>sicut</strong></span> <span class='ocrx_word' id='word_1_606' title='bbox 2185 1837 2440 1908; x_wconf 87' lang='lat' dir='ltr'><strong>scriptum</strong></span> <span class='ocrx_word' id='word_1_607' title='bbox 2466 1849 2574 1906; x_wconf 89' lang='lat' dir='ltr'><strong>est,</strong></span> <span class='ocrx_word' id='word_1_608' title='bbox 2609 1841 2737 1909; x_wconf 67' lang='lat' dir='ltr'><strong>Quas</strong></span> <span class='ocrx_word' id='word_1_609' title='bbox 2761 1847 2959 1900; x_wconf 83' lang='lat' dir='ltr'><strong>occulta</strong></span> <span class='ocrx_word' id='word_1_610' title='bbox 2979 1862 3128 1916; x_wconf 75' lang='lat' dir='ltr'><strong>sunt,</strong></span> <span class='ocrx_word' id='word_1_611' title='bbox 3157 1849 3430 1925; x_wconf 78' lang='lat' dir='ltr'><strong>Deo;qu(c</strong></span> 
     </span>
    </p>
   </div>
   <div class='ocr_carea' id='block_1_78' title="bbox 1844 1926 3428 2015">
    <p class='ocr_par' dir='ltr' id='par_1_78' title="bbox 1844 1926 3428 2015">
     <span class='ocr_line' id='line_1_78' title="bbox 1844 1926 3428 2015; baseline 0.016 -39"><span class='ocrx_word' id='word_1_612' title='bbox 1844 1933 2012 1978; x_wconf 86' lang='lat' dir='ltr'><strong>autem</strong></span> <span class='ocrx_word' id='word_1_613' title='bbox 2036 1926 2212 2015; x_wconf 76' lang='lat' dir='ltr'><strong>palam</strong></span> <span class='ocrx_word' id='word_1_614' title='bbox 2239 1939 2388 1997; x_wconf 86' lang='lat' dir='ltr'><strong>sunt,</strong></span> <span class='ocrx_word' id='word_1_615' title='bbox 2414 1931 2550 1986; x_wconf 72' lang='lat' dir='ltr'><strong>vobis</strong></span> <span class='ocrx_word' id='word_1_616' title='bbox 2601 1943 2648 1986; x_wconf 88' lang='lat' dir='ltr'><strong>et</strong></span> <span class='ocrx_word' id='word_1_617' title='bbox 2677 1935 2798 2003; x_wconf 78' lang='lat' dir='ltr'><strong>[iliis</strong></span> <span class='ocrx_word' id='word_1_618' title='bbox 2835 1939 3010 1992; x_wconf 78' lang='lat' dir='ltr'><strong>vestris</strong></span> <span class='ocrx_word' id='word_1_619' title='bbox 3046 1954 3186 1996; x_wconf 88' lang='lat' dir='ltr'><strong>erunt</strong></span> <span class='ocrx_word' id='word_1_620' title='bbox 3237 1942 3428 2015; x_wconf 86' lang='lat' dir='ltr'><strong>(Deut.</strong></span> 
     </span>
    </p>
   </div>
   <div class='ocr_carea' id='block_1_79' title="bbox 1847 2013 2178 2090">
    <p class='ocr_par' dir='ltr' id='par_1_79' title="bbox 1847 2013 2178 2090">
     <span class='ocr_line' id='line_1_79' title="bbox 1847 2013 2178 2090; baseline 0.009 -19"><span class='ocrx_word' id='word_1_621' title='bbox 1847 2033 1976 2072; x_wconf 74' lang='lat' dir='ltr'><strong>nix</strong></span> <span class='ocrx_word' id='word_1_622' title='bbox 1992 2059 2007 2082; x_wconf 94' lang='lat'><strong>,</strong></span> <span class='ocrx_word' id='word_1_623' title='bbox 2039 2013 2109 2072; x_wconf 70' lang='lat'><strong>9.9</strong></span> <span class='ocrx_word' id='word_1_624' title='bbox 2138 2018 2178 2090; x_wconf 89' lang='lat'><strong>).</strong></span> 
     </span>
    </p>
   </div>
   <div class='ocr_carea' id='block_1_80' title="bbox 1917 2109 3424 2195">
    <p class='ocr_par' dir='ltr' id='par_1_80' title="bbox 1917 2109 3424 2195">
     <span class='ocr_line' id='line_1_80' title="bbox 1917 2109 3424 2195; baseline 0.015 -30"><span class='ocrx_word' id='word_1_625' title='bbox 1917 2109 2128 2167; x_wconf 75' lang='lat' dir='ltr'><strong>LXXX.</strong></span> <span class='ocrx_word' id='word_1_626' title='bbox 2155 2111 2272 2186; x_wconf 90' lang='grc'><strong>[11).</strong></span> <span class='ocrx_word' id='word_1_627' title='bbox 2304 2133 2434 2185; x_wconf 79' lang='lat' dir='ltr'><strong>xw,</strong></span> <span class='ocrx_word' id='word_1_628' title='bbox 2483 2120 2544 2186; x_wconf 84' lang='lat'><strong>5,</strong></span> <span class='ocrx_word' id='word_1_629' title='bbox 2576 2119 2675 2194; x_wconf 86' lang='lat'><strong>6.]</strong></span> <span class='ocrx_word' id='word_1_630' title='bbox 2715 2121 2868 2190; x_wconf 87' lang='lat' dir='ltr'><strong>Quod</strong></span> <span class='ocrx_word' id='word_1_631' title='bbox 2913 2135 3089 2182; x_wconf 88' lang='lat' dir='ltr'><strong>autem</strong></span> <span class='ocrx_word' id='word_1_632' title='bbox 3130 2128 3234 2195; x_wconf 89' lang='lat' dir='ltr'><strong>ait,</strong></span> <span class='ocrx_word' id='word_1_633' title='bbox 3282 2132 3424 2188; x_wconf 81' lang='lat' dir='ltr'><strong>Atius</strong></span> 
     </span>
    </p>
   </div>
   <div class='ocr_carea' id='block_1_81' title="bbox 1845 2205 3432 2290">
    <p class='ocr_par' dir='ltr' id='par_1_81' title="bbox 1845 2205 3432 2290">
     <span class='ocr_line' id='line_1_81' title="bbox 1845 2205 3432 2290; baseline 0.016 -34"><span class='ocrx_word' id='word_1_634' title='bbox 1845 2205 2044 2274; x_wconf 78' lang='lat' dir='ltr'><strong>quidem</strong></span> <span class='ocrx_word' id='word_1_635' title='bbox 2057 2207 2500 2278; x_wconf 81' lang='lat' dir='ltr'><strong>judicat_alternos</strong></span> <span class='ocrx_word' id='word_1_636' title='bbox 2524 2211 2650 2280; x_wconf 84' lang='lat' dir='ltr'><strong>dies,</strong></span> <span class='ocrx_word' id='word_1_637' title='bbox 2673 2213 2808 2269; x_wconf 79' lang='lat' dir='ltr'><strong>alius</strong></span> <span class='ocrx_word' id='word_1_638' title='bbox 2831 2226 2997 2271; x_wconf 84' lang='lat' dir='ltr'><strong>autem</strong></span> <span class='ocrx_word' id='word_1_639' title='bbox 3007 2219 3210 2290; x_wconf 83' lang='lat' dir='ltr'><strong>judicat</strong></span> <span class='ocrx_word' id='word_1_640' title='bbox 3237 2241 3432 2282; x_wconf 82' lang='lat' dir='ltr'><strong>omnem</strong></span> 
     </span>
    </p>
   </div>
   <div class='ocr_carea' id='block_1_82' title="bbox 1847 2298 3430 2386">
    <p class='ocr_par' dir='ltr' id='par_1_82' title="bbox 1847 2298 3430 2386">
     <span class='ocr_line' id='line_1_82' title="bbox 1847 2298 3430 2386; baseline 0.015 -35"><span class='ocrx_word' id='word_1_641' title='bbox 1847 2298 1980 2353; x_wconf 86' lang='lat' dir='ltr'><strong>diem</strong></span> <span class='ocrx_word' id='word_1_642' title='bbox 2013 2341 2028 2366; x_wconf 94' lang='lat'><strong>,</strong></span> <span class='ocrx_word' id='word_1_643' title='bbox 2071 2311 2404 2372; x_wconf 81' lang='lat' dir='ltr'><strong>sequestrata</strong></span> <span class='ocrx_word' id='word_1_644' title='bbox 2453 2304 2662 2362; x_wconf 85' lang='lat' dir='ltr'><strong>interim</strong></span> <span class='ocrx_word' id='word_1_645' title='bbox 2695 2309 2916 2365; x_wconf 86' lang='lat' dir='ltr'><strong>meliore</strong></span> <span class='ocrx_word' id='word_1_646' title='bbox 2956 2313 3381 2374; x_wconf 84' lang='lat' dir='ltr'><strong>consideratione</strong></span> <span class='ocrx_word' id='word_1_647' title='bbox 3414 2361 3430 2386; x_wconf 92' lang='lat'><strong>,</strong></span> 
     </span>
    </p>
   </div>
   <div class='ocr_carea' id='block_1_83' title="bbox 1849 2393 3430 2476">
    <p class='ocr_par' dir='ltr' id='par_1_83' title="bbox 1849 2393 3430 2476">
     <span class='ocr_line' id='line_1_83' title="bbox 1849 2393 3430 2476; baseline 0.015 -32"><span class='ocrx_word' id='word_1_648' title='bbox 1849 2407 1956 2447; x_wconf 89' lang='lat' dir='ltr'><strong>non</strong></span> <span class='ocrx_word' id='word_1_649' title='bbox 1991 2393 2058 2448; x_wconf 91' lang='lat' dir='ltr'><strong>de</strong></span> <span class='ocrx_word' id='word_1_650' title='bbox 2087 2394 2293 2450; x_wconf 89' lang='lat' dir='ltr'><strong>duobus</strong></span> <span class='ocrx_word' id='word_1_651' title='bbox 2320 2398 2623 2455; x_wconf 86' lang='lat' dir='ltr'><strong>hominibus</strong></span> <span class='ocrx_word' id='word_1_652' title='bbox 2651 2402 2779 2456; x_wconf 84' lang='lat' dir='ltr'><strong>mihi</strong></span> <span class='ocrx_word' id='word_1_653' title='bbox 2809 2404 3016 2459; x_wconf 82' lang='lat' dir='ltr'><strong>videtur</strong></span> <span class='ocrx_word' id='word_1_654' title='bbox 3044 2407 3241 2463; x_wconf 89' lang='lat' dir='ltr'><strong>dictum</strong></span> <span class='ocrx_word' id='word_1_655' title='bbox 3265 2453 3280 2476; x_wconf 91' lang='lat'><strong>,</strong></span> <span class='ocrx_word' id='word_1_656' title='bbox 3336 2414 3430 2469; x_wconf 86' lang='lat' dir='ltr'><strong>sed</strong></span> 
     </span>
    </p>
   </div>
   <div class='ocr_carea' id='block_1_84' title="bbox 1847 2482 3428 2572">
    <p class='ocr_par' dir='ltr' id='par_1_84' title="bbox 1847 2482 3428 2572">
     <span class='ocr_line' id='line_1_84' title="bbox 1847 2482 3428 2572; baseline 0.015 -36"><span class='ocrx_word' id='word_1_657' title='bbox 1847 2482 1914 2538; x_wconf 91' lang='lat' dir='ltr'><strong>de</strong></span> <span class='ocrx_word' id='word_1_658' title='bbox 1937 2483 2154 2540; x_wconf 88' lang='lat' dir='ltr'><strong>homine</strong></span> <span class='ocrx_word' id='word_1_659' title='bbox 2183 2497 2238 2542; x_wconf 92' lang='lat' dir='ltr'><strong>et</strong></span> <span class='ocrx_word' id='word_1_660' title='bbox 2267 2488 2400 2543; x_wconf 92' lang='lat' dir='ltr'><strong>Deo.</strong></span> <span class='ocrx_word' id='word_1_661' title='bbox 2433 2489 2533 2558; x_wconf 81' lang='lat' dir='ltr'><strong>Qui</strong></span> <span class='ocrx_word' id='word_1_662' title='bbox 2575 2492 2718 2546; x_wconf 86' lang='lat' dir='ltr'><strong>enim</strong></span> <span class='ocrx_word' id='word_1_663' title='bbox 2745 2495 2981 2551; x_wconf 83' lang='lat' dir='ltr'><strong>alternos</strong></span> <span class='ocrx_word' id='word_1_664' title='bbox 3029 2498 3146 2554; x_wconf 81' lang='lat' dir='ltr'><strong>dies</strong></span> <span class='ocrx_word' id='word_1_665' title='bbox 3191 2501 3392 2569; x_wconf 77' lang='lat' dir='ltr'><strong>jndicat</strong></span> <span class='ocrx_word' id='word_1_666' title='bbox 3413 2547 3428 2572; x_wconf 93' lang='lat'><strong>,</strong></span> 
     </span>
    </p>
   </div>
   <div class='ocr_carea' id='block_1_85' title="bbox 1849 2573 3434 2661">
    <p class='ocr_par' dir='ltr' id='par_1_85' title="bbox 1849 2573 3434 2661">
     <span class='ocr_line' id='line_1_85' title="bbox 1849 2573 3434 2661; baseline 0.013 -34"><span class='ocrx_word' id='word_1_667' title='bbox 1849 2573 2008 2630; x_wconf 87' lang='lat' dir='ltr'><strong>homo</strong></span> <span class='ocrx_word' id='word_1_668' title='bbox 2036 2585 2118 2631; x_wconf 89' lang='lat' dir='ltr'><strong>est</strong></span> <span class='ocrx_word' id='word_1_669' title='bbox 2149 2596 2161 2630; x_wconf 91' lang='lat'><strong>:</strong></span> <span class='ocrx_word' id='word_1_670' title='bbox 2200 2587 2376 2648; x_wconf 89' lang='lat' dir='ltr'><strong>potest</strong></span> <span class='ocrx_word' id='word_1_671' title='bbox 2403 2581 2543 2635; x_wconf 90' lang='lat' dir='ltr'><strong>enim</strong></span> <span class='ocrx_word' id='word_1_672' title='bbox 2572 2583 2730 2638; x_wconf 89' lang='lat' dir='ltr'><strong>hodie</strong></span> <span class='ocrx_word' id='word_1_673' title='bbox 2754 2585 2925 2652; x_wconf 87' lang='lat' dir='ltr'><strong>aliud,</strong></span> <span class='ocrx_word' id='word_1_674' title='bbox 2973 2604 3091 2643; x_wconf 89' lang='lat' dir='ltr'><strong>cras</strong></span> <span class='ocrx_word' id='word_1_675' title='bbox 3113 2587 3254 2646; x_wconf 89' lang='lat' dir='ltr'><strong>aliud</strong></span> <span class='ocrx_word' id='word_1_676' title='bbox 3293 2594 3434 2661; x_wconf 89' lang='lat' dir='ltr'><strong>judi-</strong></span> 
     </span>
    </p>
   </div>
   <div class='ocr_carea' id='block_1_86' title="bbox 1847 2670 3430 2747">
    <p class='ocr_par' dir='ltr' id='par_1_86' title="bbox 1847 2670 3430 2747">
     <span class='ocr_line' id='line_1_86' title="bbox 1847 2670 3430 2747; baseline 0.012 -25"><span class='ocrx_word' id='word_1_677' title='bbox 1847 2683 1970 2724; x_wconf 86' lang='lat' dir='ltr'><strong>care</strong></span> <span class='ocrx_word' id='word_1_678' title='bbox 2000 2687 2013 2724; x_wconf 94' lang='lat'>:</span> <span class='ocrx_word' id='word_1_679' title='bbox 2040 2670 2090 2724; x_wconf 92' lang='lat' dir='ltr'><strong>id</strong></span> <span class='ocrx_word' id='word_1_680' title='bbox 2138 2679 2252 2736; x_wconf 83' lang='lat' dir='ltr'><strong>est,</strong></span> <span class='ocrx_word' id='word_1_681' title='bbox 2281 2683 2342 2727; x_wconf 90' lang='lat' dir='ltr'><strong>ut</strong></span> <span class='ocrx_word' id='word_1_682' title='bbox 2367 2688 2752 2747; x_wconf 85' lang='lat' dir='ltr'><strong>quemcumque</strong></span> <span class='ocrx_word' id='word_1_683' title='bbox 2793 2679 2951 2736; x_wconf 89' lang='lat' dir='ltr'><strong>hodie</strong></span> <span class='ocrx_word' id='word_1_684' title='bbox 2977 2684 3174 2738; x_wconf 80' lang='lat' dir='ltr'><strong>uratum</strong></span> <span class='ocrx_word' id='word_1_685' title='bbox 3213 2688 3430 2740; x_wconf 86' lang='lat' dir='ltr'><strong>convic-</strong></span> 
     </span>
    </p>
   </div>
   <div class='ocr_carea' id='block_1_87' title="bbox 1846 2761 3432 2837">
    <p class='ocr_par' dir='ltr' id='par_1_87' title="bbox 1846 2761 3432 2837">
     <span class='ocr_line' id='line_1_87' title="bbox 1846 2761 3432 2837; baseline 0.014 -23"><span class='ocrx_word' id='word_1_686' title='bbox 1846 2769 1958 2815; x_wconf 88' lang='lat' dir='ltr'><strong>ttnn</strong></span> <span class='ocrx_word' id='word_1_687' title='bbox 1999 2761 2374 2821; x_wconf 78' lang='lat' dir='ltr'><strong>confessumve</strong></span> <span class='ocrx_word' id='word_1_688' title='bbox 2407 2765 2762 2835; x_wconf 75' lang='lat' dir='ltr'><strong>damnaverit,</strong></span> <span class='ocrx_word' id='word_1_689' title='bbox 2807 2787 2924 2828; x_wconf 87' lang='lat' dir='ltr'><strong>cras</strong></span> <span class='ocrx_word' id='word_1_690' title='bbox 2965 2773 3163 2830; x_wconf 87' lang='lat' dir='ltr'><strong>bonum</strong></span> <span class='ocrx_word' id='word_1_691' title='bbox 3202 2778 3432 2837; x_wconf 86' lang='lat' dir='ltr'><strong>inveniat</strong></span> 
     </span>
    </p>
   </div>
   <div class='ocr_carea' id='block_1_88' title="bbox 1847 2858 3430 2938">
    <p class='ocr_par' dir='ltr' id='par_1_88' title="bbox 1847 2858 3430 2938">
     <span class='ocr_line' id='line_1_88' title="bbox 1847 2858 3430 2938; baseline 0.013 -30"><span class='ocrx_word' id='word_1_692' title='bbox 1847 2869 1968 2908; x_wconf 87' lang='lat' dir='ltr'><strong>cum</strong></span> <span class='ocrx_word' id='word_1_693' title='bbox 1995 2869 2058 2910; x_wconf 79' lang='lat' dir='ltr'><strong>se</strong></span> <span class='ocrx_word' id='word_1_694' title='bbox 2099 2858 2396 2912; x_wconf 83' lang='lat' dir='ltr'><strong>correxerit</strong></span> <span class='ocrx_word' id='word_1_695' title='bbox 2437 2876 2452 2925; x_wconf 87' lang='lat'><strong>;</strong></span> <span class='ocrx_word' id='word_1_696' title='bbox 2505 2869 2724 2927; x_wconf 86' lang='lat' dir='ltr'><strong>contra,</strong></span> <span class='ocrx_word' id='word_1_697' title='bbox 2776 2879 2897 2917; x_wconf 90' lang='lat' dir='ltr'><strong>cum</strong></span> <span class='ocrx_word' id='word_1_698' title='bbox 2950 2867 3180 2936; x_wconf 79' lang='lat' dir='ltr'><strong>aliquem</strong></span> <span class='ocrx_word' id='word_1_699' title='bbox 3225 2871 3430 2938; x_wconf 84' lang='lat' dir='ltr'><strong>justum</strong></span> 
     </span>
    </p>
   </div>
   <div class='ocr_carea' id='block_1_89' title="bbox 1849 2947 3435 3032">
    <p class='ocr_par' dir='ltr' id='par_1_89' title="bbox 1849 2947 3435 3032">
     <span class='ocr_line' id='line_1_89' title="bbox 1849 2947 3435 3032; baseline 0.012 -32"><span class='ocrx_word' id='word_1_700' title='bbox 1849 2947 2008 3003; x_wconf 82' lang='lat' dir='ltr'><strong>hodie</strong></span> <span class='ocrx_word' id='word_1_701' title='bbox 2039 2948 2365 3017; x_wconf 87' lang='lat' dir='ltr'><strong>laudaverit,</strong></span> <span class='ocrx_word' id='word_1_702' title='bbox 2395 2966 2514 3008; x_wconf 90' lang='lat' dir='ltr'><strong>cras</strong></span> <span class='ocrx_word' id='word_1_703' title='bbox 2547 2953 2779 3009; x_wconf 82' lang='lat' dir='ltr'><strong>inveniat</strong></span> <span class='ocrx_word' id='word_1_704' title='bbox 2807 2955 3174 3026; x_wconf 84' lang='lat' dir='ltr'><strong>depravatum.</strong></span> <span class='ocrx_word' id='word_1_705' title='bbox 3205 2963 3306 3032; x_wconf 90' lang='lat' dir='ltr'><strong>Qui</strong></span> <span class='ocrx_word' id='word_1_706' title='bbox 3336 2981 3435 3020; x_wconf 57' lang='lat' dir='ltr'><strong>auc</strong></span> 
     </span>
    </p>
   </div>
   <div class='ocr_carea' id='block_1_90' title="bbox 1845 3039 3474 3122">
    <p class='ocr_par' dir='ltr' id='par_1_90' title="bbox 1845 3039 3474 3122">
     <span class='ocr_line' id='line_1_90' title="bbox 1845 3039 3474 3122; baseline 0.012 -30"><span class='ocrx_word' id='word_1_707' title='bbox 1845 3047 1957 3094; x_wconf 84' lang='lat' dir='ltr'><strong>tem</strong></span> <span class='ocrx_word' id='word_1_708' title='bbox 1973 3039 2176 3110; x_wconf 74' lang='lat' dir='ltr'><strong>iudicat</strong></span> <span class='ocrx_word' id='word_1_709' title='bbox 2203 3055 2415 3098; x_wconf 72' lang='lat' dir='ltr'><strong>manem</strong></span> <span class='ocrx_word' id='word_1_710' title='bbox 2435 3044 2578 3100; x_wconf 80' lang='lat' dir='ltr'><strong>diem</strong></span> <span class='ocrx_word' id='word_1_711' title='bbox 2600 3089 2613 3112; x_wconf 88' lang='lat'><strong>,</strong></span> <span class='ocrx_word' id='word_1_712' title='bbox 2643 3045 2787 3102; x_wconf 77' lang='lat' dir='ltr'><strong>Deus</strong></span> <span class='ocrx_word' id='word_1_713' title='bbox 2807 3058 2925 3114; x_wconf 84' lang='lat' dir='ltr'><strong>est;</strong></span> <span class='ocrx_word' id='word_1_714' title='bbox 2968 3053 3088 3122; x_wconf 77' lang='lat' dir='ltr'><strong>quia</strong></span> <span class='ocrx_word' id='word_1_715' title='bbox 3113 3067 3224 3108; x_wconf 74' lang='lat' dir='ltr'><strong>non</strong></span> <span class='ocrx_word' id='word_1_716' title='bbox 3261 3056 3434 3111; x_wconf 80' lang='lat' dir='ltr'><strong>solum</strong></span> <span class='ocrx_word' id='word_1_717' title='bbox 3467 3041 3474 3044; x_wconf 54' lang='grc'><em>’</em></span> 
     </span>
    </p>
   </div>
   <div class='ocr_carea' id='block_1_91' title="bbox 1848 3132 3434 3209">
    <p class='ocr_par' dir='ltr' id='par_1_91' title="bbox 1848 3132 3434 3209">
     <span class='ocr_line' id='line_1_91' title="bbox 1848 3132 3434 3209; baseline 0.012 -25"><span class='ocrx_word' id='word_1_718' title='bbox 1848 3132 2020 3202; x_wconf 83' lang='lat' dir='ltr'><strong>qualis</strong></span> <span class='ocrx_word' id='word_1_719' title='bbox 2047 3135 2272 3204; x_wconf 83' lang='lat' dir='ltr'><strong>quisque</strong></span> <span class='ocrx_word' id='word_1_720' title='bbox 2297 3135 2370 3190; x_wconf 84' lang='lat' dir='ltr'><strong>sit</strong></span> <span class='ocrx_word' id='word_1_721' title='bbox 2388 3177 2402 3202; x_wconf 93' lang='lat'><strong>,</strong></span> <span class='ocrx_word' id='word_1_722' title='bbox 2428 3136 2525 3192; x_wconf 86' lang='lat' dir='ltr'><strong>sed</strong></span> <span class='ocrx_word' id='word_1_723' title='bbox 2569 3138 2727 3194; x_wconf 85' lang='lat' dir='ltr'><strong>etiam</strong></span> <span class='ocrx_word' id='word_1_724' title='bbox 2755 3141 2926 3209; x_wconf 84' lang='lat' dir='ltr'><strong>qualis</strong></span> <span class='ocrx_word' id='word_1_725' title='bbox 2947 3145 3088 3196; x_wconf 77' lang='lat' dir='ltr'><strong>etnni</strong></span> <span class='ocrx_word' id='word_1_726' title='bbox 3118 3145 3204 3200; x_wconf 88' lang='lat' dir='ltr'><strong>die</strong></span> <span class='ocrx_word' id='word_1_727' title='bbox 3227 3146 3434 3203; x_wconf 83' lang='lat' dir='ltr'><strong>futurus</strong></span> 
     </span>
    </p>
   </div>
   <div class='ocr_carea' id='block_1_92' title="bbox 1847 3223 3434 3301">
    <p class='ocr_par' dir='ltr' id='par_1_92' title="bbox 1847 3223 3434 3301">
     <span class='ocr_line' id='line_1_92' title="bbox 1847 3223 3434 3301; baseline 0.009 -23"><span class='ocrx_word' id='word_1_728' title='bbox 1847 3223 1952 3290; x_wconf 78' lang='lat' dir='ltr'><strong>sit,</strong></span> <span class='ocrx_word' id='word_1_729' title='bbox 1976 3225 2147 3280; x_wconf 81' lang='lat' dir='ltr'><strong>novit.</strong></span> <span class='ocrx_word' id='word_1_730' title='bbox 2179 3225 2357 3297; x_wconf 80' lang='lat' dir='ltr'><strong>Ergo,</strong></span> <span class='ocrx_word' id='word_1_731' title='bbox 2390 3226 2744 3301; x_wconf 68' lang='lat' dir='ltr'><strong>Unusquisque</strong></span> <span class='ocrx_word' id='word_1_732' title='bbox 2765 3233 2822 3286; x_wconf 80' lang='lat' dir='ltr'><strong>in</strong></span> <span class='ocrx_word' id='word_1_733' title='bbox 2871 3249 2962 3286; x_wconf 81' lang='lat' dir='ltr'><strong>suo</strong></span> <span class='ocrx_word' id='word_1_734' title='bbox 2991 3234 3241 3290; x_wconf 83' lang='lat' dir='ltr'><strong>intellectu</strong></span> <span class='ocrx_word' id='word_1_735' title='bbox 3270 3239 3434 3294; x_wconf 87' lang='lat' dir='ltr'><strong>abun-</strong></span> 
     </span>
    </p>
   </div>
   <div class='ocr_carea' id='block_1_93' title="bbox 1848 3313 3432 3396">
    <p class='ocr_par' dir='ltr' id='par_1_93' title="bbox 1848 3313 3432 3396">
     <span class='ocr_line' id='line_1_93' title="bbox 1848 3313 3432 3396; baseline 0.011 -30"><span class='ocrx_word' id='word_1_736' title='bbox 1848 3313 1966 3381; x_wconf 84' lang='lat' dir='ltr'><strong>det,</strong></span> <span class='ocrx_word' id='word_1_737' title='bbox 2009 3316 2215 3386; x_wconf 89' lang='lat' dir='ltr'><strong>inquit:</strong></span> <span class='ocrx_word' id='word_1_738' title='bbox 2264 3317 2317 3372; x_wconf 89' lang='lat' dir='ltr'><strong>id</strong></span> <span class='ocrx_word' id='word_1_739' title='bbox 2355 3327 2470 3383; x_wconf 90' lang='lat' dir='ltr'><strong>est,</strong></span> <span class='ocrx_word' id='word_1_740' title='bbox 2516 3331 2771 3390; x_wconf 85' lang='lat' dir='ltr'><strong>quantum</strong></span> <span class='ocrx_word' id='word_1_741' title='bbox 2822 3323 3054 3379; x_wconf 89' lang='lat' dir='ltr'><strong>humano</strong></span> <span class='ocrx_word' id='word_1_742' title='bbox 3109 3325 3432 3396; x_wconf 85' lang='lat' dir='ltr'><strong>intellectui,</strong></span> 
     </span>
    </p>
   </div>
   <div class='ocr_carea' id='block_1_94' title="bbox 1843 3405 3428 3483">
    <p class='ocr_par' dir='ltr' id='par_1_94' title="bbox 1843 3405 3428 3483">
     <span class='ocr_line' id='line_1_94' title="bbox 1843 3405 3428 3483; baseline 0.013 -25"><span class='ocrx_word' id='word_1_743' title='bbox 1843 3405 1931 3460; x_wconf 81' lang='lat' dir='ltr'><strong>vel</strong></span> <span class='ocrx_word' id='word_1_744' title='bbox 1956 3408 2242 3480; x_wconf 78' lang='lat' dir='ltr'><strong>unicuique</strong></span> <span class='ocrx_word' id='word_1_745' title='bbox 2261 3407 2470 3466; x_wconf 65' lang='lat' dir='ltr'><strong>honuni</strong></span> <span class='ocrx_word' id='word_1_746' title='bbox 2491 3427 2804 3470; x_wconf 88' lang='lat' dir='ltr'><strong>concessum</strong></span> <span class='ocrx_word' id='word_1_747' title='bbox 2855 3426 2952 3483; x_wconf 87' lang='lat' dir='ltr'><strong>est,</strong></span> <span class='ocrx_word' id='word_1_748' title='bbox 2991 3427 3190 3474; x_wconf 89' lang='lat' dir='ltr'><strong>tantum</strong></span> <span class='ocrx_word' id='word_1_749' title='bbox 3236 3422 3428 3478; x_wconf 85' lang='lat' dir='ltr'><strong>audeat</strong></span> 
     </span>
    </p>
   </div>
   <div class='ocr_carea' id='block_1_95' title="bbox 1841 3495 3431 3583">
    <p class='ocr_par' dir='ltr' id='par_1_95' title="bbox 1841 3495 3431 3583">
     <span class='ocr_line' id='line_1_95' title="bbox 1841 3495 3431 3583; baseline 0.013 -32"><span class='ocrx_word' id='word_1_750' title='bbox 1841 3495 2099 3566; x_wconf 82' lang='lat' dir='ltr'><strong>judicare.</strong></span> <span class='ocrx_word' id='word_1_751' title='bbox 2135 3500 2236 3568; x_wconf 82' lang='lat' dir='ltr'><strong>Qui</strong></span> <span class='ocrx_word' id='word_1_752' title='bbox 2263 3504 2416 3574; x_wconf 84' lang='lat' dir='ltr'><strong>sapit,</strong></span> <span class='ocrx_word' id='word_1_753' title='bbox 2448 3505 2651 3576; x_wconf 89' lang='lat' dir='ltr'><strong>inquit,</strong></span> <span class='ocrx_word' id='word_1_754' title='bbox 2679 3507 2831 3570; x_wconf 86' lang='lat' dir='ltr'><strong>diem,</strong></span> <span class='ocrx_word' id='word_1_755' title='bbox 2882 3508 3102 3564; x_wconf 78' lang='lat' dir='ltr'><strong>Doutino</strong></span> <span class='ocrx_word' id='word_1_756' title='bbox 3145 3515 3278 3583; x_wconf 83' lang='lat' dir='ltr'><strong>sapit</strong></span> <span class='ocrx_word' id='word_1_757' title='bbox 3307 3531 3326 3568; x_wconf 91' lang='lat'><em>:</em></span> <span class='ocrx_word' id='word_1_758' title='bbox 3379 3516 3431 3571; x_wconf 91' lang='lat' dir='ltr'><strong>id</strong></span> 
     </span>
    </p>
   </div>
   <div class='ocr_carea' id='block_1_96' title="bbox 1841 3595 3435 3676">
    <p class='ocr_par' dir='ltr' id='par_1_96' title="bbox 1841 3595 3435 3676">
     <span class='ocr_line' id='line_1_96' title="bbox 1841 3595 3435 3676; baseline 0.008 -28"><span class='ocrx_word' id='word_1_759' title='bbox 1841 3603 1950 3658; x_wconf 85' lang='lat' dir='ltr'><strong>est,</strong></span> <span class='ocrx_word' id='word_1_760' title='bbox 1981 3595 2104 3664; x_wconf 90' lang='lat' dir='ltr'><strong>quia</strong></span> <span class='ocrx_word' id='word_1_761' title='bbox 2133 3597 2238 3652; x_wconf 79' lang='lat' dir='ltr'><strong>hoc</strong></span> <span class='ocrx_word' id='word_1_762' title='bbox 2267 3598 2437 3667; x_wconf 70' lang='lat' dir='ltr'><strong>ipsum</strong></span> <span class='ocrx_word' id='word_1_763' title='bbox 2459 3597 2602 3670; x_wconf 79' lang='lat' dir='ltr'><strong>quod</strong></span> <span class='ocrx_word' id='word_1_764' title='bbox 2625 3609 2940 3670; x_wconf 57' lang='lat' dir='ltr'><strong>present»</strong></span> <span class='ocrx_word' id='word_1_765' title='bbox 2963 3602 3109 3659; x_wconf 82' lang='lat' dir='ltr'><strong>diem</strong></span> <span class='ocrx_word' id='word_1_766' title='bbox 3133 3603 3270 3660; x_wconf 85' lang='lat' dir='ltr'><strong>bene</strong></span> <span class='ocrx_word' id='word_1_767' title='bbox 3289 3605 3435 3676; x_wconf 78' lang='lat' dir='ltr'><strong>judi-</strong></span> 
     </span>
    </p>
   </div>
   <div class='ocr_carea' id='block_1_97' title="bbox 1845 3688 3435 3764">
    <p class='ocr_par' dir='ltr' id='par_1_97' title="bbox 1845 3688 3435 3764">
     <span class='ocr_line' id='line_1_97' title="bbox 1845 3688 3435 3764; baseline 0.008 -24"><span class='ocrx_word' id='word_1_768' title='bbox 1845 3695 1951 3752; x_wconf 81' lang='lat' dir='ltr'><strong>cat,</strong></span> <span class='ocrx_word' id='word_1_769' title='bbox 2003 3688 2231 3742; x_wconf 78' lang='lat' dir='ltr'><strong>Domino</strong></span> <span class='ocrx_word' id='word_1_770' title='bbox 2269 3691 2431 3760; x_wconf 79' lang='lat' dir='ltr'><strong>sapit.</strong></span> <span class='ocrx_word' id='word_1_771' title='bbox 2459 3689 2572 3746; x_wconf 76' lang='lat' dir='ltr'><strong>Hoc</strong></span> <span class='ocrx_word' id='word_1_772' title='bbox 2597 3701 2678 3747; x_wconf 89' lang='lat' dir='ltr'><strong>est</strong></span> <span class='ocrx_word' id='word_1_773' title='bbox 2701 3701 2880 3748; x_wconf 82' lang='lat' dir='ltr'><strong>autem</strong></span> <span class='ocrx_word' id='word_1_774' title='bbox 2913 3692 3056 3749; x_wconf 81' lang='lat' dir='ltr'><strong>bene</strong></span> <span class='ocrx_word' id='word_1_775' title='bbox 3087 3694 3326 3764; x_wconf 73' lang='lat' dir='ltr'><strong>judicare</strong></span> <span class='ocrx_word' id='word_1_776' title='bbox 3367 3697 3435 3752; x_wconf 89' lang='lat' dir='ltr'><strong>ad</strong></span> 
     </span>
    </p>
   </div>
   <div class='ocr_carea' id='block_1_98' title="bbox 1845 3778 3436 3857">
    <p class='ocr_par' dir='ltr' id='par_1_98' title="bbox 1845 3778 3436 3857">
     <span class='ocr_line' id='line_1_98' title="bbox 1845 3778 3436 3857; baseline 0.007 -24"><span class='ocrx_word' id='word_1_777' title='bbox 1845 3778 1988 3834; x_wconf 90' lang='lat' dir='ltr'><strong>diem</strong></span> <span class='ocrx_word' id='word_1_778' title='bbox 2006 3822 2020 3845; x_wconf 90' lang='lat'><strong>,</strong></span> <span class='ocrx_word' id='word_1_779' title='bbox 2054 3787 2114 3836; x_wconf 87' lang='lat' dir='ltr'><strong>ut</strong></span> <span class='ocrx_word' id='word_1_780' title='bbox 2138 3781 2352 3837; x_wconf 79' lang='lat' dir='ltr'><strong>noveris</strong></span> <span class='ocrx_word' id='word_1_781' title='bbox 2375 3797 2480 3839; x_wconf 91' lang='lat' dir='ltr'><strong>non</strong></span> <span class='ocrx_word' id='word_1_782' title='bbox 2502 3797 2622 3840; x_wconf 89' lang='lat' dir='ltr'><strong>esse</strong></span> <span class='ocrx_word' id='word_1_783' title='bbox 2648 3783 2716 3838; x_wconf 89' lang='lat' dir='ltr'><strong>de</strong></span> <span class='ocrx_word' id='word_1_784' title='bbox 2743 3785 3074 3841; x_wconf 85' lang='lat' dir='ltr'><strong>correctione</strong></span> <span class='ocrx_word' id='word_1_785' title='bbox 3103 3785 3218 3856; x_wconf 90' lang='lat' dir='ltr'><strong>ejus</strong></span> <span class='ocrx_word' id='word_1_786' title='bbox 3245 3786 3436 3857; x_wconf 73' lang='lat' dir='ltr'><strong>chpc-</strong></span> 
     </span>
    </p>
   </div>
   <div class='ocr_carea' id='block_1_99' title="bbox 1847 3867 3434 3948">
    <p class='ocr_par' dir='ltr' id='par_1_99' title="bbox 1847 3867 3434 3948">
     <span class='ocr_line' id='line_1_99' title="bbox 1847 3867 3434 3948; baseline 0.008 -26"><span class='ocrx_word' id='word_1_787' title='bbox 1847 3867 2075 3926; x_wconf 79' lang='lat' dir='ltr'><strong>randum</strong></span> <span class='ocrx_word' id='word_1_788' title='bbox 2085 3869 2142 3926; x_wconf 83' lang='lat' dir='ltr'><strong>in</strong></span> <span class='ocrx_word' id='word_1_789' title='bbox 2169 3870 2406 3929; x_wconf 65' lang='lat' dir='ltr'><strong>(omnia</strong></span> <span class='ocrx_word' id='word_1_790' title='bbox 2421 3913 2442 3938; x_wconf 84' lang='lat'><strong>,</strong></span> <span class='ocrx_word' id='word_1_791' title='bbox 2465 3871 2533 3930; x_wconf 75' lang='lat' dir='ltr'><strong>de</strong></span> <span class='ocrx_word' id='word_1_792' title='bbox 2561 3873 2714 3944; x_wconf 82' lang='lat' dir='ltr'><strong>cujus</strong></span> <span class='ocrx_word' id='word_1_793' title='bbox 2734 3875 2894 3948; x_wconf 81' lang='lat' dir='ltr'><strong>culpa</strong></span> <span class='ocrx_word' id='word_1_794' title='bbox 2915 3875 3192 3932; x_wconf 81' lang='lat' dir='ltr'><strong>manifesta</strong></span> <span class='ocrx_word' id='word_1_795' title='bbox 3217 3877 3269 3932; x_wconf 93' lang='lat' dir='ltr'><strong>in</strong></span> <span class='ocrx_word' id='word_1_796' title='bbox 3299 3894 3434 3948; x_wconf 76' lang='lat' dir='ltr'><strong>prte-</strong></span> 
     </span>
    </p>
   </div>
   <div class='ocr_carea' id='block_1_100' title="bbox 1847 3965 2383 4036">
    <p class='ocr_par' dir='ltr' id='par_1_100' title="bbox 1847 3965 2383 4036">
     <span class='ocr_line' id='line_1_100' title="bbox 1847 3965 2383 4036; baseline -0.006 -15"><span class='ocrx_word' id='word_1_797' title='bbox 1847 3965 2015 4021; x_wconf 90' lang='lat' dir='ltr'><strong>sentia</strong></span> <span class='ocrx_word' id='word_1_798' title='bbox 2041 3965 2383 4036; x_wconf 76' lang='lat' dir='ltr'><strong>iudicaveris.</strong></span> 
     </span>
    </p>
   </div>
   <div class='ocr_carea' id='block_1_101' title="bbox 1918 4057 3428 4134">
    <p class='ocr_par' dir='ltr' id='par_1_101' title="bbox 1918 4057 3428 4134">
     <span class='ocr_line' id='line_1_101' title="bbox 1918 4057 3428 4134; baseline 0.003 -20"><span class='ocrx_word' id='word_1_799' title='bbox 1918 4057 2156 4114; x_wconf 81' lang='lat' dir='ltr'><strong>LXXXI.</strong></span> <span class='ocrx_word' id='word_1_800' title='bbox 2186 4057 2308 4132; x_wconf 87' lang='grc'><strong>[11).</strong></span> <span class='ocrx_word' id='word_1_801' title='bbox 2336 4075 2461 4127; x_wconf 76' lang='lat' dir='ltr'><strong>xiv,</strong></span> <span class='ocrx_word' id='word_1_802' title='bbox 2486 4059 2738 4134; x_wconf 70' lang='grc'><strong>22,16.]</strong></span> <span class='ocrx_word' id='word_1_803' title='bbox 2769 4061 2920 4130; x_wconf 88' lang='lat' dir='ltr'><strong>Quod</strong></span> <span class='ocrx_word' id='word_1_804' title='bbox 2951 4071 3128 4118; x_wconf 88' lang='lat' dir='ltr'><strong>autem</strong></span> <span class='ocrx_word' id='word_1_805' title='bbox 3171 4064 3275 4131; x_wconf 87' lang='lat' dir='ltr'><strong>ait,</strong></span> <span class='ocrx_word' id='word_1_806' title='bbox 3307 4063 3428 4118; x_wconf 83' lang='lat' dir='ltr'><strong>Bea-</strong></span> 
     </span>
    </p>
   </div>
   <div class='ocr_carea' id='block_1_102' title="bbox 1843 4153 3427 4226">
    <p class='ocr_par' dir='ltr' id='par_1_102' title="bbox 1843 4153 3427 4226">
     <span class='ocr_line' id='line_1_102' title="bbox 1843 4153 3427 4226; baseline 0.004 -19"><span class='ocrx_word' id='word_1_807' title='bbox 1843 4163 1926 4209; x_wconf 84' lang='lat' dir='ltr'><strong>tus</strong></span> <span class='ocrx_word' id='word_1_808' title='bbox 1947 4154 2037 4224; x_wconf 77' lang='lat' dir='ltr'><strong>qui</strong></span> <span class='ocrx_word' id='word_1_809' title='bbox 2079 4171 2182 4208; x_wconf 83' lang='lat' dir='ltr'><strong>non</strong></span> <span class='ocrx_word' id='word_1_810' title='bbox 2198 4153 2398 4224; x_wconf 86' lang='lat' dir='ltr'><strong>judicat</strong></span> <span class='ocrx_word' id='word_1_811' title='bbox 2429 4154 2749 4224; x_wconf 84' lang='lat' dir='ltr'><strong>semetipsum</strong></span> <span class='ocrx_word' id='word_1_812' title='bbox 2782 4155 2832 4208; x_wconf 86' lang='lat' dir='ltr'><strong>in</strong></span> <span class='ocrx_word' id='word_1_813' title='bbox 2856 4172 2954 4224; x_wconf 84' lang='lat' dir='ltr'><strong>quo</strong></span> <span class='ocrx_word' id='word_1_814' title='bbox 3007 4155 3223 4226; x_wconf 84' lang='lat' dir='ltr'><strong>probat,</strong></span> <span class='ocrx_word' id='word_1_815' title='bbox 3273 4157 3338 4211; x_wconf 88' lang='lat' dir='ltr'><strong>ad</strong></span> <span class='ocrx_word' id='word_1_816' title='bbox 3375 4157 3427 4213; x_wconf 88' lang='lat' dir='ltr'><strong>id</strong></span> 
     </span>
    </p>
   </div>
   <div class='ocr_carea' id='block_1_103' title="bbox 1847 4247 3428 4320">
    <p class='ocr_par' dir='ltr' id='par_1_103' title="bbox 1847 4247 3428 4320">
     <span class='ocr_line' id='line_1_103' title="bbox 1847 4247 3428 4320; baseline 0.001 -17"><span class='ocrx_word' id='word_1_817' title='bbox 1847 4249 2182 4318; x_wconf 88' lang='lat' dir='ltr'><strong>potissimum</strong></span> <span class='ocrx_word' id='word_1_818' title='bbox 2223 4247 2558 4304; x_wconf 71' lang='lat' dir='ltr'><strong>referendum</strong></span> <span class='ocrx_word' id='word_1_819' title='bbox 2601 4257 2714 4316; x_wconf 88' lang='lat' dir='ltr'><strong>est,</strong></span> <span class='ocrx_word' id='word_1_820' title='bbox 2769 4248 2911 4318; x_wconf 90' lang='lat' dir='ltr'><strong>quod</strong></span> <span class='ocrx_word' id='word_1_821' title='bbox 2961 4250 3203 4320; x_wconf 88' lang='lat' dir='ltr'><strong>superius</strong></span> <span class='ocrx_word' id='word_1_822' title='bbox 3259 4249 3428 4318; x_wconf 81' lang='lat' dir='ltr'><strong>dixit,</strong></span> 
     </span>
    </p>
   </div>
   <div class='ocr_carea' id='block_1_104' title="bbox 1849 4339 3428 4412">
    <p class='ocr_par' dir='ltr' id='par_1_104' title="bbox 1849 4339 3428 4412">
     <span class='ocr_line' id='line_1_104' title="bbox 1849 4339 3428 4412; baseline 0.002 -18"><span class='ocrx_word' id='word_1_823' title='bbox 1849 4340 2104 4411; x_wconf 72' lang='lat' dir='ltr'><strong>Nonergo</strong></span> <span class='ocrx_word' id='word_1_824' title='bbox 2127 4339 2504 4412; x_wconf 54' lang='grc' dir='ltr'><strong>Μαρωνείας</strong></span> <span class='ocrx_word' id='word_1_825' title='bbox 2529 4339 2714 4395; x_wconf 60' lang='lat' dir='ltr'><strong>unum</strong></span> <span class='ocrx_word' id='word_1_826' title='bbox 2737 4349 2986 4394; x_wconf 52' lang='lat' dir='ltr'><strong>nostrum</strong></span> <span class='ocrx_word' id='word_1_827' title='bbox 3014 4341 3124 4398; x_wconf 85' lang='lat' dir='ltr'><strong>Hoc</strong></span> <span class='ocrx_word' id='word_1_828' title='bbox 3149 4350 3231 4398; x_wconf 92' lang='lat' dir='ltr'><strong>est</strong></span> <span class='ocrx_word' id='word_1_829' title='bbox 3267 4342 3428 4398; x_wconf 85' lang='lat' dir='ltr'><strong>etiam</strong></span> 
     </span>
    </p>
   </div>
   <div class='ocr_carea' id='block_1_105' title="bbox 1844 4430 3430 4506">
    <p class='ocr_par' dir='ltr' id='par_1_105' title="bbox 1844 4430 3430 4506">
     <span class='ocr_line' id='line_1_105' title="bbox 1844 4430 3430 4506; baseline 0.001 -18"><span class='ocrx_word' id='word_1_830' title='bbox 1844 4431 1990 4504; x_wconf 87' lang='lat' dir='ltr'><strong>quod</strong></span> <span class='ocrx_word' id='word_1_831' title='bbox 2019 4447 2162 4488; x_wconf 79' lang='lat' dir='ltr'><strong>nunc</strong></span> <span class='ocrx_word' id='word_1_832' title='bbox 2187 4432 2262 4487; x_wconf 87' lang='lat' dir='ltr'><strong>ait</strong></span> <span class='ocrx_word' id='word_1_833' title='bbox 2287 4441 2412 4488; x_wconf 85' lang='lat' dir='ltr'><strong>ante</strong></span> <span class='ocrx_word' id='word_1_834' title='bbox 2429 4430 2587 4488; x_wconf 71' lang='lat' dir='ltr'><strong>tatam</strong></span> <span class='ocrx_word' id='word_1_835' title='bbox 2607 4432 2929 4488; x_wconf 84' lang='lat' dir='ltr'><strong>sententiam</strong></span> <span class='ocrx_word' id='word_1_836' title='bbox 2945 4473 2959 4499; x_wconf 89' lang='lat'><strong>,</strong></span> <span class='ocrx_word' id='word_1_837' title='bbox 2991 4431 3070 4488; x_wconf 81' lang='lat' dir='ltr'><strong>Tu</strong></span> <span class='ocrx_word' id='word_1_838' title='bbox 3097 4433 3250 4504; x_wconf 75' lang='lat' dir='ltr'><strong>[idem</strong></span> <span class='ocrx_word' id='word_1_839' title='bbox 3277 4451 3430 4506; x_wconf 87' lang='lat' dir='ltr'><strong>quam</strong></span> 
     </span>
    </p>
   </div>
   <div class='ocr_carea' id='block_1_106' title="bbox 1847 4525 3432 4599">
    <p class='ocr_par' dir='ltr' id='par_1_106' title="bbox 1847 4525 3432 4599">
     <span class='ocr_line' id='line_1_106' title="bbox 1847 4525 3432 4599; baseline 0.002 -19"><span class='ocrx_word' id='word_1_840' title='bbox 1847 4526 1999 4582; x_wconf 75' lang='lat' dir='ltr'><strong>habes</strong></span> <span class='ocrx_word' id='word_1_841' title='bbox 2022 4542 2176 4597; x_wconf 70' lang='lat' dir='ltr'><strong>penes</strong></span> <span class='ocrx_word' id='word_1_842' title='bbox 2199 4526 2548 4596; x_wconf 68' lang='lat' dir='ltr'><strong>lauetipaam,</strong></span> <span class='ocrx_word' id='word_1_843' title='bbox 2578 4525 2708 4580; x_wconf 82' lang='lat' dir='ltr'><strong>babe</strong></span> <span class='ocrx_word' id='word_1_844' title='bbox 2730 4543 2904 4581; x_wconf 88' lang='lat' dir='ltr'><strong>coram</strong></span> <span class='ocrx_word' id='word_1_845' title='bbox 2929 4526 3036 4582; x_wconf 79' lang='lat' dir='ltr'><strong>Deo</strong></span> <span class='ocrx_word' id='word_1_846' title='bbox 3061 4543 3080 4580; x_wconf 88' lang='lat'><strong><em>:</em></strong></span> <span class='ocrx_word' id='word_1_847' title='bbox 3107 4535 3162 4583; x_wconf 93' lang='lat' dir='ltr'><strong>ut</strong></span> <span class='ocrx_word' id='word_1_848' title='bbox 3178 4527 3432 4599; x_wconf 85' lang='lat' dir='ltr'><strong>quoniam</strong></span> 
     </span>
    </p>
   </div>
   <div class='ocr_carea' id='block_1_107' title="bbox 1847 4617 3430 4688">
    <p class='ocr_par' dir='ltr' id='par_1_107' title="bbox 1847 4617 3430 4688">
     <span class='ocr_line' id='line_1_107' title="bbox 1847 4617 3430 4688; baseline 0.002 -14"><span class='ocrx_word' id='word_1_849' title='bbox 1847 4619 1986 4675; x_wconf 85' lang='lat' dir='ltr'><strong>bona</strong></span> <span class='ocrx_word' id='word_1_850' title='bbox 2007 4628 2094 4675; x_wconf 83' lang='lat' dir='ltr'><strong>est</strong></span> <span class='ocrx_word' id='word_1_851' title='bbox 2111 4618 2229 4674; x_wconf 63' lang='lat' dir='ltr'><strong>hinc</strong></span> <span class='ocrx_word' id='word_1_852' title='bbox 2247 4617 2380 4676; x_wconf 79' lang='lat' dir='ltr'><strong>ﬁdes</strong></span> <span class='ocrx_word' id='word_1_853' title='bbox 2397 4633 2502 4688; x_wconf 70' lang='lat' dir='ltr'><strong>qua</strong></span> <span class='ocrx_word' id='word_1_854' title='bbox 2523 4618 2796 4676; x_wconf 67' lang='lat' dir='ltr'><strong>(redimus</strong></span> <span class='ocrx_word' id='word_1_855' title='bbox 2820 4619 3000 4676; x_wconf 85' lang='lat' dir='ltr'><strong>omnia</strong></span> <span class='ocrx_word' id='word_1_856' title='bbox 3043 4619 3239 4676; x_wconf 81' lang='lat' dir='ltr'><strong>munda</strong></span> <span class='ocrx_word' id='word_1_857' title='bbox 3271 4637 3430 4677; x_wconf 86' lang='lat' dir='ltr'><strong>mun-</strong></span> 
     </span>
    </p>
   </div>
   <div class='ocr_carea' id='block_1_108' title="bbox 1845 4709 3433 4783">
    <p class='ocr_par' dir='ltr' id='par_1_108' title="bbox 1845 4709 3433 4783">
     <span class='ocr_line' id='line_1_108' title="bbox 1845 4709 3433 4783; baseline 0.003 -17"><span class='ocrx_word' id='word_1_858' title='bbox 1845 4711 1929 4767; x_wconf 80' lang='lat' dir='ltr'><strong>dis</strong></span> <span class='ocrx_word' id='word_1_859' title='bbox 1989 4711 2119 4781; x_wconf 87' lang='lat' dir='ltr'><strong>(Tit.</strong></span> <span class='ocrx_word' id='word_1_860' title='bbox 2145 4712 2197 4776; x_wconf 83' lang='lat' dir='ltr'><strong>I,</strong></span> <span class='ocrx_word' id='word_1_861' title='bbox 2231 4711 2372 4783; x_wconf 74' lang='lat' dir='ltr'><strong>i5),</strong></span> <span class='ocrx_word' id='word_1_862' title='bbox 2397 4711 2531 4768; x_wconf 85' lang='lat' dir='ltr'><strong>etin</strong></span> <span class='ocrx_word' id='word_1_863' title='bbox 2555 4727 2620 4767; x_wconf 88' lang='lat' dir='ltr'><strong>ea</strong></span> <span class='ocrx_word' id='word_1_864' title='bbox 2657 4709 2765 4768; x_wconf 76' lang='lat' dir='ltr'><strong>ﬁde</strong></span> <span class='ocrx_word' id='word_1_865' title='bbox 2809 4727 2907 4768; x_wconf 89' lang='lat' dir='ltr'><strong>nos</strong></span> <span class='ocrx_word' id='word_1_866' title='bbox 2923 4713 3236 4782; x_wconf 82' lang='lat' dir='ltr'><strong>probamus,</strong></span> <span class='ocrx_word' id='word_1_867' title='bbox 3293 4713 3433 4770; x_wconf 85' lang='lat' dir='ltr'><strong>bene</strong></span> 
     </span>
    </p>
   </div>
   <div class='ocr_carea' id='block_1_109' title="bbox 1847 4801 3433 4873">
    <p class='ocr_par' dir='ltr' id='par_1_109' title="bbox 1847 4801 3433 4873">
     <span class='ocr_line' id='line_1_109' title="bbox 1847 4801 3433 4873; baseline 0.001 -15"><span class='ocrx_word' id='word_1_868' title='bbox 1847 4811 2057 4858; x_wconf 76' lang='lat' dir='ltr'><strong>utamur</strong></span> <span class='ocrx_word' id='word_1_869' title='bbox 2085 4801 2202 4873; x_wconf 78' lang='lat' dir='ltr'><strong>ipso</strong></span> <span class='ocrx_word' id='word_1_870' title='bbox 2229 4802 2374 4858; x_wconf 86' lang='lat' dir='ltr'><strong>bono</strong></span> <span class='ocrx_word' id='word_1_871' title='bbox 2401 4811 2622 4868; x_wconf 83' lang='lat' dir='ltr'><strong>nostro;</strong></span> <span class='ocrx_word' id='word_1_872' title='bbox 2653 4818 2724 4858; x_wconf 84' lang='lat' dir='ltr'><strong>ne</strong></span> <span class='ocrx_word' id='word_1_873' title='bbox 2745 4801 2882 4859; x_wconf 84' lang='lat' dir='ltr'><strong>forte</strong></span> <span class='ocrx_word' id='word_1_874' title='bbox 2901 4818 3024 4858; x_wconf 86' lang='lat' dir='ltr'><strong>cum</strong></span> <span class='ocrx_word' id='word_1_875' title='bbox 3047 4803 3114 4858; x_wconf 85' lang='lat' dir='ltr'><strong>ad</strong></span> <span class='ocrx_word' id='word_1_876' title='bbox 3143 4803 3433 4860; x_wconf 76' lang='lat' dir='ltr'><strong>offendicu-</strong></span> 
     </span>
    </p>
   </div>
   <div class='ocr_carea' id='block_1_110' title="bbox 1843 4893 3432 4965">
    <p class='ocr_par' dir='ltr' id='par_1_110' title="bbox 1843 4893 3432 4965">
     <span class='ocr_line' id='line_1_110' title="bbox 1843 4893 3432 4965; baseline 0.002 -17"><span class='ocrx_word' id='word_1_877' title='bbox 1843 4894 1957 4948; x_wconf 81' lang='lat' dir='ltr'><strong>lum</strong></span> <span class='ocrx_word' id='word_1_878' title='bbox 1999 4893 2336 4950; x_wconf 80' lang='lat' dir='ltr'><strong>inﬁrmon</strong></span> <span class='ocrx_word' id='word_1_879' title='bbox 2383 4893 2606 4950; x_wconf 82' lang='lat' dir='ltr'><strong>fratrum</strong></span> <span class='ocrx_word' id='word_1_880' title='bbox 2631 4908 2699 4950; x_wconf 87' lang='lat' dir='ltr'><strong>eo</strong></span> <span class='ocrx_word' id='word_1_881' title='bbox 2749 4894 2891 4950; x_wconf 76' lang='lat' dir='ltr'><strong>bono</strong></span> <span class='ocrx_word' id='word_1_882' title='bbox 2939 4895 3092 4952; x_wconf 85' lang='lat' dir='ltr'><strong>abusi</strong></span> <span class='ocrx_word' id='word_1_883' title='bbox 3134 4895 3432 4965; x_wconf 82' lang='lat' dir='ltr'><strong>fuerimus,</strong></span> 
     </span>
    </p>
   </div>
   <div class='ocr_carea' id='block_1_111' title="bbox 1844 4986 3431 5059">
    <p class='ocr_par' dir='ltr' id='par_1_111' title="bbox 1844 4986 3431 5059">
     <span class='ocr_line' id='line_1_111' title="bbox 1844 4986 3431 5059; baseline 0.001 -17"><span class='ocrx_word' id='word_1_884' title='bbox 1844 4988 2202 5059; x_wconf 77' lang='lat' dir='ltr'><strong>peccanusin</strong></span> <span class='ocrx_word' id='word_1_885' title='bbox 2221 4986 2418 5044; x_wconf 81' lang='lat' dir='ltr'><strong>fratres</strong></span> <span class='ocrx_word' id='word_1_886' title='bbox 2445 5005 2466 5056; x_wconf 72' lang='grc' dir='ltr'><strong>ς</strong></span> <span class='ocrx_word' id='word_1_887' title='bbox 2497 4996 2552 5043; x_wconf 89' lang='lat' dir='ltr'><strong>et</strong></span> <span class='ocrx_word' id='word_1_888' title='bbox 2576 4987 2629 5044; x_wconf 91' lang='lat' dir='ltr'><strong>in</strong></span> <span class='ocrx_word' id='word_1_889' title='bbox 2657 5001 2722 5042; x_wconf 89' lang='lat' dir='ltr'><strong>eo</strong></span> <span class='ocrx_word' id='word_1_890' title='bbox 2749 4989 2868 5056; x_wconf 85' lang='lat' dir='ltr'><strong>ipso</strong></span> <span class='ocrx_word' id='word_1_891' title='bbox 2911 4987 3051 5044; x_wconf 84' lang='lat' dir='ltr'><strong>bono</strong></span> <span class='ocrx_word' id='word_1_892' title='bbox 3094 5003 3194 5044; x_wconf 84' lang='lat' dir='ltr'><strong>nos</strong></span> <span class='ocrx_word' id='word_1_893' title='bbox 3219 4987 3431 5058; x_wconf 80' lang='lat' dir='ltr'><strong>judice-</strong></span> 
     </span>
    </p>
   </div>
   <div class='ocr_carea' id='block_1_112' title="bbox 1845 5078 3434 5149">
    <p class='ocr_par' dir='ltr' id='par_1_112' title="bbox 1845 5078 3434 5149">
     <span class='ocr_line' id='line_1_112' title="bbox 1845 5078 3434 5149; baseline 0.002 -15"><span class='ocrx_word' id='word_1_894' title='bbox 1845 5095 1966 5135; x_wconf 74' lang='lat' dir='ltr'><strong>mus</strong></span> <span class='ocrx_word' id='word_1_895' title='bbox 1984 5120 2002 5147; x_wconf 93' lang='lat'><strong>,</strong></span> <span class='ocrx_word' id='word_1_896' title='bbox 2039 5093 2166 5136; x_wconf 80' lang='lat' dir='ltr'><strong>cum</strong></span> <span class='ocrx_word' id='word_1_897' title='bbox 2188 5079 2614 5136; x_wconf 71' lang='lat' dir='ltr'><strong>scandalizemus</strong></span> <span class='ocrx_word' id='word_1_898' title='bbox 2627 5078 2872 5134; x_wconf 86' lang='lat' dir='ltr'><strong>inﬁrmos</strong></span> <span class='ocrx_word' id='word_1_899' title='bbox 2894 5119 2908 5146; x_wconf 91' lang='lat'><strong>,</strong></span> <span class='ocrx_word' id='word_1_900' title='bbox 2934 5079 2990 5134; x_wconf 86' lang='lat' dir='ltr'><strong>in</strong></span> <span class='ocrx_word' id='word_1_901' title='bbox 3011 5095 3118 5149; x_wconf 85' lang='lat' dir='ltr'><strong>quo</strong></span> <span class='ocrx_word' id='word_1_902' title='bbox 3143 5080 3284 5136; x_wconf 87' lang='lat' dir='ltr'><strong>bono</strong></span> <span class='ocrx_word' id='word_1_903' title='bbox 3335 5097 3434 5138; x_wconf 87' lang='lat' dir='ltr'><strong>nos</strong></span> 
     </span>
    </p>
   </div>
   <div class='ocr_carea' id='block_1_113' title="bbox 1844 5169 3010 5242">
    <p class='ocr_par' dir='ltr' id='par_1_113' title="bbox 1844 5169 3010 5242">
     <span class='ocr_line' id='line_1_113' title="bbox 1844 5169 3010 5242; baseline -0.003 -16"><span class='ocrx_word' id='word_1_904' title='bbox 1844 5169 2159 5242; x_wconf 83' lang='lat' dir='ltr'><strong>probamus,</strong></span> <span class='ocrx_word' id='word_1_905' title='bbox 2189 5185 2314 5226; x_wconf 76' lang='lat' dir='ltr'><strong>cum</strong></span> <span class='ocrx_word' id='word_1_906' title='bbox 2343 5171 2454 5242; x_wconf 80' lang='lat' dir='ltr'><strong>ipsa</strong></span> <span class='ocrx_word' id='word_1_907' title='bbox 2483 5169 2616 5226; x_wconf 80' lang='lat' dir='ltr'><strong>ﬁdes</strong></span> <span class='ocrx_word' id='word_1_908' title='bbox 2637 5169 2793 5226; x_wconf 89' lang='lat' dir='ltr'><strong>nobis</strong></span> <span class='ocrx_word' id='word_1_909' title='bbox 2811 5171 3010 5240; x_wconf 83' lang='lat' dir='ltr'><strong>placet.</strong></span> 
     </span>
    </p>
   </div>
   <div class='ocr_carea' id='block_1_114' title="bbox 1913 5261 3429 5336">
    <p class='ocr_par' dir='ltr' id='par_1_114' title="bbox 1913 5261 3429 5336">
     <span class='ocr_line' id='line_1_114' title="bbox 1913 5261 3429 5336; baseline -0.003 -16"><span class='ocrx_word' id='word_1_910' title='bbox 1913 5261 2176 5320; x_wconf 70' lang='grc' dir='ltr'><strong>ιΧΧΧη.</strong></span> <span class='ocrx_word' id='word_1_911' title='bbox 2199 5261 2314 5336; x_wconf 68' lang='lat' dir='ltr'><strong>Ub.</strong></span> <span class='ocrx_word' id='word_1_912' title='bbox 2337 5277 2430 5330; x_wconf 82' lang='lat' dir='ltr'><strong>xv,</strong></span> <span class='ocrx_word' id='word_1_913' title='bbox 2454 5264 2512 5328; x_wconf 82' lang='lat'><strong>8.</strong></span> <span class='ocrx_word' id='word_1_914' title='bbox 2543 5261 2622 5336; x_wconf 83' lang='grc'><strong>9.]</strong></span> <span class='ocrx_word' id='word_1_915' title='bbox 2642 5261 2796 5330; x_wconf 83' lang='lat' dir='ltr'><strong>Quod</strong></span> <span class='ocrx_word' id='word_1_916' title='bbox 2817 5271 2999 5320; x_wconf 88' lang='lat' dir='ltr'><strong>autem</strong></span> <span class='ocrx_word' id='word_1_917' title='bbox 3011 5264 3109 5332; x_wconf 82' lang='lat' dir='ltr'><strong>ait,</strong></span> <span class='ocrx_word' id='word_1_918' title='bbox 3147 5263 3270 5318; x_wconf 85' lang='lat' dir='ltr'><strong>Dico</strong></span> <span class='ocrx_word' id='word_1_919' title='bbox 3294 5265 3429 5320; x_wconf 84' lang='lat' dir='ltr'><strong>enim</strong></span> 
     </span>
    </p>
   </div>
   <div class='ocr_carea' id='block_1_115' title="bbox 1847 5353 3430 5425">
    <p class='ocr_par' dir='ltr' id='par_1_115' title="bbox 1847 5353 3430 5425">
     <span class='ocr_line' id='line_1_115' title="bbox 1847 5353 3430 5425; baseline -0.004 -13"><span class='ocrx_word' id='word_1_920' title='bbox 1847 5355 2103 5412; x_wconf 63' lang='lat' dir='ltr'><strong>Chiam</strong></span> <span class='ocrx_word' id='word_1_921' title='bbox 2123 5353 2304 5410; x_wconf 71' lang='lat' dir='ltr'><strong>Iesum</strong></span> <span class='ocrx_word' id='word_1_922' title='bbox 2337 5354 2618 5409; x_wconf 81' lang='lat' dir='ltr'><strong>ministrant</strong></span> <span class='ocrx_word' id='word_1_923' title='bbox 2646 5355 2804 5425; x_wconf 74' lang='lat' dir='ltr'><strong>fuisse</strong></span> <span class='ocrx_word' id='word_1_924' title='bbox 2829 5356 3244 5420; x_wconf 80' lang='lat' dir='ltr'><strong>circumcisionis,</strong></span> <span class='ocrx_word' id='word_1_925' title='bbox 3275 5369 3430 5423; x_wconf 52' lang='lat' dir='ltr'><strong>proli-</strong></span> 
     </span>
    </p>
   </div>
   <div class='ocr_carea' id='block_1_116' title="bbox 1841 5447 3431 5520">
    <p class='ocr_par' dir='ltr' id='par_1_116' title="bbox 1841 5447 3431 5520">
     <span class='ocr_line' id='line_1_116' title="bbox 1841 5447 3431 5520; baseline -0.005 -14"><span class='ocrx_word' id='word_1_926' title='bbox 1841 5462 1920 5506; x_wconf 77' lang='lat' dir='ltr'><strong>ter</strong></span> <span class='ocrx_word' id='word_1_927' title='bbox 1935 5450 2192 5508; x_wconf 72' lang='lat' dir='ltr'><strong>ueritatem</strong></span> <span class='ocrx_word' id='word_1_928' title='bbox 2218 5447 2317 5505; x_wconf 78' lang='lat' dir='ltr'><strong>Dei</strong></span> <span class='ocrx_word' id='word_1_929' title='bbox 2331 5490 2350 5516; x_wconf 92' lang='lat'><strong>,</strong></span> <span class='ocrx_word' id='word_1_930' title='bbox 2402 5449 2471 5504; x_wconf 83' lang='lat' dir='ltr'><strong>ad</strong></span> <span class='ocrx_word' id='word_1_931' title='bbox 2515 5450 2892 5520; x_wconf 79' lang='lat' dir='ltr'><strong>conﬁrmandos</strong></span> <span class='ocrx_word' id='word_1_932' title='bbox 2931 5448 3286 5520; x_wconf 78' lang='lat' dir='ltr'><strong>promissioncs</strong></span> <span class='ocrx_word' id='word_1_933' title='bbox 3333 5462 3431 5516; x_wconf 84' lang='lat' dir='ltr'><strong>pa-</strong></span> 
     </span>
    </p>
   </div>
   <div class='ocr_carea' id='block_1_117' title="bbox 1847 5538 3430 5614">
    <p class='ocr_par' dir='ltr' id='par_1_117' title="bbox 1847 5538 3430 5614">
     <span class='ocr_line' id='line_1_117' title="bbox 1847 5538 3430 5614; baseline -0.005 -14"><span class='ocrx_word' id='word_1_934' title='bbox 1847 5556 2018 5610; x_wconf 87' lang='lat' dir='ltr'><strong>trum,</strong></span> <span class='ocrx_word' id='word_1_935' title='bbox 2070 5542 2254 5598; x_wconf 76' lang='lat' dir='ltr'><strong>Gentes</strong></span> <span class='ocrx_word' id='word_1_936' title='bbox 2319 5552 2485 5598; x_wconf 75' lang='lat' dir='ltr'><strong>autem</strong></span> <span class='ocrx_word' id='word_1_937' title='bbox 2535 5557 2690 5614; x_wconf 71' lang='lat' dir='ltr'><strong>sitpu-</strong></span> <span class='ocrx_word' id='word_1_938' title='bbox 3139 5538 3430 5609; x_wconf 62' lang='lat' dir='ltr'><strong>gloriﬁcare</strong></span> 
     </span>
    </p>
   </div>
   <div class='ocr_carea' id='block_1_118' title="bbox 1845 5629 3428 5704">
    <p class='ocr_par' dir='ltr' id='par_1_118' title="bbox 1845 5629 3428 5704">
     <span class='ocr_line' id='line_1_118' title="bbox 1845 5629 3428 5704; baseline -0.006 -11"><span class='ocrx_word' id='word_1_939' title='bbox 1845 5638 2041 5703; x_wconf 76' lang='lat' dir='ltr'><strong>Deum,</strong></span> <span class='ocrx_word' id='word_1_940' title='bbox 2075 5637 2142 5692; x_wconf 83' lang='lat' dir='ltr'><strong>ad</strong></span> <span class='ocrx_word' id='word_1_941' title='bbox 2171 5636 2274 5693; x_wconf 75' lang='lat' dir='ltr'><strong>hoc</strong></span> <span class='ocrx_word' id='word_1_942' title='bbox 2299 5636 2459 5703; x_wconf 75' lang='lat' dir='ltr'><strong>dicit,</strong></span> <span class='ocrx_word' id='word_1_943' title='bbox 2481 5644 2541 5690; x_wconf 76' lang='lat' dir='ltr'><strong>ut</strong></span> <span class='ocrx_word' id='word_1_944' title='bbox 2575 5635 2870 5704; x_wconf 73' lang='lat' dir='ltr'><strong>intelligant</strong></span> <span class='ocrx_word' id='word_1_945' title='bbox 2897 5631 3100 5688; x_wconf 78' lang='lat' dir='ltr'><strong>Gentes</strong></span> <span class='ocrx_word' id='word_1_946' title='bbox 3141 5629 3428 5688; x_wconf 75' lang='lat' dir='ltr'><strong>Dominum</strong></span> 
     </span>
    </p>
   </div>
   <div class='ocr_carea' id='block_1_119' title="bbox 1845 5728 3422 5821">
    <p class='ocr_par' dir='ltr' id='par_1_119' title="bbox 1845 5728 3422 5821">
     <span class='ocr_line' id='line_1_119' title="bbox 1845 5728 3422 5821; baseline -0.006 -29"><span class='ocrx_word' id='word_1_947' title='bbox 1845 5735 2115 5821; x_wconf 70' lang='lat' dir='ltr'><strong>Christum</strong></span> <span class='ocrx_word' id='word_1_948' title='bbox 2139 5736 2207 5793; x_wconf 82' lang='lat' dir='ltr'><strong>ad</strong></span> <span class='ocrx_word' id='word_1_949' title='bbox 2237 5736 2448 5794; x_wconf 66' lang='lat' dir='ltr'><strong>lodices</strong></span> <span class='ocrx_word' id='word_1_950' title='bbox 2467 5751 2586 5792; x_wconf 83' lang='lat' dir='ltr'><strong>esse</strong></span> <span class='ocrx_word' id='word_1_951' title='bbox 2609 5734 2926 5794; x_wconf 56' lang='lat' dir='ltr'><strong>missam,“</strong></span> <span class='ocrx_word' id='word_1_952' title='bbox 2949 5744 3060 5785; x_wconf 71' lang='lat' dir='ltr'><strong>non</strong></span> 
     </span>
    </p>
   </div>
   <div class='ocr_carea' id='block_1_120' title="bbox 1851 5820 3418 5892">
    <p class='ocr_par' dir='ltr' id='par_1_120' title="bbox 1851 5820 3418 5892">
     <span class='ocr_line' id='line_1_120' title="bbox 1851 5820 3418 5892; baseline -0.004 -8"><span class='ocrx_word' id='word_1_953' title='bbox 1851 5829 2048 5887; x_wconf 76' lang='lat' dir='ltr'><strong>Judzeis</strong></span> <span class='ocrx_word' id='word_1_954' title='bbox 2069 5831 2212 5888; x_wconf 87' lang='lat' dir='ltr'><strong>enim</strong></span> <span class='ocrx_word' id='word_1_955' title='bbox 2241 5827 2616 5888; x_wconf 72' lang='lat' dir='ltr'><strong>repellentibus</strong></span> <span class='ocrx_word' id='word_1_956' title='bbox 2641 5821 2782 5881; x_wconf 75' lang='lat' dir='ltr'><strong>quod</strong></span> <span class='ocrx_word' id='word_1_957' title='bbox 2801 5821 2868 5878; x_wconf 90' lang='lat' dir='ltr'><strong>ad</strong></span> <span class='ocrx_word' id='word_1_958' title='bbox 2894 5821 3039 5887; x_wconf 85' lang='lat' dir='ltr'><strong>ipsos</strong></span> <span class='ocrx_word' id='word_1_959' title='bbox 3063 5820 3284 5878; x_wconf 87' lang='lat' dir='ltr'><strong>missum</strong></span> <span class='ocrx_word' id='word_1_960' title='bbox 3313 5829 3418 5892; x_wconf 83' lang='lat' dir='ltr'><strong>est,</strong></span> 
     </span>
    </p>
   </div>
  </div>
