3956 6380
620 270 760 331 9087

621 389 817 461 factum
868 394 951 443 est
985 393 1046 441 ut
1090 385 1347 441 Gentibus
1398 384 1740 453 Evangelium
1773 384 2149 453 praedicaretur
2182 401 2194 437 :

620 479 761 550 quod
788 488 841 535 et
872 479 923 533 in
950 479 1168 547 Actibus
1189 476 1562 545 Apostolorum
1593 476 2023 531 manifestissime
2069 475 2200 527 scri-

618 571 778 637 bitur,
826 585 947 625 cum
978 570 1161 624 dicunt
1198 569 1438 638 Apostoli
1496 568 1725 631 Judzuis,
1781 566 1933 617 Vobis
1982 564 2201 635 primum

616 663 835 732 Oportuit
867 660 1132 732 prazdicari
1180 661 1381 714 verbum
1409 677 1429 721 ,υ
1455 658 1543 709 sed
1567 655 1803 722 quoniam
1831 654 2066 725 indignos
2114 669 2200 708 vos

608 753 900 826 iudicastis,
929 769 1038 807 ecce
1063 748 1393 802 convertimus
1422 763 1512 800 nos
1538 747 1606 799 ad
1628 745 1810 800 Gentes
1856 744 1875 816 (
1909 745 2020 799 Act.
2073 762 2193 811 xm,

614 844 739 916 46).
771 838 1072 900 Secundum
1101 841 1212 910 ipsa
1250 839 1407 892 etiam
1450 838 1658 892 Domini
1686 838 2018 904 testimonia,
2074 853 2197 891 cum

612 933 785 997 dicit,
840 930 959 985 Non
1007 948 1119 986 sum
1154 931 1334 984 missus
1356 929 1451 983 nisi
1495 929 1562 982 ad
1606 944 1717 983 oves
1768 929 1988 999 perditas
2020 929 2198 984 domus

613 1021 812 1088 Israel;
840 1032 894 1078 et
918 1023 1107 1078 iterum
1137 1066 1152 1089 ,
1184 1021 1303 1075 Non
1327 1032 1396 1076 est
1421 1020 1604 1075 bonum
1625 1038 1804 1092 panem
1830 1021 2053 1090 ﬁliorum
2083 1022 2196 1074 mit-

614 1124 716 1169 tere
740 1115 946 1169 canibus
1015 1114 1033 1183 (
1058 1113 1244 1167 Matth.
1273 1129 1343 1166 xv
1361 1154 1377 1179 ,
1431 1112 1501 1167 24
1525 1154 1538 1177 ,
1566 1112 1635 1167 26
1664 1113 1701 1181 ).
1733 1112 1882 1180 Quod
1913 1110 2109 1167 Gentes
2149 1112 2196 1166 si

610 1206 745 1262 bene
773 1205 1133 1270 considerent,
1161 1204 1463 1272 intelligunt
1513 1203 1611 1257 ista
1639 1218 1733 1257 sua
1767 1202 1869 1255 [ide
1894 1243 1907 1267 ,
1941 1217 2041 1270 qua
2082 1201 2190 1271 jam

610 1295 836 1350 credunt
861 1294 1035 1349 omnia
1066 1292 1260 1347 munda
1292 1291 1522 1355 mundis,
1556 1307 1662 1344 non
1702 1305 1761 1344 sc
1798 1290 1993 1344 debere
2024 1290 2191 1344 insul-

609 1396 722 1443 tare
744 1388 853 1452 his,
885 1387 929 1441 si
950 1386 1038 1457 qui
1063 1385 1198 1440 forte
1226 1384 1421 1438 inﬁrmi
1447 1399 1512 1438 ex
1535 1382 1945 1437 circumcisione
1973 1380 2187 1434 fuerint‘

607 1480 696 1550 qui
723 1486 938 1548 propter
966 1476 1503 1533 communicationem
1526 1474 1792 1528 idolorum
1823 1472 1994 1525 nullas
2016 1471 2188 1526 omni-

606 1584 676 1626 no
709 1570 938 1625 audeant
964 1583 1152 1623 carnes
1180 1568 1459 1636 attingere.

676 1681 955 1738 LXXXIII.
987 1680 1089 1754 [1b.
1115 1697 1208 1747 xv,
1236 1677 1347 1751 16.]
1368 1677 1520 1746 Quod
1574 1686 1749 1732 autem
1795 1676 1942 1740 dicit,
1989 1674 2057 1730 Ut
2085 1676 2183 1729 mi-

605 1778 761 1832 nister
788 1778 880 1831 sint
910 1774 1096 1830 Christi
1137 1771 1261 1826 Jesu
1298 1772 1351 1824 in
1378 1768 1635 1834 Gentibus,
1676 1787 1972 1824 consecrans
2007 1767 2181 1822 Evan-

603 1870 787 1941 gelium
805 1866 924 1934 Dei,
949 1876 1003 1919 ut
1041 1866 1130 1933 ﬁat
1158 1864 1340 1917 oblatio
1372 1861 1606 1916 Gentium
1668 1860 2007 1930 acceptabilis,
2059 1876 2177 1912 san-

603 1963 828 2031 ctiﬁcata
848 1962 901 2013 in
929 1958 1129 2028 Spiritu
1171 1965 1363 2022 sancto,
1394 1955 1495 2010 hoc
1523 1955 1844 2024 intelligitur,
1870 1962 1926 2006 nt
1950 1951 2183 2007 offeran-

602 2062 690 2108 t’ur
733 2052 927 2106 Gentes
973 2050 1104 2116 Deo,
1161 2058 1410 2118 tanquam
1460 2047 1787 2116 acceptabile
1835 2046 2174 2111 sacrilicium,

599 2161 719 2203 cum
748 2145 799 2198 in
846 2141 1112 2199 Christum
1153 2142 1431 2196 credentes
1479 2156 1572 2210 per
1593 2140 1933 2208 Evangelium
1986 2140 2181 2192 sancti-

602 2237 868 2291 ﬁcantur:
901 2234 1037 2290 sicut
1084 2244 1137 2289 et
1167 2234 1411 2304 superius
1434 2233 1578 2297 dicit,
1612 2232 1827 2286 Obsecro
1856 2234 2023 2301 itaque
2068 2248 2173 2298 vos,

598 2330 798 2399 fratres,
831 2344 920 2399 per
948 2326 1342 2381 misericordiam
1374 2324 1469 2377 Dei
1491 2326 1532 2390 ⁸,
1578 2333 1632 2376 ut
1662 2323 1931 2377 cxhibeatis
1965 2338 2176 2391 corpora

659 2462 675 2493 ι
700 2469 877 2510 Omnes
897 2467 1022 2518 Mss,
1044 2456 1229 2522 inﬁrmi
1247 2471 1311 2508 ea:
1332 2470 1382 2507 sc
1401 2455 1595 2522 fuerint.

657 2525 677 2553 ³
700 2526 782 2574 Hic
797 2522 976 2572 desiuit
997 2517 1279 2583 OpuSculum
1302 2522 1350 2568 iu
1375 2517 1516 2568 editis
1550 2527 1648 2566 Am.
1693 2525 1744 2566 ct
1766 2524 1839 2565 Er.
1867 2517 2040 2565 omissa
2062 2523 2173 2564 Pro-

1550 264 1901 324 EPISTOL/E
1939 267 2030 322 AD
2068 264 2409 336 ROhiANOS,
2447 269 2504 327 S.
2548 269 2911 330 AUGUSTINI

3697 290 3804 353 2088

2311 397 2473 441 vestra
2496 387 2711 442 hostiam
2738 390 2920 455 vivam,
2962 396 3213 460 sanctam,
3241 391 3347 449 Deo
3372 396 3630 466 placentem
3651 402 3669 476 (
3689 405 3801 465 Rom.
3880 446 3881 449 η

2312 494 2406 543 xu,
2433 479 2451 532 l
2477 481 2514 544 ).

2381 572 2662 628 LXXXIV.
2686 574 2784 647 [lb.
2810 592 2917 644 xvr,
2942 578 3030 644 l7,
3068 578 3177 652 18.]
3207 580 3361 649 Quod
3389 593 3555 641 autem
3578 587 3660 656 ait,
3686 589 3803 649 Obsc-

2310 678 2394 715 cro
2414 680 2519 730 vos,
2544 666 2745 733 fratres,
2777 676 2831 721 ut
2875 669 3149 725 intendatis
3171 672 3223 726 in
3252 690 3336 728 eos
3366 676 3452 745 qui
3476 678 3804 740 dissensionem

2307 756 2571 821 scandala,
2625 770 2807 828 praeter
2854 761 3137 817 doctrinam
3181 781 3329 836 quam
3372 783 3457 823 vos
3479 769 3709 842 didicistis,
3747 780 3802 848 fa-
3880 756 3881 803 ἦ

2307 850 2461 915 ciunt,
2489 849 2555 905 de
2597 851 2681 906 his
2724 853 3030 925 intelligitur
3062 855 3259 924 dicere,
3290 857 3359 914 de
3386 860 3565 929 quibus
3598 871 3647 918 et
3669 865 3722 919 ad
3742 867 3803 921 Ti.

2307 941 2579 997 motheum
2605 944 2837 1013 scripsit,
2860 945 3045 1001 dicens
3087 964 3101 1000 :
3134 966 3154 999 ι
3190 948 3336 1005 Sicut
3354 952 3528 1022 rogavi
3563 960 3625 1019 te,
3650 963 3698 1009 ut
3718 971 3817 1011 suss‘

2306 1034 2502 1090 tineres
2533 1035 2747 1105 Ephesi,
2784 1052 2903 1092 cum
2934 1040 3066 1094 irem
3094 1040 3147 1094 in
3173 1040 3549 1110 Macedoniam,
3573 1052 3624 1099 ut
3645 1046 3778 1103 deum

2304 1127 2467 1182 tiares
2490 1128 2801 1197 quihusdam
2832 1145 2895 1184 ne
2923 1130 3080 1186 aliter
3116 1131 3393 1198 docerent,
3440 1149 3599 1203 neque
3618 1137 3797 1194 intendo

2302 1228 2422 1273 rent
2446 1218 2634 1273 fabulis
2660 1229 2713 1274 et
2753 1221 3074 1290 genealogiis
3123 1222 3495 1290 intcrminatis,
3544 1241 3648 1295 qua
3676 1243 3797 1296 quas-

2302 1310 2475 1367 tioncs
2499 1313 2665 1384 magis
2691 1323 2948 1384 praestant
2988 1330 3145 1386 quam
3176 1315 3569 1372 aediﬁcationem
3598 1316 3695 1385 Dei,
3717 1335 3795 1388 qua

2300 1413 2381 1459 est
2410 1405 2460 1458 in
2490 1404 2592 1459 tide
2615 1406 2683 1477 )(I
2714 1405 2843 1458 Tim.
2866 1407 2973 1472 [,5,
3003 1406 3094 1475 4);
3124 1416 3179 1462 et
3201 1406 3270 1461 ad
3300 1407 3525 1472 Titum,¢
3554 1407 3670 1463 Sunt
3698 1410 3796 1464 enim

2297 1498 2447 1552 multi
2486 1514 2593 1552 non
2622 1498 2835 1564 subditi,
2893 1498 3162 1569 vaniloqui
3210 1508 3267 1554 et
3306 1499 3496 1555 mentis
3543 1499 3796 1567 seductom,

2296 1590 2386 1658 qui
2417 1591 2646 1644 maxime
2666 1605 2730 1645 ex
2755 1589 3161 1645 circumcisione
3190 1596 3356 1654 sunt;
3389 1605 3518 1661 quos
3542 1597 3709 1660 oportet
3732 1606 3798 1644 re-

2296 1679 2434 1746 felli;
2463 1681 2549 1750 qui
2579 1681 2855 1735 universas
2887 1680 3075 1735 domos
3098 1680 3440 1747 subvertunt,
3480 1680 3685 1735 docentes
3704 1696 3797 1750 quae

2294 1789 2400 1827 non
2442 1782 2671 1842 oportet,
2726 1773 2893 1843 turpis
2936 1772 3069 1827 lucri
3119 1772 3290 1842 gratia
3333 1770 3508 1824 :dixit
3544 1770 3716 1840 quidam
3747 1787 3795 1825 ex
3880 1776 3881 1835 ξ

2294 1863 2424 1933 ipsis
2475 1863 2720 1932 proprius
2759 1876 2944 1916 eorum
3009 1863 3291 1931 propheta,
3332 1860 3600 1915 Cretenses
3638 1872 3797 1927 semper
3880 1860 3881 1933 γ

2291 1957 2596 2020 mendaces,
2617 1955 2771 2009 mala:
2792 1954 2994 2021 bestias,
3018 1962 3235 2008 ventres
3266 1953 3399 2023 pigri
3424 1950 3566 2023 »(Τὶι.
3581 1967 3615 2017 ι,
3637 1949 3791 2020 Ill-li).

2291 2049 2371 2104 Ad
2405 2048 2505 2102 hoc
2532 2048 2673 2102 enim
2703 2045 2929 2099 refertur
2947 2043 3088 2115 quod
3118 2054 3173 2098 et
3196 2044 3289 2099 hic
3305 2044 3401 2110 ait,
3426 2041 3493 2096 Hi
3518 2043 3633 2095 enim
3651 2039 3793 2095 Christo

2291 2141 2509 2195 Domino
2556 2156 2655 2192 non
2685 2138 2923 2202 serviunt,
2955 2135 3042 2190 sed
3082 2152 3173 2189 suo
3203 2136 3367 2189 ventri
3390 2151 3408 2187 :
3434 2133 3497 2189 de
3521 2132 3684 2203 quibus
3717 2131 3789 2185 alio

2290 2234 2408 2288 loco
2455 2232 2603 2296 dicit,
2635 2230 2861 2297 Quorum
2890 2227 3023 2282 Deus
3051 2236 3225 2281 venter
3255 2236 3328 2280 cst
3358 2224 3599 2295 (Philipp.
3620 2238 3682 2287 ιιι,
3713 2217 3789 2290 I9).

2284 2388 2521 2450 positione
2543 2387 2839 2448 octogesima
2860 2390 3047 2448 quarta,
3068 2395 3181 2446 quae
3220 2392 3465 2446 postrema
3499 2389 3571 2433 est
3594 2378 3696 2443 apud
3715 2385 3789 2428 tm.

2286 2458 2338 2499 et
2358 2450 2485 2511 apud
2504 2460 2675 2498 omnes
2695 2453 2801 2496 Mss.

673 2779 761 2837 De
789 2772 1173 2853 subsequenti
1199 2788 1397 2849 opere,
1429 2767 1565 2829 vide
1592 2765 1697 2829 lib.
1730 2766 1787 2838 1,
1823 2784 1953 2844 cap.
1984 2763 2084 2835 25,
2107 2762 2675 2833 Retractationum,
2700 2781 2737 2820 (ι
2768 2761 2883 2822 col.
2919 2759 3059 2833 623,
3110 2759 3343 2831 verbis,
3369 2759 3643 2840 Epistula
3663 2772 3780 2820 tmo-

593 2898 721 2959 que
747 2878 826 2941 ad
854 2878 1201 2945 Romanos,
1228 2890 1417 2951 usque
1442 2870 1522 2930 ad
1545 2869 1661 2929 col.
1706 2865 1847 2940 62h,
1881 2866 2102 2933 verbis,
2136 2864 2391 2942 scripsit
2420 2864 2499 2925 ad
2528 2866 2872 2924 Romanos.
3118 2862 3204 2922 M.

1404 3017 1775 3026 m

601 3023 1120 3042 Q—_—-——a———————-——

634 3026 798 3037 ...ι-..-

1120 3015 2179 3279 ficii”?

2287 3013 3528 3271 ῑῦῇῗ

634 3026 798 3037 ..υ-..-
820 3013 2671 3034 ΜΜρΜ-ᾙ-
2696 3013 2995 3021 ———-—-—--——-
3033 3011 3694 3025 ——_————.—-

1638 3054 1821 3064 ———.——
1846 3051 3013 3063 Mm

2696 3013 2931 3021 -να--ι

1577 3377 2328 3452 HIPPONENSIS
2389 3379 2893 3452 EPISCOPI

699 3550 1960 3716 EPISTOLAE
2121 3551 2440 3712 ΑΙ)
2630 3548 3692 3712 ROMANOS

1191 3813 2140 3930 INCEOATA
2252 3813 3248 3930 EXPOSITIO.

1983 4003 2455 4063 0W0

1914 4149 2188 4244 iiber
2234 4169 2451 4247 unus
2480 4171 2587 4247 (α).

1051 4327 1098 4377 In
1120 4339 1218 4391 quo
1234 4324 1457 4377 salutatio
1475 4321 1802 4374 tantummodo
1828 4320 2106 4385 expeditur,
2133 4326 2186 4371 et
2204 4319 2471 4384 disputatur
2493 4323 2558 4373 de
2577 4331 2777 4387 peccato
2800 4327 2849 4376 in
2869 4327 3091 4389 Spiritum
3108 4337 3342 4382 sanctum.

655 4440 706 4493 I.
747 4436 802 4491 ln
833 4435 1066 4505 Epistola
1095 4448 1255 4503 quam
1300 4432 1493 4485 Paulus
1534 4429 1803 4498 aposmlus
1842 4429 2054 4496 scripsit
2092 4429 2175 4483 ad'

583 4529 873 4589 Romanos,
900 4533 1153 4594 quantum
1175 4539 1239 4577 ex
1265 4523 1380 4589 ejus
1402 4530 1544 4576 textu
1566 4521 1781 4588 intelligi
1811 4528 2002 4587 potest,
2026 4536 2160 4589 qua:-

581 4620 810 4675 stioncm
829 4615 987 4670 habet
1008 4613 1164 4668 talem
1195 4631 1206 4666 :
1242 4611 1422 4667 Utrum
1444 4610 1639 4666 Juda-is
1666 4610 1792 4665 solis
1814 4609 2160 4681 Evangelium

584 4709 794 4766 Domini
843 4706 1011 4763 nostri
1059 4705 1185 4761 Jesu
1222 4704 1418 4759 Christi
1457 4704 1661 4758 venerit
1709 4715 1927 4775 pr0pter
1971 4706 2159 4761 merita

578 4815 800 4874 operum
823 4798 1007 4869 Legis;
1035 4811 1100 4850 an
1133 4810 1259 4850 vero
1291 4794 1449 4849 nullis
1474 4808 1692 4864 operum
1728 4794 1932 4849 meritis
1960 4810 2159 4864 ριίεοθ-

584 4892 853 4957 dentibus,
899 4889 1146 4943 omnibus
1172 4886 1429 4943 Gentibus
1453 4886 1656 4940 venerit
1679 4887 1988 4955 justiﬁcatio
2017 4887 2156 4953 lidei,

577 4998 697 5055 qua:
721 4993 803 5039 est
831 4983 881 5037 in
910 4979 1122 5037 Christo
1149 4979 1294 5045 Jesu,
1324 4985 1383 5033 ut
1411 4993 1513 5032 non
1545 4977 1665 5046 quia
1693 4978 1818 5047 justi
1863 4986 2022 5033 erant
2062 4979 2160 5032 ho-

578 5078 770 5138 mines,
813 5074 1123 5138 crederent;
1155 5071 1248 5127 scd
1287 5070 1554 5126 credendo
1583 5069 1875 5140 justiﬁcati,
1912 5070 2160 5141 deinceps

578 5171 723 5243 juste
748 5170 927 5223 vivere
975 5168 1289 5236 inciperent.
1343 5165 1452 5218 lloc
1505 5178 1633 5233 ergo
1678 5164 1871 5219 docere
1915 5164 2157 5228 intendit,

578 5260 827 5320 omnibus
878 5260 1088 5323 venisse
1150 5258 1371 5328 gratiam
1419 5257 1690 5328 Evangelii
1738 5257 1945 5312 Domini
1993 5256 2158 5312 nostri

2266 4430 2390 4487 Jesu
2420 4432 2639 4487 Christi.
2671 4435 2823 4502 Quod
2870 4447 3146 4506 propterea
3186 4441 3345 4496 etiam
3393 4440 3597 4512 gratiam
3634 4430 3764 4489 vocari

2265 4525 2519 4591 ostendit,
2553 4527 2677 4595 quia
2720 4542 2824 4581 non
2865 4530 3014 4598 quasi
3042 4529 3279 4587 debitum
3319 4531 3521 4603 iustitia:
3562 4525 3764 4583 redditum

2266 4626 2367 4683 est,
2399 4616 2491 4671 sed
2521 4618 2751 4688 gratuito
2776 4618 2976 4673 datum.
3003 4618 3289 4691 Coeperant
3315 4624 3451 4678 enim
3480 4616 3682 4676 nonnulli
3698 4609 3760 4683 qui

2265 4724 2330 4764 ex
2349 4710 2546 4765 Judaeis
2568 4711 2922 4777 crediderant,
2944 4714 3249 4769 tumultuari
3275 4714 3521 4770 adversus
3533 4710 3711 4768 Gentes,
3726 4709 3764 4753 εί

2265 4802 2494 4856 maxime
2517 4802 2771 4857 adversus
2789 4804 3088 4873 apostolum
3117 4804 3359 4871 Paulum,
3387 4801 3522 4874 quod
3548 4799 3762 4854 incircum-

2265 4895 2407 4949 cisos
2431 4905 2484 4949 et
2521 4895 2677 4966 Legis
2708 4896 2906 4952 veteris
2935 4898 3158 4953 vinculis
3196 4899 3391 4954 liberos
3426 4880 3759 4950 admittebat“

2265 4986 2535 5053 Evangelii
2561 4986 2806 5055 gratiam,
2838 4988 3129 5057 praedicans
3157 4989 3236 5044 eis
3256 4999 3313 5043 ut
3337 4989 3387 5043 in
3416 4985 3650 5043 Christum
3670 4987 3758 5030 (πο

2264 5076 2474 5139 derent,
2504 5078 2650 5130 nullo
2678 5078 2924 5149 imposito
2961 5081 3191 5135 carnalis
3231 5074 3621 5135 circumcisionis
3644 5069 3753 5137 juga-

2264 5165 2369 5222 Sed
2396 5167 2550 5235 plane
2574 5176 2716 5222 tanta
2744 5170 3127 5238 moderatione,
3156 5172 3230 5226 uti
3275 5184 3372 5225 nec
3401 5167 3592 5223 Iudaeos
3614 5169 3755 5227 super-

2264 5258 2379 5311 bire
2422 5258 2713 5327 permittat,
2744 5268 2991 5331 tanquam
3018 5261 3087 5317 de
3132 5262 3334 5317 meritis
3375 5271 3574 5331 operum
3606 5245 3752 5317 ιειίες

1797 5362 2051 5400 ωιοιιπιο
2082 5365 2154 5398 PP-
2184 5363 2607 5401 ωωιοτιιιοιισκ.

633 5470 688 5516 In
705 5470 814 5515 uss.
838 5463 1131 5528 nosti-isnon
1173 5464 1373 5528 reperta
1393 5464 1471 5508 est
1507 5457 1745 5521 (praesens
1766 5457 2023 5520 Expositio)
2050 5472 2062 5506 :
2087 5457 2179 5507 sed
2215 5456 2379 5508 multis
2398 5458 2589 5509 mendis
2609 5466 2810 5525 purgata
2823 5473 2953 5512 nunc
2970 5460 3064 5515 fult
3081 5476 3177 5528 Ope
3197 5460 3489 5522 manusa-ipti
3507 5449 3696 5509 Vaticani;
3714 5446 3750 5492 α

573 5528 819 5580 recensita
840 5525 901 5575 ad
920 5524 1158 5575 editiones
1188 5530 1288 5571 Am.
1322 5527 1397 5570 Er.
1432 5529 1484 5572 et
1514 5528 1623 5573 Lov.

757 5609 1262 5691 Comparaoimus
1283 5614 1579 5687 prwtcrca
1606 5626 1703 5666 eos
1735 5624 1932 5667 omnes
1962 5603 2259 5667 editiones
2292 5604 2480 5666 initio
2510 5606 2681 5667 Retr.
2703 5614 2764 5670 et
2779 5605 3067 5670 Confess.
3111 5617 3156 5671 t.
3187 5609 3245 5682 1,
3274 5606 3618 5669 moratas.

641 5712 716 5776 (a)
735 5710 945 5773 Sta-1pm
964 5710 1155 5762 circiter
1175 5708 1342 5758 Christi
1367 5719 1544 5756 annum
1559 5705 1668 5769 394,
1693 5705 1876 5756 scilicet
1891 5706 2149 5770 Augustino
2172 5703 2327 5756 adhuc
2348 5707 2652 5770 presbytero,
2678 5719 2742 5758 ex
2763 5713 2989 5770 nam,
3009 5706 3097 5761 lib.
3118 5712 3167 5774 1,
3187 5722 3257 5762 cc.
3272 5707 3428 5771 23,35.

1538 5916 1549 5943 Ι
