3956 6366
237 403 322 444 nec
340 386 535 441 Gentes
559 384 749 439 merito
775 382 894 438 tidei
915 382 1172 449 adversus
1188 379 1402 435 Judrcos
1429 378 1621 443 inﬂari,
1652 377 1793 448 quod

236 479 320 548 ip;.i
338 471 929 543 receperinthristum,
960 487 1114 541 quem
1140 471 1213 524 illi
1238 469 1614 524 cruciﬁxerunt
1641 485 1654 520 :
1683 479 1798 520 tan-

237 583 376 640 quam
400 567 560 629 enim,
592 567 730 620 sicut
753 563 860 619 alio
887 564 1004 617 loco
1029 563 1177 626 dicit,
1205 576 1302 632 pro
1330 561 1446 630 ipso
1476 559 1700 614 Domino
1728 558 1796 613 le-

237 662 426 733 gatiooe
442 657 666 728 fungens
683 656 750 726 (ll
779 656 896 711 Cor.
923 671 976 722 v,
994 655 1107 724 20),
1137 653 1236 708 hoc
1257 663 1358 718 cst,
1383 667 1478 721 pro
1505 649 1678 719 lapide
1697 663 1794 702 an-

239 749 624 828 gulari(Ephes.
675 766 732 813 lt,
783 748 900 818 20),
943 756 1222 828 utrumque
1273 745 1522 816 populum
1574 751 1682 796 tam
1727 755 1796 796 ex

239 847 415 906 ιυᾱωὶς
440 860 594 914 quam
636 859 704 898 ex
743 841 1001 897 Gentibus
1035 840 1302 896 connectit
1345 840 1396 893 iu
1445 837 1659 893 Christo
1696 850 1795 906 per

241 936 482 994 vinculum
505 933 708 1004 gratim,
728 934 965 1001 utrisque
981 932 1225 986 auferens
1250 945 1463 984 onmem
1489 927 1793 998 superbiam

243 1030 550 1091 meritorum,
582 1035 632 1080 et
659 1024 1029 1095 jnstilicandos
1068 1033 1320 1093 utrosque
1347 1037 1442 1093 per
1459 1021 1793 1092 disciplinam

242 1118 528 1178 humilitatis
551 1117 842 1171 associans.

303 1215 354 1271 2.
391 1213 562 1282 Itaque
588 1210 875 1280 Epistulam
897 1210 973 1265 sic
993 1225 1214 1264 exorsus
1239 1217 1320 1263 cst
1354 1227 1367 1263 :
1398 1207 1594 1261 Paulus
1623 1222 1796 1260 servus

244 1308 352 1364 Iesu
379 1303 555 1361 Christi
583 1313 785 1356 uocatus
826 1302 1104 1373 apostolus,
1119 1310 1432 1372 .segregatas
1459 1300 1512 1352 in
1561 1297 1795 1368 Evange-

248 1401 354 1454 tium
383 1397 472 1450 Dei
506 1394 680 1466 (Rom.
726 1410 763 1460 ι,
794 1393 867 1464 l).
899 1393 1137 1447 Breviter
1176 1393 1228 1446 in
1257 1391 1466 1446 duobus
1491 1390 1668 1445 verbis
1700 1389 1795 1443 Ec-

246 1489 400 1546 clesize
423 1487 723 1557 dignitatem
774 1501 804 1537 a
853 1483 1148 1555 Synagogie
1198 1491 1464 1538 vetustate
1512 1480 1791 1536 discernit.

247 1578 456 1635 Ecclesia
483 1577 672 1646 quippe
697 1590 764 1629 ex
791 1573 1068 1628 vocatione
1093 1573 1352 1643 appellata
1380 1581 1482 1635 est.
1515 1571 1792 1644 Synagoga

244 1687 358 1728 vero
386 1686 445 1726 ex
471 1667 894 1740 congregatione.
923 1665 1213 1722 Convocari
1253 1666 1394 1722 enim
1424 1666 1590 1736 magis
1627 1665 1800 1719 homi-

246 1764 383 1817 nibus
423 1760 676 1832 congruit,
707 1759 1016 1831 congregari
1049 1768 1224 1813 autem
1261 1759 1428 1828 magis
1471 1758 1789 1828 pecoribus:

247 1853 372 1908 unde
395 1866 570 1924 greges
601 1853 811 1922 proprie
840 1865 1091 1920 pecorum
1117 1850 1222 1904 dici
1248 1851 1441 1906 solent.
1482 1851 1794 1921 Quanquam

248 1959 362 2013 ergo
395 1943 644 2012 plerisque
679 1940 1071 2010 Scripturarum
1099 1940 1230 1995 locis
1255 1943 1365 2010 ipsa
1394 1940 1634 1996 Ecclesia
1663 1957 1792 2012 grex

250 2033 560 2099 Dei,etovilc
588 2033 702 2098 Dei,
722 2041 776 2087 et
804 2047 964 2102 pecus
992 2032 1081 2086 Dei
1114 2041 1364 2098 vocetur;
1393 2042 1565 2088 tamen
1594 2048 1713 2088 cum
1739 2034 1790 2088 in

250 2123 608 2192 comparatione
631 2121 874 2178 homines
906 2137 1094 2192 pecora
1124 2124 1391 2190 dicuntur,
1423 2124 1489 2178 ad
1513 2126 1673 2179 vitam
1696 2140 1793 2178 ve.

249 2223 396 2269 terem
423 2215 695 2284 pertinent.
737 2215 804 2269 Et
826 2226 1044 2283 apparet
1064 2213 1365 2283 hujusmodi
1393 2215 1658 2280 homines,
1688 2231 1793 2270 non

249 2305 355 2360 cibo
384 2305 708 2375 sempiternae
733 2305 992 2371 veritatis,
1034 2305 1128 2360 sed
1167 2305 1536 2374 temporalium
1569 2307 1796 2374 promis-

246 2396 430 2450 sionum
452 2406 693 2466 tauquam
723 2406 935 2451 terreno
962 2397 1152 2464 pabulo
1180 2411 1300 2451 esse
1321 2405 1622 2452 contentos.
1654 2396 1797 2450 Pau-

247 2489 316 2543 lus
341 2506 455 2560 ergo
482 2505 648 2546 seruus
668 2489 851 2545 Christi
874 2488 996 2544 Iesu
1021 2501 1220 2543 uocatus
1251 2498 1333 2544 est
1358 2491 1615 2560 apostolus
1636 2507 1655 2555 ;
1679 2506 1796 2560 quin

246 2583 428 2635 vocatio
453 2583 588 2636 illum
611 2581 878 2651 cooptavit
907 2579 1179 2636 Ecclesiae.
1229 2579 1296 2634 In
1343 2579 1672 2650 Euangelizans
1701 2597 1796 2635 au-

246 2681 339 2728 tem
372 2671 460 2727 Dei
484 2682 768 2744 segregatus
799 2681 907 2735 est;
946 2671 1085 2726 unde
1112 2671 1214 2725 nisi
1235 2687 1262 2723 a
1284 2687 1444 2742 grege
1472 2672 1793 2743 Synagogze,

243 2763 284 2816 si
303 2763 562 2818 verborum
611 2763 892 2817 latinorum
940 2763 1254 2832 signiﬁcatio
1297 2764 1440 2817 omni
1480 2763 1639 2818 modo
1673 2778 1794 2818 cum

243 2868 395 2922 grzeca
419 2855 844 2923 interpretatione
868 2853 1192 2909 concordat?

307 2947 358 3001 3.
394 2946 528 3001 Sane
574 2947 916 3014 Evangelium
947 2947 1058 3010 Dei,
1096 2948 1145 3001 in
1185 2947 1325 3017 quod
1367 2957 1694 3018 segregatum
1738 2963 1797 3005 se

244 3049 349 3091 esse
375 3047 766 3100 commemorat,
795 3036 1133 3092 commendat
1161 3037 1476 3093 auctoritate
1502 3038 1795 3108 Propheta-

244 3142 347 3182 rum
376 3145 388 3180 :
418 3138 470 3182 ut
495 3130 740 3198 quoniam
766 3129 1046 3184 credentes
1070 3127 1356 3196 Christum,
1382 3131 1432 3184 in
1454 3147 1676 3202 quorum
1701 3147 1798 3185 nn-

249 3232 431 3272 merum
458 3229 676 3273 vocatns
709 3229 811 3283 est,
837 3219 1034 3274 JlldtBiS
1055 3231 1434 3290 pra-posuerat,
1464 3238 1493 3276 a
1525 3223 1714 3292 quibus
1738 3239 1796 3278 se

245 3307 424 3364 dixerat
446 3319 799 3381 segregatum,
827 3309 1026 3366 Gentes
1049 3327 1233 3366 rursus
1253 3313 1362 3382 jam
1391 3328 1494 3366 non
1522 3314 1798 3383 superbire

243 3400 522 3457 admoneat.
571 3401 842 3472 Siquidem
889 3402 956 3456 de
988 3403 1183 3472 p0pulo
1229 3402 1534 3458 Judieorum
1584 3405 1796 3460 fuerunt

239 3491 522 3564 Pr0phetaz,
548 3510 641 3562 per
663 3509 796 3564 quos
825 3493 1190 3565 Evangelium,
1220 3497 1370 3565 cujus
1395 3498 1496 3552 lide
1516 3498 1795 3554 credentes

235 3583 590 3654 iustiﬁcanlur,
641 3596 765 3640 ante
812 3567 1128 3655 protttissutn
1157 3602 1276 3643 esse
1312 3598 1537 3644 testatur
1569 3608 1582 3643 :
1614 3591 1800 3662 Segre-

235 3684 371 3744 gatus
419 3675 582 3741 enim,
627 3674 814 3744 inquit,
861 3676 912 3728 in
967 3675 1298 3747 Evangeliam
1357 3676 1472 3740 Det,
1506 3680 1641 3748 quod
1681 3689 1799 3736 ante

239 3767 516 3834 promiserat
546 3783 634 3837 pcr
681 3765 962 3834 PrOphetas
1006 3784 1124 3821 suos
1162 3767 1335 3840 (Rom.
1382 3786 1419 3834 l,
1473 3771 1523 3833 1,
1552 3770 1630 3838 2).
1664 3771 1802 3826 Fue-

237 3868 354 3914 runt
372 3859 507 3914 enim
549 3869 604 3914 et
644 3860 916 3930 prophetae
943 3877 1066 3928 non_
1096 3862 1279 3932 ipsius,
1322 3862 1374 3916 in
1408 3863 1599 3932 quibus
1639 3864 1799 3918 etiam

239 3949 402 4021 aliqua
430 3951 769 4006 inveniuntur
797 3967 915 4020 qua:
940 3951 1006 4006 de
1031 3951 1244 4006 Christo
1265 3952 1441 4008 audita
1467 3954 1796 4020 cecinerunt,

242 4039 365 4094 sicut
382 4040 537 4096 etiam
569 4041 638 4096 de
656 4041 853 4113 Sybilla
882 4041 1077 4096 dicitur
1107 4061 1119 4096 ε
1143 4044 1285 4113 quod
1314 4061 1416 4098 non
1445 4044 1600 4101 facile
1623 4046 1804 4103 crede-

246 4145 366 4196 rem,
409 4133 504 4187 nisi
533 4131 672 4203 quod
704 4143 977 4203 poetarum
1006 4133 1221 4202 quidam
1262 4135 1312 4188 in
1342 4134 1577 4190 Romana
1620 4137 1799 4207 lingua

249 4221 583 4276 nobilissimus
611 4232 894 4292 antequam
921 4221 1126 4276 diceret
1151 4237 1213 4276 ea
1240 4223 1309 4277 de
1339 4223 1676 4281 innovatione
1695 4243 1800 4282 sa:-

255 4311 365 4376 culi,
390 4329 503 4383 qurc
529 4313 581 4367 in
613 4312 816 4366 Domini
847 4313 1011 4366 nostri
1039 4311 1164 4368 Jesu
1189 4311 1388 4368 Christi
1422 4330 1642 4386 regnum
1673 4317 1802 4372 satis

249 4404 508 4461 concinere
526 4413 582 4460 et
605 4405 890 4460 convenire
914 4403 1215 4473 videantur,
1251 4407 1538 4476 praeposuit
1567 4423 1797 4479 versum,

247 4493 408 4551 dicens
436 4514 450 4550 :

407 4587 576 4640 L‘ltima
593 4588 757 4639 Cumei
773 4591 873 4652 jam
894 4589 1030 4638 venit
1046 4592 1266 4641 carminis
1288 4599 1420 4642 aetas.

957 4652 1115 4716 (Virg.
1140 4653 1295 4719 Ectog.
1319 4654 1368 4714 s,
1383 4667 1428 4704 υ.
1449 4655 1522 4718 4.)
1554 4654 1565 4674 '

245 4731 496 4788 Cumaeam
517 4741 696 4788 autem
720 4748 935 4789 carmen
960 4726 1274 4805 Sibyllinum
1307 4751 1426 4792 esse
1461 4751 1619 4792 nemo
1645 4736 1801 4793 dubi-

245 4826 433 4879 taverit.
456 4825 643 4880 Sciens
666 4839 794 4895 ergo
817 4827 1102 4896 Apostolus
1122 4841 1184 4882 ea
1205 4827 1257 4881 in
1283 4828 1428 4882 libris
1448 4827 1696 4885 Gentium
1723 4832 1804 4886 in-

244 4919 392 4972 veniri
432 4917 734 4972 testimonia
778 4917 1056 4983 veritatis,
1105 4934 1225 4989 qua:
1272 4920 1433 4974 etiam
1480 4920 1531 4974 in
1582 4921 1803 4976 Actibus

244 5007 606 5077 Aposwlorum
655 5008 874 5076 loquens
924 5007 1334 5067 Atheniensibus
1373 5011 1801 5067 manifestissime

244 5100 459 5154 OStendit
480 5101 617 5164 (Act.
649 5114 776 5163 xvn,
809 5097 924 5170 28),
959 5115 1063 5152 non
1089 5102 1259 5155 solum
1281 5103 1372 5168 ait,
1401 5119 1490 5173 per
1519 5101 1806 5174 Prophetas

245 5203 367 5252 suos,
400 5206 466 5244 ne
489 5190 609 5260 quis
634 5204 665 5244 a
697 5188 1172 5260 pseudoprophetis
1197 5206 1293 5261 per
1319 5193 1575 5262 quasdam
1613 5195 1805 5249 verita-

249 5281 307 5335 tis
339 5282 700 5339 confessiones
735 5285 787 5339 in
814 5284 1040 5354 aliquam
1069 5285 1392 5353 impietatem
1419 5287 1794 5354 seduceretur;

249 5371 329 5426 sed
355 5374 554 5430 addidit
579 5375 762 5442 etiam,
783 5375 836 5429 in
859 5375 1138 5445 Scriptaris
1161 5379 1348 5432 sanctis
1372 5395 1390 5432 :
1409 5379 1592 5434 volens
1623 5382 1804 5452 utique

249 5469 515 5525 «tendere
543 5469 746 5524 litteras
785 5468 1035 5525 Gentium
1073 5471 1451 5540 superstitiosa!
1495 5471 1806 5529 idololatriae

249 5557 588 5626 plenissimas,
620 5575 724 5614 non
765 5559 884 5615 ideo
920 5572 1132 5616 sanctas
1155 5561 1336 5617 haberi
1366 5573 1637 5633 oportere,
1680 5565 1804 5635 quia

252 5647 302 5702 in
325 5651 400 5706 eis
423 5651 620 5721 aliquid
644 5652 783 5722 quod
807 5652 874 5708 ad
900 5651 1172 5708 Christum
1197 5655 1431 5725 pertinet
1459 5656 1746 5713 invenitur.

314 5740 363 5798 Δ.
400 5741 466 5798 Et
485 5757 553 5798 ne
576 5743 854 5814 quisquam
876 5745 1034 5800 etiam
1078 5745 1363 5820 prophetas
1389 5748 1598 5818 aliquos
1623 5765 1801 5809 remo-

477 5831 702 5897 Suet.
741 5835 1024 5900 Ancon.
1052 5837 1167 5902 III.

1531 4554 1723 4571 *'"‘.t.‘:..al-
1779 4539 1802 4571 ιλ

1670 4595 1693 4608 ,Ι
1729 4594 1745 4656 Ε
1775 4597 1804 4602 ’·“·

1795 4620 1804 4632 ε

1670 4639 1671 4642 “
1781 4641 1804 4656 .l

1454 284 1802 343 INCHOATA
1841 276 2225 340 EXPOSITIO.

1907 295 2225 340 seusrl‘tu.
2425 329 2428 332 .
3342 295 3489 352 2090

1907 385 1990 431 tos
2013 384 2172 445 atque
2210 375 2414 432 alienos
2442 392 2472 430 a
2511 386 2670 448 gente
2693 376 2996 438 Iudaeorum
3033 384 3169 440 forte
3194 386 3478 455 proferret,

1905 467 1956 518 in
1984 467 2176 535 quibus
2202 468 2374 523 nullus
2405 470 2807 526 simulacrorum
2843 475 3015 530 cultus
3035 485 3201 543 esset,
3222 489 3479 548 quantum

1903 557 2092 609 attinet
2130 555 2197 610 ad
2235 558 2518 614 simulacra
2550 577 2670 632 qua:
2709 561 2936 619 humana
2964 578 3214 636 operatur
3249 583 3437 624 manus
3465 589 3482 624 :

1903 659 2026 699 nam
2087 646 2384 701 simulacris
2432 648 2860 716 phantasmatum
2913 670 3133 712 suorum
3183 669 3474 716 sectatores

1903 749 2027 791 suos
2048 738 2222 792 omnis
2237 753 2390 792 error
2412 739 2583 795 illudit
2613 759 2627 794 :
2658 758 2724 797 ne
2751 745 2870 814 quis
2893 757 3068 804 tamen
3091 751 3264 822 aliqua
3291 727 3483 823 hujus-

1889 827 2046 910 modi
2077 827 2373 896 proferens,
2398 832 2520 901 quia
2571 832 2640 887 ibi
2668 833 2862 890 Christi
2891 851 3086 893 nomen
3109 853 3358 910 Ostentat,
3383 861 3477 902 eas

1902 905 2082 988 potius
2107 930 2317 976 sanctas
2359 922 2658 993 Scripturas
2687 943 2805 981 esse
2831 940 3053 993 asserat,
3096 947 3202 987 non
3243 950 3332 988 eas
3361 954 3479 1007 quae

1902 1011 2099 1080 popqu
2127 1012 2468 1069 Hebrazorum
2499 1027 2622 1072 sunt
2646 1017 2897 1076 divinitus
2947 1023 3188 1088 creditaz.
3217 1026 3346 1082 satis
3373 1043 3474 1098 op-

1903 1114 2129 1171 portune
2176 1108 2305 1161 mihi
2361 1109 2570 1164 videtur
2614 1111 2922 1180 adjtmgere,
2974 1131 3093 1170 cum
3133 1118 3375 1191 dixisset,
3424 1122 3479 1177 in

1904 1196 2184 1267 Scriptaris
2227 1201 2432 1260 sanctis.
2464 1202 2602 1271 quod
2651 1203 2864 1271 adjecit,
2894 1206 2957 1260 de
2985 1207 3120 1261 Filio
3146 1227 3258 1275 suo,
3289 1214 3375 1283 qui
3402 1217 3484 1284 fa-

1902 1296 2011 1341 ctus
2040 1299 2112 1342 est
2141 1290 2187 1343 ei
2229 1307 2292 1344 ea:
2319 1291 2506 1345 semine
2539 1291 2721 1359 David,
2765 1299 3038 1352 secundum
3076 1317 3276 1355 carnem
3300 1302 3480 1371 (Rom.

1902 1393 1942 1442 ι,
1974 1376 2053 1446 5).
2085 1378 2249 1433 David
2272 1381 2412 1435 enim
2435 1390 2578 1436 certe
2601 1398 2693 1437 rex
2720 1383 3023 1439 Jtttltl‘Ol‘lltIt
3053 1389 3168 1444 fuit.
3187 1391 3484 1459 Oportebat

1902 1477 2079 1521 autem
2104 1477 2160 1523 ιιι
2174 1485 2238 1524 es
2265 1470 2352 1525 illa
2374 1481 2529 1541 gente
2550 1473 2819 1527 orirentur
2833 1474 3026 1530 Christi
3047 1484 3483 1545 pra-nuntiatores

1903 1561 2204 1631 Prophetas,
2255 1578 2318 1618 ex
2365 1580 2466 1633 qua
2498 1575 2654 1632 gente
2693 1582 2908 1622 carnem
2953 1581 3323 1640 assumptnrns
3369 1582 3484 1631 erat

1902 1669 2060 1722 quem
2092 1655 2536 1724 pramnntiabant.
2558 1656 2956 1714 Occurrendum
2986 1671 3160 1716 autem
3183 1672 3294 1718 erat
3322 1666 3482 1722 etiam

1903 1743 2115 1799 illorum
2145 1746 2423 1815 impietati,
2442 1747 2528 1817 qtti
2559 1748 2837 1803 Dominum
2857 1762 3095 1806 nostrum
3116 1753 3294 1810 .lcsum
3317 1753 3480 1811 Chri-

1905 1844 2044 1889 stum
2070 1837 2361 1890 secundum
2391 1835 2661 1892 hominem
2690 1841 3078 1908 tantummodo,
3116 1860 3273 1913 quem
3302 1861 3487 1902 susce-

1902 1927 2001 1996 pit,
2033 1928 2332 1996 arcipinnt;
2369 1927 2702 1985 divinitatem
2731 1941 2907 1987 autem
2944 1934 2995 1987 in
3035 1949 3100 1987 eo
3132 1951 3236 1990 non
3278 1939 3484 1994 intelli-

1901 2029 2024 2086 gunt
2055 2018 2121 2070 ab
2153 2019 2412 2073 universa:
2441 2031 2702 2074 creaturte
2729 2023 3112 2078 comnmnione
3146 2024 3430 2084 discretam
3459 2048 3476 2086 :

1901 2107 2042 2161 velut
2073 2109 2168 2177 ipsi
2195 2109 2386 2174 Judaei,
2423 2111 2512 2179 qui
2553 2111 2825 2165 Christum
2857 2114 3020 2168 lilium
3061 2116 3227 2171 David
3257 2126 3486 2174 tantum-

1902 2198 2060 2252 modo
2107 2214 2225 2254 esse
2267 2200 2571 2269 Opinantnr,
2617 2201 2925 2271 ignorantes
2966 2207 3339 2265 excellentiam
3380 2227 3483 2280 qua

1905 2287 2156 2344 Dominus
2183 2299 2266 2345 est
2295 2292 2456 2360 ipsius
2486 2291 2669 2356 David,
2695 2294 2983 2349 secundum
3023 2297 3072 2350 id
3099 2301 3239 2366 quod
3272 2315 3355 2356 est
3398 2302 3487 2357 Fi-

1901 2379 2004 2434 lius
2033 2381 2144 2436 Dei.
2181 2381 2334 2438 Unde
2373 2385 2490 2438 illos
2518 2385 2570 2437 in
2597 2384 2883 2454 Evang:-lio
2915 2386 3182 2455 redarguit
3225 2408 3318 2459 per
3346 2410 3476 2458 pro-
3509 2401 3516 2409 '

1901 2472 2156 2542 phctiam,
2187 2491 2304 2544 qua:
2345 2476 2510 2545 ipsius
2561 2476 2721 2530 David
2762 2495 2856 2532 ore
2884 2479 3082 2546 prolata
3127 2494 3230 2536 est.
3277 2485 3484 2553 Qumrit

1901 2565 2040 2618 cnim
2084 2565 2274 2631 abeis,
2326 2583 2484 2634 quem
2535 2568 2646 2636 ipse
2697 2569 2861 2623 David
2915 2572 3193 2625 Dominum
3224 2578 3476 2649 appellat,

1899 2656 2167 2724 quomodo
2195 2657 2331 2712 titius
2355 2659 2470 2724 ejus
2497 2659 2562 2713 sit
2584 2657 2794 2728 (.llatth.
2827 2678 2952 2724 χχιι.
2981 2664 3170 2736 42-43)
3201 2681 3216 2719 :
3246 2671 3329 2722 cui
3366 2671 3468 2727 de-

1900 2745 2089 2802 berent
2117 2749 2294 2816 utique
2319 2751 2644 2818 respondere
2665 2753 2804 2822 quod
2841 2754 3130 2809 secundum
3171 2771 3385 2814 carnem
3419 2761 3482 2815 ﬂ-

1900 2836 2002 2891 lius
2027 2847 2170 2892 esset
2202 2839 2386 2904 David,
2419 2841 2714 2895 secundum
2742 2842 3073 2899 divinitatem
3105 2857 3283 2903 antetn
3313 2850 3476 2908 Filius

1900 2927 1994 2981 Dei
2021 2941 2075 2982 et
2103 2929 2358 2984 Dominus
2382 2931 2545 3001 ipsius
2581 2932 2759 2986 David.
2787 2934 2936 3002 Quod
2967 2936 3160 2992 l’anlns
3199 2943 3473 3008 apostolus

1900 3017 2024 3086 quia
2044 3018 2152 3086 jam
2178 3018 2455 3086 didicerat,
2507 3034 2848 3093 posteaquam
2871 3025 3022 3092 dixit,
3062 3029 3114 3082 in
3146 3028 3476 3103 Emmgetiam

1900 3107 2018 3176 Dei,
2046 3111 2180 3181 quod
2208 3123 2323 3167 ante
2361 3117 2657 3183 promiserat
2688 3133 2776 3184 per
2807 3116 3088 3190 Prophetas
3119 3139 3236 3179 suos
3265 3126 3317 3179 in
3340 3127 3484 3181 Scri-

1903 3202 2064 3270 pturis
2094 3203 2280 3256 sanctis
2318 3204 2382 3257 de
2412 3204 2547 3260 Filio
2576 3224 2689 3272 suo,
2721 3210 2806 3279 qui
2835 3214 3000 3280 [actus
3048 3225 3120 3266 est
3146 3215 3192 3267 ei
3214 3232 3276 3269 ex
3297 3220 3484 3275 semine

1900 3291 2090 3357 David,
2132 3294 2356 3362 addidit,
2389 3293 2660 3353 sectmdimt
2706 3319 2907 3356 carnem
2937 3321 2956 3358 :
2984 3322 3050 3361 ne
3092 3307 3191 3363 hoc
3229 3310 3400 3368 solum
3427 3324 3483 3370 et

1903 3392 2071 3438 totum
2103 3385 2153 3439 in
2174 3383 2388 3444 Christo
2413 3403 2532 3445 esse
2556 3392 2960 3461 arbitrarentur,
2993 3399 3134 3467 quod
3163 3399 3330 3458 factus
3367 3415 3483 3461 erat

1901 3476 2192 3530 secundum
2219 3494 2452 3534 carnem.
2486 3481 2742 3537 Addendo
2767 3501 2914 3555 ergo,
2949 3492 3222 3544 secundum
3255 3510 3481 3566 coruunt,

1903 3572 2132 3623 servavit
2154 3569 2412 3624 divinitati
2455 3572 2763 3640 dignitatem
2804 3592 2974 3631 suam.
3003 3582 3132 3646 anc
3169 3599 3273 3636 non
3301 3586 3477 3642 solum

1903 3661 2088 3714 semini
2115 3660 2298 3726 David,
2327 3662 2420 3717 sed
2458 3679 2554 3717 nec
2579 3665 2733 3720 alicui
2757 3668 3008 3737 angelica:
3028 3681 3118 3724 aut
3140 3675 3371 3742 cujusvis
3389 3693 3486 3733 ex-

1902 3750 2297 3804 cellentissima:
2361 3765 2618 3810 creatura:
2663 3758 2994 3826 generationi
3066 3763 3222 3818 tribui
3272 3777 3481 3835 potest;

1904 3838 2329 3909 quandoquidctn
2354 3843 2522 3911 ipsum
2545 3857 2628 3899 est
2659 3846 2887 3904 Verbum
2915 3851 3030 3916 Dei,
3066 3869 3160 3924 per
3179 3857 3318 3926 quod
3345 3859 3479 3916 facta

1905 3941 2028 3986 sunt
2057 3933 2252 3987 omnia.
2278 3935 2428 4003 Quod
2459 3936 2691 3993 Verbum
2726 3957 2788 3994 ex
2819 3944 3022 3998 semine
3056 3946 3220 4001 David
3252 3965 3377 4004 caro
3405 3953 3482 4007 fa-

1907 4032 2050 4078 ctum
2081 4034 2185 4088 est,
2229 4033 2284 4079 et
2318 4026 2567 4081 habitavit
2599 4029 2650 4082 in
2699 4032 2850 4084 nobis
2876 4031 3053 4100 (Joan.
3098 4053 3135 4101 ι,
3187 4043 3235 4105 l,
3264 4039 3318 4104 3,
3353 4042 3467 4112 id),

1908 4130 2014 4172 non
2064 4126 2324 4175 mutatum
2364 4127 2420 4173 et
2446 4134 2758 4175 conversum
2801 4124 2851 4177 in
2891 4139 3138 4191 carnem;
3171 4129 3262 4183 sed
3309 4147 3471 4190 carne

1908 4216 1963 4262 ut
1991 4209 2291 4264 carnalibus
2334 4223 2695 4281 congruenter
2730 4226 3007 4285 appareret
3052 4219 3310 4276 indutum.
3335 4225 3479 4291 Qua-

1909 4309 2127 4369 pr0pter
2152 4301 2440 4369 Apostolus
2485 4317 2589 4358 non
2617 4303 2790 4360 solum
2812 4321 2877 4362 co
2898 4307 3060 4364 verbo
3088 4311 3229 4380 quod
3269 4313 3362 4379 ait,
3393 4331 3476 4368 se-

1908 4392 2127 4445 cundum
2153 4409 2377 4459 carnem,
2407 4395 2788 4452 humanitatem
2825 4413 2857 4454 a
2885 4399 3159 4458 divinitate
3201 4404 3473 4475 distinxit;

1911 4481 2005 4538 sed
2035 4482 2194 4538 etiam
2220 4484 2312 4539 illo
2331 4500 2435 4556 quo
2456 4487 2549 4551 ait,
2571 4488 2738 4557 [actas
2775 4499 2867 4545 est.
2899 4491 3012 4547 Non
3038 4502 3120 4549 est
3142 4496 3283 4551 enim
3311 4496 3481 4554 lactus

1917 4574 2210 4630 secundum
2241 4575 2292 4630 id
2317 4579 2455 4648 quod
2478 4579 2713 4636 Verbum
2744 4583 2838 4638 Dei
2872 4593 2972 4639 est.
2992 4584 3178 4641 Omnia
3215 4589 3355 4644 enim
3391 4607 3487 4661 per

1914 4667 2088 4734 ipsum
2119 4666 2253 4721 facta
2282 4678 2443 4735 sunt;
2484 4687 2583 4726 nec
2610 4671 2722 4726 fieri
2757 4689 2876 4729 cum
2903 4679 3148 4734 omnibus
3178 4691 3357 4750 posset
3393 4699 3488 4754 per

1909 4771 2068 4826 quem
2095 4755 2230 4812 facta
2257 4769 2378 4813 sunt
2402 4762 2603 4816 omnia.
2633 4762 2816 4833 Neque
2839 4775 2962 4822 ante
2989 4770 3166 4823 omnia
3192 4770 3362 4826 factus
3381 4782 3484 4843 est,

1910 4856 1964 4900 ut
1991 4861 2085 4916 per
2130 4847 2300 4916 ipsum
2334 4849 2521 4905 tierent
2561 4855 2736 4908 omnia
2780 4857 2939 4925 :ipso
2980 4860 3121 4914 enim
3165 4873 3407 4933 excepto,
3437 4866 3485 4920 si

1910 4947 2035 4992 ante
2061 4937 2144 4992 illa
2169 4938 2279 5006 jam
2319 4939 2487 4996 lactus
2510 4953 2672 5009 esset,
2696 4961 2799 5000 non
2831 4959 3012 5004 essent
3050 4951 3134 5006 illa
3159 4957 3336 5008 omnia
3363 4974 3485 5028 qua:

1911 5044 2007 5100 per
2041 5029 2184 5083 illum
2223 5033 2442 5098 tierent;
2474 5051 2571 5090 nec
2601 5049 2817 5106 possent
2837 5056 2960 5098 vere
3000 5043 3104 5100 dici
3142 5045 3279 5102 facta
3307 5055 3488 5111 omnia

1912 5134 2008 5190 per
2030 5119 2224 5188 ipsum,
2250 5122 2302 5175 in
2332 5125 2524 5193 quibus
2553 5126 2664 5196 ipse
2691 5144 2795 5184 non
2819 5141 2983 5201 esset,
3012 5137 3056 5190 si
3088 5136 3201 5208 ipse
3224 5141 3384 5198 etiam
3410 5145 3486 5199 l'a-

1913 5220 2029 5265 ctus
2072 5219 2233 5266 esset.
2266 5212 2331 5268 Et
2377 5214 2496 5270 ideo
2542 5218 2831 5288 Apostolus
2872 5238 2992 5280 cum
3038 5225 3237 5285 factum
3283 5233 3487 5289 diceret

1913 5302 2200 5371 Christum,
2229 5306 2449 5376 addidit,
2500 5313 2775 5367 secundum
2811 5333 3051 5386 carnem;
3092 5331 3150 5376 ut
3194 5324 3485 5380 secundum

1916 5393 2147 5451 Verbum
2174 5399 2314 5469 quod
2344 5411 2427 5456 est
2453 5401 2618 5460 Filius
2649 5405 2761 5476 Dei,
2794 5424 2899 5465 non
2938 5411 3132 5466 lactant
3162 5427 3194 5467 a
3223 5412 3357 5482 Deo,
3389 5416 3486 5472 sed

1914 5499 2095 5544 natum
2120 5506 2242 5546 esse
2268 5505 2606 5552 monstraret.

1987 5581 2041 5636 5.
2082 5581 2339 5638 Eumdem
2392 5587 2523 5643 Sane
2565 5589 2734 5659 ipsum
2760 5593 2848 5659 qui
2869 5592 3143 5648 secandam
3180 5611 3379 5650 carnem
3409 5603 3486 5656 fa-

1916 5684 2024 5728 ctus
2049 5684 2120 5728 est
2158 5692 2221 5729 ea;
2258 5678 2444 5734 semine
2485 5678 2666 5743 David.
2695 5683 3102 5749 pradestinatum
3136 5687 3267 5742 dicit
3298 5686 3488 5746 Filiam

1915 5766 2036 5836 Dei,
2058 5769 2112 5824 in
2135 5770 2312 5827 virtute
2335 5788 2354 5828 :
2379 5787 2487 5830 non
2517 5775 2804 5830 secundum
2831 5791 3068 5841 carnem.
3097 5780 3186 5836 sed
3208 5783 3484 5840 secundum

2550 5853 3090 5935 {Scirona-six.)
