3956 6372
567 309 712 380 Ξὺθὸ

573 456 656 502 tas
697 440 974 514 praesentis
1011 435 1115 493 loci
1141 433 1530 504 Scripturarum
1572 430 1716 492 sinit,
1762 441 1866 482 non
1902 428 1978 481 sic
2021 427 2158 480 acci-

567 535 817 608 piendam
865 533 1087 606 gratiam
1136 536 1190 584 et
1239 541 1421 597 pacem
1473 523 1587 586 Dei,
1644 535 1765 576 cum
1815 520 2047 586 dicitur,
2102 527 2160 574 ut

568 631 874 688 existiment
914 625 1155 681 homines
1181 638 1210 676 a
1235 619 1436 689 justitia
1468 617 1634 670 Deum
1677 627 1833 684 posse
1857 611 2151 667 discedere.

565 720 700 778 Nam
732 732 785 776 et
806 721 974 790 ipsam
1002 726 1185 784 pacem
1215 724 1337 764 cum
1367 705 1702 776 promitteret
1728 703 2004 767 Dominus,
2034 702 2110 756 ait
2139 719 2151 756 :

570 811 699 868 Haec
737 810 864 871 dixi,
907 813 962 859 ut
1001 803 1057 858 in
1093 816 1173 855 me
1201 814 1376 869 pacem
1405 796 1649 856 habeatis.
1681 796 1736 848 in
1773 793 1962 848 mundo
1987 801 2155 846 autem

566 914 851 976 pressuram
880 893 1060 966 (Ioan.
1091 907 1204 958 XVI,
1244 890 1357 959 55).
1382 887 1488 944 Sed
1519 885 1880 941 tribulationes
1907 894 1960 939 et
1982 883 2155 938 mole-

565 975 683 1048 alia:
710 1005 831 1045 cum
859 1003 953 1059 per
971 984 1234 1056 justitiam
1263 980 1356 1035 Dei
1380 978 1675 1034 redduntur
1709 976 1959 1047 peccatis,
1987 975 2156 1030 bonos

566 1091 620 1140 et
642 1082 836 1152 justus,
867 1087 922 1134 et
948 1077 1141 1148 quibus
1174 1073 1284 1142 jam
1313 1071 1430 1141 plus
1471 1077 1687 1140 peccata
1733 1069 1846 1138 ipsa
1873 1065 2158 1135 displicent

473 1187 482 1204 '
565 1189 724 1243 quain
751 1171 855 1226 ulla
883 1167 1127 1238 corporis
1153 1178 1332 1236 praua,
1379 1176 1484 1215 non
1518 1159 1801 1215 reﬂectunt
1828 1157 1894 1213 ad
1929 1172 2154 1226 peccan-

563 1264 714 1330 dum,
759 1261 854 1318 sed
895 1260 964 1315 ab
1001 1257 1145 1315 omni
1187 1255 1304 1310 labe
1344 1253 1552 1324 penitus
1584 1259 1820 1322 purgant.
1877 1249 1981 1303 Pax
2012 1248 2155 1302 enim

564 1354 798 1426 perlecta
823 1350 983 1408 etiam
1003 1345 1245 1418 corporis
1265 1358 1364 1399 suo
1389 1354 1630 1412 tempore
1654 1340 1866 1397 dabitur
1883 1339 1923 1403 ⁸,
1949 1339 1994 1392 si
2017 1351 2156 1392 nunc

563 1464 749 1520 pacem
765 1459 924 1515 quam
947 1442 1206 1497 Dominus
1229 1454 1324 1510 per
1345 1437 1502 1492 iidem
1523 1435 1653 1490 dare
1672 1434 1796 1502 dign
1815 1439 1919 1486 itus
1946 1439 2049 1496 est,
2074 1430 2157 1484 in-

563 1551 822 1596 concusse
838 1535 1054 1605 spiritus
1066 1542 1247 1588 uoster
1266 1537 1424 1598 atque
1437 1524 1940 1582 incommutabiliter
1957 1529 2152 1577 teneat.

635 1629 725 1683 11.
755 1625 907 1694 Quod
935 1635 1115 1679 autem
1146 1619 1431 1691 Apostolus
1454 1615 1676 1689 gratiam
1699 1623 1755 1670 et
1778 1629 1961 1683 pacein
1988 1629 2018 1668 a
2045 1612 2153 1667 Deo

562 1720 722 1777 Patre
747 1726 804 1772 et
848 1715 1071 1769 Domino
1118 1720 1299 1765 nostro
1322 1707 1449 1763 Iesu
1488 1705 1701 1762 Christo
1742 1705 1891 1771 dicit,
1925 1719 2030 1760 non
2058 1703 2156 1758 ad-

564 1811 797 1882 iungens
824 1805 984 1861 etiam
1009 1801 1265 1873 Spiritum
1293 1807 1570 1863 sanctum;
1604 1812 1708 1852 non
1740 1796 1868 1850 mihi
1892 1795 1994 1850 alia
2023 1794 2157 1850 ratio

563 1899 793 1959 videtur,
815 1895 914 1950 nisi
934 1893 1054 1964 quia
1086 1892 1256 1960 ipsum
1276 1888 1475 1944 donum
1502 1888 1600 1942 Dei
1619 1886 1878 1956 Spiritum
1907 1899 2154 1940 sanetum

563 1991 920 2060 intelligamus
957 2002 972 2038 :
1013 1983 1177 2054 gratia
1227 1996 1386 2052 porro
1425 1989 1480 2035 et
1528 1995 1666 2050 pax,
1712 1977 1838 2050 quid
1888 1976 2030 2032 aliud
2075 1985 2160 2031 est

563 2095 722 2152 quam
747 2076 949 2132 donum
981 2074 1108 2128 Dei?
1153 2070 1306 2127 Unde
1344 2070 1492 2125 nullo
1518 2069 1676 2124 modo
1703 2067 1819 2122 dari
1851 2066 2157 2122 hominibus

563 2171 732 2244 gratia
772 2175 950 2240 potest
975 2180 1078 2236 qua
1119 2163 1407 2218 liberamur
1440 2177 1469 2214 a
1511 2160 1764 2231 peccatis,
1812 2168 1868 2213 et
1913 2173 2010 2227 pax
2053 2173 2156 2226 qua

563 2261 974 2322 reconciliantur
996 2257 1122 2322 Deo,
1152 2255 1251 2310 nisi
1277 2253 1329 2308 in
1355 2252 1554 2323 Spiritu
1579 2263 1784 2307 sancto.
1817 2250 1880 2304 Et
1906 2248 2027 2304 ideo
2045 2249 2156 2318 ipsa

564 2357 800 2414 Trinitas
828 2352 1128 2424 pariterque
1158 2344 1606 2401 incommutabilis
1636 2343 1811 2396 unitas
1843 2342 1894 2394 in
1924 2341 2022 2394 ista
2067 2354 2157 2393 sa-

566 2448 824 2505 lutatione
850 2441 1206 2515 cognoscitur.
1229 2436 1382 2508 Quod
1409 2447 1688 2507 propterea
1713 2432 1943 2488 maxime
1967 2430 2155 2498 credo,

565 2541 818 2614 quoniam
847 2543 1068 2605 excepta
1098 2530 1334 2602 Epistula
1362 2544 1520 2598 quam
1549 2527 1613 2580 ad
1648 2525 1898 2580 llebrasos
1925 2522 2155 2591 scripsit,

567 2636 657 2692 ubi
685 2631 997 2704 principium
1029 2625 1396 2682 salutatorium
1421 2621 1489 2676 de
1518 2619 1776 2674 industria
1804 2617 1999 2672 dicitur
2025 2614 2161 2668 uini-

567 2727 722 2789 sisse,
771 2737 838 2778 ne
864 2719 1032 2776 ,ιιιόωί
1074 2717 1166 2789 qui
1201 2715 1463 2771 adversus
1502 2727 1622 2766 eum
1657 2710 1966 2780 pugnaciter
2009 2706 2160 2760 obla-

571 2817 801 2877 trabant,
848 2811 1063 2866 nomine
1087 2809 1204 2878 ejus
1231 2805 1420 2860 oll‘ensi
1451 2803 1534 2858 vel
1563 2801 1777 2856 inimico
1805 2799 1984 2853 animo
2014 2797 2158 2867 lege-

567 2916 710 2973 rent,
734 2905 820 2961 vel
842 2902 1061 2958 omnino
1093 2901 1268 2970 legere
1290 2913 1394 2951 non
1420 2903 1689 2960 curarent,
1717 2892 1857 2963 quod
1885 2889 1951 2944 ad
1972 2903 2159 2945 eorum

568 2999 798 3054 salutem
836 2996 1162 3064 scripserat:
1197 2988 1336 3044 ttude
1379 2986 1616 3042 nonnulli
1640 2998 1761 3040 eam
1803 2983 1856 3036 in
1897 2995 2158 3036 canonem

578 3087 975 3156 Scripturarutn
1013 3082 1251 3150 recipere
1276 3082 1566 3134 timuerunt
1593 3092 1610 3131 :
1635 3074 1728 3131 scd
1759 3089 1970 3146 quoquo
2001 3071 2160 3128 modo

571 3195 635 3237 se
663 3179 857 3234 habeat
882 3177 980 3230 ista
1010 3174 1253 3244 quzestio,
1283 3180 1502 3239 excepta
1533 3170 1631 3222 hac
1664 3165 1920 3236 Epistula,
1951 3174 2159 3219 033ler

573 3285 762 3328 omnes
805 3282 925 3337 qua:
964 3265 1108 3320 nulla
1147 3263 1422 3318 dubitante
1458 3258 1695 3314 Ecclesia
1743 3255 1891 3310 Pauli
1935 3254 2159 3324 apostoli

566 3365 694 3420 'esse
742 3360 1042 3423 ﬁrmantur,
1095 3356 1253 3411 talem
1299 3355 1571 3409 continent
1612 3349 2017 3408 salutationem;
2060 3347 2160 3401 nisi

575 3454 719 3527 quod
745 3452 812 3509 ad
850 3451 1189 3506 Timotheum
1215 3448 1268 3502 in
1296 3455 1516 3513 utraque
1541 3441 1828 3510 interponit
1856 3439 2160 3493 miscricor-

574 3547 740 3604 diam.
789 3543 921 3599 Nam
962 3541 1031 3596 ita
1071 3539 1302 3596 scribit:
1335 3535 1532 3602 Gratia,
1587 3533 1951 3596 misericordia,
2000 3548 2101 3602 pax
2129 3549 2162 3585 a

581 3637 688 3693 Deo
720 3635 895 3700 Patre,
922 3643 969 3688 et
997 3631 1124 3687 Iesu
1147 3629 1347 3687 Christo
1373 3626 1592 3682 Domino
1619 3635 1787 3680 nostro
1813 3625 1862 3694 (ι
1886 3633 1932 3679 et
1959 3622 1996 3676 ll
2025 3621 2158 3677 Tim.

575 3748 619 3799 ι,
654 3728 734 3803 ἓ).
765 3730 883 3797 Quo
909 3711 1052 3783 enim
1083 3723 1412 3788 familiarius,
1443 3738 1508 3777 eo
1533 3721 1740 3775 dulcius
1773 3717 2162 3789 quodammodo

580 3823 823 3879 scribens
866 3819 932 3873 ad
971 3817 1330 3882 Timotheum,
1363 3814 1414 3869 id
1442 3813 1662 3868 verbum
1693 3813 2025 3882 interposuit,
2057 3825 2162 3879 quo

582 3914 737 3986 plane
761 3911 996 3982 aperitur
1023 3915 1182 3978 atque
1218 3905 1513 3962 ostenditur
1558 3921 1662 3958 non
1699 3903 1902 3958 meritis
1941 3916 2161 3970 operum

579 4005 841 4076 priorum,
869 3999 963 4057 sed
989 3997 1277 4056 secundum
1305 3996 1720 4052 misericordiam
1749 3994 1840 4049 Dei
1872 3992 2025 4048 nobis
2050 3990 2163 4045 dari

579 4096 838 4169 Spiritum
865 4100 1131 4158 sanctum,
1162 4098 1220 4145 ut
1242 4102 1293 4146 et
1317 4100 1648 4160 peccatorum
1671 4088 1888 4144 abolitio
1917 4088 2023 4142 tiat.
2048 4085 2165 4155 qui-

578 4188 681 4244 bus
713 4186 1122 4259 sejungebamor
1143 4196 1176 4238 a
1203 4181 1347 4248 Deo;
1373 4189 1428 4237 et
1465 4179 1847 4246 reconciliatio,
1891 4188 1952 4232 ut
1987 4176 2059 4230 illi
2085 4176 2166 4230 in-

580 4279 898 4335 baareamus.

659 4367 747 4423 12.
787 4366 895 4423 Nec
917 4366 1036 4422 alite
1074 4365 1448 4435 Apostolorum
1472 4362 1741 4432 Epistolte,
1769 4377 1900 4432 quas
1928 4376 2052 4416 usus
2072 4375 2163 4415 ee-

585 4458 921 4516 clesiasticus
965 4455 1186 4524 recipit,
1239 4468 1424 4522 parum
1469 4468 1568 4508 nos
1614 4452 1902 4506 admonent
1954 4451 2023 4506 de
2065 4451 2164 4505 iSta

586 4548 848 4606 Trinitate
869 4547 922 4600 in
952 4544 1222 4616 principiis
1246 4543 1374 4596 suis.
1401 4541 1532 4596 Nam
1555 4541 1741 4596 Petrus
1763 4542 1832 4595 ita
1861 4540 2007 4604 dicit,
2034 4538 2167 4594 Gra-

587 4643 657 4696 tia
675 4639 811 4694 vobis
830 4649 875 4720 ct
898 4654 999 4709 pax
1010 4635 1348 4706 adimpleatur
1363 4651 1381 4687 :
1397 4633 1588 4689 deinde
1608 4634 1783 4688 statim
1815 4632 2046 4703 subjicit,
2064 4630 2166 4698 Be-

590 4733 819 4790 nedictus
833 4731 968 4787 Deus
982 4741 1026 4786 et
1048 4729 1204 4784 Pater
1222 4729 1427 4783 Domini
1447 4729 1602 4782 nostri
1615 4727 1740 4783 Iesu
1757 4727 1940 4785 Christi
1958 4728 2002 4798 (l
2021 4727 2162 4782 Petr.

522 4881 528 4886 .
584 4844 625 4886 t.
652 4825 748 4882 ﬂet
766 4826 860 4899 5).
892 4824 962 4882 Ut
991 4839 1085 4896 per
1108 4822 1329 4894 gratiam
1355 4830 1407 4876 et
1439 4835 1620 4891 pacein
1647 4818 1847 4890 Spiritu
1873 4831 2055 4876 sancto
2081 4819 2165 4875 iu-

525 4959 533 4988 ,
583 4919 838 4983 tellecto,
877 4915 1047 4971 Patris
1088 4923 1142 4969 ct
1183 4912 1301 4967 Filii
1341 4913 1779 4968 commemoratio
1821 4912 2055 4966 aninnun
2098 4911 2166 4966 de

524 5025 536 5081 ε·
585 5010 841 5065 Trinilate
865 5014 1218 5062 commoneat.
1253 5005 1319 5059 Et
1351 5005 1539 5060 inalia
1569 5005 1647 5060 sic
1687 5005 1796 5059 ait:
1831 5002 2006 5057 Gratia
2032 5004 2167 5058 vobis

523 5161 544 5170 ,γ
586 5109 636 5155 et
660 5115 762 5172 pas:
790 5099 1148 5169 multiplicetur
1172 5099 1225 5152 in
1249 5099 1584 5169 recognitione
1615 5096 1708 5152 Dei
1746 5105 1792 5150 et
1830 5095 2015 5150 Christi
2039 5095 2166 5150 Iesu

513 5233 550 5264 ,,
585 5190 798 5248 Domini
826 5190 982 5243 nostri
1012 5189 1090 5261 (ll
1131 5188 1274 5244 Petr.
1303 5205 1340 5256 ι,
1363 5190 1452 5260 2).
1497 5189 1728 5244 Joannes
1765 5196 1940 5243 autem
1987 5189 2166 5243 nescio

521 5335 528 5342 .
586 5299 749 5357 quam
777 5281 848 5338 ob
883 5296 1096 5336 causam
1143 5281 1318 5335 omisit
1357 5283 1460 5338 tale
1505 5282 1852 5353 principium;
1883 5281 1976 5336 sed
2012 5283 2166 5353 plane

589 5375 864 5434 Trinitatis
904 5372 1460 5429 commemorationem
1502 5389 1600 5428 nec
1637 5375 1750 5444 ipse
1778 5374 2026 5444 neglexit,
2069 5388 2166 5444 pro

589 5469 760 5541 gratia
778 5476 835 5524 et
859 5480 1009 5538 pace,
1031 5463 1341 5519 societatem
1368 5462 1709 5535 interponens
1738 5485 1750 5520 :
1784 5465 1934 5534 Quod
1959 5483 2073 5536 ergo
2090 5467 2164 5520 vi-

592 5562 779 5629 dimus,
805 5559 994 5630 inquit,
1022 5555 1312 5612 nuntiamus
1345 5564 1393 5610 et
1431 5557 1583 5618 robis.
1615 5567 1666 5610 ut
1691 5568 1737 5612 et
1763 5574 1850 5612 vos
1885 5558 2168 5614 societatem

594 5651 819 5708 habeatis
858 5649 1136 5715 nobiscum,
1173 5653 1223 5702 et
1247 5647 1458 5701 societas
1485 5656 1659 5701 nostra
1680 5648 1743 5701 sit
1779 5664 1894 5703 cum
1927 5646 2085 5705 Patre
2120 5657 2168 5706 et

659 5766 676 5794 ι
702 5761 776 5810 sic
795 5758 1046 5811 Vaticanus
1077 5767 1160 5811 Ms.
1189 5766 1240 5810 At
1275 5759 1413 5824 editi,
1448 5757 1767 5812 roborabitur.

1530 298 1882 370 Episrow
1918 303 2009 363 AD
2046 308 2395 384 nonanus,
2433 313 2491 370 s.
2530 309 2899 370 AUGUSTINI

3662 323 3773 383 i096

2276 426 2413 482 Filio
2433 427 2542 498 ejus
2568 423 2695 479 Iesu
2716 423 2916 478 Christo
2941 422 2988 493 (i
3014 423 3167 478 Ioan.
3197 441 3236 489 ι.
3265 427 3346 496 5).
3372 426 3429 482 In
3453 435 3656 487 secunda
3676 453 3774 498 rem

2267 519 2372 574 illis
2399 533 2520 589 quae
2563 515 2631 571 ad
2676 514 3016 570 Timotheum
3059 529 3182 571 sant
3207 529 3478 589 consonat,
3505 521 3690 593 dicens,
3715 531 3774 586 sn

2265 612 2516 666 uobiscum
2553 611 2739 680 gratia,
2771 610 3134 675 misericordia,
3161 595 3318 682 pexa
3346 612 3446 669 Deo
3475 616 3610 673 Patre
3633 632 3668 676 et
3687 623 3776 680 Iesu

2265 702 2465 758 Christo
2491 701 2624 757 Filio
2656 700 2828 756 Patris
2853 701 2920 772 tu
2948 700 3107 757 Ioan.
3139 720 3178 771 ι,
3205 706 3287 776 s).
3315 706 3370 761 In
3399 709 3554 765 tertia:
3577 699 3776 787 principio

2262 793 2332 851 de
2361 795 2618 852 Trinitate
2659 794 2868 865 penitus
2897 804 3119 859 tacetur,
3149 797 3334 863 credo,
3359 800 3494 869 quod
3530 804 3591 858 sit
3609 810 3774 864 omnino

2265 888 2601 943 brevissima.
2639 886 2728 943 Sic
2757 886 2899 941 enim
2931 885 3116 954 incipit
3146 905 3159 940 :
3197 887 3380 943 Senior
3414 889 3532 945 Gaio
3571 895 3775 953 dilectissi-

2270 994 2374 1042 mo,
2405 995 2550 1046 quem
2577 993 2667 1048 ego
2695 977 2852 1047 diligo
2894 977 2944 1029 in
2973 977 3176 1031 veritate
3204 976 3296 1047 (Ill
3326 976 3476 1034 Ioan.
3507 998 3540 1046 i,
3569 983 3633 1053 1).
3658 987 3776 1052 Quam

2261 1070 2539 1126 veritatem
2567 1085 2662 1139 pro
2687 1069 2802 1138 ipsa
2831 1068 3090 1123 Trinitate
3113 1069 3344 1139 positam
3391 1081 3526 1140 puto.
3556 1074 3692 1132 indas
3714 1095 3777 1133 n0-

2263 1164 2463 1218 minato
2491 1164 2599 1217 Deo
2622 1163 2778 1217 Patre
2806 1169 2861 1216 et
2903 1162 3126 1216 Domino
3151 1161 3282 1218 Jesu
3309 1163 3536 1230 Christo,
3559 1166 3615 1220 ad
3634 1169 3774 1224 intelli-

2261 1255 2492 1324 gendum
2536 1254 2793 1323 Spiritum
2833 1262 3094 1318 sanctum,
3127 1254 3230 1309 hoc
3259 1265 3345 1311 est
3372 1256 3555 1311 donum
3583 1259 3675 1324 Dei,
3707 1263 3773 1316 tria

2261 1348 2422 1402 verba
2466 1348 2614 1418 ponit
2643 1363 2660 1413 ;
2691 1347 2768 1401 sic
2812 1347 3007 1417 quippe
3047 1346 3254 1417 incipit,
3305 1346 3466 1402 Iudas
3501 1347 3607 1404 Iesu
3645 1352 3774 1408 Cinna

2261 1454 2452 1502 servus,
2497 1442 2658 1508 frater
2693 1448 2861 1490 autent
2898 1434 3101 1503 Jacobi,
3130 1437 3185 1490 iu
3225 1435 3338 1492 Deo
3380 1436 3528 1492 Patre
3560 1441 3726 1506 dilectis,
3747 1452 3775 1496 et

2261 1527 2386 1583 Iesu
2415 1527 2614 1582 Christo
2654 1527 2956 1581 conservatis
2984 1536 3031 1581 et
3055 1529 3267 1594 vocatis,
3313 1529 3624 1584 misericordia
3659 1535 3772 1599 robii,
3864 1537 3865 1550 ‘

2261 1629 2308 1674 et
2345 1636 2448 1691 pax
2485 1630 2534 1674 et
2575 1619 2798 1674 charitas
2830 1619 3168 1690 adimpleatur
3218 1617 3409 1687 (Iuda:
3455 1637 3492 1687 ι,
3539 1622 3607 1692 1).
3637 1621 3771 1677 Gratis

2261 1713 2405 1768 enim
2449 1721 2503 1768 et
2546 1727 2646 1782 pax
2688 1711 2805 1766 sine
2844 1711 3212 1766 misericordia
3254 1720 3311 1766 et
3350 1711 3773 1784 cliaritateiiitelligi

2263 1820 2370 1860 non
2414 1813 2606 1876 potest.
2649 1804 2880 1861 lacubus
2925 1813 3105 1861 autem
3147 1806 3541 1861 usitatissimum
3565 1807 3770 1863 exordium

2263 1895 2386 1950 fecit
2413 1896 2683 1964 Epistulae,
2734 1895 2805 1950 ita
2843 1896 3088 1951 scribens
3121 1915 3135 1951 :
3167 1894 3398 1952 Iacobus
3432 1896 3521 1952 Dei
3554 1907 3590 1952 et
3623 1896 3772 1952 Domini

2262 1989 2421 2043 nostri
2447 1992 2577 2043 Iesu
2615 1987 2806 2043 Christi
2828 2005 3024 2053 servus,
3055 1989 3324 2044 duodecim
3357 1991 3562 2044 tribubus
3587 2006 3675 2060 qua
3692 2000 3771 2043 sunt

2266 2079 2320 2133 in
2355 2079 2683 2150 dispersione,
2715 2080 2928 2134 salutem
2969 2079 3175 2151 (Jacobi
3213 2095 3252 2144 ι,
3289 2080 3360 2151 1).
3394 2080 3567 2144 Credo,
3590 2082 3767 2136 oonside-
3864 2103 3865 2156 ι

2263 2189 2388 2229 rans
2427 2175 2650 2228 salutem
2679 2189 2783 2227 non
2813 2187 2934 2228 esse
2962 2173 3060 2226 nisi
3108 2173 3163 2227 in
3201 2172 3344 2228 dono
3373 2172 3463 2226 Dei
3490 2175 3526 2238 ί,
3556 2172 3630 2226 ubi
3652 2172 3766 2241 grati:

2263 2274 2317 2320 et
2344 2282 2461 2335 pax.
2504 2265 2569 2319 Et
2608 2280 2911 2336 quanquam
2940 2273 3067 2321 ante
3112 2265 3218 2320 huc
3245 2265 3459 2320 verbum
3500 2265 3768 2319 nominaverit
3864 2273 3865 2336 ξ

2265 2359 2432 2412 Deum
2460 2367 2514 2412 et
2543 2358 2826 2412 Dominum
2854 2366 3094 2411 nostrum
3125 2357 3316 2412 Jesum
3341 2357 3621 2419 Christum;
3645 2365 3769 2409 tamen

2263 2449 2382 2519 quia
2410 2449 2548 2502 nulla
2580 2449 2743 2520 gratia
2773 2458 2828 2503 et
2867 2450 3009 2503 nulla
3055 2463 3202 2520 pace
3241 2450 3368 2504 salvi
3413 2450 3533 2503 liunt
3558 2448 3765 2513 homines,

2271 2540 2370 2594 nisi
2399 2555 2517 2609 qua:
2543 2549 2626 2594 est
2643 2557 2672 2593 ιι
2704 2539 2812 2594 Deo
2834 2538 2989 2595 Patre
3008 2550 3064 2595 et
3090 2541 3325 2595 Domino
3349 2539 3466 2594 Jesn
3489 2539 3680 2601 Christo,
3696 2539 3768 2591 sic-

2265 2640 2329 2684 ut
2357 2629 2588 2684 Joanues
2631 2630 2684 2684 in
2715 2630 2866 2684 tertia
2918 2631 3230 2697 veritatem,
3259 2632 3336 2686 sic
3373 2631 3466 2685 iste
3493 2630 3676 2686 salutem
3706 2641 3769 2699 pro
3864 2651 3865 2656 π

2263 2720 2376 2790 ipsa
2403 2720 2662 2775 Trinitate
2695 2722 2934 2790 pusuisse
2966 2721 3096 2774 niihi
3131 2721 3369 2776 videtur.

2336 2812 2422 2866 15.
2463 2810 2579 2877 Quo
2607 2811 2723 2866 loco
2754 2826 2972 2881 prorsus
3009 2826 3115 2866 non
3145 2813 3386 2866 arbitror
3407 2810 3766 2884 pra-tereundum,

2264 2902 2402 2973 quod
2445 2911 2593 2971 pater
2643 2902 2882 2957 Valerius
2926 2901 3313 2960 animadvertit
3352 2906 3594 2959 admirans
3617 2903 3658 2958 in
3678 2917 3769 2972 quo-

2264 2994 2505 3050 rumdam
2549 2996 2935 3049 rusticattorttttt
2960 2995 3168 3051 collosu
3187 2998 3347 3051 tione.
3388 2997 3510 3052 Cum
3536 2997 3650 3052 enim
3677 2995 3771 3047 alter
3864 3037 3865 3042 η

2263 3087 2415 3142 alteri
2458 3087 2695 3147 dixisset.
2743 3086 2920 3163 Salus,
2965 3087 3164 3157 (ιιιςιιείν
3185 3089 3226 3142 it
3265 3089 3332 3143 ab
3364 3104 3426 3144 eo
3462 3087 3542 3159 qui
3577 3097 3622 3142 et
3655 3087 3768 3140 latine
3864 3115 3865 3136 ι

2264 3189 2446 3233 nosset
2471 3189 2525 3232 et
2568 3178 2776 3248 punice,
2818 3179 2944 3248 quid
2974 3189 3117 3233 esset
3147 3178 3318 3235 Salus
3348 3197 3366 3233 :
3392 3191 3656 3248 responsum
3678 3185 3762 3241 est,
3864 3229 3865 3232 η

2268 3266 2406 3322 Tria.
2450 3267 2584 3322 Tum
2630 3267 2718 3321 ille
2761 3282 3058 3336 agnoscens
3097 3283 3234 3324 cum
3273 3270 3454 3341 gaudio
3491 3268 3676 3322 salutem
3699 3279 3768 3319 no-

2265 3368 2431 3413 stram
2458 3373 2578 3413 esse
2600 3357 2943 3422 Trinitatem,
2970 3361 3403 3416 convenientiam
3431 3361 3671 3430 linguarum
3690 3368 3768 3415 non

2265 3448 2482 3503 fortuitu
2517 3449 2594 3503 sic
2636 3450 2881 3504 sonuisse
2905 3449 3203 3506 arbitratus
3240 3464 3344 3514 est.
3383 3452 3467 3506 sed
3491 3450 3766 3516 occultissima
3864 3469 3865 3510 ξ

2265 3542 2661 3611 dispensatione
2681 3541 2875 3596 divitue
2910 3543 3267 3613 providentia
3299 3563 3312 3597 :
3346 3556 3398 3598 ut
3424 3558 3521 3598 cuin
3540 3541 3667 3594 latine
3686 3553 3766 3590 no-

2266 3635 2495 3688 minatur
2524 3634 2702 3699 Salus,
2728 3650 2758 3686 a
2788 3633 2999 3688 Punicis
3038 3634 3401 3705 intelligantur
3443 3634 3567 3698 Tria;
3589 3639 3634 3684 et
3664 3641 3760 3683 cuin

2268 3726 2448 3780 Punici
2489 3727 2662 3795 lingua
2706 3741 2802 3780 sua
2843 3725 2968 3780 Tria
2997 3729 3302 3795 nominant,
3332 3730 3480 3784 latine
3518 3723 3760 3790 intelligatur
3864 3735 3865 3792 ξ

2267 3816 2443 3872 Salus.
2488 3817 2786 3872 Chanana-a
2817 3820 2981 3884 enim,
3013 3822 3115 3874 huc
3159 3831 3262 3885 est,
3311 3821 3490 3874 Punici
3517 3815 3683 3875 mulier.
3716 3808 3762 3862 do
3864 3825 3865 3878 ί

2267 3911 2461 3965 ﬁnibus
2488 3910 2613 3982 Tyri
2635 3922 2683 3967 et
2705 3909 2918 3966 Sidonis
2941 3927 3180 3982 egressa.
3199 3929 3315 3982 qua:
3341 3914 3389 3968 in
3414 3907 3655 3978 Evangelio
3673 3915 3761 3973 pcr-

2266 4017 2451 4058 sonaut
2479 4000 2726 4056 Gentium
2760 4004 2918 4072 gerit,
2962 4005 3191 4060 salutem
3223 4004 3427 4075 petebat
3453 4003 3556 4056 litim
3577 4012 3682 4060 sum,
3703 3991 3762 4048 cui

2267 4110 2581 4166 responsum
2610 4105 2694 4150 est
2711 4115 2737 4147 a
2759 4095 2982 4150 Domino
3011 4113 3024 4148 :
3055 4095 3180 4151 Non
3206 4109 3276 4153 est
3301 4099 3474 4152 bonum
3499 4106 3647 4164 panem
3664 4085 3761 4156 ﬁlio-

2267 4206 2380 4243 rum
2422 4189 2612 4243 iititttre
2638 4188 2862 4243 canibus.
2908 4188 3059 4256 Quod
3089 4191 3293 4245 crimen
3322 4189 3566 4258 ubjectutn
3591 4183 3660 4236 illa
3691 4190 3760 4231 non

2268 4297 2490 4353 negans,
2542 4293 2788 4352 tanquam
2826 4281 2895 4337 de
2921 4280 3261 4338 confessione
3297 4290 3602 4352 peccatorum
3640 4273 3761 4337 impe-

2272 4385 2468 4431 tratura
2498 4375 2723 4430 salutem
2767 4373 2908 4439 filiae,
2940 4373 3042 4429 huc
3078 4385 3160 4429 est
3187 4391 3336 4429 novre
3372 4375 3486 4427 vita:
3524 4383 3618 4423 sua:
3643 4381 3653 4416 :
3677 4359 3759 4420 ιω.

2270 4467 2455 4537 inquit,
2488 4467 2718 4533 Domine,
2742 4482 2861 4519 nam
2883 4476 2927 4540 et
2947 4481 3097 4521 canes
3119 4468 3271 4520 edunt
3291 4467 3354 4519 de
3373 4463 3504 4518 micis
3521 4472 3616 4530 qua
3629 4452 3762 4540 Catilli!

2271 4559 2334 4612 de
2361 4575 2529 4613 mensa
2557 4557 2876 4612 dominorum
2901 4539 3109 4612 suorum
3129 4556 3342 4628 (Matth.
3374 4570 3460 4620 xv,
3481 4547 3660 4612 22-27).
3676 4539 3761 4596 Tria

2271 4651 2410 4705 enim
2439 4649 2676 4704 mulieris
2701 4647 2875 4718 lingua
2903 4647 3060 4703 Salus
3083 4657 3337 4704 vocantur
3363 4664 3376 4700 :
3403 4654 3507 4700 erat
3528 4640 3644 4694 enim
3661 4630 3760 4686 Ch:-

2272 4755 2475 4794 nana-a.
2505 4737 2658 4795 Unde
2687 4738 2996 4809 interrogati
3027 4739 3207 4794 rustici
3242 4737 3404 4792 nostri
3428 4733 3538 4804 Quid
3563 4730 3661 4790 sint»
3691 4734 3760 4792 Ρη·

2272 4831 2388 4885 nice
2417 4829 2799 4899 respondentes
2822 4827 3073 4892 Chanaui,
3097 4837 3343 4898 corrupta
3363 4826 3565 4883 scilicet,
3590 4816 3696 4872 sicut
3723 4809 3759 4861 in

2275 4923 2464 4976 talibus
2485 4922 2639 4981 Solet,
2671 4936 2771 4974 una
2792 4920 2988 4986 littera,
3007 4920 3131 4991 quid
3157 4919 3296 4974 aliud
3325 4911 3615 4986 respondent
3629 4913 3757 4974 quant.

2271 5011 2600 5069 Chananaii?
2628 5011 2823 5067 Peleus
2857 5013 3031 5082 itaque
3071 5012 3311 5073 salutem,
3342 5006 3618 5063 Trinitatem
3653 5000 3758 5064 μειϐ⁶

2272 5105 2361 5159 bat
2393 5120 2405 5155 :
2433 5103 2552 5174 quia
2592 5111 2648 5158 et
2673 5103 2909 5159 Romana
2939 5103 3134 5176 lingua,
3172 5119 3288 5173 qua:
3311 5102 3362 5156 in
3401 5094 3568 5154 salutis
3601 5084 3759 5144 nomine

2273 5194 2583 5250 Trinitatetn
2610 5194 2808 5252 Punice
2835 5204 3010 5260 sonat,
3051 5204 3204 5268 caput
3244 5191 3479 5249 Gentium
3515 5187 3684 5240 inventa
3701 5179 3759 5226 esi

2273 5288 2327 5343 in
2350 5287 2577 5343 adventu
2597 5288 2829 5352 Domini;
2855 5297 2910 5343 et
2930 5287 3157 5360 diximus
3173 5284 3507 5340 Cltananaiant
3528 5269 3754 5360 mulierem.

2275 5382 2522 5438 Gentium
2548 5382 2815 5438 sustinere
2865 5357 3161 5451 personam.
3212 5379 3403 5433 Panem
3430 5380 3586 5428 autem
3620 5355 3756 5430 appel‘

2276 5474 2392 5529 laus
2432 5473 2686 5528 Dominus
2715 5471 2766 5526 id
2811 5471 2981 5541 ipsum
3025 5471 3163 5543 quod
3193 5486 3224 5524 a
3265 5467 3472 5523 muliere
3514 5453 3752 5543 petebatur.

2274 5567 2396 5638 quid
2425 5565 2568 5622 aliud
2584 5581 2742 5636 quam
2759 5540 3002 5620 Trinitati
3020 5540 3324 5621 attestatur?
3342 5552 3555 5622 Namque
3567 5546 3650 5600 alio
3669 5540 3753 5638 loco

2275 5629 2516 5714 eamdem
2543 5629 2856 5713 Trinitatem
2900 5657 2952 5712 in
2980 5658 3143 5714 tribus
3185 5629 3749 5734 panibusjnwlliiend‘m

2341 5771 2358 5804 ι
2381 5772 2631 5825 vaticanns
2651 5778 2754 5835 Ms,
2783 5769 2834 5823 in
2855 5771 2994 5823 domo
3013 5769 3121 5823 Dei.

2701 5903 2706 5908 ,
2743 5895 2770 5904 ο-
