3956 6366
219 363 364 424 «111111

229 496 366 545 esse,
397 477 737 549 apertissime
767 475 940 531 docet.
961 472 1067 529 Sed
1083 472 1196 528 haec
1218 469 1502 526 verborum
1524 483 1823 525 consonan-

233 573 324 639 tia,
353 572 470 628 sive
513 569 841 641 provenerit,
867 567 980 620 sive
1011 565 1218 636 provisa
1249 563 1354 628 sit,
1383 577 1487 616 non
1518 563 1824 632 pugnaciter

239 664 496 738 agendum
541 673 624 717 est
653 672 710 716 iit
748 660 798 717 ei
827 660 1050 730 quisque
1080 656 1399 721 consentiat,
1447 655 1540 709 sed
1566 665 1823 725 quantum

243 755 631 829 interpretantis
655 753 972 824 elegantiam
1005 749 1244 805 hilaritas
1272 747 1539 802 audientis
1567 745 1819 800 admittit.

315 850 397 904 11.
437 846 566 902 lllud
593 859 723 900 sane
753 859 940 914 magna
969 841 1260 897 intentione
1282 841 1442 894 animi
1475 838 1822 894 consideran-

252 941 401 1006 dum,
444 948 497 992 et
545 937 669 992 totis
708 935 911 990 viribus
957 934 1167 1004 pietatis
1225 931 1650 1002 amplecteniluin
1694 929 1824 984 satis

257 1039 489 1102 apparet,
535 1028 787 1096 quoniam
833 1027 876 1083 si
919 1026 1085 1098 gratia
1133 1034 1188 1080 et
1243 1040 1341 1095 pax
1385 1023 1449 1077 ad
1502 1021 1822 1094 implendam

260 1123 508 1182 Trinitatis
533 1119 1096 1177 commemorationem
1127 1117 1206 1172 sic
1229 1117 1295 1170 ab
1311 1120 1346 1170 Α
1358 1115 1564 1185 postulo
1587 1113 1820 1184 partitur,

262 1233 319 1274 ac
350 1217 389 1272 si
415 1215 663 1285 Spiritum
710 1221 950 1268 sanctum
997 1212 1358 1273 nominasset;
1406 1209 1495 1264 ille
1543 1218 1728 1278 peccat
1771 1206 1824 1262 in

265 1308 493 1379 Spiritum
532 1315 798 1368 sanetum,
828 1304 916 1374 qui
945 1303 1258 1370 deSperans,
1289 1301 1368 1354 vel
1401 1299 1630 1355 irridens
1666 1309 1826 1368 atque

263 1407 585 1456 contemnens
614 1395 1042 1466 praedicationem
1074 1395 1257 1464 gratia:
1297 1408 1390 1461 per
1414 1407 1571 1462 quain
1613 1400 1826 1460 peccata

263 1490 528 1552 diluuntur,
573 1496 629 1542 et
681 1486 824 1556 pacis
869 1500 964 1553 per
1013 1500 1170 1554 quam
1221 1482 1625 1538 reconciliainnr
1675 1481 1824 1549 Deo,

266 1582 500 1638 detrectat
524 1594 682 1648 agerc
723 1575 1088 1648 paenitentiam
1132 1575 1200 1630 de
1227 1574 1460 1645 peccatis
1497 1575 1628 1633 suis,
1675 1582 1731 1627 et
1773 1574 1825 1627 in

265 1687 430 1728 eorum
455 1671 608 1738 impia
630 1678 790 1739 atque
818 1667 1087 1721 mortifera
1109 1665 1336 1737 quadam
1360 1665 1618 1720 suavitate
1637 1664 1830 1734 perdu-

264 1763 464 1820 raiidum
486 1761 580 1815 sibi
606 1775 726 1815 esse
741 1759 999 1820 decernit,
1023 1756 1149 1811 etin
1177 1758 1333 1810 linem
1358 1770 1526 1826 usque
1555 1755 1826 1826 perdurat.

266 1855 401 1924 Quod
441 1870 563 1924 erg.»
608 1856 684 1906 ait
724 1851 999 1916 Dominus,
1030 1849 1222 1903 dimitti
1262 1848 1483 1914 homini,
1524 1847 1569 1902 si
1610 1847 1828 1902 verbum

267 1947 440 2003 dixerit
475 1944 727 1999 adversus
771 1942 962 1999 Filium
1010 1940 1239 1995 hominis
1271 1957 1284 1993 :
1317 1940 1363 1994 si
1391 1948 1565 1994 autem
1609 1941 1830 1995 verbum

270 2037 444 2092 dixerit
459 2034 704 2088 adversus
723 2031 978 2102 Spiritum
995 2040 1258 2094 sanctum,
1289 2044 1395 2083 non
1421 2031 1468 2083 ei
1490 2028 1708 2096 dimitti,
1739 2046 1831 2086 ne-

269 2141 364 2199 que
388 2127 479 2190 hic,
501 2141 667 2196 neque
688 2125 740 2180 in
765 2123 942 2178 futuro
961 2123 1179 2185 saeculo,
1203 2121 1295 2175 s--d
1320 2136 1468 2175 reum
1491 2136 1613 2176 esse
1640 2121 1830 2178 10101111

267 2220 465 2291 peccati.
495 2234 598 2274 non
642 2218 972 2289 negligenter
1015 2213 1337 2270 audiendum
1367 2223 1468 2270 est.
1523 2213 1828 2271 Constitua-

267 2327 374 2368 mus
393 2313 524 2367 eiiiin
561 2312 792 2382 aliquem
825 2310 1002 2364 10111110
1046 2309 1238 2379 lingua:
1267 2309 1530 2379 ignarum,
1574 2326 1696 2365 cum
1742 2310 1832 2366 illo

264 2403 493 2458 audiente
509 2401 876 2473 pronuntiatus
897 2399 1134 2455 1⁵11011101)
1148 2399 1327 2470 aliquo
1347 2398 1578 2469 Spiritus
1595 2410 1828 2468 sanctus,

263 2512 481 2568 quierere
515 2495 641 2567 quid
683 2509 860 2550 rerum
909 2490 1236 2564 signiﬁcetur
1259 2492 1359 2546 sub
1386 2493 1487 2547 isto
1513 2491 1831 2563 syllabarum

263 2602 413 2653 sono;
439 2587 505 2641 ab
536 2588 715 2657 aliquo
755 2592 932 2640 autem
977 2584 1262 2652 decepture
1291 2583 1375 2639 vel
1405 2583 1624 2639 irrisore
1670 2584 1833 2654 impio

261 2678 552 2749 reaponderi
581 2676 778 2746 aliquid
805 2674 966 2740 aliud,
996 2675 1273 2745 quodlibet
1315 2674 1424 2730 vile
1448 2683 1502 2730 et
1541 2674 1829 2744 abjcctiim,

262 2779 319 2826 ut
362 2778 681 2841 querentem
730 2769 997 2840 decipiat,
1049 2767 1262 2822 81011110
1294 2767 1489 2822 talibus
1537 2767 1650 2822 ﬁeri
1697 2767 1834 2824 solet

263 2864 450 2920 ridendi
477 2863 678 2935 gratia;
714 2862 859 2917 illum
887 2869 1064 2916 autem
1093 2876 1188 2930 per
1213 2859 1561 2930 ignorantiam
1589 2869 1832 2917 contem-

260 2957 418 3026 psisse
440 2955 542 3011 hoc
579 2969 796 3020 nomen,
825 2952 950 3008 dum
976 2952 1146 3007 nescit
1179 2950 1308 3022 quid
1336 2951 1620 3022 signiticet,
1643 2961 1699 3006 01
1733 2952 1833 3007 ali-

260 3065 352 3122 qua
381 3051 534 3105 etiam
573 3049 626 3104 in
669 3049 772 3103 hoc
799 3047 1036 3102 convicia
1052 3045 1331 3122 jactitasse
1359 3061 1371 3097 :
1400 3044 1666 3099 neminem
1712 3060 1833 3102 esse

261 3120 473 3196 arbitror
495 3148 601 3194 tam
632 3152 824 3193 vanum
856 3145 912 3191 et
940 3120 1409 3196 inconsideratum,
1438 3133 1527 3205 qui
1559 3133 1701 3190 hunc
1731 3134 1831 3190 ho-

263 3230 444 3286 minem
473 3230 584 3286 ullo
611 3227 834 3284 crimine
864 3224 1148 3296 impietatis
1179 3231 1445 3295 aSpergat.
1489 3225 1558 3279 At
1605 3234 1786 3280 contra
1811 3268 1829 3292 ,

265 3322 307 3378 si
339 3324 490 3378 tacito
531 3320 748 3376 nomine
796 3332 884 3373 res
927 3317 1038 3386 ipsa
1089 3315 1268 3370 verbis
1315 3314 1508 3385 quibus
1550 3323 1726 3384 potest
1765 3315 1833 3371 ad

265 3414 530 3485 querentis
559 3409 958 3482 intelligentiam
988 3405 1330 3477 perducatur,
1361 3415 1471 3460 tum
1494 3421 1622 3461 vero
1647 3415 1835 3461 contu-

266 3507 467 3562 meliose
490 3506 544 3561 in
563 3513 760 3561 tantam
781 3499 1116 3556 sanctitatem
1143 3499 1229 3553 vel
1254 3497 1413 3552 verba
1435 3497 1522 3553 vel
1553 3495 1686 3551 facta
1711 3513 1835 3567 pro-

268 3598 452 3659 tulerit.
479 3612 600 3652 reus
627 3593 910 3652 tenebitur.
941 3591 1070 3660 01110
1089 3606 1210 3645 011111
1243 3590 1310 3644 1111
1337 3590 1463 3653 81111,
1493 3589 1833 3645 manifestum

267 3703 378 3746 esse
398 3691 634 3753 arbitror,
663 3702 785 3742 eum
811 3685 899 3756 qni
937 3683 1037 3738 hoc
1071 3682 1286 3736 nomine
1313 3681 1515 3747 audito,
1548 3681 1706 3734 aliain
1735 3696 1833 3751 pro

273 3781 366 3835 alia
400 3797 501 3837 rem
537 3778 823 3852 signiﬁcari
869 3774 1172 3847 putaverit;
1204 3782 1258 3828 et
1286 3773 1540 3828 adversus
1569 3788 1686 3828 eam
1718 3788 1832 3828 rem

271 3886 411 3942 quam
435 3869 713 3942 signiﬁcari
738 3869 836 3922 hoc
859 3866 1073 3921 nomine
1092 3862 1342 3928 credidit,
1363 3863 1582 3917 verbum
1605 3864 1829 3918 dixerit:

270 3978 365 4018 non
392 3965 521 4018 hunc
547 3965 626 4018 sic
650 3974 892 4033 peccare,
940 3967 997 4012 ut
1023 3957 1278 4011 adversus
1308 3954 1564 4024 Spiritum
1591 3965 1832 4010 sanctum

271 4055 468 4109 verbum
513 4054 713 4109 dixisse
737 4051 1022 4121 jiiilicetur.
1079 4047 1154 4102 Ita
1195 4060 1426 4117 quoque,
1471 4046 1515 4100 si
1555 4046 1834 4117 quisquam

271 4161 492 4215 quaerens
523 4145 647 4216 quid
674 4143 744 4197 sit
765 4141 999 4210 Spiritus
1023 4147 1262 4201 sanctus,
1293 4138 1473 4190 audiat
1497 4137 1564 4191 ab
1589 4137 1833 4207 imperito

273 4235 397 4294 hunc
421 4254 536 4293 esse
567 4235 758 4292 Filium
783 4233 876 4288 Dei
906 4247 1001 4303 per
1023 4244 1182 4302 quem
1203 4228 1339 4283 facta
1361 4238 1485 4282 sunt
1513 4227 1713 4293 omnia,
1744 4228 1835 4298 qui

273 4331 413 4386 etiam
447 4339 589 4386 certa
623 4325 1021 4400 opportunitate
1064 4320 1319 4391 temporis
1347 4320 1414 4376 de
1443 4319 1656 4391 Virgine
1681 4328 1835 4375 natus

270 4420 346 4478 sit.
381 4432 431 4477 et
457 4422 663 4479 occisus
707 4419 778 4473 sit
817 4433 847 4471 a
883 4414 1102 4479 .ludieis,
1145 4421 1202 4468 et
1230 4412 1602 4477 resurrexerit,
1642 4411 1835 4480 quibus

271 4513 440 4568 auditis
481 4514 568 4568 vel
614 4521 771 4581 neget
811 4509 892 4564 vel
925 4507 1142 4562 irrideat
1176 4519 1295 4575 qua:
1323 4503 1465 4558 dicta
1511 4512 1636 4558 sunt
1676 4521 1689 4558 :
1729 4521 1834 4559 non

271 4619 374 4660 eum
401 4606 475 4661 sic
499 4603 668 4661 teneri
697 4599 986 4674 putandum
1014 4607 1118 4665 est,
1145 4612 1210 4652 ac
1242 4595 1288 4650 si
1317 4595 1538 4652 verbum
1578 4595 1834 4652 adversus

271 4693 500 4764 Spiritum
521 4702 761 4748 sanctum
785 4690 1005 4750 dixerit;
1029 4688 1124 4743 sed
1160 4687 1335 4758 potius
1360 4685 1620 4741 adversus
1643 4685 1836 4741 Filium

272 4785 372 4851 Dei,
395 4789 472 4844 vel
503 4787 694 4843 Filium
721 4783 973 4840 hominis.
1000 4781 1137 4836 sicut
1162 4788 1218 4835 et
1244 4779 1420 4834 vocari
1439 4789 1493 4834 et
1516 4793 1634 4834 esse
1660 4778 1837 4850 digna-

272 4889 343 4934 tus
359 4890 453 4937 est.
481 4878 598 4936 Non
619 4877 762 4933 enim
786 4874 910 4947 quid
938 4873 1009 4929 sit
1037 4872 1284 4943 imperito
1308 4885 1403 4941 per
1428 4884 1613 4926 vocem
1638 4885 1835 4941 prepo-

269 4973 428 5031 situin.
472 4973 564 5028 sed
595 4987 692 5042 per
731 4969 990 5024 rationein
1037 4964 1358 5035 expositum,
1387 4961 1835 5020 considerandum

270 5073 354 5118 est.
385 5063 510 5134 Quia
537 5063 628 5118 ille
664 5076 786 5116 cum
813 5057 1092 5113 maledicta
1121 5053 1400 5125 proferret,
1432 5053 1481 5109 ei
1513 5055 1694 5124 utique
1717 5068 1832 5108 ma-

270 5151 508 5210 leilicebat
534 5168 692 5226 quem
723 5151 822 5206 sibi
865 5155 1170 5204 enarratum
1198 5146 1250 5200 in
1291 5145 1613 5216 cogitatione
1660 5145 1834 5200 intue-

271 5243 424 5300 batur.
468 5244 750 5314 Q:-.odlibet
805 5251 982 5296 autem
1027 5245 1325 5303 vocaretur,
1379 5246 1554 5291 utrum
1599 5251 1684 5291 res
1721 5237 1835 5307 ipsa

272 5337 570 5402 Veneranda,
606 5351 674 5390 an
718 5331 980 5404 neganda.
1021 5330 1107 5386 vel
1149 5327 1496 5398 vituperanda
1539 5339 1703 5392 esset,
1735 5327 1836 5382 hoc

272 5431 524 5496 quaeritur.
571 5427 681 5482 lloc
706 5425 868 5480 modo
905 5421 1066 5479 etiam
1100 5421 1145 5476 si
1183 5419 1444 5491 quispiam
1479 5425 1685 5487 quierat
1715 5416 1835 5487 quis

271 5520 329 5574 tit
366 5518 516 5575 Jesiis
563 5517 844 5581 Christus;
897 5523 950 5570 et
990 5529 1054 5569 ea
1101 5510 1358 5583 quaerenti
1412 5506 1837 5577 reapondeantur

272 5621 375 5677 111110
410 5627 512 5665 non
553 5611 610 5664 in
637 5601 826 5662 Filium
855 5605 970 5669 Dei,
1011 5605 1104 5660 sed
1147 5602 1322 5674 potius
1349 5603 1400 5655 in
1427 5597 1682 5669 Spiritum
1707 5613 1834 5654 san-

275 5710 401 5755 ctum
425 5701 764 5766 conveniunt,
789 5698 980 5767 quibus
1004 5696 1197 5752 auditis
1222 5695 1311 5752 ille
1337 5692 1668 5763 blasplieinet
1690 5709 1705 5746 :
1727 5707 1834 5749 non

277 5790 444 5863 utique
485 5791 736 5848 adversus
761 5788 974 5856 Filium,
1021 5788 1114 5845 sed
1145 5786 1400 5844 adversus
1427 5784 1679 5858 Spiritum
1709 5799 1832 5841 san-
1915 5821 1924 5848 τ

1491 351 1742 408 INCHOA
1752 349 1841 408 I'A
1879 350 2268 411 EXPOSITIO.

3369 359 3515 422 9098

1928 480 2069 526 ctum
2098 472 2317 527 verbum
2343 470 2540 528 dixisse
2564 473 2847 529 tenebitur.

2000 567 2086 621 15.
2117 566 2222 622 Sed
2255 567 2298 622 si
2339 567 2646 624 transitorie
2671 584 2736 623 ae
2775 568 3104 641 negligenter
3129 572 3516 631 attenderimus

1927 656 2066 728 quod
2096 657 2293 713 dictum
2317 665 2420 724 est,
2453 658 2514 713 Si
2540 660 2651 729 quis
2677 662 2877 715 verbum
2906 663 3088 716 dixerit
3117 664 3354 720 adversus
3383 665 3516 738 Spi-

1927 753 2079 806 ritum
2105 761 2352 816 sanctum,
2387 769 2484 806 non
2514 753 2796 806 remittetur
2818 753 2883 818 ei,
2917 769 3075 823 neque
3100 755 3153 809 in
3174 756 3268 810 hoc
3292 757 3478 812 sarculo
3495 798 3512 824 ,

1929 860 2086 914 neque
2108 845 2160 898 in
2186 847 2359 914 futuro
2385 841 2599 915 (Matth.
2626 860 2722 909 xu,
2754 843 2878 913 32);
2907 843 3029 914 quis
3066 845 3289 901 inveniri
3319 849 3517 920 poterit

1928 936 2012 989 cui
2042 936 2248 990 veniam
2279 945 2612 1005 peccatorum
2641 934 2851 990 dederit
2880 935 3056 990 Deus?
3082 934 3213 990 Nam
3236 944 3291 992 et
3317 936 3516 1008 Pagani

1929 1026 2019 1096 qui
2048 1027 2402 1097 appellantur,
2451 1027 2611 1081 etiam
2657 1042 2798 1082 nunc
2825 1034 2988 1082 totam
3033 1037 3268 1083 nostrain
3299 1029 3516 1099 religio-

1929 1135 2049 1173 nem
2071 1161 2085 1179 ,
2124 1119 2245 1189 quia
2285 1119 2393 1189 jam
2425 1117 2565 1174 ferro
2593 1127 2647 1174 et
2675 1118 2908 1175 caedibus
2943 1119 3311 1189 prohibentur,
3345 1122 3517 1177 male-

1930 1210 2084 1266 dictis
2103 1210 2549 1280 contumeliisque
2574 1211 2934 1270 insectantiir:
2963 1219 3019 1265 et
3036 1211 3288 1283 quidquid
3310 1213 3378 1268 de
3398 1212 3512 1283 ipsa

1931 1300 2187 1355 Trinitate
2227 1299 2484 1366 dicimus,
2526 1299 2769 1370 negando
2808 1309 2860 1354 et
2890 1300 3516 1370 blasphemandoconte-

1932 1399 2138 1445 mnunt.
2156 1390 2268 1446 Non
2282 1392 2423 1446 enim
2438 1391 2817 1461 excipiuntsibi
2834 1390 3088 1460 Spiritum
3103 1402 3342 1449 sanctum
3355 1410 3517 1465 quem

1930 1488 2269 1542 venerentur,
2299 1481 2434 1535 utin
2459 1489 2647 1536 cartera
2679 1482 2931 1546 saiviaut;
2965 1481 3057 1536 scil
3082 1484 3236 1536 simul
3261 1485 3518 1540 adversus

1931 1575 2109 1629 omnia
2139 1589 2487 1644 qumcumque
2526 1573 2750 1629 sollicite
2780 1575 2795 1606 ¹
2835 1573 2901 1629 de
2933 1575 3065 1628 trina
3101 1574 3190 1630 Dei
3241 1575 3519 1644 majeSiate

1932 1665 2223 1737 loquimur,
2251 1674 2450 1735 quanto
2477 1674 2697 1734 possunt
2719 1663 2896 1720 furore
2922 1665 3208 1735 impietatis
3228 1665 3515 1722 oblatrant.

1931 1755 2065 1811 Nam
2112 1771 2283 1826 neque
2310 1756 2376 1810 de
2413 1756 2527 1825 ipso
2558 1757 2666 1810 Deo
2696 1756 2850 1810 Patre
2875 1755 3032 1826 digna
3063 1757 3327 1823 sentiunt,
3354 1773 3516 1829 quem

1933 1848 2125 1918 partim
2159 1848 2368 1917 penitus
2395 1857 2610 1917 negant.
2645 1846 2832 1916 partim
2859 1847 2937 1901 sic
2966 1846 3213 1911 fatentur,
3246 1859 3302 1902 ut
3328 1848 3397 1904 de
3427 1849 3520 1906 illo

1934 1938 2065 1994 falsa
2109 1937 2386 2007 ﬁngendo,
2421 1953 2524 1992 non
2569 1938 2750 2006 utique
2796 1936 2976 2003 illum,
3023 1937 3116 1992 sed
3143 1952 3237 1991 sua
3269 1939 3522 2009 ﬁgmenta

1933 2040 2275 2088 venerentur.
2310 2031 2472 2085 Multo
2499 2030 2665 2100 magis
2695 2045 2824 2099 ergo
2848 2029 2988 2098 quod
3017 2028 3084 2083 de
3115 2029 3250 2083 Filio
3278 2030 3369 2084 Dei
3390 2071 3404 2092 ,
3435 2032 3521 2087 vel

1934 2126 2002 2182 de
2027 2125 2224 2196 Spiritu
2252 2131 2437 2178 sancto
2465 2122 2710 2187 dicimus,
2741 2137 2840 2176 suo
2869 2122 3032 2192 impio
3060 2138 3209 2179 more
3237 2123 3520 2193 deridere,

1934 2235 2091 2291 quain
2122 2227 2300 2272 nostra
2330 2218 2414 2286 pia
2441 2217 2696 2271 societate
2717 2217 2894 2270 colere
2921 2216 3240 2271 maluerunt.
3264 2218 3411 2284 Quos
3438 2225 3523 2272 ta-

1935 2327 2059 2367 men
2079 2353 2094 2374 ,
2125 2320 2377 2382 quantum
2424 2323 2736 2378 possumus,
2781 2306 3129 2362 adhortantur
3154 2307 3220 2362 ad
3250 2309 3522 2366 Christum

1935 2404 2382 2476 cognoscendum.
2407 2412 2459 2458 et
2483 2418 2576 2473 per
2599 2403 2772 2472 ipsum
2796 2401 3004 2456 Patrem
3029 2401 3259 2466 Deum’,
3287 2417 3526 2458 summo-

1935 2514 2037 2569 que
2066 2506 2122 2553 et
2158 2512 2282 2552 vero
2325 2497 2632 2566 Imperatori
2681 2495 3012 2550 militandum
3054 2509 3173 2550 esse
3201 2495 3520 2562 suademus;

1936 2605 2135 2660 eosque
2180 2589 2437 2659 promissa
2487 2587 2802 2658 impunitate
2844 2585 3233 2658 pratteritoriim
3280 2589 3520 2643 omnium

1935 2689 2275 2752 peccatorum
2307 2680 2587 2734 invitamns
2610 2679 2677 2734 ail
2709 2676 2887 2734 ﬁdem.
2917 2676 3028 2746 Qua
3058 2677 3110 2732 in
3143 2692 3202 2734 re
3226 2677 3357 2732 satis
3375 2678 3525 2748 judi-

1936 2787 2156 2838 camus,
2187 2773 2348 2827 etiam
2379 2771 2422 2826 si
2453 2771 2579 2842 quid
2609 2771 2868 2826 adversus
2892 2770 3148 2841 Spiritum
3187 2779 3428 2825 sanctum
3466 2771 3524 2826 in

1938 2881 2033 2920 sua
2062 2864 2318 2934 sacrilega
2354 2863 2732 2933 superstitione
2773 2861 3053 2928 dixerunt,
3093 2877 3216 2917 cum
3245 2861 3525 2918 christiani

1937 2956 2060 3012 facti
2090 2956 2316 3021 fuerint,
2356 2955 2472 3010 sine
2497 2955 2604 3009 ulla
2644 2953 2870 3024 caligine
2910 2953 3254 3008 dubitationis
3298 2953 3521 3024 ignosci.

1937 3048 2107 3104 Judmi
2135 3064 2262 3102 vero
2281 3047 2465 3118 quales
2483 3045 2741 3101 adversus
2763 3045 3016 3114 Spiritum
3037 3053 3280 3100 sanctum
3304 3043 3522 3111 fuerint,

1937 3141 2088 3196 testis
2113 3150 2193 3194 est
2221 3137 2540 3209 Stephanus,
2565 3153 2722 3208 quem
2746 3136 2863 3209 ipso
2881 3137 3078 3207 Spiritu
3100 3146 3286 3191 sancto
3306 3137 3524 3206 plenum

1937 3233 2335 3302 lapidaverunt,
2363 3247 2484 3286 cuin
2523 3230 2610 3285 illa
2639 3230 2815 3286 omnia
2842 3245 2962 3300 qua:
3004 3229 3058 3284 in
3090 3242 3186 3284 eos
3213 3227 3378 3292 dixit,
3410 3228 3528 3298 ipse

1938 3323 2170 3395 Spiritus
2205 3324 2415 3378 dixerit.
2459 3322 2516 3378 In
2540 3323 2732 3394 quibus
2757 3321 2936 3378 verbis
2963 3320 3299 3391 apertissime
3323 3320 3527 3377 dictum

1938 3425 2019 3470 est
2047 3415 2267 3480 Jud:eis,
2307 3413 2408 3469 Vos
2433 3430 2630 3484 semper
2656 3412 2907 3468 restitistis
2932 3412 3153 3483 Spiritui
3179 3420 3352 3466 sancto
3381 3411 3527 3482 (Act.

1935 3525 2052 3574 vui,
2079 3506 2192 3580 5|).
2229 3508 2286 3563 111
2326 3509 2418 3563 1110
2455 3517 2633 3563 10111011
2660 3522 2884 3562 numero
2919 3505 3224 3560 Judieoriim
3263 3506 3527 3562 resisten-

1939 3603 2070 3657 tium
2103 3601 2320 3670 Spiritni
2349 3609 2534 3654 sancto
2552 3641 2566 3664 ,
2597 3607 2653 3654 01
2679 3615 2784 3652 non
2811 3597 2881 3653 ob
2908 3597 3051 3652 aliud
3077 3597 3404 3666 Stephanum
3433 3610 3529 3652 vas

1937 3691 2074 3758 ejus,
2098 3691 2196 3746 nisi
2218 3689 2358 3760 quod
2384 3690 2497 3759 ipse
2516 3704 2581 3744 eo
2604 3689 2792 3758 plenus
2810 3695 2945 3750 erat,
2969 3687 3342 3758 lapidautium,
3363 3688 3528 3743 etiam

1941 3785 2136 3840 Paulus
2166 3783 2440 3854 apostolus
2468 3791 2612 3848 erat,
2656 3781 2708 3835 in
2754 3780 3000 3835 manibus
3026 3780 3265 3836 omnium
3299 3796 3528 3851 quorum

1937 3879 2253 3933 vestimenta
2281 3877 2520 3932 servabat
2550 3895 2564 3930 :
2592 3875 2732 3946 quod
2757 3876 2873 3945 ipse
2899 3875 2996 3931 sibi
3020 3883 3200 3947 postea
3229 3875 3388 3931 etiam
3415 3891 3532 3945 pm-

1941 3967 2160 4022 iiiteiido
2189 3966 2505 4035 increpitat,
2535 3979 2601 4019 eo
2631 3965 2746 4034 ipso
2772 3964 2972 4034 Spiritu
3003 3965 3113 4035 jam
3157 3965 3527 4034 plenissimus,

1940 4058 2024 4114 cui
2055 4058 2228 4128 primo
2259 4055 2600 4111 inanissimus
2630 4054 2944 4118 resistebat,
2975 4063 3030 4110 et
3076 4064 3287 4122 paratus
3307 4053 3416 4122 jam
3453 4055 3531 4109 la-

1939 4149 2106 4222 pidari
2140 4163 2236 4219 pro
2265 4147 2458 4202 talibus
2483 4145 2670 4211 dictis,
2700 4143 2933 4214 qualium
2975 4143 3376 4214 praedicatorem
3416 4144 3532 4213 ipse

1938 4242 2282 4313 lapidaverat.
2300 4239 2437 4307 Quid
2455 4235 2807 4294 Samaritani?
2829 4251 3006 4292 nonne
3023 4237 3091 4290 ita
3109 4235 3325 4308 Spiritui
3343 4246 3530 4292 sancto

1942 4334 2312 4400 adversantur,
2345 4341 2404 4386 ut
2443 4331 2609 4402 ipsam
2652 4327 2985 4400 prophetiam
3029 4327 3241 4399 penitus
3268 4335 3529 4384 conentur

1940 4427 2307 4497 exstinguere,
2352 4439 2472 4495 qua:
2512 4438 2608 4494 per
2649 4421 2904 4492 Spiritum
2947 4429 3191 4476 sanctum
3231 4419 3530 4476 ministrata

1940 4519 2060 4575 est?
2087 4517 2324 4587 Quorum
2351 4525 2527 4571 tamen
2555 4513 2708 4568 saluti
2735 4521 2791 4567 et
2813 4511 2927 4582 ipse
2953 4512 3208 4566 Dominus
3226 4520 3528 4575 attestatur,

1942 4609 1999 4666 in
2027 4625 2094 4666 eo
2120 4609 2211 4680 qui
2241 4609 2307 4663 de
2335 4609 2520 4664 decem
2549 4605 2776 4676 leprosis
2801 4603 3069 4658 mundatis
3103 4602 3250 4657 solus
3283 4617 3531 4659 reversus

1942 4711 2025 4757 est
2055 4710 2111 4755 ut
2137 4707 2319 4771 ageret
2345 4698 2576 4768 gratias,
2620 4711 2742 4751 cum
2785 4703 2928 4750 esset
2969 4692 3337 4750 Samaritanus
3363 4692 3530 4764 (Luc.

1943 4808 2077 4859 xvii,
2109 4792 2194 4859 l5,
2226 4789 2345 4860 16);
2373 4799 2428 4845 et
2456 4789 2508 4844 in
2537 4789 2624 4843 illa
2657 4787 2900 4852 muliere,
2929 4801 3048 4840 cum
3090 4802 3193 4855 qua
3219 4786 3286 4839 ad
3315 4797 3530 4855 puteum

1941 4893 2092 4940 sctita
2134 4881 2263 4936 hora
2289 4881 2496 4934 locutus
2520 4888 2622 4943 est,
2651 4878 2735 4932 vel
2767 4876 2846 4931 eis
2869 4876 2957 4946 qui
2986 4891 3083 4944 per
3107 4875 3254 4930 illam
3282 4875 3530 4932 credide-

1940 4983 2066 5031 runt
2094 4971 2274 5044 (Joan.
2308 4987 2380 5038 iv,
2414 4968 2588 5038 742).
2635 4969 2760 5023 Post
2793 4966 3001 5021 Domini
3041 4976 3218 5021 autem
3261 4968 3535 5024 ascensio-

1943 5081 2100 5130 nem,
2148 5063 2285 5118 sicut
2329 5062 2382 5116 in
2427 5060 2646 5115 Actibus
2690 5055 3068 5128 Apostolorum
3115 5056 3372 5128 scriptum
3416 5070 3531 5126 est,

1942 5166 2136 5231 quanta
2181 5154 2534 5226 gratulatione
2575 5160 2880 5207 sanctorum
2921 5150 3110 5222 recipit
3137 5150 3377 5208 Samaria
3405 5169 3528 5208 ver-

1941 5253 2066 5308 bum
2113 5249 2242 5306 Dei?
2289 5248 2558 5303 Simonem
2597 5259 2811 5316 quoque
2839 5259 3050 5315 magum
3084 5259 3312 5317 arguens
3342 5245 3530 5300 Petrus

1943 5342 2236 5416 apostolus,
2267 5339 2408 5412 quod
2435 5348 2541 5394 tam
2572 5338 2710 5392 male
2733 5335 2802 5391 de
2825 5335 3026 5406 Spiritu
3053 5347 3239 5391 sancto
3265 5335 3526 5403 senserit,

1941 5446 2000 5493 ut
2028 5452 2148 5492 cum
2177 5432 2418 5490 venalem
2464 5439 2653 5502 putans
2698 5429 2922 5500 pecunia
2962 5427 3062 5482 sibi
3101 5425 3386 5481 emendum
3432 5441 3528 5496 po-

1942 5527 2203 5602 poscerit;
2245 5541 2354 5580 non
2382 5532 2561 5580 tamen
2594 5522 2668 5578 ita
2697 5521 2765 5577 de
2793 5520 2883 5576 illo
2906 5515 3238 5587 desperavit,
3270 5524 3328 5570 ut
3356 5516 3527 5572 venia

2007 5709 2024 5742 ι
2048 5705 2302 5758 Vaticanus
2330 5711 2436 5767 iis,
2458 5713 2770 5768 mutaturque
2792 5693 3270 5768 110101110101111880,
3300 5693 3524 5753 sollicite.

2004 5773 2026 5806 I
2048 5775 2299 5820 Vaticanus
2319 5763 2495 5830 118.,⁷εὶ
2530 5780 2616 5834 per
2651 5763 2809 5828 ipsum
2834 5763 2968 5812 Patri
2991 5767 3092 5834 pec
3107 5772 3400 5824 muneque.
