3956 6364
577 297 722 359 2105

575 410 772 469 sitionis
793 423 972 463 manus
993 448 1008 469 ,
1038 405 1418 460 resurrectionis
1443 405 1594 458 etiam
1623 416 1933 460 mortuorum
1949 447 1963 469 ,
1986 415 2033 459 et
2069 407 2154 466 iu-

575 505 693 559 dicii
717 503 888 558 aeterni
910 499 1096 572 (Hebr.
1129 515 1200 562 vt.
1239 500 1326 554 let
1345 497 1428 569 2).
1461 498 1561 553 Ista
1595 498 1861 559 omniain
1887 499 2157 567 Baptismo

577 595 873 657 traduntur,
895 607 1013 660 qua:
1039 601 1193 658 negat
1213 604 1333 644 esse
1353 589 1659 657 repetenda,
1685 589 1868 658 utique
1890 590 1940 641 in
1961 603 2155 643 conse-

573 689 788 745 crandis
825 683 1091 740 ﬁdelibus.
1113 681 1244 738 Nam
1268 683 1318 736 in
1355 683 1500 738 verbi
1532 682 1623 736 Dei
1655 683 1964 737 tractatione
1995 694 2156 752 alque

572 782 837 844 doctrina,
857 794 960 833 non
990 778 1178 832 iterum
1197 785 1424 840 teritum,
1443 775 1534 829 sed
1551 775 1747 842 s;epius
1767 775 1988 828 dicenda
2005 783 2148 838 sunt,

572 875 707 930 sicut
745 887 923 926 rennn
951 869 1020 924 de
1035 868 1227 940 quibus
1242 868 1522 922 dissoritur
1543 868 1912 937 Opportunitas
1933 867 2150 937 ﬂagitat.

555 1005 561 1010 .
642 967 735 1021 ει).
777 967 856 1019 An
886 977 1026 1022 ,vern
1055 962 1163 1030 jam
1199 959 1323 1016 illud
1371 969 1653 1027 occurret,
1706 968 1764 1015 ut
1803 976 1909 1014 non
1951 960 2062 1030 jam
2107 960 2155 1015 si

571 1057 844 1128 quodlibet
875 1063 1144 1123 gmccatum
1174 1053 1350 1106 scietis
1369 1051 1676 1116 admiserit,
1723 1051 1818 1107 sed
1869 1052 1913 1106 si
1944 1052 2154 1121 proprie

573 1157 846 1218 peccatum
869 1147 919 1199 iu
948 1145 1200 1213 Spiritum
1227 1155 1469 1197 S'tuctttttt
1499 1144 1674 1197 sciens
1703 1142 1999 1204 admiserit.
2028 1155 2154 1200 tunc

573 1256 679 1294 non
705 1219 900 1292 habere
924 1237 1130 1289 veniam
1157 1235 1425 1302 jmlict-tur
1443 1235 1466 1288 ?
1486 1235 1600 1302 Quo
1627 1234 1744 1290 loco
1771 1237 1935 1306 qumri
1980 1244 2155 1305 potest

573 1342 750 1384 tttrmn
781 1330 981 1383 scirent
1007 1326 1172 1380 .lmlzei
1214 1341 1307 1394 per
1348 1326 1603 1395 Spiritum
1650 1337 1890 1380 sanctum
1941 1328 2152 1397 operari

575 1423 877 1487 Dominmn,
899 1421 1110 1491 quando
1129 1437 1249 1475 eum
1274 1421 1325 1474 in
1363 1420 1596 1488 principe
1621 1420 2001 1475 tlazmoniorttm
2041 1422 2152 1475 dre-

570 1517 744 1572 monia
767 1515 1047 1569 t‘xcltulcrc
1073 1513 1512 1584 blztSpltctttaltattl
1535 1511 1747 1582 (.llttll/t.
1773 1529 1852 1575 lx,
1879 1514 2006 1582 3i)?
2058 1513 2152 1568 Mi-

568 1626 660 1665 ror
687 1619 863 1662 autem
892 1606 1159 1674 quomodo
1188 1614 1402 1672 possent
1424 1605 1475 1656 in
1509 1604 1597 1657 illo
1625 1604 1878 1672 Spiritum
1906 1613 2148 1660 sanctum

567 1716 924 1771 cognoscere.
953 1714 1072 1752 cum
1120 1699 1290 1766 ipsum
1343 1695 1621 1749 Dominum
1670 1695 1860 1749 Filium
1905 1697 1995 1751 Dei
2034 1712 2152 1752 esse

569 1794 878 1849 nescirent:
927 1791 976 1844 iu
1003 1789 1088 1842 illa
1115 1789 1318 1842 scilicet
1359 1788 1626 1851 ca-citate,
1659 1802 1775 1856 qua:
1813 1805 1874 1842 ea:
1913 1798 2053 1859 parte
2099 1791 2150 1844 in

567 1885 735 1940 Israel
782 1885 918 1951 facta
973 1891 1078 1940 cst.
1127 1882 1287 1933 donec
1341 1878 1596 1948 plenitudo
1649 1875 1886 1934 Gentium
1944 1883 2152 1935 intraret

571 1977 745 2049 (Rom.
774 1991 850 2038 ιιι,
877 1973 991 2036 225).
1025 1971 1100 2025 De
1123 1986 1224 2042 qua
1250 1973 1598 2040 opportunius
1623 1986 1721 2025 suo
1747 1971 1897 2033 loco.
1929 1973 2151 2027 Domino

567 2069 849 2135 adjuvante
873 2076 1032 2129 atque
1080 2063 1452 2133 permittente,
1489 2063 1816 2118 tractabitur.
1868 2063 2067 2119 Deinde
2105 2064 2150 2120 si

567 2157 877 2227 dijudit-atio
897 2154 1177 2223 Spiritnum
1211 2153 1294 2207 illa
1327 2152 1658 2219 intelligitur,
1681 2170 1783 2222 qua
1813 2154 2038 2224 quiSque
2063 2154 2148 2208 di-

565 2249 767 2320 judicat
791 2259 967 2301 utrmn
995 2246 1046 2300 in
1074 2259 1338 2315 quoquam
1358 2243 1588 2314 Spiritus
1617 2255 1832 2299 sanctus
1856 2287 1872 2309 ,
1903 2262 1970 2299 an
2004 2245 2152 2299 falla-

569 2339 670 2395 ciae
709 2339 926 2407 Spiritus
951 2346 1231 2406 operi-tur;
1284 2337 1399 2392 lucc
1426 2346 1601 2391 autem
1639 2336 1948 2404 dijudiratio
2003 2349 2150 2393 certo

566 2429 795 2500 quodam
828 2441 1064 2496 tempore
1098 2443 1192 2497 per
1221 2426 1476 2498 Spiritum
1504 2435 1748 2482 sanctum
1779 2427 2021 2482 ﬁdelibus
2059 2429 2152 2484 da-

568 2529 672 2583 tur.
702 2521 837 2576 sicut
859 2520 963 2574 alio
993 2521 1108 2573 loco
1147 2517 1286 2574 idem
1309 2518 1587 2586 apostolus
1613 2517 1742 2573 dicit
1791 2523 1808 2589 (
1835 2517 1851 2572 I
1881 2517 1999 2574 Cor.
2040 2536 2111 2574 xu
2133 2562 2149 2584 ,

570 2612 661 2684 l0)
699 2631 710 2664 :
741 2613 1009 2682 quomodo
1039 2620 1281 2682 poterant
1309 2611 1552 2666 inﬁdeles
1577 2610 1746 2667 Judaei
1771 2612 1888 2666 sine
1912 2611 2011 2666 isto
2037 2628 2154 2666 mu-

563 2724 697 2762 nere
722 2707 1014 2776 diiudicare
1037 2747 1053 2770 ,
1083 2714 1256 2760 utrum
1293 2721 1386 2774 per
1409 2705 1662 2774 Spiritum
1690 2714 1930 2759 sanctum
1971 2705 2152 2760 Domi-

566 2812 672 2852 nus
711 2809 1025 2866 operaretur
1051 2814 1063 2848 :
1090 2804 1146 2850 et
1173 2805 1349 2849 tamen
1375 2795 1424 2847 in
1447 2795 1527 2848 eis
1547 2835 1561 2852 .
1590 2802 1647 2848 ut
1667 2794 1810 2863 justa
1839 2810 1990 2864 poena
2029 2794 2156 2850 leri-

567 2900 783 2951 rentur,
810 2887 1142 2956 apertissima
1174 2884 1366 2939 indicia
1398 2885 1782 2940 malevolentia:
1811 2886 2152 2951 claruerunt,

565 2990 622 3036 et
664 2995 784 3036 cum
833 2980 994 3033 falsos
1040 2987 1205 3032 testes
1251 2976 1305 3030 in
1352 2991 1474 3031 eum
1519 2985 1894 3046 compararunt
1939 2974 2150 3045 (Matth.

565 3089 716 3134 xxvi,
741 3073 810 3127 59
843 3071 933 3139 60)
954 3111 970 3133 ,
1002 3081 1057 3125 et
1075 3069 1442 3124 submiserunt
1466 3069 1801 3124 simulatores
1821 3069 1912 3140 qni
1941 3085 2061 3125 eum
2101 3069 2158 3124 in

562 3163 729 3216 verbo
748 3160 1119 3230 caperent(ld.
1145 3175 1279 3225 nu,
1307 3160 1526 3229 15—17);
1555 3170 1742 3216 etcum
1762 3162 2033 3218 tremenda
2063 3163 2162 3217 mi-

563 3253 771 3314 rabilia,
785 3269 901 3321 qua:
919 3253 970 3305 in
986 3253 1100 3320 ejus
1131 3253 1520 3306 resurrectione
1553 3252 1685 3306 facta
1703 3263 1843 3315 sunt.
1863 3255 1940 3308 eis
1961 3270 2158 3308 renun-

562 3345 843 3408 tiarentur,
861 3341 1052 3396 famam
1075 3341 1258 3397 falsam
1279 3343 1647 3407 disseminare,
1661 3357 1723 3396 ac
1744 3344 2018 3398 veritatem
2041 3345 2162 3399 abs-

563 3434 814 3498 condere,
838 3433 1114 3488 custodum
1137 3433 1475 3500 corruptione
1490 3432 1662 3486 eonati
1682 3443 1802 3485 sunt
1833 3432 1942 3502 (Id.
1971 3451 2157 3504 xxvut,

572 3525 662 3597 15)
692 3543 706 3590 ;
737 3534 791 3580 et
837 3525 936 3579 alia
968 3525 1216 3578 malitiosi
1247 3533 1300 3579 et
1327 3523 1576 3578 venenosi
1609 3525 1768 3578 animi
1805 3526 1950 3595 signa
1979 3526 2030 3580 iu
2060 3527 2157 3592 eis,

561 3629 812 3692 quantum
843 3619 1140 3687 evangelica
1163 3617 1394 3671 narratio
1414 3616 1759 3677 demonstrat.
1783 3627 2160 3687 apparuerunt.

631 3711 723 3766 2|.
748 3711 897 3767 Unde
917 3711 1026 3780 jam
1045 3710 1187 3766 velut
1214 3709 1432 3778 incmpit
1451 3709 1686 3772 elucere,
1716 3724 1836 3764 eum
1865 3725 2083 3779 peccare
2105 3711 2157 3766 in

564 3801 818 3870 Spiritum
865 3809 1128 3866 sanctum,
1186 3801 1276 3870 qui
1332 3799 1583 3868 opt-ribus
1622 3815 1741 3868 qua:
1787 3815 1883 3869 per
1901 3800 2155 3870 Spiritum

562 3901 804 3948 sanctum
836 3893 984 3956 liunt,
1015 3892 1274 3946 malevolo
1290 3891 1815 3946 animommtradicit.
1835 3891 2150 3962 Quanquam

562 3988 705 4043 enim
736 3987 934 4042 nesciat
963 3995 1136 4042 tttrum
1182 3986 1271 4041 ille
1318 3988 1388 4042 sit
1413 3986 1644 4056 Spiritus
1671 3997 1922 4054 sanctus;
1980 3999 2153 4045 tamen

561 4081 649 4151 qui
678 4080 777 4134 hoc
805 4080 982 4133 animo
1029 4087 1130 4142 est,
1160 4087 1217 4132 ut
1245 4092 1306 4134 ea
1349 4093 1510 4145 Opera
1550 4078 1740 4148 quibus
1771 4077 1990 4140 invidet,
2008 4082 2155 4136 malit

563 4188 669 4227 non
690 4187 810 4228 esse
838 4171 1066 4242 Spiritus
1094 4171 1294 4234 sancti;
1327 4185 1429 4225 non
1451 4171 1572 4240 quia
1600 4171 1735 4225 mala
1758 4180 1899 4233 sunt,
1924 4171 2015 4226 sed
2033 4173 2153 4242 quia

563 4262 766 4317 invidet
785 4262 886 4328 eis,
915 4261 1036 4332 quia
1064 4261 1163 4329 ipsi
1193 4261 1409 4315 bonitati
1439 4270 1522 4314 est
1545 4261 1842 4315 contrarius
1877 4276 1972 4330 per
2005 4262 2155 4316 mali-

559 4353 690 4407 tiam
734 4368 882 4406 suam
908 4369 922 4415 ;
953 4360 1097 4406 recte
1127 4351 1179 4404 in
1209 4350 1462 4418 Spiritum
1492 4363 1731 4405 sanctum
1763 4365 1986 4419 peccare
2013 4352 2154 4421 judi-

561 4451 730 4498 catur.
760 4441 1141 4496 Verumtamen
1169 4440 1214 4493 si
1244 4457 1308 4495 ex
1329 4455 1396 4494 eo
1422 4454 1633 4509 quoque
1660 4439 1934 4493 hominum
1965 4457 2149 4498 nume-

561 4546 646 4595 ro,
669 4531 861 4599 quibus
913 4531 1167 4584 Dominus
1195 4529 1321 4582 illud
1347 4529 1547 4582 crimen
1587 4528 1788 4596 objicit,
1838 4530 2059 4584 veniens
2083 4531 2151 4586 ad

562 4622 721 4677 ﬁdem
750 4621 970 4686 Christi,
996 4631 1052 4676 et
1074 4620 1366 4691 paenitendi
1392 4619 1711 4674 cruciatibus
1740 4619 1972 4675 edomita
2013 4622 2150 4677 invi-

562 4713 650 4770 dia
673 4714 894 4769 salutem
937 4728 1056 4768 cum
1100 4713 1347 4785 lacrymis
1380 4727 1626 4782 poscens,
1658 4713 1793 4768 sicut
1838 4713 1996 4768 etiam
2023 4730 2154 4771 non-

563 4807 695 4863 nulli
737 4822 920 4862 eormn
980 4807 1206 4862 fortasse
1252 4805 1536 4873 fecerunt;
1578 4821 1760 4876 quaero
1803 4817 1977 4861 utrum
2007 4809 2152 4876 quis-

559 4916 718 4971 quam
748 4908 894 4955 tanto
913 4915 1095 4957 errore
1119 4899 1414 4962 crudescat,
1433 4907 1492 4954 ut
1513 4907 1604 4952 aut
1624 4908 1778 4970 neget
1794 4914 1887 4954 eos
1911 4898 1975 4953 ad
1994 4897 2150 4956 Chri-

559 4994 627 5047 sti
656 4994 970 5061 baptismum
1000 4992 1203 5048 admitti
1229 4993 1548 5062 oportuisse,
1586 5003 1675 5046 aut
1707 4991 1894 5047 frustra
1948 4993 2148 5049 admis-

559 5099 653 5140 sos
679 5099 800 5139 eSse
823 5085 1144 5140 contendat?
1183 5085 1314 5142 Nam
1341 5087 1385 5141 si
1417 5087 1534 5156 quis
1576 5102 1670 5157 per
1711 5087 1958 5141 invidiam
1987 5102 2147 5157 opera

559 5177 743 5234 divina
771 5176 1117 5246 blasphrmat,
1147 5179 1394 5247 quoniam
1440 5179 1590 5232 bouis
1627 5178 1742 5243 Dei,
1763 5178 1863 5232 hoc
1898 5188 1980 5233 est
1995 5179 2148 5234 donis

563 5269 660 5327 Dei
691 5267 890 5324 malitia
921 5285 1014 5322 sua
1044 5270 1257 5333 resistit,
1292 5270 1344 5323 in
1361 5269 1612 5337 Spiritmn
1635 5279 1875 5324 sanctum
1903 5284 2142 5338 peccare,

560 5371 618 5418 et
667 5370 945 5431 propterea
986 5372 1134 5427 spem
1186 5360 1352 5412 venite
1402 5375 1504 5415 non
1536 5361 1730 5415 habere
1768 5361 2146 5415 existimandus

561 5461 647 5511 est
673 5470 687 5507 :
717 5451 1050 5506 attendamus
1077 5458 1248 5502 utrum
1270 5465 1336 5504 ex
1357 5465 1422 5504 eo
1447 5465 1666 5506 numero
1695 5449 1852 5506 fuerit
1875 5452 2145 5522 apostolus

562 5547 777 5602 Paulus.
806 5543 946 5599 Dicit
973 5542 1118 5598 enim
1145 5559 1160 5596 :
1188 5541 1287 5610 Qui
1317 5543 1455 5614 prius
1485 5544 1558 5613 fui
1580 5543 1922 5612 blasphemus,
1950 5551 1997 5596 et
2023 5559 2144 5612 per-

565 5647 778 5700 secutor,
803 5647 848 5690 et
864 5636 1138 5708 injuriosus
1152 5651 1173 5700 ;
1191 5635 1280 5690 sed
1299 5634 1691 5689 misericordiam
1707 5644 1996 5690 consecutus
2009 5652 2142 5703 sum,

569 5729 686 5796 quia
713 5729 951 5799 ignorans
993 5727 1088 5799 feci
1134 5727 1187 5782 in
1213 5725 1561 5784 incredulitate
1584 5723 1605 5797 (
1622 5724 1645 5782 Ι
1672 5723 1806 5780 Tim.
1839 5742 1876 5793 t,
1910 5727 2032 5799 l5).
2061 5728 2142 5784 An

1147 289 1502 349 EPISTOLE
1542 290 1636 348 AD
1672 290 2016 358 ROMANOS,
2054 292 2112 346 S.
2152 291 2519 353 AUGUSTINI
2571 293 2910 357 lNCllOA'I‘A
2951 300 3336 366 EXPOSITIO.

2266 406 2404 506 limo
2412 409 2530 506 ideo
2556 426 2661 506 non
2677 415 2928 484 pertinuit
2945 417 3010 472 ad
3027 419 3126 474 hoc
3137 436 3309 491 genus
3321 422 3575 496 criminis,
3589 435 3695 506 quia
3712 457 3791 502 non

2261 511 2368 602 erat
2388 500 2636 602 iuvidus’
2660 506 2951 564 Audiamus
2965 511 3090 582 quid
3108 513 3388 597 alibidicat
3412 536 3428 574 ε
3457 500 3657 580 rem}.
3673 500 3789 602 enim,

2263 590 2449 659 inquit,
2473 605 2518 647 et
2535 612 2624 649 nos
2648 599 2787 652 stulti
2803 600 3077 670 aliquando
3089 614 3139 658 et
3181 594 3458 678 increduli,
3474 627 3696 686 errmttes,
3714 590 3790 680 sa:

2261 693 2445 737 utentes
2459 689 2790 756 voluptatibus
2803 701 2852 747 et
2866 693 3122 750 desideriis
3137 701 3311 764 rariis,
3327 701 3379 756 in
3397 707 3584 760 malitia
3594 721 3637 764 et
3649 713 3790 773 invidi.

2260 785 2488 873 agentia,
2498 778 2867 873 abominabiles,
2889 786 3099 842 invicem
3113 791 3228 845 odio
3247 793 3485 852 habentes
3502 798 3621 866 (Tit.
3635 818 3701 870 ttt,
3721 808 3786 873 3).

2330 864 2416 918 2'3.
2455 866 2510 922 Si
2533 886 2660 940 ergo
2687 889 2786 930 nec
2813 874 3059 946 Pagattis,
3091 897 3188 936 nec
3221 881 3486 955 llrbt'wis,
3622 864 3789 951 hatred-

2494 958 2845 1018 schismaticis
2868 968 3102 1023 nondum
3126 971 3430 1043 baptizatis,
3450 977 3515 1032 ad
3532 979 3785 1050 baptismum
3820 969 3830 1022 λ

2257 1043 2456 1142 (Ebriin
2500 1051 2676 1107 aditus
2727 1056 3004 1127 clauditur,
3029 1063 3116 1118 ubi
3163 1067 3518 1124 eottdemnata
3542 1043 3635 1125 viia
3659 1076 3788 1142 priore

2262 1136 2314 1191 in
2371 1142 2559 1198 mrlius
2612 1159 3044 1219 commutentur;
3078 1160 3329 1226 quamvis
3373 1136 3718 1219 Christianitati
3749 1176 3786 1222 et

2262 1226 2514 1284 Ecclesiae
2543 1233 2632 1288 Dei
2659 1235 3000 1298 adversantes
3019 1253 3307 1316 antequam
3333 1247 3628 1307 ebristianis
3644 1253 3784 1309 Sacra-

2259 1322 2453 1376 mentis
2479 1324 2842 1395 abluerentur,
2882 1332 3040 1388 etiam
3067 1334 3290 1406 Spiritui
3319 1350 3506 1394 sancto
3523 1353 3692 1410 quanta
3715 1359 3782 1413 po-

2260 1415 2474 1466 tuerunt
2519 1413 2856 1475 infestatioue
2889 1424 3212 1481 restiterim:
3243 1428 3292 1483 si
3330 1429 3491 1485 etiam
3525 1431 3782 1499 hominibus,

2257 1502 2345 1570 qui
2377 1509 2622 1574 usquead
2643 1507 3110 1572 Sacramentorum
3155 1522 3555 1592 perceptionem
3594 1525 3777 1582 veritatis

2258 1594 2534 1650 scientiam
2561 1615 2930 1673 perceperunt,
2951 1617 3006 1660 et
3034 1621 3150 1676 post
3175 1609 3295 1666 bare
3320 1613 3450 1683 lapsi
3473 1614 3664 1683 Spiritui
3689 1632 3780 1670 san-

2256 1693 2343 1777 eto
2381 1689 2706 1758 restiterunt,
2752 1695 2816 1750 ad
2847 1699 3123 1756 sanitatem
3160 1703 3533 1772 redeuntibus,
3575 1717 3622 1764 et
3645 1722 3779 1777 pacem

2259 1775 2353 1830 Dei
2383 1782 2687 1848 paenitendo
2730 1793 3111 1860 quaerentibus,
3161 1797 3426 1853 auxilium
3475 1775 3782 1856 misericordia

2258 1882 2363 1962 non
2391 1883 2610 1940 negatur
2634 1893 2646 1927 :
2676 1877 2718 1930 si
2745 1878 2970 1951 denique
2996 1884 3064 1939 de
3093 1887 3198 1942 illis
3231 1889 3366 1958 ipsis
3394 1890 3576 1960 quibus
3598 1891 3780 1962 blasphe-

2257 1960 2416 2052 miam
2447 1963 2496 2018 in
2519 1964 2639 2034 Spir
2660 1977 2768 2024 tum
2823 1984 3061 2031 sanctum
3089 1979 3158 2032 ab
3202 1981 3286 2035 eis
3315 1983 3562 2052 prolatam
3584 1960 3776 2040 Dominus

2257 2051 2470 2148 objecit,
2497 2059 2648 2125 siqui
2695 2063 3068 2134 resipiscentes
3107 2070 3174 2125 ad
3223 2051 3327 2128 Dei
3347 2076 3562 2145 gratiam
3589 2076 3774 2148 conﬂige-

2257 2153 2400 2207 runt,
2429 2145 2544 2200 sine
2589 2149 2691 2205 ulla
2743 2153 3069 2211 dubitatione
3111 2164 3288 2217 sanati
3315 2174 3481 2220 sunt:
3523 2166 3631 2237 quid
3673 2145 3772 2224 aliud

2258 2244 2441 2296 restat,
2474 2238 2572 2294 nisi
2603 2252 2658 2296 ut
2697 2259 2968 2314 peccatum
3001 2251 3050 2304 in
3103 2255 3368 2324 Spiritum
3397 2268 3638 2316 sanctum.
3673 2259 3772 2331 quod

2258 2339 2428 2396 neque
2476 2331 2527 2385 in
2558 2332 2659 2388 hoc
2686 2339 2902 2404 8:I,'0ul0,
2955 2359 3127 2414 neque
3156 2347 3210 2401 in
3244 2347 3426 2404 luturo
3447 2351 3618 2406 dimitti
3646 2352 3770 2406 Domi-

2257 2431 2358 2470 nus
2383 2419 2530 2488 dicit,
2561 2427 2760 2482 nullum
2788 2430 3108 2504 intelligatur
3128 2438 3234 2493 nisi
3260 2444 3625 2508 perseverantia
3647 2443 3686 2497 in
3707 2458 3772 2497 ne-

2257 2509 2417 2606 quitia
2447 2521 2501 2606 et
2540 2515 2592 2569 in
2639 2520 2984 2590 malignitate,
3015 2541 3135 2582 cum
3163 2530 3531 2602 desperatione
3557 2534 3767 2606 indulgea-

2375 2603 2464 2659 Dei
2489 2605 2513 2659 ’ἒ
2542 2607 2650 2663 lloc
2678 2621 2760 2667 est
2778 2615 2922 2671 enim
2948 2621 3133 2688 gratiae
3167 2623 3318 2679 illius
3341 2635 3395 2680 et
3429 2601 3764 2697 paci

2261 2692 2327 2747 de
2351 2697 2544 2764 quibus
2572 2704 2725 2758 nobis
2749 2723 2927 2764 sermo
2955 2728 3097 2768 nunc
3120 2725 3278 2773 ortus
3296 2729 3396 2776 est.
3424 2692 3546 2776 liam
3567 2722 3666 2777 hinc
3683 2721 3766 2775 licet

2259 2783 2557 2881 advertere,
2586 2794 2743 2850 etiam
2775 2798 2903 2868 ipsis
2927 2801 3148 2872 Judteis,
3181 2825 3414 2878 quorum
3461 2810 3765 2881 blaSphemiam

2261 2874 2516 2972 Dominus
2551 2886 2738 2954 arguit,
2771 2905 2875 2944 non
2915 2893 3076 2950 fuisse
3103 2874 3351 2955 clausum
3390 2874 3765 2972 corrigenditeet

2262 2970 2551 3062 ptepitendi
2581 2975 2788 3045 locum;
2820 2984 2960 3052 quod
3007 2987 3145 3043 idem
3175 2991 3436 3048 Dominus
3461 2970 3579 3048 inea
3600 2995 3686 3062 ipsa
3705 3006 3767 3047 te-

2263 3058 2614 3125 prehcusione
2633 3069 2707 3123 ait
2727 3071 2828 3127 illis
2857 3092 2870 3126 :
2894 3075 2993 3129 Aut
3013 3079 3164 3148 facite
3179 3081 3414 3137 arborem
3432 3058 3666 3151 bonatu,et
3683 3085 3761 3153 [ηι-

2263 3157 2396 3202 ctum
2417 3157 2522 3225 ejus
2551 3157 2732 3214 bonum
2755 3178 2775 3226 ;
2803 3174 2889 3217 aut
2937 3164 3085 3235 facite
3121 3172 3360 3227 arborem
3408 3175 3590 3236 malum.
3613 3185 3651 3229 et
3681 3177 3762 3245 [νι-

2269 3257 2405 3336 ctum
2455 3251 2562 3318 ejus
2612 3253 2841 3325 malum(
2879 3254 3064 3312 Matth.
3117 3277 3190 3315 xu
3218 3304 3239 3330 ,
3291 3265 3512 3336 3l-55).
3544 3263 3761 3334 Quoduti-

2271 3333 2384 3408 que'
2417 3341 2556 3394 nulla
2575 3343 2776 3397 ratione
2797 3344 3062 3403 diceretur
3079 3351 3178 3417 eis,
3219 3358 3266 3408 si
3307 3333 3505 3425 propter
3547 3333 3741 3408 illambla

2266 3433 2558 3500 sphemiam
2606 3434 2714 3504 jam
2765 3449 3092 3497 commutare
3143 3446 3387 3502 animum
3439 3447 3483 3501 in
3526 3447 3692 3507 melius,
3717 3451 3759 3496 et

2265 3534 2411 3580 recte
2439 3525 2696 3582 laetorum
2725 3528 2929 3586 fructus
2955 3549 3221 3603 generare
3250 3557 3352 3595 non
3371 3549 3563 3611 possent,
3585 3547 3658 3590 aut
3673 3536 3760 3590 liu-

2265 3623 2372 3668 stra
2402 3616 2561 3670 etiam
2592 3620 2708 3673 sine
2734 3625 2932 3690 peccati
2958 3628 3040 3680 sui
3059 3628 3378 3686 uimissiune
3399 3637 3670 3702 petieraan

2332 3709 2421 3764 25.
2454 3710 2590 3781 Ergo
2608 3713 2732 3781 quia
2785 3714 3042 3773 Dominus
3084 3721 3134 3774 iu
3161 3721 3364 3792 Spiritu
3409 3725 3493 3779 Dei
3529 3720 3759 3792 expelli-bal

2262 3797 2542 3866 daemonia,
2572 3811 2896 3874 ceterosque
2920 3806 3276 3866 lmmanorum
3307 3828 3558 3882 corporum
3597 3809 3755 3864 morbos

2263 3885 2647 3959 languorcsque
2667 3894 2904 3957 sanabat.
2935 3912 3039 3952 non
3061 3899 3129 3953 ob
3156 3901 3306 3957 aliud
3322 3904 3414 3957 nisi
3442 3912 3493 3956 ut
3517 3900 3754 3956 crederetur

2261 3975 2454 4033 dicenti
2480 3979 2600 4042 sibi.
2641 3983 2785 4054 Agite
2829 3988 3223 4056 paenitentiam;
3264 3990 3635 4062 appropinquat-it
3659 3987 3752 4041 enim

2260 4091 2466 4143 regnum
2492 4077 2765 4144 ctelorum(
2797 4079 2881 4135 ld.
2915 4098 2992 4146 ιιι,
3014 4083 3102 4152 2).
3133 4083 3460 4142 lnvisibilitrr
3481 4085 3752 4153 euitnpecca-

2260 4173 2308 4218 ta
2337 4166 2687 4234 dimittuntur,
2709 4171 2793 4226 cui
2817 4171 3112 4229 dimissioni
3144 4175 3304 4233 ﬁdem
3331 4177 3571 4234 miraculis
3590 4184 3750 4239 θωυμ-

2259 4261 2409 4314 rabat
2438 4280 2452 4316 :
2483 4261 2624 4331 quod
2664 4263 2717 4318 iu
2748 4263 2840 4318 illo
2865 4266 3155 4336 paralytico
3205 4269 3603 4325 manifestissime
3623 4272 3751 4318 osten-

2259 4352 2420 4408 ditur.
2453 4354 2583 4409 Cum
2611 4356 2750 4410 enim
2776 4357 2947 4425 primo
2974 4359 3022 4414 ci
3049 4360 3249 4416 donum
3295 4361 3486 4417 visibilc
3517 4355 3746 4414 obtulisset,

2260 4452 2475 4514 propter
2496 4444 2634 4514 quod
2685 4455 2938 4512 venerat;
2981 4463 3085 4504 non
3128 4452 3271 4508 enim
3296 4453 3400 4523 jam
3425 4456 3613 4507 venerat
3632 4443 3748 4500 Filius

2259 4532 2510 4600 hominis,
2539 4543 2592 4588 ut
2618 4534 2876 4604 iudicaret
2893 4539 3166 4605 szeculum,
3199 4519 3312 4598 sed-
3325 4553 3378 4598 ut
3399 4547 3605 4598 servaret
3625 4544 3746 4589 sectr
3776 4519 3783 4544 ¹

2259 4626 2366 4680 lum
2393 4624 2584 4698 (Joan.
2607 4643 2683 4694 ιιι,
2708 4629 2774 4682 17
2803 4630 2856 4699 ):
2884 4645 3005 4686 cum
3031 4648 3161 4704 ergo
3202 4635 3433 4698 dixisset,
3462 4630 3646 4685 Dimissa
3661 4627 3744 4678 illi
3779 4619 3784 4626 ’

2260 4718 2348 4770 tibi
2375 4729 2614 4788 peccata;
2643 4728 3135 4794 murmuratumque
3175 4735 3315 4781 esset
3361 4739 3389 4778 a
3438 4718 3608 4777 ludatis
3645 4709 3744 4767 indi-

2257 4809 2537 4876 gnantibus
2561 4809 2700 4880 quod
2731 4810 2807 4865 eis
2830 4819 3029 4867 tantam
3073 4825 3378 4884 potestatem
3421 4810 3508 4864 sibi
3535 4810 3743 4873 errastis-“0

2257 4898 2568 4955 videretur:
2601 4900 2738 4966 Quid
2766 4912 2858 4970 est,
2905 4903 3092 4975 inquit,
3141 4904 3336 4974 facilius
3374 4901 3535 4962 dicere,
3579 4888 3742 4975 Danista

2256 5002 2372 5046 sunt
2399 4991 2486 5044 tibi
2511 4999 2756 5062 peccata;
2779 5011 2847 5048 an
2873 4973 3054 5058 dicere,
3088 4973 3250 5066 surge
3271 5002 3315 5047 et
3333 4985 3552 5044 ambula?
3576 4978 3628 5037 Ut
3645 4973 3739 5031 πία-

2257 5083 2319 5135 tis
2335 5090 2496 5134 autem
2521 5081 2639 5151 quia
2668 5093 2958 5153 potestatem
2980 5085 3124 5139 liabet
3152 5083 3196 5138 Ρ
3196 5085 3306 5138 ilius
3338 5077 3532 5134 hominis
3554 5067 3739 5126 άίικίιιεη

2255 5184 2478 5245 peccata,
2510 5174 2669 5243 (dicit
2709 5176 3018 5248 paralytico)
3056 5177 3163 5230 Tibi
3190 5177 3317 5240 dico,
3339 5186 3490 5242 surge,
3528 5161 3623 5219 tolle
3646 5166 3734 5248 gff‘

2254 5239 2423 5321 italum
2444 5239 2604 5329 tuum,
2635 5276 2682 5320 et
2708 5239 2895 5321 uadciit
2921 5239 3124 5323 domum
3145 5279 3277 5322 tuam
3303 5265 3322 5337 (
3346 5239 3494 5316 Mulc-
3522 5239 3733 5346 "i549:

2252 5357 2369 5427 Quo
2388 5358 2548 5425 facto,
2577 5368 2632 5413 et
2653 5359 2843 5430 quibus
2861 5358 3015 5415 dictis
3041 5362 3169 5414 satis
3185 5331 3455 5413 declaravit
3479 5347 3578 5402 ideo
3600 5352 3647 5394 se
3666 5331 3727 5387 illa

2253 5448 2428 5506 facere
2467 5450 2520 5504 in
2558 5451 2886 5519 corporibus,
2920 5461 2977 5506 ut
3012 5453 3310 5508 crederetur
3343 5445 3523 5500 animas

2251 5557 2370 5598 rum
2390 5511 2701 5597 dimissione
2717 5511 2957 5609 liberare,
2986 5543 3036 5598 id
3066 5553 3166 5608 est,
3195 5552 3248 5598 ut
3267 5540 3328 5595 de
3349 5537 3573 5608 potestate
3587 5511 3727 5616 νὶεξδίῙί

2250 5643 2483 5707 potestas
2509 5633 2784 5690 invisibilis
2809 5647 3102 5693 mereretur
3129 5637 3296 5693 ﬁdem.
3325 5629 3440 5699 Quia
3462 5633 3567 5690 ergo
3583 5616 3623 5670 Ῐη
3638 5609 3730 5707 si“

2258 5699 2360 5782 ritu
2389 5727 2486 5782 Dei
2513 5725 2736 5784 iaciebat
2761 5727 2846 5786 illa
2875 5730 3070 5797 omnia,
3101 5726 3373 5802 utgratiam
3399 5718 3634 5788 ρθοεῐηφιθ
3653 5699 3726 5750 ¹³⁰”
