3956 6366
182 325 358 396 3105

192 443 446 512 minibus
468 439 780 512 largiretur;
802 434 1024 508 gratiam
1045 435 1096 489 in
1120 432 1434 489 remissione
1450 442 1810 502 peccaturum,

199 529 402 618 pacem
430 537 483 591 in
533 531 963 588 reconciliatione
989 530 1077 584 Dei
1113 527 1208 600 (a),
1232 542 1261 581 a
1291 541 1395 598 quo
1419 535 1670 597 separant
1700 527 1814 581 sola

203 639 430 708 peccata
459 643 473 680 :
501 639 622 680 cum
643 624 902 677 dixissent
940 620 1109 676 Judaei
1134 618 1272 690 quod
1319 620 1370 672 in
1403 618 1697 674 Beelzebub
1717 619 1818 687 eji-

205 729 366 784 ceret
385 716 664 780 tiattttunin,
694 712 1119 769 misericorditer
1142 726 1237 766 eos
1279 711 1448 764 voluit
1500 710 1811 778 admouere,

216 828 297 874 ne
322 810 534 866 verbum
555 805 796 860 dicerent
815 813 865 858 et
899 801 1280 873 blasplmminm
1308 803 1359 856 in
1397 801 1654 870 Spiritum
1685 815 1811 855 san-

224 897 611 970 ctumUlattlt.
654 912 747 959 sn,
787 895 1015 962 εἰεί-33),
1073 893 1174 948 hoc
1217 902 1301 948 est
1331 934 1347 955 ,
1384 908 1450 947 ne
1477 893 1662 963 gratia:
1716 891 1813 948 Dei

225 997 442 1072 pacique
469 990 810 1054 resisterent,
832 1003 992 1059 quam
1027 1002 1120 1054 per
1145 986 1401 1056 Spiritum
1432 996 1674 1042 s:metum
1717 987 1814 1042 do-

229 1103 352 1145 nare
400 1083 651 1139 Dominus
690 1088 927 1136 venerat.
958 1079 1072 1134 Non
1103 1079 1226 1148 quia
1251 1079 1360 1146 jam
1410 1079 1510 1132 hoc
1549 1079 1808 1144 fecerant,

229 1175 365 1249 quod
380 1173 471 1229 sibi
503 1187 677 1242 tte‘Itlt‘.
709 1171 759 1225 in
786 1171 886 1224 hoc
906 1169 1126 1233 surculo,
1152 1184 1327 1237 nultte
1353 1167 1403 1220 itt
1428 1166 1812 1222 futurodimit-

232 1276 447 1326 teretur;
478 1262 570 1316 sed
594 1276 660 1316 ue
685 1259 1020 1329 deSperando
1039 1258 1106 1314 de
1131 1259 1303 1319 venia,
1326 1265 1419 1311 aut
1444 1257 1592 1326 quasi
1622 1256 1690 1311 de
1713 1272 1809 1313 sua

226 1357 415 1430 justitia
443 1352 832 1424 prmsumeudo,
862 1350 1297 1421 etpmdteutiam
1321 1363 1426 1404 non
1453 1349 1678 1419 agendo,
1709 1357 1802 1402 aut

231 1442 606 1524 perseverando
651 1447 702 1500 in
758 1444 1011 1516 peccatis,
1044 1443 1146 1498 hoc
1194 1442 1476 1499 facerent:
1510 1442 1610 1498 hoc
1651 1441 1810 1496 modo

231 1544 367 1600 enim
395 1542 630 1595 dicerent
671 1538 913 1601 verbum,
938 1537 1040 1590 hoc
1083 1543 1164 1590 est
1191 1534 1573 1604 blasphemiam
1604 1535 1656 1588 in
1685 1533 1808 1602 Spi-

235 1636 381 1690 ritum
422 1640 682 1697 sauctum,
737 1629 790 1684 in
823 1643 928 1699 quo
980 1627 1237 1681 Dominus
1271 1627 1421 1696 signa
1469 1627 1555 1681 illa
1594 1636 1810 1696 propter

235 1723 540 1795 largiendam
561 1722 787 1791 gratiam
811 1733 1098 1791 pacemque
1120 1717 1366 1784 faciebat,
1393 1719 1436 1774 si
1461 1733 1809 1788 perseveran-

238 1818 302 1871 tia
330 1824 654 1886 peccatorum
686 1813 784 1882 ipsi
811 1811 994 1882 gratia:
1035 1810 1256 1879 pacique
1299 1810 1624 1864 resisterent.
1674 1809 1807 1864 Ver-

235 1908 352 1964 bum
375 1907 507 1962 euim
527 1904 728 1966 dicere,
758 1919 862 1957 non
885 1903 954 1956 ita
974 1901 1187 1983 videtu!
1209 1901 1298 1955 hic
1323 1901 1571 1971 positum,
1595 1910 1655 1956 ut
1693 1909 1808 1956 tan-

233 1997 494 2054 tummodo
510 1995 633 2050 illud
659 1994 979 2063 intelligatur
999 1991 1140 2063 quod
1168 2006 1266 2062 per
1299 1991 1533 2062 linguam
1583 1991 1809 2046 fabrica-

232 2105 370 2154 mns,
396 2086 641 2157 sedquod
677 2085 838 2140 corde
863 2092 1198 2154 Conceptum,
1233 2084 1392 2138 etiam
1436 2097 1599 2154 opere
1627 2085 1806 2153 expri-

228 2184 432 2239 mimus.
461 2179 608 2236 S.eut
641 2180 786 2234 enim
832 2193 936 2232 non
979 2175 1301 2232 confitentur
1333 2175 1526 2239 Deum,
1557 2174 1647 2245 qui
1686 2184 1807 2228 tan-

231 2283 336 2330 tum
363 2274 466 2327 oris
492 2287 624 2326 sono
647 2269 992 2333 confitentur,
1023 2284 1126 2322 non
1154 2271 1314 2322 etiam
1341 2267 1494 2322 bonis
1514 2267 1803 2336 operibus:

228 2381 342 2420 nam
365 2363 431 2420 de
451 2364 534 2418 his
561 2363 765 2416 dictum
786 2371 888 2416 est.
907 2359 1223 2425 Confitentur
1237 2358 1370 2412 enim
1385 2373 1437 2411 se
1457 2373 1603 2411 nosse
1624 2356 1805 2422 Deum,

229 2458 365 2527 {actis
387 2465 554 2510 autem
583 2463 766 2526 negant
792 2451 934 2524 (Tit.
983 2467 1021 2519 ι,
1053 2450 1178 2522 16).
1221 2451 1300 2506 Ex
1328 2467 1434 2521 quo
1472 2449 1810 2506 manifestum

227 2560 303 2606 est
319 2548 418 2605 dici
443 2547 641 2615 alilllltd
661 2547 828 2609 factis,
860 2545 997 2599 sicut
1022 2541 1360 2598 manifestum
1386 2551 1470 2597 est
1500 2543 1677 2612 negari
1707 2541 1808 2596 ali-

228 2640 340 2711 quid
366 2638 537 2694 fartis.
581 2635 655 2692 Et.
685 2636 822 2691 sicut
868 2634 995 2690 illud
1023 2634 1162 2703 quod
1191 2634 1264 2688 ait
1311 2632 1612 2702 Apostolus,
1646 2631 1809 2687 Nemo

230 2735 357 2800 dicit,
382 2731 632 2787 Dominus
661 2727 830 2793 Iesus,
866 2728 963 2782 nisi
992 2728 1045 2781 in
1067 2726 1264 2798 Spiritu
1287 2735 1464 2780 sancto
1486 2724 1506 2797 (
1530 2726 1545 2779 l
1567 2723 1685 2780 Cor.
1713 2740 1803 2790 xu,

230 2826 333 2898 3);
360 2841 464 2880 non
494 2832 669 2894 potest
696 2830 844 2877 recte
872 2820 1120 2890 intelligi,
1152 2820 1252 2874 nisi
1279 2819 1330 2873 in
1355 2819 1505 2874 factis
1533 2818 1810 2873 dicerein-

231 2919 502 2989 teiligatnr.
524 2915 641 2971 Non
668 2914 810 2969 enim
839 2913 1014 2968 hocin
1041 2911 1240 2981 Spiritu
1271 2921 1456 2966 sancto
1493 2910 1674 2964 dicere
1707 2924 1806 2980 pu-

233 3009 359 3064 tandi
388 3017 535 3072 sunt,
558 3006 752 3076 quibus
780 3005 893 3074 ipse
913 3002 1170 3057 Dominus
1185 3001 1334 3066 dicit,
1363 2999 1554 3073 thuid
1571 3000 1692 3053 mihi
1722 3000 1802 3052 di-

241 3099 359 3165 citis,
392 3097 628 3161 Domine,
678 3093 915 3158 Domine,
965 3101 1015 3146 et
1050 3107 1153 3147 non
1199 3091 1366 3163 facitis
1392 3106 1504 3161 qua:
1530 3090 1644 3143 dico
1672 3088 1808 3143 vobis

284 3211 351 3275 (a)
377 3218 393 3260 t
415 3217 621 3260 ttetract.
657 3221 762 3270 cap.
787 3206 863 3256 23$.

1001 317 1216 377 EPIST.
1256 317 1348 375 AD
1377 317 1558 385 ΕΑΒ,
1588 317 1646 374 S.
1677 315 1840 375 AUG.
1883 318 2350 379 EXPOSITIONIS
2385 319 2590 378 LIBER
2630 320 2824 381 UNUS.

1927 435 1948 507 (
1977 433 2101 492 Luc.
2133 452 2206 505 vr,
2241 437 2335 507 t6)
2356 436 2382 491 ?
2407 448 2460 493 et
2511 437 2664 502 illud,
2699 435 2820 493 Non
2850 439 3012 496 omnis
3050 440 3140 508 qui
3188 443 3314 500 mihi
3355 447 3500 518 dicit,

1921 529 2156 595 Domine,
2184 530 2440 595 Domine,-
2462 532 2668 586 intrabit
2695 531 2746 585 in
2774 549 2980 604 regnum
3003 536 3241 592 caelorum
3272 539 3291 612 (
3321 539 3508 599 Matth.

1919 637 2013 686 vn,
2041 623 2103 679 2|
2135 623 2177 693 ).
2207 623 2296 679 Sic
2319 625 2478 678 etiam
2507 624 2593 694 qui
2622 624 2722 678 hoc
2760 624 3000 688 verbum,
3031 627 3171 683 nnod
3213 631 3329 686 sine
3355 635 3510 691 venia

1919 717 2034 771 vult
2055 716 2270 787 intelligi
2301 715 2579 781 Dominus,
2600 717 2650 771 in
2686 717 2941 786 Spiritum
2967 729 3205 774 sanetum
3235 723 3382 788 dicit,
3407 724 3510 781 hoc

1919 820 2022 876 εει,
2045 810 2134 881 qui
2163 810 2453 879 desperans
2476 810 2544 865 de
2587 809 2753 880 gratia
2783 820 2831 866 et
2865 826 2998 884 pace
3033 828 3190 883 quam
3233 815 3414 884 donat,
3447 818 3502 874 in

1921 901 2152 971 peccatis
2174 902 2284 956 snis
2313 901 2759 970 perseverandum
2779 903 2880 957 sibi
2904 919 3026 960 esse
3046 904 3195 971 dicit,
3220 906 3399 965 dicere
3415 911 3500 965 in-

1919 991 2232 1062 tulligendus
2252 1002 2332 1046 est
2359 993 2509 1046 factis
2536 1010 2550 1047 :
2577 1002 2633 1047 ut
2659 993 2924 1063 quomodo
2941 995 3011 1048 illi
3030 993 3185 1051 factis
3219 997 3504 1057 Dominum

1920 1095 2132 1156 negant,
2156 1085 2234 1139 sic
2256 1085 2340 1139 isti
2369 1084 2521 1140 fartis
2548 1084 2728 1139 dicant
2747 1101 2806 1141 se
2835 1086 2886 1140 in
2910 1087 3045 1140 mala
3075 1089 3177 1142 vita
3195 1104 3291 1144 sua
3313 1098 3369 1145 et
3390 1105 3506 1162 per-

1917 1176 2300 1232 ditismoribus
2330 1185 2863 1246 perseveraturos,et
2915 1177 2985 1231 ita
3033 1176 3245 1245 faciant,
3294 1181 3395 1236 hoc
3419 1193 3506 1239 est

1917 1279 2279 1339 perseverent.
2323 1267 2474 1335 Quod
2529 1268 2572 1322 si
2601 1267 2819 1334 faciunt,
2846 1268 2966 1338 quis
3002 1269 3112 1339 jam
3136 1273 3378 1339 miretur,
3409 1284 3503 1330 aut

1918 1365 2036 1431 quis
2056 1377 2159 1414 non
2187 1360 2462 1429 intelligat,
2501 1367 2557 1414 et
2585 1359 2868 1414 Dominum
2894 1358 3076 1414 .lesnm
3103 1360 3374 1417 Christum
3407 1377 3503 1433 per

1917 1451 2061 1505 illam
2090 1450 2556 1506 comminationem
2605 1451 2672 1504 ad
2729 1451 3095 1520 pmiiitentiatn
3153 1467 3372 1508 vocasse
3399 1453 3500 1510 Ju-

1917 1544 2085 1611 dwos,
2114 1556 2170 1598 ut
2186 1544 2326 1598 eisin
2349 1560 2407 1598 sc
2421 1544 2758 1599 credentibus
2771 1545 2994 1614 gratiam
3023 1558 3312 1614 pacemque
3331 1545 3503 1601 dona-

1917 1645 2038 1702 ret;
2064 1644 2117 1690 ct
2139 1635 2259 1689 huic
2285 1635 2468 1704 gratize
2490 1635 2712 1704 pacique
2749 1635 3140 1700 resistentibus,
3172 1645 3228 1690 et
3248 1636 3351 1691 hoc
3377 1651 3501 1691 mo-

1916 1728 1986 1783 do
2014 1727 2234 1783 verbum
2277 1736 2436 1798 atque
2465 1725 2846 1797 blaSphcmiam
2897 1726 2950 1780 in
2977 1725 3231 1797 Spiritum
3261 1735 3504 1782 sanctum

1916 1821 2231 1884 dicentibus,
2266 1819 2368 1876 huc
2409 1829 2511 1885 est,
2564 1819 2616 1874 in
2652 1819 2882 1889 peccatis
2906 1820 3018 1872 suis
3046 1818 3323 1888 desperata
3349 1827 3505 1890 atque

1917 1915 2076 1984 impia
2105 1914 2298 1969 mentis
2321 1913 2675 1968 obstinatione
2705 1911 3185 1982 perseverantibus,
3224 1921 3279 1966 et
3302 1911 3495 1967 adver-

1916 2021 2007 2062 sus
2027 2006 2194 2061 Deum
2220 2006 2337 2060 sine
2361 2005 2656 2059 humilitate
2677 2003 3025 2058 confessionis
3053 2013 3211 2074 atque
3242 2003 3504 2072 poeniten-

1918 2098 2005 2152 tize
2054 2096 2508 2166 superbientibus,
2555 2111 2726 2165 neque
2770 2095 2822 2148 in
2853 2094 2957 2148 hoc
2994 2095 3208 2158 smenlo,
3240 2109 3412 2165 neque
3451 2095 3502 2150 in

1916 2190 2094 2245 futuro
2123 2189 2327 2243 veniam
2343 2201 2499 2257 posse
2521 2185 2786 2241 concedi?
2813 2184 2943 2253 Qua:
2963 2186 3006 2238 si
3039 2186 3112 2239 ita
3139 2195 3280 2251 sunt,
3307 2200 3502 2256 oppor-

1918 2277 2158 2330 tuuitme‘
2187 2271 2442 2327 tractandi
2468 2270 2536 2326 de
2558 2271 2728 2340 gratia
2757 2279 2813 2325 et
2838 2284 2987 2338 pace,
3013 2283 3133 2338 quze
3175 2268 3330 2323 nobis
3366 2279 3448 2324 est
3472 2285 3504 2325 a

1918 2368 2030 2422 Deo
2061 2366 2215 2421 Patre
2234 2373 2288 2419 et
2316 2363 2545 2418 Domino
2577 2371 2761 2416 nostro
2779 2359 2908 2415 .lesu
2953 2358 3188 2424 Christo,
3238 2373 3426 2430 magna
3450 2367 3505 2414 et

1917 2456 2224 2513 difficillima
2247 2455 2435 2510 eodem
2458 2453 2574 2522 ipso
2599 2451 2824 2506 Domino
2842 2449 3102 2518 largiente
3142 2448 3366 2517 qumstio
3401 2447 3486 2501 dis

1917 2550 2090 2605 soluta
2114 2559 2216 2605 est.
2238 2547 2487 2617 Quisquis
2506 2554 2681 2601 autem
2715 2543 2892 2598 adhuc
2918 2542 2987 2596 de
3012 2557 3070 2596 re
3103 2549 3247 2595 tanta
3274 2539 3502 2610 diligen-

1919 2642 2107 2697 tiorem
2150 2637 2629 2695 considerationem
2677 2633 3153 2701 tractationemque
3199 2629 3501 2695 desiderat,

1917 2732 1968 2788 in
1993 2730 2264 2800 Evangelii
2289 2728 2602 2783 tractatione
2624 2735 2783 2796 atque
2828 2725 2884 2778 in
2912 2721 3090 2776 verbis
3137 2719 3502 2788 Evangelista-

1918 2839 2034 2877 rum
2075 2822 2174 2877 sibi
2201 2817 2552 2875 desideranda
2604 2831 2725 2872 esse
2763 2820 3088 2885 cognoscat:
3120 2818 3174 2865 et
3203 2807 3504 2864 meminerit
3540 2872 3543 2874 ἓ

1916 2929 2016 2968 nos
2045 2927 2184 2967 nunc
2200 2910 2490 2982 Epistulam
2513 2907 2659 2963 Pauli
2680 2905 2904 2976 apostoli
2929 2901 2994 2956 ad
3025 2901 3294 2956 Romanos
3312 2912 3500 2954 susce-

1917 3007 2058 3076 pisse
2089 3002 2608 3069 Iractaudam,cnjus
2638 2998 2892 3069 Epistola:
2921 3003 3122 3050 textum
3157 3005 3494 3060 consequen-

1917 3107 2020 3150 tem
2040 3097 2094 3150 in
2122 3095 2241 3149 aliis
2265 3093 2643 3154 voluminibus,
2687 3090 2730 3144 si
2761 3087 3022 3143 Dominus
3064 3085 3312 3148 voluerit,
3341 3081 3502 3136 vesti-

1912 3190 2171 3262 gabimus,
2192 3197 2248 3244 ut
2268 3186 2422 3257 hujus
2439 3186 2549 3255 jam
2576 3181 2786 3238 tandem
2814 3180 2913 3235 iste
2936 3179 3005 3234 sit
3033 3175 3243 3232 modus.

1283 3311 1840 3324 ._______.___.-
1860 3301 2649 3319 .___________.._...

1559 3353 1804 3360 __._.—

303 3421 387 3480 De
409 3417 799 3497 subsequenti
849 3433 1047 3496 opere,
1079 3413 1218 3476 vide
1244 3413 1350 3476 lib.
1387 3414 1445 3485 1,
1484 3431 1616 3492 cap.
1645 3410 1747 3483 ΞΕ,
1802 3387 2372 3476 Retraclationum,
2409 3423 2448 3464 a
2497 3401 2615 3463 col.
2650 3398 2770 3460 622
2802 3444 2819 3474 ,
2868 3395 3092 3463 verbis,
3129 3395 3281 3456 Post
3329 3392 3504 3455 hunc

238 3518 454 3580 librum
498 3516 795 3595 exposui,
841 3533 1030 3595 usque
1059 3514 1140 3576 ad
1171 3515 1289 3576 col.
1335 3511 1476 3586 623,
1511 3510 1737 3578 verbis,
1769 3508 2034 3587 Scripsit
2058 3505 2426 3586 Apostolus.
2671 3500 2759 3560 M.

242 3643 1498 3700 W_—_—
1134 3683 1143 3690 ,
1197 3643 1538 3680 --ᾶ

1501 3617 3483 3690 Μ

817 3801 962 3912 s.
1027 3797 1798 3912 nonam:
1858 3787 2873 3906 AUGUSTINI

980 4028 987 4060 τ
1095 4053 1098 4057 ·
1125 4029 1129 4034 ’
1216 4017 1973 4106 HIPPONENSIS
2023 4010 2554 4100 EPISCOPI

345 4083 2086 4370 ΕΡΙΒΤΟἶᾸῖΧῦ

2270 4184 3374 4352 GALATAS

1006 4455 1857 4645 QZ-xpositionis
1908 4456 2222 4596 liber
2254 4437 2713 4596 unus“).
3484 4515 3488 4521 -

1558 4677 1615 4728 ιθ(
1626 4673 2037 4728 ο-θὶΦθΟἎ
2053 4673 2197 4723 ῖὲ-ο-ῒϐυ

876 4774 1173 4819 ΡΒΒΡᾹΤῙΟ.

315 4867 362 4921 l.
396 4865 563 4920 Causa
596 4869 810 4932 propter
833 4871 990 4927 quam
1020 4853 1204 4909 scribit
1241 4848 1524 4920 Apostolus
1549 4845 1616 4902 ad
1645 4845 1807 4902 Gala-

255 4960 359 5020 tas,
394 4955 507 5009 haee
551 4961 668 5017 est,
701 4962 756 5004 ut
783 4947 1081 5016 intelligant
1115 4941 1339 5013 gratiam
1388 4938 1481 4994 Dei
1535 4937 1588 4992 id
1629 4951 1812 4990 secum

254 5059 413 5114 agi-re.
442 5054 498 5099 ut
540 5043 642 5097 sub
672 5042 810 5108 Lege
834 5039 943 5108 jam
985 5052 1089 5089 non
1118 5034 1242 5088 sint.
1271 5031 1403 5086 Cum
1433 5029 1573 5084 enim
1612 5025 1808 5098 praedi-

249 5147 354 5192 eam
381 5139 454 5194 eis
477 5148 622 5193 esset
647 5132 917 5205 Evangelii
943 5130 1130 5202 gratia,
1164 5142 1268 5181 non
1294 5123 1575 5180 defuerunt
1600 5119 1812 5191 quidam

251 5245 306 5286 ex
348 5229 768 5292 circumcisione,
803 5225 1042 5297 quamvis
1083 5218 1370 5276 Christiani
1412 5217 1646 5274 nomine.
1681 5228 1814 5268 non-

251 5321 364 5380 dum
407 5334 583 5380 tamen
631 5331 874 5377 tenentes
916 5318 1090 5388 ipsum
1142 5312 1326 5385 gratiae
1371 5308 1710 5372 beneficium,
1759 5316 1816 5362 et

1920 4771 2093 4826 adhuc
2120 4771 2358 4824 volentes
2398 4783 2517 4823 esse
2540 4768 2638 4823 sub
2676 4767 2928 4823 oneribus
2954 4764 3131 4836 Legis.
3162 4778 3282 4836 qme
3314 4763 3500 4836 Domi:

1920 4857 2020 4896 nus
2051 4842 2187 4895 Deus
2226 4841 2572 4909 imposuerat,
2617 4853 2723 4892 non
2747 4838 2968 4904 justitiu:
2997 4831 3372 4896 servientibus,
3403 4831 3498 4886 sed

1919 4940 2160 5001 peccato,
2201 4929 2398 4998 justam
2437 4927 2641 4983 scilicet
2690 4926 2884 4996 Legem
2939 4924 3150 4992 injustis
3195 4922 3500 4977 hominibus

1917 5021 2093 5078 dando
2139 5021 2206 5076 ad
2249 5017 2660 5075 demonstranda
2699 5026 2912 5088 peccata
2954 5031 3162 5078 eorum,
3205 5030 3309 5068 non
3355 5012 3501 5070 auio-

1918 5114 2082 5170 renda
2107 5133 2120 5168 :
2151 5129 2255 5168 non
2283 5111 2424 5166 enim
2451 5109 2619 5165 aufert
2644 5120 2856 5179 peccata
2883 5107 2982 5162 nisi
3011 5107 3178 5178 gratia
3208 5105 3349 5172 tidei,
3379 5122 3498 5177 qua:

1917 5223 2015 5278 per
2058 5205 2395 5262 dilectionem
2439 5213 2731 5274 operatur:
2761 5201 2861 5257 sub
2887 5201 2986 5256 hac
3032 5217 3158 5272 ergo
3195 5201 3360 5270 gratia
3382 5199 3493 5267 jant

1918 5299 2132 5357 Galatas
2154 5297 2489 5362 constitutos,
2519 5295 2594 5350 illi
2621 5295 2868 5351 volebant
2887 5293 3216 5350 consumere
3243 5291 3342 5346 sub
3360 5303 3492 5344 oue-

1464 5433 1724 5473 ADIIONITIO
1753 5435 1827 5470 PP.
1860 5427 2281 5468 ωενιστιιιοιισκ.

309 5550 562 5610 Castigatus
583 5550 660 5595 est
676 5541 776 5610 (hic
795 5536 943 5610 liber)
963 5535 1022 5587 ad
1046 5534 1247 5610 eosdem
1267 5530 1460 5583 codices
1479 5541 1588 5578 cum
1610 5524 1914 5589 Expositione
1933 5519 2152 5584 Epistolis
2174 5517 2235 5568 ad
2251 5525 2508 5598 βοιωτιωέ
2529 5523 2870 5584 pmtereaque
2893 5513 2950 5564 ad
2973 5512 3176 5563 alterum
3199 5511 3499 5571 Thuanenm,
3553 5545 3558 5548 -

259 5605 308 5653 ad
331 5597 648 5664 Albiiiensem,
677 5597 1004 5653 ﬁtichaelinum
1024 5606 1077 5648 et
1095 5597 1422 5659 Sergiensem.

420 5634 1590 5748 67337;;lﬁéiﬁiii‘iiigﬁé’iééfamnes
1625 5648 1924 5712 editiones
1953 5645 2140 5708 initio
2169 5646 2342 5707 Retr.
2363 5642 2726 5707 etConfess.
2769 5647 2813 5699 ι.
2847 5639 2906 5711 1,
2935 5643 3314 5697 memoratos.
3381 5634 3469 5696 Μ.

221 5785 251 5801 ·“
309 5769 374 5833 (α)
395 5736 608 5834 εει-ἱριῶ
629 5767 822 5818 circiter
843 5736 1010 5813 Christi
1027 5773 1205 5812 annum
1225 5756 1345 5808 594:
1366 5755 1552 5807 scilicet
1573 5752 1833 5819 Augustino
1854 5749 2007 5800 adhuc
2030 5748 2336 5812 presbytero,
2360 5760 2422 5795 ex
2444 5743 2527 5794 lib.
2557 5745 2578 5792 l
2607 5747 2829 5800 netraet.,
2860 5752 2998 5801 capp.
3019 5738 3078 5788 23
3111 5745 3161 5789 et
3177 5736 3252 5785 ξι.
3467 5818 3476 5827 ⁸
