3956 6370
623 455 906 503 moventur
930 445 994 500 ad
1023 443 1202 501 ﬁdem.
1229 443 1426 500 Deinde
1463 446 1574 500 veni
1625 447 1677 498 in
1725 455 1888 513 partes
1919 445 2116 514 Syriae,
2153 455 2201 499 et

621 538 827 595 Ciliciae.
870 539 1023 593 Eram
1063 551 1230 593 autem
1273 541 1472 609 ignotus
1516 540 1644 608 [acie
1692 539 1925 592 Ecclesiis
1967 539 2196 608 Juda’w,

620 647 735 700 quc
772 631 822 682 in
865 628 1061 683 Christo
1099 638 1235 684 sunt.
1271 631 1841 696 Animadvertendum,
1872 647 1974 685 non
2006 632 2057 685 in
2086 633 2200 686 sola

618 725 950 797 Jerosolyma
980 726 1193 780 Judaeos
1232 727 1282 781 in
1311 727 1580 782 Christum
1622 730 1927 792 credidisse,
1964 743 2062 783 nec
2092 737 2197 781 uun

621 833 818 888 patiens
844 815 1026 882 fuisse,
1065 827 1120 871 ut
1151 817 1402 872 Ecclesiis
1425 819 1673 874 Gentium
1701 822 2076 883 miscerentur;
2104 818 2198 874 sed

623 917 728 960 tam
755 907 970 972 multos,
990 918 1041 960 ιιι
1073 923 1136 963 ex
1165 908 1268 962 illis
1292 911 1540 964 Ecclesia}
1571 912 1777 967 ﬁerent.
1797 911 2012 964 Tantum
2031 920 2199 963 autem

621 996 879 1051 audientes
912 1008 1056 1052 erant
1085 1001 1203 1069 quia
1238 1000 1326 1069 qui
1352 1000 1626 1070 aliquando
1661 1019 1751 1055 nos
1788 1001 2191 1072 persequebatur,

619 1105 753 1143 nunc
781 1091 1082 1161 evangelth
1111 1091 1262 1160 ﬁdem
1299 1108 1448 1162 quam
1481 1093 1756 1163 aliquando
1781 1094 2042 1157 vastabat;
2068 1105 2113 1147 et
2142 1094 2195 1146 in

625 1196 704 1233 me
729 1181 1114 1251 ntaguiﬁcubant
1145 1181 1324 1236 Deum.
1355 1183 1464 1238 Hoc
1490 1194 1569 1239 est
1589 1185 1731 1256 quod
1755 1185 1984 1247 dicebat,
2009 1201 2112 1238 non
2137 1199 2197 1238 se

622 1272 834 1341 placere
861 1271 1183 1338 hominibus,
1212 1275 1389 1344 utique
1418 1289 1510 1345 per
1539 1277 1791 1346 seipsum,
1820 1276 1912 1332 sed
1942 1285 1998 1329 ut
2023 1276 2074 1329 iu
2107 1275 2194 1330 illo

619 1364 1046 1432 ntagnilicaretur
1086 1364 1224 1418 Deus
1256 1384 1268 1419 :
1299 1365 1400 1420 hoc
1441 1375 1524 1420 cst
1565 1367 1702 1436 quod
1751 1368 1906 1421 etiam
1944 1366 2195 1420 Dominus

615 1450 762 1514 dicit,
787 1451 1012 1507 Luceant
1040 1471 1195 1525 opera
1214 1465 1374 1509 vestra
1403 1473 1570 1509 coram
1599 1457 1896 1520 hominibus,
1922 1467 1974 1509 ut
2000 1457 2194 1510 videant

615 1543 743 1597 bona
782 1548 919 1616 facta
961 1557 1149 1611 vestra,
1176 1558 1221 1600 et
1251 1548 1529 1615 gloriﬁcent
1560 1547 1761 1602 Patrem
1792 1558 2003 1601 vestrum
2030 1550 2114 1618 qui
2140 1549 2194 1603 in

613 1635 751 1688 caelis
777 1646 846 1690 est
877 1635 1086 1706 (Matth.
1116 1654 1169 1700 ν,
1201 1638 1312 1707 16).

689 1724 777 1780 10.
821 1724 932 1797 [lb.
963 1743 1018 1789 ιι,
1052 1729 1100 1790 1,
1129 1726 1227 1797 2.]
1258 1727 1452 1781 Deinde
1473 1743 1581 1798 post
1620 1745 1779 1782 annos
1820 1731 2193 1799 quatuordecim

615 1817 796 1871 iterant
841 1818 1045 1870 (tacendi
1084 1817 1454 1889 Jerosolyntam
1494 1838 1604 1874 cum
1643 1819 1900 1884 Barnaba,
1940 1831 2192 1916 asst‘mpto

613 1908 765 1961 etiam
790 1906 923 1960 Tito.
955 1907 1230 1978 Tanquam
1277 1912 1592 1964 testimoniis
1637 1913 1874 1981 pluribus
1911 1906 2194 1982 agitfeum

613 1997 774 2053 etiam
806 1998 935 2052 istos
965 2000 1221 2054 nominat.
1249 2002 1464 2055 Ascendi
1491 2014 1657 2057 autem
1692 2005 1963 2058 secundum
2002 2007 2190 2060 revela-

615 2088 841 2142 tionem:
865 2104 932 2143 ne
961 2100 1199 2144 moveret
1242 2107 1335 2145 eos
1372 2109 1534 2161 quare
1576 2095 1655 2147 vel
1707 2103 1827 2148 tunc
1867 2095 2187 2160 ascenderit,

614 2193 721 2248 quo
746 2188 851 2234 tam
879 2180 967 2233 diu
991 2195 1093 2234 non
1124 2183 1452 2237 ascenderat.
1479 2184 1808 2254 Quapropter
1833 2185 1876 2239 si
1903 2203 1965 2239 ex
1989 2187 2192 2240 revela-

612 2269 756 2325 tioue
774 2270 1030 2335 ascendit,
1051 2280 1175 2326 tunc
1195 2273 1448 2340 proderat
1472 2286 1524 2328 nt
1545 2276 1875 2329 ascenderet.
1897 2275 1962 2328 Et
1983 2278 2190 2345 exposui

607 2359 709 2413 illis
748 2359 1075 2432 Evangelium
1114 2365 1248 2432 quod
1287 2365 1506 2434 pra'dico
1549 2367 1600 2418 in
1641 2366 1921 2433 Gentibus;
1966 2384 2190 2422 seorsum

607 2458 772 2503 autem
794 2452 871 2504 his
894 2453 981 2523 qui
1001 2453 1228 2508 ridentur
1250 2457 1287 2508 ⁸.
1307 2457 1458 2523 Quod
1485 2472 1728 2512 seorsum
1752 2461 1989 2528 exposuit
2013 2461 2187 2514 Evan-

604 2541 798 2611 gelium
829 2547 907 2596 eis
935 2543 1024 2612 qui
1053 2545 1356 2600 eminebant
1382 2549 1432 2601 in
1463 2547 1734 2613 Ecclesia,
1775 2565 1894 2604 cum
1921 2552 2028 2619 jam
2059 2551 2189 2605 illud

605 2633 941 2700 eXposuisset
989 2649 1168 2689 coram
1218 2638 1485 2704 omnibus,
1529 2655 1632 2693 non
1683 2641 1800 2694 ideo
1845 2641 2038 2695 factum
2083 2650 2184 2708 est,

606 2722 746 2791 quod
792 2723 964 2793 aliqua
1010 2724 1141 2780 falsa
1185 2728 1408 2793 dixerat,
1464 2741 1521 2783 ut
1565 2745 1806 2786 seorsum
1853 2733 2188 2802 paucioribus

605 2825 734 2866 Vera
760 2812 960 2868 diceret
983 2831 997 2866 :
1026 2817 1118 2870 sed
1149 2817 1321 2888 aliqua
1349 2827 1604 2885 tacuerat,
1634 2837 1750 2892 qua:
1778 2823 1952 2877 adhuc
1979 2825 2183 2892 parvuli

603 2912 820 2973 portare
864 2920 968 2960 nou
1010 2917 1287 2974 poterant;
1321 2912 1563 2977 qualibus
1591 2929 1648 2967 se
1677 2915 1741 2967 ad
1771 2913 2072 2970 Corinthios
2102 2917 2183 2972 lac

603 2989 733 3045 dicit
757 2992 989 3060 dedisse,
1012 3012 1114 3052 non
1144 3011 1318 3052 escam
1341 2999 1400 3072 (I
1431 3001 1545 3055 Cor.
1571 3018 1646 3066 ιιι,
1677 3003 1753 3073 2).
1787 3005 1997 3059 Falsum
2039 3008 2180 3061 enim

607 3083 788 3140 dicere
830 3086 958 3140 nihil
1001 3087 1154 3152 licet;
1187 3091 1468 3160 aliquando
1507 3103 1682 3148 autem
1719 3097 1916 3166 aliquid
1956 3099 2066 3152 veri
2101 3108 2181 3154 ta-

607 3188 750 3238 cere,
781 3176 908 3230 utile
936 3187 1038 3232 εει.
1071 3178 1456 3236 Portet-tionem
1500 3184 1664 3253 ipsius
1687 3201 1820 3256 opus
1848 3198 1962 3242 erat
1991 3199 2045 3242 ιιι
2074 3191 2179 3244 sci-

600 3274 719 3318 rent
746 3266 924 3319 εει-ιεῖί
952 3266 1213 3336 Apotoli.
1251 3269 1365 3325 Non
1407 3272 1547 3326 enim
1589 3277 1909 3356 sequebatur
1939 3289 2014 3343 ut,
2044 3280 2086 3332 si
2120 3279 2179 3332 li-

602 3355 737 3411 delis
776 3367 936 3422 esset,
971 3374 1255 3429 veramque
1293 3373 1348 3416 et
1387 3355 1832 3420 reclam’teni-ret
1863 3367 2039 3432 lidetu,
2065 3370 2177 3439 jam
2221 3407 2224 3410 -

603 3448 761 3501 etiam
800 3448 1072 3517 apostolus
1101 3465 1219 3506 esse
1244 3451 1484 3507 deberet.
1516 3453 1644 3508 Illud
1671 3465 1844 3509 utttt'ttt
1879 3461 2017 3528 quod
2049 3461 2177 3514 sub-

592 3536 788 3609 jungit,
814 3540 896 3594 Ne
919 3542 1050 3612 forte
1086 3545 1136 3596 in
1177 3560 1387 3598 vacuum
1411 3562 1578 3609 curro,
1607 3558 1693 3600 aut
1726 3551 1941 3616 cucurri,
1973 3567 2077 3605 non
2109 3554 2176 3608 ad

595 3628 712 3684 illos
731 3646 850 3686 cum
871 3634 1062 3703 quibus
1083 3649 1322 3691 seorsum
1351 3638 1569 3692 contulit
1600 3639 1965 3711 Evangelium,
1990 3644 2080 3698 sed
2107 3646 2173 3699 ad

595 3719 728 3774 istos
752 3722 944 3791 quibus
969 3727 1169 3790 scribit,
1193 3729 1342 3796 quasi
1375 3744 1467 3798 per
1488 3729 1949 3802 interrogationem
1972 3735 2170 3790 dictmn

596 3809 996 3880 intelligendum
1044 3825 1157 3876 est;
1191 3825 1250 3871 ut
1289 3835 1351 3872 ex
1397 3834 1463 3874 eo
1508 3833 1787 3891 appareret
1824 3842 1928 3879 non
1965 3841 2085 3881 eum
2117 3829 2168 3882 in

595 3913 816 3954 vacuum
845 3917 1062 3960 currere
1095 3919 1185 3962 aut
1219 3911 1537 3976 cucurrisse,
1560 3915 1680 3985 quia
1707 3916 1815 3983 jam
1845 3920 2004 3973 etiam
2029 3928 2165 3975 atte-

590 3995 818 4053 statioue
859 4010 1174 4058 ceterorum
1222 4003 1353 4060 nihil
1397 4007 1464 4061 ab
1499 4007 1766 4078 Evangelii
1799 4013 2021 4068 veritate
2059 4013 2166 4067 dis-

584 4089 782 4142 sentire
807 4091 1146 4158 approbatur.

661 4180 744 4233 ll.
789 4179 888 4254 [lb.
915 4197 967 4246 ιι,
996 4183 1134 4258 3-5.]
1167 4185 1273 4242 Sed
1308 4204 1468 4262 neque
1509 4189 1650 4246 Titus
1689 4195 1776 4264 qui
1807 4211 1997 4250 mecum
2038 4207 2161 4264 erat,

584 4270 776 4340 inquit.
818 4290 934 4327 cum
977 4287 1100 4330 esset
1142 4276 1367 4346 (ἐι-(ερας,
1405 4281 1695 4351 compulsus
1736 4294 1808 4338 est
1848 4287 2159 4344 circumcidi.

581 4362 834 4430 Quamvis
861 4365 1009 4419 Titus
1031 4366 1248 4424 Graecus
1272 4382 1434 4436 esset,
1457 4382 1511 4427 et
1532 4375 1668 4428 nulla
1692 4391 1811 4429 eum
1834 4380 2164 4436 consuetudo

584 4463 678 4506 aut
717 4457 961 4522 cognatio
990 4469 1262 4525 parentum
1299 4461 1605 4518 circumcidi
1647 4477 1880 4536 cogeret,
1912 4471 2049 4526 sicut
2074 4473 2162 4527 Ti-

582 4543 879 4609 motheum,
910 4543 1064 4601 facile
1103 4557 1278 4603 tamen
1317 4552 1476 4605 etiam
1520 4553 1676 4608 istum
1705 4555 2008 4614 circmncidi
2041 4578 2162 4631 per-

579 4632 814 4686 misisset
843 4636 1149 4704 Apostolus.
1170 4637 1286 4692 Non
1311 4641 1451 4695 enim
1479 4643 1566 4695 tali
1596 4644 1998 4705 circumcisione
2019 4653 2159 4708 salu-

578 4729 685 4776 tem
724 4722 946 4780 docebat
986 4727 1202 4793 auferri,
1227 4731 1319 4784 sed
1350 4731 1394 4786 si
1424 4734 1474 4786 in
1504 4749 1565 4790 ea
1592 4740 2005 4796 constitueretur
2032 4760 2156 4814 spes

577 4813 784 4881 salutis,
815 4815 916 4872 hoc
947 4833 1068 4874 esse
1100 4830 1283 4875 contra
1325 4824 1550 4880 salutem
1577 4829 1909 4887 ostendebat.
1940 4813 2155 4892 Poterat

577 4919 704 4975 ergo
735 4915 791 4961 ut
816 4909 1138 4979 superﬂuam
1168 4927 1322 4983 :equo
1365 4916 1543 4972 animo
1587 4919 1832 4987 Ioh-rare,
1863 4928 2152 4985 secundum

575 4999 894 5054 sententiam
925 5018 1081 5070 quam
1108 5003 1230 5058 alibi
1262 5006 1394 5062 dixit
1420 5023 1434 5060 :
1466 5008 1787 5066 Circumcisio
1825 5015 1953 5070 nihil
1987 5030 2074 5084 est,
2104 5030 2153 5075 et

573 5091 875 5160 prtcputiunt
917 5095 1046 5146 nihil
1087 5105 1196 5160 est;
1232 5099 1322 5152 sed
1361 5099 1638 5156 observatio
1676 5106 2027 5162 mandatorum
2056 5110 2152 5167 Dei

570 5178 614 5250 (Ι
643 5177 760 5232 Cor.
781 5181 992 5248 \‘tt,19).
1011 5181 1228 5255 Propter
1239 5189 1642 5248 subintroductos
1668 5207 1834 5250 autem
1859 5200 2014 5270 falsos
2037 5202 2149 5273 [ra-

569 5283 670 5326 tres
694 5285 801 5325 non
830 5281 911 5326 est
937 5275 1240 5342 compulsus
1268 5279 1417 5336 Titus
1445 5284 1751 5341 circumcidi
1780 5307 1793 5340 :
1821 5288 1873 5343 id
1901 5301 1981 5346 est
1998 5334 2014 5358 ,
2039 5310 2146 5350 non

1572 5401 2142 5468 μυριοτίιαιςτρροηιιηι,

563 5442 1040 5529 ’δίδίιιὲεξξεῐευαιξςεν
1061 5446 1385 5529 essetest:
1397 5442 2143 5529 ,ὼέἐτίέίὲιῦἐῖιῖιίτῖἕ

564 5505 896 5581 esse—aliquid,
931 5509 1206 5581 quoe-tiam
1247 5505 1295 5559 iit
1331 5505 1557 5581 antiquis

563 5567 972 5653 9:3h‘.‘1'*5."i?.i
1002 5567 1594 5653 3.99.“F_P=€9,,i'!i-.ﬁaheh
1617 5567 2141 5653 ἰίίίιῖιῖῐίᾶἓῡᾶἱιῖὲιῐ

564 5629 992 5712 impune.
1019 5629 1131 5705 hic:
1157 5643 1207 5684 at
1243 5635 1322 5686 alii
1360 5646 1484 5712 octo,
1511 5629 2144 5712 querimini}?

564 5689 1086 5778 εξέειτξέίῑπξξξλῖίῑεῐίι
1104 5696 1333 5778 item
1350 5708 1445 5778 est.
1464 5689 2043 5778 ἔρξας’ᾲρέδιῖ“έρῑία“έει“εῑῑέ
2056 5689 2141 5778 ἱιῖἶῖ

569 5754 785 5799 eminent
804 5754 854 5800 in
873 5754 1096 5816 Ecclesia,
1121 5754 1199 5810 uti
1215 5754 1558 5825 interpretatur
1582 5754 1891 5827 Augustinus;

1571 330 1921 388 EPISTOLA‘I
1963 330 2051 386 AD
2087 330 2425 401 GALATAS,
2465 333 2522 392 S.
2563 335 2929 396 AUGUSTINI

2312 449 2357 502 ei
2391 450 2556 517 potuit
2579 456 2882 524 extorqueri
2928 463 2986 510 ut
3022 457 3501 536 circumcideretur,
3528 471 3638 542 quia
3667 476 3723 534 illi
3744 486 3802 552 qui

2308 539 2718 607 subintroierunt,
2746 544 2894 611 dicit,
2925 551 3234 616 proscultare
3256 554 3524 612 libertatem
3545 539 3716 634 eorum,
3735 539 3799 628 ξε.

2310 625 2589 685 hementer
2603 634 2974 700 observabant,
2991 648 3048 693 et
3063 642 3347 711 cupiebant
3362 647 3645 708 circumcidi
3657 625 3798 729 'l'iiuiu,

2308 727 2368 772 ut
2404 719 2514 786 jam
2561 721 3041 795 circumcisionem,
3078 731 3238 786 etiam
3284 733 3448 804 ipsius
3482 739 3613 796 Pauli
3645 719 3800 804 attesu:

2308 809 2452 864 tione
2497 821 2552 865 et
2596 818 2976 881 consensione,
3022 829 3271 892 tanquam
3321 829 3475 884 saluti
3520 841 3795 898 necessariam

2305 903 2682 971 prazdicarent;
2721 917 2775 962 et
2806 911 2883 963 sic
2919 925 3032 976 eos,
3067 924 3121 968 ut
3147 916 3242 980 ait,
3274 919 3328 971 in
3365 922 3626 979 servitutem
3654 933 3794 1003 redige-

2304 1003 2436 1058 rent,
2464 994 2514 1048 id
2544 1004 2645 1061 est,
2669 999 2767 1052 sub
2791 1015 2953 1055 onera
2982 1003 3136 1074 Legis
3157 1007 3370 1063 servilia
3394 1027 3689 1073 revocarent.
3713 994 3796 1089 διά.

2303 1081 2394 1139 bus
2435 1103 2488 1140 sc
2525 1104 2613 1141 nec
2651 1091 2720 1142 ad
2753 1092 2950 1160 harant,
2979 1094 3029 1148 id
3059 1106 3160 1160 est,
3197 1114 3299 1154 nec
3325 1101 3391 1155 ad
3432 1113 3621 1176 tempus
3653 1081 3794 1169 cuius;

2303 1173 2429 1229 dicit
2471 1179 2783 1248 subjectioni,
2825 1192 2876 1236 ut
2927 1186 3103 1241 veritas
3147 1187 3414 1246 Evanaelii
3457 1173 3720 1255 mutauerat
3751 1209 3792 1257 ad

2303 1263 2502 1323 Gentes.

2374 1358 2460 1412 19..
2505 1358 2602 1432 [lb.
2631 1378 2688 1426 ιι,
2716 1363 2855 1437 6-9.]
2883 1365 3217 1426 Denotabant
3255 1381 3432 1430 autem
3469 1391 3788 1457 suspectumqtu

2301 1447 2483 1504 haberi
2529 1452 2779 1509 volebant
2819 1457 2979 1512 invidi
3019 1461 3322 1529 apostolum
3348 1447 3573 1531 Paulum:
3597 1474 3707 1541 quod

2299 1543 2509 1611 quando
2543 1556 2852 1613 persecutor
2882 1550 3240 1608 Eeclcsiarum
3273 1555 3462 1625 fuerit;
3489 1571 3539 1616 et
3566 1563 3662 1620 ideo
3683 1569 3772 1624 dicit

2298 1631 2377 1685 De
2398 1634 2475 1687 his
2493 1647 2657 1689 autem
2684 1640 2770 1707 qui
2789 1639 3018 1694 videntur
3042 1659 3148 1698 esse
3171 1646 3388 1716 aliquid,
3410 1652 3568 1719 quales
3590 1656 3785 1724 aliqunto

2299 1725 2512 1793 fuerint,
2534 1726 2660 1780 nihil
2686 1745 2793 1781 mea
2817 1730 3034 1786 interest.
3051 1734 3184 1802 Quia
3201 1748 3256 1791 et
3269 1739 3359 1806 qui
3381 1739 3598 1797 videntur
3612 1749 3784 1802 esseali-

2297 1814 2445 1882 quid,
2464 1830 2523 1867 ea
2533 1817 2766 1870 rnalilms
2788 1819 3087 1876 hominibus
3105 1824 3355 1881 videntur
3369 1843 3486 1884 esse
3502 1832 3650 1901 aliquid
3667 1853 3676 1886 :
3692 1851 3782 1893 nam

2298 1921 2402 1959 non
2423 1918 2545 1961 sunt
2564 1910 2615 1977 ip
2647 1910 2661 1962 i
2679 1911 2891 1981 aliquid.
2916 1914 2979 1967 Et
2998 1915 3041 1969 si
3060 1917 3202 1971 enim
3225 1917 3350 1974 boni
3368 1921 3572 1978 ministri
3588 1926 3656 1980 Dei
3675 1940 3778 1994 sunt,

2296 1994 2537 2050 Chrstus
2565 2000 2614 2053 iu
2645 1999 2746 2054 illis
2771 2014 2850 2056 est
2867 2005 3080 2074 aliquid,
3106 2022 3214 2062 non
3234 2009 3332 2078 ipsi
3351 2028 3442 2081 per
3459 2029 3529 2070 se.
3543 2014 3649 2071 Nam
3663 2019 3695 2070 si
3711 2020 3777 2088 ips;

2297 2100 2392 2155 per
2419 2103 2478 2143 se
2503 2101 2683 2146 essent
2707 2093 2924 2161 aliquid,
2957 2111 3171 2167 semper
3199 2100 3419 2157 fuissent
3441 2106 3629 2174 aliquid.
3651 2108 3775 2174 Quales

2295 2179 2567 2248 aliquando
2583 2183 2787 2252 fuerint,
2808 2185 2856 2238 id
2873 2193 2974 2250 est,
2989 2189 3111 2257 quia
3129 2201 3186 2245 et
3205 2192 3300 2260 ipsi
3320 2206 3597 2262 peccatores
3613 2197 3772 2266 luerunt,

2296 2269 2422 2323 nihil
2437 2286 2528 2325 sua
2541 2273 2667 2327 dicit
2684 2275 2940 2331 interesse
2955 2295 2967 2328 :
2981 2281 3102 2347 quia
3121 2277 3261 2335 Deus
3273 2283 3479 2338 hominis
3489 2303 3698 2356 personam
3707 2305 3772 2343 non

2295 2363 2492 2432 accipit,
2525 2363 2573 2417 id
2601 2377 2702 2429 est,
2734 2367 2849 2421 sine
2877 2384 3234 2438 personarum
3268 2377 3554 2444 acceptione
3576 2393 3716 2432 omnes
3734 2379 3776 2435 ad

2294 2455 2516 2508 salutem
2544 2457 2778 2521 vocavit,
2811 2473 2914 2513 non
2946 2471 3209 2530 reputans
3233 2465 3338 2519 illis
3361 2466 3534 2522 delicta
3559 2483 3714 2523 eorum.
3733 2471 3774 2524 Et

2296 2543 2414 2598 ideo
2439 2545 2748 2603 absentibus
2786 2550 2889 2604 illis
2914 2553 3003 2620 qui
3045 2556 3262 2622 print-es
3296 2556 3414 2613 facti
3448 2569 3584 2614 erant
3601 2563 3771 2631 apostoli,

2293 2633 2487 2690 Paulus
2515 2656 2543 2689 a
2570 2638 2791 2694 Domino
2835 2645 3096 2711 perlectus
3132 2658 3230 2702 est
3258 2667 3271 2702 :
3299 2659 3356 2704 ut
3394 2653 3581 2722 quando
3609 2669 3698 2710 cum
3725 2654 3770 2710 cis

2295 2729 2547 2794 Contulit,
2581 2731 2713 2784 nihil
2751 2744 2894 2787 esset
2925 2737 3064 2804 quod
3096 2740 3410 2807 pet-lecticui
3434 2745 3537 2814 ejus
3565 2747 3768 2811 adderent;

2295 2818 2388 2872 sed
2427 2821 2603 2889 potius
2637 2823 2877 2880 viderent
2917 2829 3159 2884 eumdem
3207 2832 3471 2891 Dominum
3502 2838 3649 2895 lesutu
3671 2837 3770 2894 Cliti-

2291 2917 2453 2973 stum,
2493 2912 2581 2980 qui
2625 2914 2738 2968 sine
2783 2931 3122 2984 personaruut
3166 2928 3479 2996 acceptione
3509 2930 3651 2985 salvos
3674 2931 3768 2994 facit.

2291 2999 2392 3056 hoc
2412 3001 2624 3058 dedisse
2641 3005 2804 3061 Paulo
2829 3018 2882 3062 ut
2899 3011 3242 3070 ministraret
3263 3015 3519 3088 Gentibus,
3536 3022 3647 3094 quod
3661 3023 3768 3077 etiam

2291 3090 2449 3146 Petro
2469 3093 2688 3149 dedemt
2710 3107 2766 3150 ut
2792 3098 3115 3157 ministraret
3136 3103 3369 3163 ludatis.
3389 3109 3491 3165 Non
3507 3090 3611 3182 ergo
3632 3113 3767 3167 inventi

2289 3193 2412 3236 sunt
2443 3185 2492 3238 in
2523 3186 2701 3256 aliquo
2727 3187 3010 3246 dissentire
3033 3194 3100 3247 ab
3126 3195 3256 3264 illi),
3279 3210 3332 3254 ιιι
3354 3217 3464 3257 cum
3486 3203 3560 3258 ille
3581 3217 3628 3258 se
3645 3201 3767 3273 perle-

2285 3283 2428 3327 ctum
2465 3275 2804 3345 Evangelium
2839 3283 3110 3350 accepisse
3143 3287 3375 3358 diceret,
3401 3292 3468 3347 illi
3501 3302 3709 3363 negarent,
3731 3300 3766 3346 et

2283 3363 2478 3434 aliquid
2534 3369 2728 3424 vellent
2771 3382 3017 3441 tanquam
3068 3375 3391 3447 imperfecto
3434 3383 3713 3440 adderezwd
3743 3399 3766 3439 ο

2283 3459 2550 3512 contrario
2603 3477 2697 3530 pro
2749 3465 3240 3534 reprehensoribus
3291 3477 3654 3548 imperiectionis,
3690 3492 3762 3546 ap-

2283 3548 2592 3617 probatorcs
2617 3553 2957 3624 perfectionis
2985 3558 3234 3621 l‘ueruuL.
3264 3565 3330 3621 Et
3364 3569 3556 3622 dederunt
3582 3567 3762 3620 dexteras

2279 3640 2547 3699 societatis.
2588 3643 2638 3696 id
2680 3654 2779 3708 est,
2809 3663 3194 3710 consenserunt
3249 3659 3298 3713 in
3335 3664 3606 3724 societatem,
3624 3668 3663 3713 et
3686 3674 3760 3728 pa-

2280 3741 2498 3785 ruerunt
2523 3735 2774 3791 voluntati
2806 3738 3049 3807 Domini,
3075 3752 3464 3807 consentientes
3489 3761 3536 3806 ιιι
3554 3751 3701 3806 Paulus
3721 3758 3758 3805 et

2277 3817 2546 3874 Barnabas
2568 3823 2705 3879 irent
2718 3827 2787 3880 ad
2804 3826 3004 3898 Gentes,
3025 3833 3122 3902 ipsi
3143 3849 3318 3894 autem
3339 3842 3388 3895 in
3403 3841 3751 3902 circumcisione»,

2273 3928 2391 3980 qua:
2438 3919 2716 3984 praeputio,
2766 3921 2815 3974 id
2864 3931 2966 3988 est,
3014 3924 3279 3986 Gentibus
3317 3935 3548 3988 contraria
3585 3932 3748 3986 videtur.

2271 4000 2405 4056 Nam
2447 4005 2605 4059 etiam
2646 4010 2724 4062 sic
2761 4006 2937 4079 potest
2970 4014 3213 4087 intelligi,
3234 4022 3369 4090 quod
3392 4023 3476 4086 ait,
3498 4039 3523 4076 e
3545 4021 3747 4084 contrario,

2274 4104 2330 4147 ut
2350 4095 2482 4149 ordo
2513 4097 2612 4152 istc
2641 4100 2708 4153 sit
2735 4119 2748 4155 :
2771 4101 2894 4156 Mihi
2921 4106 3062 4160 enim
3091 4111 3182 4178 qui
3208 4113 3438 4166 ridentur
3460 4112 3639 4182 aliquid,
3659 4109 3746 4164 nihil

2271 4201 2630 4255 opposuerunt
2673 4193 2713 4255 ί,
2742 4194 2834 4248 sed
2881 4210 2911 4250 e
2962 4201 3251 4268 contrario,
3302 4211 3356 4258 ut
3401 4218 3488 4259 nos
3526 4203 3690 4274 quidem
3712 4201 3744 4254 in

2269 4275 2466 4334 Gentes
2511 4282 2725 4348 iremus,
2771 4301 2892 4356 quae
2932 4300 3058 4346 sunt
3106 4298 3382 4352 contraria:
3420 4293 3740 4356 circumcisioni,

2268 4370 2365 4440 ipsi
2397 4383 2573 4430 autem
2621 4377 2670 4430 in
2697 4378 3153 4441 circumcisionem
3178 4430 3192 4451 ,
3222 4398 3574 4445 consenserunt
3597 4384 3691 4442 mihi
3707 4392 3743 4438 el

2266 4461 2559 4532 Barnabm;
2592 4467 2693 4522 hoc
2719 4478 2821 4535 est,
2845 4471 3073 4529 dexteras
3091 4480 3334 4533 societatis
3352 4481 3481 4535 nobis
3501 4479 3708 4534 dederunt.

2337 4557 2423 4611 l3.
2451 4557 2630 4629 Neque
2656 4560 2705 4613 in
2733 4566 3107 4622 contumeliam
3136 4586 3495 4637 praicessorum
3519 4573 3615 4639 ejus
3637 4575 3741 4640 putet

2263 4645 2382 4714 quis
2412 4648 2480 4701 ab
2508 4664 2572 4701 eo
2597 4649 2795 4704 dictum
2824 4691 2839 4715 ,
2871 4652 2973 4720 Qui
3014 4657 3241 4712 videntur
3271 4677 3370 4715 esse
3394 4661 3587 4725 aliquid,
3618 4656 3740 4727 quales

2261 4738 2533 4808 aliquando
2560 4744 2766 4810 fuerint,
2809 4743 2935 4800 nil-'1
2967 4763 3075 4801 mea
3101 4749 3316 4805 interest.
3342 4752 3399 4806 Et
3426 4752 3492 4805 illi
3520 4752 3636 4806 enim
3657 4759 3737 4799 tau-

2261 4844 2418 4897 quam
2445 4831 2745 4898 Spit‘ilttules
2774 4833 2873 4888 viri
2903 4836 3150 4894 volebant
3175 4842 3344 4896 resisti
3368 4840 3626 4896 carnalibus
3642 4879 3654 4901 ,
3677 4834 3737 4904 qui

2259 4919 2511 4988 putabant
2537 4920 2735 4989 aliquid
2776 4921 2919 4992 ipsos
2948 4940 3068 4982 esse
3092 4970 3107 4995 ,
3136 4937 3192 4984 et
3221 4945 3322 4985 non
3357 4931 3514 5000 potius
3534 4927 3734 4982 (liuidum

2257 5011 2310 5066 in
2356 5011 2473 5068 eis:
2517 5013 2846 5085 multumque
2879 5018 3214 5090 gaudebant,
3257 5038 3371 5077 cum
3414 5018 3736 5092 persuaderetur

2256 5102 2585 5166 hominibus,
2613 5113 2668 5160 et
2694 5107 2897 5177 seipsos
2926 5124 3272 5180 prmcessores
3297 5113 3462 5176 Pauli,
3489 5113 3602 5167 sicut
3623 5119 3731 5160 eum-

2253 5191 2374 5248 dem
2402 5193 2646 5257 Paulum.
2685 5211 2750 5251 ex
2778 5201 3142 5267 peccatoribus
3168 5203 3462 5274 justiﬁcatos
3487 5215 3587 5256 esse
3612 5212 3635 5250 τι
3657 5195 3732 5246 Do-

2252 5285 2431 5351 mino,
2471 5286 2560 5354 qui
2596 5302 2880 5357 personam
2909 5291 3141 5349 hominis
3166 5309 3265 5350 non
3294 5294 3468 5363 accipit
3496 5307 3508 5344 :
3535 5288 3631 5360 quia
3665 5279 3729 5336 Dei

2249 5377 2473 5447 gloriam
2517 5380 2855 5448 quaerebant,
2883 5398 2986 5439 non
3017 5400 3185 5442 suam.
3213 5386 3312 5442 Sed
3334 5385 3447 5457 quia
3478 5378 3670 5438 urnales
3685 5380 3729 5473 fl

2248 5468 2460 5538 superbi
2483 5468 2745 5538 homines,
2767 5473 2811 5527 si
2833 5475 2958 5544 quid
2979 5476 3046 5532 de
3071 5479 3174 5534 vita
3196 5477 3410 5548 ipsorum
3430 5470 3648 5546 praeterita
3669 5462 3726 5516 di-

2247 5560 2384 5616 citur
2405 5599 2421 5625 ,
2452 5564 2778 5632 irascuntur,
2821 5575 2874 5621 et
2910 5567 2961 5622 in
3004 5570 3361 5626 contumeliam
3395 5565 3642 5634 accipiant;
3673 5567 3722 5608 οι

2309 5717 2562 5800 ῗέὶξξ-ἓῑι
2576 5721 2976 5800 cessassem,
3007 5725 3131 5800 uitri
3143 5725 3280 5800 ,ειάηι
3299 5722 3377 5789 συί
3402 5719 3600 5773 “tam
3630 5700 3719 5758 ’θ’

2244 5787 2598 5843 opposuerunt;
2626 5795 2717 5834 nec
2739 5783 2935 5850 habent,
2965 5783 3171 5850 aliquid.
