3956 6364
219 313 344 374 2113

219 424 378 478 animo
399 431 496 474 suo
522 415 809 483 conjiciunt
841 410 1146 482 Apostolos.
1181 408 1369 463 Petrus
1393 416 1568 460 autem
1602 413 1654 460 et
1681 402 1774 456 Ja-

218 517 364 572 cobus
383 522 430 567 et
451 509 681 566 Joannes
703 505 1068 560 honoratiores
1091 502 1141 556 in
1170 499 1437 569 Apostolis
1457 505 1628 560 erant,
1651 495 1773 566 quia

216 604 334 680 ipsis
360 603 522 658 tribus
549 616 610 654 se
639 601 692 654 in
737 606 918 652 monte
951 595 1202 649 Dominus
1229 590 1458 645 ostendit
1491 589 1542 642 in
1571 587 1774 659 signifi-

213 678 406 755 catione
437 689 584 760 regni
626 689 738 751 sui,
768 701 889 743 cum
916 694 1039 740 ante
1075 698 1168 738 sex
1202 682 1318 737 dics
1342 681 1564 734 dixisset
1596 697 1609 732 :
1645 678 1779 733 Sunt

211 789 286 842 hic
310 784 508 854 quidam
533 781 598 837 de
623 777 1082 844 circumstantibus,
1109 777 1194 847 qui
1224 792 1322 829 non
1342 773 1608 845 gustabunt
1639 786 1776 823 mor-

208 892 319 943 tem,
357 877 509 931 donec
542 874 743 926 videant
771 869 963 924 Filium
987 868 1202 922 hominis
1236 867 1289 919 in
1318 881 1470 936 regno
1499 861 1671 916 Patris
1697 861 1779 914 sui

207 971 406 1045 (Matth.
439 983 532 1023 χιιι
555 1007 570 1029 ,
597 964 712 1038 28).
740 963 847 1019 Nec
883 961 982 1033 ipsi
1011 970 1162 1016 erant
1190 959 1480 1022 colurnum,
1509 954 1602 1009 sed
1628 953 1777 1009 vide-

205 1065 406 1120 bantur.
443 1057 677 1114 Noverat
717 1055 860 1110 enim
899 1053 1092 1109 Paulus
1135 1050 1448 1121 sapientiam
1489 1046 1780 1102 a-dificasse

206 1157 298 1215 sibi
329 1154 541 1209 domum
563 1194 578 1218 ,
621 1159 676 1206 ct
712 1165 816 1205 non
846 1157 954 1203 tres
979 1147 1255 1200 colutnnas
1282 1143 1619 1199 constituisse
1642 1181 1658 1204 ,
1685 1137 1780 1193 sed

207 1260 400 1318 septeni
434 1245 616 1317 (Prov.
648 1259 698 1298 Ix
724 1283 739 1307 ,
783 1241 838 1312 1)
871 1258 885 1294 :
913 1240 1002 1310 qui
1030 1252 1282 1294 numerus
1320 1237 1401 1291 vel
1433 1235 1498 1290 ad
1527 1234 1780 1287 unitatem

208 1339 555 1396 Ecclesiarnm
587 1335 811 1390 refertur
835 1330 1012 1402 (solet
1035 1330 1176 1384 enim
1207 1343 1300 1397 pro
1329 1327 1576 1380 universo
1619 1321 1780 1392 poni,

209 1433 338 1489 sicut
363 1437 414 1486 in
453 1427 736 1498 Evangelio
771 1425 968 1480 dictum
995 1431 1098 1487 est,
1131 1421 1353 1489 Accipiet
1390 1420 1443 1472 in
1473 1422 1566 1470 hoc
1598 1414 1782 1470 saecqu

210 1522 380 1593 septies
426 1517 502 1591 lu]
544 1526 734 1570 tantum
772 1512 981 1586 [Matt/t.
1035 1526 1129 1565 χιχ
1153 1551 1169 1574 ,
1211 1507 1335 1579 29];
1367 1523 1428 1561 ac
1464 1507 1508 1560 si
1543 1505 1780 1570 diceret,

217 1611 364 1679 Quasi
389 1609 516 1661 nihil
539 1606 794 1671 habentes,
824 1614 869 1657 et
904 1603 1072 1656 omnia
1102 1600 1409 1671 possidentes
1435 1596 1500 1669 [ll
1528 1595 1646 1652 Cor.
1686 1610 1739 1649 Vl
1765 1637 1781 1661 ,

217 1701 322 1774 10].
354 1700 501 1756 Unde
539 1699 695 1753 etiam
733 1695 964 1750 Joannes
991 1693 1056 1746 ad
1084 1701 1285 1761 septem
1312 1688 1497 1744 scribit
1525 1685 1784 1741 Ecclesias

216 1793 387 1868 [Apoc
415 1808 466 1857 ι,
493 1788 552 1864 4]
581 1831 593 1853 ,
626 1804 746 1860 qua:
780 1787 958 1856 utique
993 1781 1308 1838 universalis
1337 1779 1590 1835 Ecclesia:
1617 1779 1633 1809 ³
1665 1791 1787 1848 pcr-

216 1900 392 1940 sonam
413 1879 654 1953 gerunt);
678 1878 760 1934 vel
781 1887 928 1934 certe
949 1875 1014 1929 ad
1041 1872 1395 1944 septenariam
1419 1870 1784 1941 operationem

217 1976 438 2047 Spiritus
478 1970 643 2026 sancti
684 1969 851 2039 magis
903 1966 1128 2022 refertur
1172 1963 1503 2034 septenarius
1538 1973 1788 2014 numerus

221 2067 590 2127 columnarum,
619 2060 893 2131 sapientia:
920 2066 974 2112 et
1002 2055 1320 2119 intellectus,
1351 2052 1556 2107 consilii
1584 2061 1640 2108 et
1677 2052 1784 2105 for-

219 2156 466 2218 titudinis,
492 2154 728 2209 scientia:
754 2161 810 2208 et
839 2149 1068 2220 pietatis,
1097 2156 1152 2202 et
1176 2146 1380 2200 timoris
1410 2145 1500 2199 Dei
1527 2143 1679 2218 (lsai.
1708 2159 1784 2212 XI,

219 2250 273 2314 2,
306 2251 382 2319 ὅ),
411 2247 598 2318 quibus
621 2243 1015 2317 operationibus
1042 2240 1230 2296 domus
1256 2238 1373 2294 Filii
1398 2237 1523 2303 Dei,
1557 2237 1658 2291 hoc
1684 2247 1786 2304 est,

222 2342 447 2398 Ecclesia
473 2341 795 2396 continetur.

293 2435 372 2488 Η.
403 2432 498 2506 [11).
528 2447 586 2494 ιι,
623 2428 732 2500 10.]
758 2425 909 2496 Quod
935 2435 1109 2481 autem
1139 2425 1248 2492 ait,
1276 2422 1497 2478 Tantum
1523 2431 1576 2474 ut
1601 2437 1791 2493 paupe-

222 2543 330 2581 rum
354 2540 588 2581 memores
613 2536 849 2585 essemus,
872 2518 1005 2588 quod
1024 2527 1070 2572 et
1093 2517 1266 2572 studui
1287 2517 1380 2569 hoc
1400 2516 1566 2586 ipsum
1588 2516 1753 2584 facere
1772 2528 1791 2566 :

223 2618 510 2674 communis
534 2630 661 2670 cura
689 2622 806 2669 erat
824 2612 1070 2667 omnibus
1091 2609 1360 2680 Apostolis
1380 2608 1448 2663 de
1476 2607 1794 2677 pauperibus

225 2720 513 2764 sanctorum
539 2747 555 2772 ,
585 2706 852 2776 quierant
885 2703 936 2757 in
975 2702 1156 2758 Judma
1178 2743 1192 2765 ,
1239 2700 1329 2771 qui
1374 2715 1548 2754 rerum
1579 2712 1794 2751 suarum

234 2800 551 2856 venditarum
590 2797 760 2868 pretia
806 2794 873 2850 ad
915 2793 1075 2864 pedes
1104 2792 1480 2863 Apostolorum
1514 2797 1798 2859 posuerant

230 2893 359 2964 (Act.
399 2907 450 2946 tv
474 2931 490 2954 ,
532 2888 643 2958 55).
675 2888 762 2943 Sic
789 2902 915 2956 ergo
940 2887 1006 2940 ad
1032 2887 1231 2940 Gentes
1276 2885 1427 2938 missi
1456 2890 1580 2937 sunt
1607 2881 1797 2936 Paulus

231 2995 283 3040 et
313 2983 592 3049 Barnabas,
622 2990 679 3036 ut
704 2981 954 3036 Ecclesia:
977 2978 1223 3034 Gentium
1249 2993 1363 3048 qua:
1395 2977 1495 3032 hoc
1524 2993 1626 3030 non
1659 2975 1800 3030 fece-

233 3085 384 3141 rant,
413 3075 812 3137 ministrarent,
851 3071 1148 3126 hortatione
1174 3071 1403 3140 ipsorum
1425 3111 1440 3136 ,
1472 3068 1550 3123 eis
1582 3068 1670 3138 qui
1699 3067 1800 3122 hoc

235 3164 460 3221 fecerant
490 3183 504 3218 :
536 3165 673 3220 sicut
695 3163 761 3218 ad
789 3163 1058 3219 Romanos
1081 3161 1226 3226 dicit,
1263 3181 1282 3212 ι
1313 3160 1463 3215 Nunc
1481 3169 1656 3214 autem
1678 3175 1802 3230 per-

235 3275 344 3326 gam
371 3257 663 3315 Jerusalem
702 3255 1001 3310 ministrare
1026 3256 1223 3309 sanctis
1255 3270 1267 3306 :
1302 3253 1494 3323 placuit
1518 3253 1659 3308 enim
1689 3251 1800 3306 Ma-

239 3351 463 3408 cedonia:
487 3358 541 3406 et
579 3347 789 3404 Achaia:
813 3346 1242 3402 communioiiem
1281 3345 1511 3414 aliquam
1547 3343 1719 3399 facere
1747 3344 1802 3398 in

238 3458 486 3515 pauperes
523 3451 858 3507 sanctorum,
892 3440 982 3510 qui
1016 3447 1141 3494 sunt
1179 3439 1229 3493 in
1255 3438 1568 3494 Jerusalem.
1603 3438 1804 3493 Placuit

240 3537 369 3592 enim
393 3537 510 3603 illis,
539 3546 596 3591 et
614 3535 882 3590 debitores
910 3546 1094 3586 eorum
1124 3539 1267 3586 sunt.
1294 3531 1349 3587 Si
1377 3531 1519 3586 enim
1549 3531 1800 3600 Spiritua-

240 3629 369 3684 libus
391 3644 576 3685 eorum
614 3625 1138 3683 communicaverunt
1179 3623 1410 3685 Gentes,
1451 3622 1647 3678 debent
1671 3631 1725 3677 et
1750 3623 1802 3677 in

243 3722 524 3776 carnalibus
553 3720 854 3774 ministrare
879 3718 957 3772 eis
986 3714 1160 3786 (Rom.
1185 3730 1271 3775 xv,
1302 3713 1518 3784 25.27).

316 3812 394 3866 15.
431 3810 523 3883 [11).
556 3827 632 3877 ιι,
661 3806 868 3880 11-16.]
910 3806 967 3861 In
1010 3806 1209 3860 nullam
1250 3819 1377 3876 ergo
1415 3803 1803 3859 simulationem

242 3903 423 3959 Paulus
460 3905 640 3972 lapsus
674 3910 823 3968 erat,
863 3899 983 3970 quia
1015 3897 1261 3953 servabat
1293 3896 1485 3966 ubique
1509 3894 1648 3964 quod
1676 3911 1806 3950 con-

242 4009 420 4065 gruere
445 3993 684 4060 videbat,
711 3993 822 4047 sive
847 3990 1098 4045 Ecclesiis
1123 3988 1370 4044 Gentium
1395 4028 1410 4053 ,
1441 3986 1554 4043 sive
1593 3985 1805 4042 Judan-

246 4101 371 4151 rum,
403 4096 460 4141 ut
484 4098 739 4155 nusquam
767 4081 1000 4138 auferret
1027 4078 1462 4135 consuetudinem
1487 4120 1502 4144 ,
1542 4093 1661 4148 qua:
1689 4093 1804 4133 scr-

248 4188 352 4231 vata
396 4192 499 4231 non
543 4173 862 4247 impediebat
902 4172 969 4227 ad
1011 4170 1354 4226 obtinendum
1399 4185 1618 4240 regnum
1665 4171 1802 4224 Dei:

251 4277 435 4325 tantum
465 4271 755 4326 admonens
781 4283 849 4324 ne
875 4266 994 4337 quis
1023 4266 1075 4320 in
1104 4265 1383 4334 superfluis
1410 4273 1632 4335 poneret
1657 4280 1806 4333 spem

253 4363 445 4427 salutis,
473 4362 631 4416 etiam
668 4359 715 4416 si
738 4357 1177 4414 consuetudinem
1209 4356 1261 4410 in
1289 4356 1366 4410 eis
1396 4366 1608 4424 propter
1636 4353 1807 4410 oﬂ’en-

253 4452 436 4509 sionem
466 4453 794 4507 infirmorum
821 4449 1089 4505 custodire
1121 4449 1300 4503 vellet.
1341 4445 1485 4503 Sicut
1525 4447 1590 4500 ad
1619 4447 1809 4502 Corin-

257 4545 376 4598 tbios
422 4545 594 4600 dicit:
644 4561 664 4596 ι
713 4542 1069 4598 Circumcisns
1110 4541 1230 4612 quis
1272 4551 1488 4595 vocatus
1535 4541 1660 4594 est?
1703 4557 1807 4594 non

257 4636 459 4691 adducat
499 4634 833 4706 prmputinm.
868 4633 922 4687 In
970 4633 1228 4703 pr.eputio
1263 4633 1382 4703 quis
1429 4646 1645 4686 vocatus
1686 4634 1812 4688 est?

259 4741 346 4780 non
370 4724 792 4781 circutncidatnr.
835 4722 1179 4781 Cimomcisio
1208 4723 1335 4776 nihil
1363 4733 1479 4789 est,
1510 4734 1564 4778 et
1602 4740 1811 4793 purpu-

259 4818 368 4872 tinm
389 4817 516 4873 nihil
538 4826 622 4873 est
643 4833 658 4883 ;
683 4816 778 4872 sed
797 4815 1096 4870 observatio
1113 4813 1479 4869 mandatorum
1505 4815 1617 4870 Dei.
1643 4815 1813 4872 Unus.

257 4912 459 4983 quisque
505 4911 556 4965 in
600 4925 702 4980 qua
745 4911 1020 4963 vocalium:
1047 4918 1260 4964 vocatus
1296 4921 1398 4970 est,
1435 4910 1486 4962 in
1512 4926 1572 4961 ra
1601 4925 1815 4978 pernit-

258 5014 362 5058 neat
384 5024 401 5056 ι
441 5003 482 5076 (1
507 5003 623 5058 Cor.
655 5019 748 5062 vn.
785 5003 845 5057 f8
870 5002 986 5072 20).
1017 5002 1127 5058 Iloc
1153 5003 1293 5057 enim
1320 5003 1386 5057 ad
1413 5019 1506 5058 eas
1531 5013 1816 5058 entisuetu-

254 5096 390 5152 dines
426 5096 508 5152 vel
537 5095 870 5151 conditiones
897 5097 1018 5149 vita:
1049 5095 1254 5161 retulit,
1287 5111 1404 5165 qnze
1451 5095 1578 5150 nihil
1621 5098 1816 5150 obsunt

257 5187 360 5242 fidei
387 5188 643 5258 bonisque
680 5187 931 5241 moribus.
971 5185 1085 5241 Non
1115 5188 1257 5241 enim
1283 5201 1326 5240 δι
1355 5187 1488 5240 lazro
1513 5197 1626 5241 erat
1667 5189 1810 5257 quis-

254 5296 343 5349 que
370 5296 492 5334 cum
523 5291 737 5334 vocatus
762 5289 861 5341 et.
905 5279 1061 5336 debet
1094 5279 1144 5332 in
1174 5278 1450 5333 latrocinio
1483 5295 1515 5348 p
1550 5295 1814 5334 rinamrre.

254 5369 430 5427 Petrus
468 5383 646 5445 autem
685 5387 805 5426 cum
835 5371 1064 5424 venisset
1104 5370 1467 5432 Antiochiam,
1511 5371 1818 5438 objurgatus

253 5475 323 5522 est
341 5483 370 5520 a
398 5466 583 5530 Paulo,
612 5480 717 5519 non
740 5465 860 5534 quia
888 5466 1129 5519 servabat
1151 5462 1586 5521 consuetuihncin
1611 5461 1818 5516 Juda-o-

304 5643 321 5675 ι
351 5653 451 5713 έιιιιτ
478 5650 528 5691 ei
548 5647 622 5713 t-tr‘.
638 5645 1050 5712 consentientibus
1064 5644 1237 5695 decem
1260 5651 1386 5707 Mss,
1413 5656 1524 5712 qua:
1545 5651 1706 5709 itaque
1720 5643 1822 5697 uni-

251 5703 422 5756 territa.
433 5703 476 5752 is
504 5703 738 5752 ecclesia'.

301 5768 378 5830 to)
400 5771 545 5815 t-‘orte
569 5765 618 5814 ia
640 5779 795 5827 graeco
819 5778 947 5830 erat,
970 5769 1343 5836 lieptuptasiona.

1359 287 1824 351 EXPOSITIONIS
1857 287 2065 350 LIBER
2100 289 2306 351 UNUS.

3314 293 3460 356 9114

1888 419 2002 460 rum
2022 448 2038 472 ,
2085 407 2136 461 in
2176 423 2277 477 qua
2325 416 2481 463 natus
2505 415 2666 480 atque
2700 409 2954 465 educatus
2978 419 3096 466 erat
3123 409 3459 482 (quanquam

1883 499 2019 567 apud
2042 499 2239 556 Gentes
2261 517 2376 556 eam
2403 517 2507 556 non
2535 501 2803 574 servaret)
2834 520 2848 556 :
2881 505 2972 558 sed
2999 504 3306 575 objurgatns
3334 516 3416 561 est
3438 547 3454 572 ,

1883 593 2005 663 quia
2047 592 2303 649 Gentibus
2340 611 2458 650 eam
2498 595 2709 650 volebat
2739 599 3007 667 imponere
3032 639 3047 664 ,
3077 613 3198 653 cum
3242 597 3462 654 vidisset

1882 685 2139 754 quosdam
2166 687 2375 742 venisse
2402 687 2463 741 ab
2501 686 2724 752 Iacobo,
2773 687 2823 742 id
2864 699 2985 751 est,
3019 703 3046 740 a
3076 688 3289 754 Judzna;
3336 704 3460 744 nam

1885 775 2138 832 Ecclesiae
2181 777 2639 850 Jerosolymitana:
2689 779 2916 834 Jacobns
2962 779 3190 848 prirfuit.
3240 779 3461 836 Timens

1884 883 2013 938 ergo
2050 883 2144 924 eos
2181 870 2270 940 qui
2297 869 2471 929 adhuc
2514 870 2764 940 putabant
2795 870 2845 923 in
2875 869 2980 925 illis
3007 869 3462 925 observationibus

1885 960 2107 1014 salutem
2135 961 2474 1015 constitutam
2498 1002 2513 1026 ,
2560 960 2874 1031 segregabat
2912 977 2970 1016 se
3013 978 3042 1014 a
3081 960 3344 1017 Gentibus
3366 1001 3380 1024 .
3408 972 3465 1016 et

1886 1050 2130 1104 simulate
2176 1050 2280 1106 illis
2327 1051 2692 1106 consentiehat
2737 1050 2802 1104 ad
2848 1051 3166 1122 imponenda
3205 1050 3466 1107 Gentibus

1887 1140 1972 1194 illa
2017 1157 2178 1196 onera
2221 1141 2491 1197 servitutis
2541 1161 2554 1196 :
2598 1141 2736 1211 quod
2781 1142 2832 1195 in
2882 1142 3046 1211 ipsius
3087 1141 3467 1212 objurgationis

1885 1230 2062 1284 verbis
2087 1232 2217 1285 satis
2238 1241 2477 1300 apparet.
2509 1230 2624 1284 Non
2645 1232 2786 1284 enim
2813 1233 2905 1292 ait.
2934 1231 2993 1286 Si
3014 1241 3086 1298 tu,
3112 1249 3227 1285 cum
3251 1230 3468 1287 Iudaeus

1886 1320 1955 1375 sis
1980 1362 1994 1384 ,
2022 1319 2310 1387 Gentiliter,
2353 1332 2400 1375 et
2440 1339 2540 1376 non
2573 1321 2790 1376 Judaic'e
2825 1325 2946 1378 vivis
2969 1366 2982 1389 ,
3020 1325 3468 1394 quemadmodum

1888 1425 2073 1466 rursus
2098 1412 2163 1464 ad
2191 1412 2625 1468 consuetudinem
2653 1413 2956 1468 Jud:corum
2988 1415 3310 1470 reverteris?
3335 1414 3429 1470 sed
3448 1457 3465 1482 ,

1888 1505 2328 1574 quemadmodum,
2361 1504 2548 1574 inquit,
2592 1504 2772 1560 Gentes
2812 1507 2948 1576 cogis
2978 1506 3288 1578 judaizare?
3314 1505 3468 1576 Quod

1888 1605 2064 1649 autem
2093 1595 2194 1650 hoc
2217 1596 2265 1649 ei
2294 1611 2464 1649 coram
2501 1595 2726 1649 omnibus
2751 1595 2916 1661 dixit,
2945 1597 3233 1652 necessitas
3257 1597 3467 1668 coegit,

1890 1698 1949 1742 ut
1975 1704 2162 1743 omnes
2193 1688 2334 1743 illius
2371 1689 2736 1758 objurgatione
2775 1699 3109 1745 sanarentur.
3157 1688 3275 1744 Non
3324 1691 3468 1745 enim

1891 1781 2021 1835 utile
2067 1789 2182 1835 erat
2223 1795 2460 1836 errorem
2505 1781 2594 1850 qui
2637 1780 2812 1850 palam
2859 1789 3112 1843 noceret,
3160 1780 3212 1834 in
3261 1789 3469 1837 secreto

1892 1870 2198 1925 emendare.
2246 1870 2358 1924 Huc
2381 1870 2586 1925 accedit
2613 1871 2752 1940 quod
2785 1871 3006 1925 firmitas
3034 1882 3086 1926 ct
3113 1871 3348 1927 rharitas
3375 1871 3475 1928 Pe-

1893 1963 1984 2029 tri,
2011 1964 2094 2018 cui
2119 1971 2204 2017 ter
2222 1977 2251 2014 a
2282 1963 2504 2016 Domino
2525 1962 2723 2018 dictum
2745 1972 2847 2024 est,
2872 1964 3024 2017 Amas
3046 1979 3123 2017 me
3142 1963 3169 2017 ?
3198 1981 3345 2034 pasce
3365 1980 3476 2019 oves

1893 2071 2028 2109 meas
2050 2053 2230 2123 (loan.
2260 2069 2368 2117 XXI,
2401 2052 2512 2124 15),
2534 2053 2956 2124 obiurgationem
2983 2055 3143 2109 talem
3165 2055 3476 2125 posterioris

1895 2146 2122 2215 pastoris
2177 2159 2270 2214 pro
2318 2144 2487 2196 salute
2529 2144 2706 2212 gregis
2762 2141 3113 2199 libentissime
3163 2144 3478 2201 sustinebat.

1892 2236 2025 2291 Nam
2066 2246 2180 2291 erat
2207 2235 2547 2305 objurgatore
2575 2251 2674 2289 suo
2711 2234 2824 2306 ipse
2849 2235 2939 2306 qui
2965 2235 3348 2307 objurgabatur
3375 2237 3480 2292 mi-

1896 2328 2135 2392 rabilior,
2162 2337 2216 2381 et
2243 2327 2309 2380 ad
2336 2325 2643 2380 imitandum
2671 2325 2955 2382 difficilior.
2980 2327 3209 2383 Facilius
3225 2338 3310 2384 est
3335 2330 3478 2386 enim

1897 2419 2080 2473 videre
2108 2417 2232 2488 quid
2261 2417 2311 2471 in
2337 2417 2442 2470 alio
2467 2417 2722 2488 corrigas,
2750 2426 2908 2488 atque
2933 2418 2986 2472 id
3017 2419 3366 2489 vituperando
3391 2421 3479 2477 vel

1899 2508 2229 2578 objurgando
2253 2508 2548 2574 corrigere,
2582 2524 2739 2578 quam
2771 2509 2951 2563 videre
2987 2510 3112 2580 quid
3140 2515 3191 2564 in
3220 2521 3271 2567 te
3307 2512 3478 2567 corri-

1899 2601 2128 2672 gendum
2180 2600 2268 2664 sit,
2317 2601 2648 2671 libenterque
2689 2603 2900 2672 corrigi,
2946 2604 3027 2658 vel
3083 2619 3179 2673 per
3232 2605 3478 2675 tcipsnm,

1903 2693 2096 2748 nedum
2147 2710 2240 2762 per
2283 2693 2479 2758 alium;
2523 2693 2657 2748 adde
2700 2695 3044 2763 posteriorem
3070 2735 3084 2760 ,
3131 2695 3268 2750 adde
3311 2713 3482 2750 coram

1903 2785 2149 2838 omnibus.
2199 2783 2345 2838 Valet
2385 2795 2565 2839 autem
2622 2783 2722 2839 hoc
2767 2785 2830 2839 ad
2881 2801 3128 2857 magnum
3173 2786 3484 2844 lmmilitatis

1904 2876 2244 2945 exemplum,
2281 2891 2400 2945 qua:
2444 2876 2671 2930 maxima
2713 2884 2797 2930 est
2834 2877 3111 2946 disciplina
3149 2877 3434 2932 christiana
3464 2895 3481 2934 :
3516 2942 3518 2944 τ

1907 2966 2206 3021 lnnnilitate
2268 2966 2408 3021 enim
2460 2975 2805 3022 conservatur
2847 2966 3098 3022 charitas.
3160 2967 3292 3023 Nam
3349 2969 3482 3024 nihil

1907 3076 2024 3116 eam
2061 3061 2216 3115 citius
2258 3059 2420 3114 violat
2460 3076 2618 3130 quam
2655 3059 2920 3130 superbia.
2968 3059 3036 3116 Et
3079 3059 3202 3116 ideo
3233 3061 3486 3116 Dominus

1907 3169 2012 3207 non
2040 3153 2133 3219 ait,
2165 3152 2555 3222 Tollitejngum
2579 3167 2755 3206 meum
2777 3160 2831 3206 et
2856 3152 3043 3208 discite
3070 3166 3100 3206 a
3127 3167 3212 3207 me
3235 3154 3483 3223 quoniam

1907 3243 2252 3316 quatriduana
2297 3243 2364 3298 de
2402 3245 2658 3312 sepulcris
2697 3243 2953 3298 cadavera
2981 3243 3247 3298 exsuscito
3270 3285 3284 3306 ,
3325 3253 3487 3313 atque

1908 3337 2087 3391 omnia
2123 3334 2386 3390 daemonia
2425 3334 2490 3388 de
2518 3334 2829 3403 corporibus
2865 3334 3136 3388 hominum
3167 3334 3488 3404 morbosque

1908 3428 2140 3498 depello,
2166 3436 2220 3481 et
2244 3435 2434 3482 caetera
2463 3425 2620 3496 hujus
2649 3425 2791 3480 modi
2821 3423 2958 3479 :sed
2982 3465 2997 3487 ,
3028 3423 3243 3489 Tollite,
3276 3424 3442 3495 inquit
3465 3465 3482 3492 ,

1906 3521 2084 3592 iugum
2103 3535 2290 3581 meum,
2319 3528 2365 3571 et
2390 3518 2564 3571 discite
2593 3535 2624 3570 a
2652 3533 2730 3571 me
2754 3518 2870 3588 quia
2897 3516 3031 3570 mitis
3058 3533 3190 3580 sum,
3214 3527 3259 3569 et
3285 3517 3492 3572 humilis

1909 3611 2058 3664 corde
2087 3609 2296 3682 (Matth.
2320 3625 2393 3674 xu,
2417 3607 2530 3679 29).
2563 3607 2654 3662 Illa
2682 3607 2822 3661 enim
2849 3607 2995 3678 signa
3025 3616 3148 3661 sunt
3175 3624 3351 3660 rerum
3381 3609 3491 3677 spi-

1908 3700 2176 3754 ritualium
2214 3718 2226 3753 :
2259 3701 2437 3752 ηιὶιιιιιι
2474 3707 2648 3752 autem
2691 3713 2811 3752 esse
2846 3705 2900 3750 et
2939 3697 3186 3750 humilem
3217 3699 3492 3754 claritatis

1908 3799 2337 3845 conservatorem
2369 3791 2384 3822 ⁸
2411 3829 2427 3852 ,
2472 3805 2559 3844 res
2587 3789 2713 3858 ipszn
2750 3789 3051 3857 spirituales
3077 3797 3201 3843 sunt
3220 3830 3236 3855 ,
3263 3789 3327 3843 ad
3357 3805 3492 3860 quas

1910 3898 2005 3952 per
2034 3882 2116 3936 illa
2149 3882 2430 3946 ducuntur,
2461 3880 2550 3951 qui
2576 3879 2742 3934 oculis
2763 3880 3001 3950 corporis
3023 3880 3187 3935 dediti
3216 3882 3370 3936 fidem
3411 3882 3492 3937 in-

1912 3975 2218 4041 visibilium,
2249 3975 2368 4044 quia
2387 3975 2495 4040 jam
2522 3974 2589 4028 de
2611 3974 2749 4026 notis
2771 3973 3079 4042 usitatisque
3109 3989 3212 4026 non
3243 3982 3484 4043 possunt,

1911 4069 1977 4126 de
2007 4070 2158 4124 novis
2183 4078 2236 4123 et
2271 4066 2561 4136 repentinis
2591 4064 2883 4119 visibilibus
2907 4073 3172 4134 quierunt.
3201 4065 3254 4117 Si
3282 4080 3408 4134 ergo
3433 4075 3490 4120 et

1912 4163 1986 4218 illi
2029 4169 2116 4233 qui
2147 4159 2404 4231 cogebant
2430 4157 2628 4212 Gentes
2651 4155 2954 4225 jndaizare,
2996 4153 3304 4209 didicissent
3331 4154 3490 4209 mites

1912 4268 2031 4310 esse
2056 4262 2112 4308 et
2137 4250 2364 4306 humiles
2391 4247 2572 4313 corde,
2598 4246 2738 4317 quod
2763 4263 2793 4300 a
2827 4244 3049 4299 Domino
3077 4244 3261 4298 Petrus
3287 4242 3490 4297 didice-

1912 4356 2030 4411 rat;
2073 4344 2260 4401 saltem
2293 4351 2534 4398 correcto
2573 4349 2717 4394 t:uito
2760 4338 2874 4391 viro
2908 4335 2974 4390 ad
3012 4334 3320 4390 imitandum
3355 4331 3492 4388 invi-

1915 4450 2186 4505 tarentnr,
2236 4452 2335 4493 nec
2375 4443 2619 4507 putarent
2659 4432 2998 4502 Evangelium
3042 4427 3239 4484 Christi
3277 4427 3494 4498 justitite

1916 4549 2026 4589 sua:
2074 4542 2322 4604 tanquam
2361 4529 2596 4585 debitum
2646 4527 2909 4583 redditum
2945 4525 3072 4580 :sed
3117 4525 3325 4578 scientes
3369 4537 3494 4594 quo-

1916 4626 2054 4680 niam
2103 4642 2201 4679 non
2247 4624 2560 4695 justi/icatur
2609 4621 2758 4675 homo
2795 4636 2858 4674 ea:
2905 4619 3133 4689 operibus
3185 4614 3354 4688 Legis,
3399 4616 3494 4670 nisi

1918 4735 2007 4790 per
2028 4719 2180 4785 ﬁdem
2213 4715 2397 4769 (.Itristi
2421 4713 2546 4767 Jesu
2567 4754 2583 4778 ,
2617 4721 2674 4766 tit
2707 4712 2924 4781 impleat
2943 4725 3103 4778 cpi-ra
3131 4707 3285 4776 Li-gis
3305 4751 3319 4771 ,
3348 4706 3498 4776 adju-

1917 4823 2077 4866 vanle
2108 4809 2464 4864 infirmitatem
2513 4822 2664 4861 suam
2687 4846 2702 4871 ,
2736 4821 2838 4858 non
2879 4803 3067 4856 merito
3093 4817 3190 4855 suo
3209 4841 3223 4866 ,
3257 4800 3348 4853 sed
3375 4815 3498 4866 gra-

1921 4905 1992 4958 tia
2036 4904 2166 4968 Dei;
2219 4916 2322 4955 non
2356 4899 2632 4970 exigerent
2660 4896 2727 4949 de
2767 4892 3026 4949 Gentibus
3067 4891 3307 4944 eat-nales
3345 4889 3500 4958 Legis

1922 4996 2342 5054 observationes.
2377 4994 2470 5048 sed
2499 5006 2591 5060 per
2624 4990 2791 5057 ipsam
2819 4985 3038 5054 gratiam
3065 4982 3220 5044 fidei,
3253 4981 3498 5051 spiritua-

1923 5091 1990 5145 lia
2021 5103 2179 5159 opera
2207 5086 2365 5151 Legis
2383 5100 2477 5157 eos
2509 5081 2727 5150 implere
2749 5091 2903 5148 posse
2929 5085 3330 5144 cognoscerent.
3354 5073 3494 5143 Qni-

1925 5182 2064 5236 niam
2091 5195 2157 5234 cx
2186 5176 2433 5246 operibus
2461 5173 2636 5243 Legis.
2669 5185 2791 5226 cum
2820 5168 2930 5223 suis
2969 5166 3165 5221 viribus
3194 5184 3256 5220 ea
3283 5168 3502 5236 quisque

1925 5275 2194 5338 tiibucrit,
2228 5289 2333 5326 non
2358 5270 2540 5343 gratia:
2567 5267 2870 5323 tuiserantis
2897 5265 2987 5320 Dei
3012 5306 3029 5331 ,
3062 5280 3168 5319 non
3192 5260 3502 5334 justitiCabi-

1926 5382 2011 5425 tur
2036 5367 2211 5423 oninis
2232 5382 2379 5434 caro,
2411 5365 2460 5419 id
2490 5374 2593 5428 est,
2621 5369 2795 5417 omnis
2822 5361 3012 5425 homo,
3042 5360 3152 5412 sive
3177 5368 3361 5408 omnes
3386 5367 3503 5405 car-

1927 5465 2117 5519 naliter
2156 5461 2470 5516 sentientes.
2502 5457 2568 5512 Et
2593 5457 2713 5509 ideo
2739 5455 2814 5508 illi
2840 5495 2855 5517 ,
2884 5453 2971 5521 qui
3007 5464 3126 5504 cum
3169 5446 3277 5516 jam
3321 5449 3504 5497 essent

1927 5558 2025 5612 sub
2053 5555 2211 5626 Lege,
2241 5551 2452 5608 Christo
2479 5547 2849 5610 crediderunt,
2881 5557 2984 5597 non
3015 5537 3135 5609 quia
3161 5537 3288 5606 justi
3319 5541 3503 5600 erant,

1925 5651 2020 5706 sed
2049 5657 2105 5702 ut
2130 5646 2558 5712 iustificarentnr,
2588 5645 2843 5695 venerunt
2866 5634 2931 5687 ad
2955 5631 3175 5701 gratiam
3204 5627 3346 5683 fidei.

1991 5767 2011 5800 ι
2033 5773 2101 5819 na
2115 5771 2222 5817 uss.
2241 5769 2299 5814 At
2319 5760 2454 5818 editi.
2476 5752 2724 5810 charitatis
2738 5743 3031 5803 conservatio
3045 5749 3136 5804 est.
3147 5750 3236 5798 Res
3256 5739 3394 5806 ipsc.
3411 5749 3508 5794 etc.
