3956 6368
175 287 339 351 3-1ιῖ

176 403 609 484 possessionem.
639 417 738 472 pro
775 417 876 474 qua
917 406 1228 475 sanguinem
1265 403 1428 460 dedit.
1475 405 1778 476 Proscripto

1351 288 1824 347 EXPOSITIONIS
1858 291 2074 350 LIBER.
2101 295 2306 355 UNUS.

1893 423 2010 507 runt
2042 410 2406 498 legiturtAct.
2451 417 2539 488 tt).
2582 418 2696 477 Hoc
2722 430 2898 480 autem
2931 425 3128 486 factum
3172 443 3288 490 erat
3329 438 3471 507 apud

176 508 368 560 autem
395 495 554 549 etiam
584 509 704 564 qua:
746 494 979 561 tenebat,
1015 497 1358 551 auferuntur:
1389 497 1484 553 sed
1513 499 1626 553 luce
1659 514 1781 569 pro—
1887 502 2100 562 Galatas
2127 494 2407 580 antequam
2438 514 2520 568 isti
2548 514 2613 568 ad
2642 529 2737 573 eos
2766 525 3144 588 pervertendos
3163 527 3216 583 ct
3238 494 3470 587 citcum‘:

177 589 410 658 scriptio
449 603 554 641 non
584 588 736 642 obest
764 586 997 650 Christo,
1045 588 1133 658 qui
1164 589 1324 643 etiam
1355 591 1431 643 sic
1460 605 1556 661 per
1581 590 1778 644 divini-

177 667 349 758 tatem
380 681 633 736 Dominus
658 688 742 734 est
767 681 1036 748 omnium;
1061 681 1152 736 sed
1175 681 1273 752 ipsi
1295 681 1639 752 pOSSessioni,
1657 696 1778 753 quas

175 776 344 846 hujus
367 775 552 846 gratiae
578 776 787 829 cultura
817 784 980 829 caret.

257 868 344 924 19.
387 867 518 921 Hinc
555 867 665 936 jam
706 865 892 938 incipit
930 866 1299 922 demonstrare
1327 867 1774 938 quemadmodum

179 960 352 1046 gratia
397 957 518 1012 ﬁdei
563 957 812 1019 sufﬁciat,
845 957 910 1011 ad
936 957 1331 1028 jtlSllllCulldum
1370 960 1486 1014 sine
1525 959 1775 1046 operibus

184 1043 370 1122 Legis;
401 1065 468 1104 ne
492 1051 612 1119 quis
638 1048 843 1104 diceret
873 1064 976 1102 non
1003 1064 1061 1104 se
1094 1049 1309 1119 quidem
1335 1048 1588 1120 cperibus
1614 1043 1773 1120 Legis

185 1153 386 1200 tantum
414 1150 578 1196 totam
627 1140 858 1194 hominis
892 1139 1325 1208 iustiﬁcationem
1371 1137 1626 1209 tribuere,
1676 1141 1772 1197 sed

187 1251 356 1305 neque
390 1243 591 1288 tantum
631 1234 818 1303 gratia:
847 1231 990 1297 ﬁdei,
1019 1249 1083 1287 ex
1117 1243 1342 1305 utroque
1378 1243 1555 1288 autem
1585 1225 1770 1305 perlici

191 1326 423 1383 salutem.
447 1321 562 1379 Sed
589 1323 706 1378 lta-c
733 1327 955 1393 quaestio
985 1332 1044 1378 ιιι
1085 1325 1364 1394 diligenter
1395 1334 1670 1392 tractetur,
1702 1341 1770 1381 ne

190 1420 303 1494 quis
327 1409 534 1471 fallatur
560 1417 828 1486 ambiguo,
871 1416 1009 1470 scire
1047 1416 1194 1487 prius
1239 1411 1400 1472 debet
1426 1427 1587 1488 opera
1611 1411 1768 1488 Legis

189 1510 421 1583 hipartita
471 1518 611 1564 esse.
659 1507 788 1562 Nam
837 1507 1028 1578 partim
1075 1509 1125 1562 in
1173 1510 1539 1572 sacramentis,
1574 1510 1763 1581 partim

188 1593 307 1658 rem
335 1601 382 1654 itt
412 1601 646 1658 moribus
687 1601 1038 1670 accipiuntur.
1092 1599 1170 1654 Ad
1220 1609 1554 1657 sacramenta
1603 1601 1767 1671 perti-

187 1705 328 1762 nent,
371 1693 705 1748 circumcisio
731 1693 927 1756 carnis,
972 1692 1250 1748 sabbatum
1283 1693 1594 1762 temporale,
1629 1708 1762 1747 neo-

186 1778 388 1850 tneitize,
417 1783 701 1850 sacriﬁcia,
729 1794 891 1853 atque
917 1797 1106 1839 omnes
1136 1783 1438 1854 huj'usmodi
1470 1785 1764 1839 innumerae

182 1875 591 1932 observationes.
623 1874 703 1929 Ad
735 1890 911 1930 mores
950 1884 1150 1940 autem,
1200 1869 1321 1928 Non
1367 1875 1584 1937 occides,
1640 1870 1760 1929 Non

181 1969 516 2030 mccltaberis,
543 1965 664 2021 Non
694 1967 880 2039 falsum
915 1967 1250 2021 testimonium
1275 1965 1412 2021 dices
1439 1959 1631 2038 (Exod.
1663 1982 1758 2032 xx,

179 2041 395 2133 {ft-lli),
423 2073 471 2116 et
497 2061 615 2116 talia
643 2071 862 2115 caetera.
897 2059 1287 2127 Numquidnam
1319 2073 1448 2129 ergo
1474 2059 1761 2128 Apostolus

180 2154 248 2210 ita
281 2163 447 2223 potest
477 2169 580 2207 non
604 2167 794 2207 curare
823 2162 997 2206 utrum
1023 2149 1346 2206 Christianus
1377 2149 1638 2210 homicida
1667 2158 1761 2204 aut

183 2249 417 2302 machus
442 2245 528 2310 sit,
557 2259 624 2298 an
653 2253 833 2298 castus
875 2253 1034 2314 atque
1081 2241 1372 2307 innocens;
1409 2242 1757 2313 quemadmo-

183 2338 305 2394 dum
333 2354 430 2392 non
461 2345 612 2393 curat
649 2346 824 2391 utrum
856 2336 1205 2390 circumcisus
1234 2351 1416 2396 carne.
1449 2351 1515 2389 an
1545 2352 1756 2406 [ιι-πριι-

188 2430 341 2486 tiatus
368 2432 468 2484 sit?
493 2430 642 2484 Nunc
661 2444 789 2499 ergo
815 2429 882 2484 de
911 2427 992 2482 Itis
1013 2427 1266 2498 operibus
1291 2427 1521 2482 maxime
1543 2437 1753 2494 tractat,

186 2536 298 2593 qttxe
327 2532 442 2578 sunt
467 2523 516 2576 in
543 2521 917 2585 sacramentis,
947 2518 1250 2589 quanquam
1291 2527 1345 2573 et
1374 2517 1459 2573 illa
1490 2518 1754 2573 interdum

186 2628 238 2670 se
263 2615 547 2670 admiscere
574 2615 852 2686 signiticet.
891 2613 1060 2682 Prope
1089 2613 1246 2666 linem
1271 2620 1447 2666 autem
1480 2608 1751 2682 Epistolis,

184 2703 253 2762 de
273 2707 353 2760 his
375 2707 653 2775 separatim
682 2705 948 2770 tractabit,
994 2720 1111 2775 qua:
1149 2712 1274 2758 sunt
1301 2702 1355 2757 in
1384 2703 1622 2757 moribus
1659 2721 1673 2758 :
1699 2712 1755 2759 et

188 2781 306 2852 illud
340 2798 578 2860 breviter,
599 2796 699 2850 hoc
724 2807 899 2851 autem
922 2794 1139 2850 diutius.
1161 2795 1284 2849 Hatc
1305 2794 1447 2850 enim
1473 2810 1634 2849 onera
1658 2811 1755 2865 po-

187 2885 282 2943 tius
313 2889 496 2957 imponi
525 2886 600 2962 (a)
629 2887 886 2944 Gentibus
908 2903 1133 2958 quorum
1166 2887 1363 2942 utilitas
1389 2887 1440 2941 in
1483 2887 1753 2942 intellectu

187 2988 292 3033 est:
322 2995 432 3034 nam
460 2981 571 3034 lucc
597 2981 772 3034 omnia
800 2989 1138 3050 exponuntur
1161 2977 1503 3046 Christianis,
1544 2990 1600 3033 ιιι
1627 2979 1752 3048 quid

186 3071 400 3135 valeant,
444 3079 465 3126 t
499 3082 645 3126 ntum
681 3071 990 3140 intelligant,
1027 3086 1130 3125 non
1160 3071 1318 3125 etiant
1348 3071 1522 3126 facere
1558 3085 1752 3141 cogan-

188 3153 280 3216 tur.
316 3161 364 3216 ltt
393 3162 850 3218 observationibus
888 3173 1088 3228 autem,
1137 3162 1181 3216 si
1213 3177 1318 3215 non
1367 3160 1748 3232 intelligantur,

188 3253 396 3306 servitus
420 3255 525 3309 Sola
557 3263 670 3320 est;
703 3254 872 3324 qualis
897 3261 1014 3307 erat
1039 3253 1090 3306 itt
1122 3253 1316 3322 populo
1345 3252 1675 3319 Jttdicorum,
1697 3260 1752 3307 et

188 3352 264 3398 est
296 3359 447 3414 usque
470 3345 679 3399 adhuc:
710 3345 752 3398 si
781 3355 957 3399 autem
988 3354 1043 3399 ct
1071 3345 1425 3400 observentur
1447 3345 1558 3410 i;la,
1587 3357 1641 3400 et
1666 3346 1750 3400 itt-

191 3427 486 3504 te1ligautur,
516 3452 619 3490 non
649 3434 806 3490 modo
829 3435 958 3490 nihil
980 3436 1197 3502 obsunt,
1221 3435 1313 3492 sed
1339 3436 1498 3490 etiam
1526 3445 1751 3508 prosunt

191 3521 387 3596 aliquid,
403 3525 682 3598 sitempori
703 3539 1024 3599 congruant;
1047 3528 1266 3582 sicutab
1288 3528 1403 3598 ipso
1419 3530 1600 3601 Moyse
1622 3529 1752 3583 Pro-

191 3614 443 3688 phetisquc
469 3621 577 3675 ubst
601 3632 744 3676 rvata
776 3633 917 3684 Sunt,
949 3621 1362 3693 congruentibus
1406 3623 1480 3676 illi
1532 3625 1745 3696 populo,

187 3710 270 3764 cui
295 3709 453 3767 adhuc
476 3713 595 3766 talis
629 3714 860 3767 servitus
885 3711 1027 3766 utilis
1048 3724 1184 3776 erat,
1214 3720 1272 3766 ut
1307 3712 1407 3766 sub
1438 3713 1625 3768 timore
1652 3731 1748 3768 cu-

189 3793 470 3856 stodiretur.
515 3802 656 3857 Nihil
685 3804 826 3857 enim
871 3813 974 3857 tant
1005 3802 1088 3873 pie
1117 3811 1279 3858 terret
1308 3806 1560 3872 animam,
1590 3821 1747 3874 quam

188 3893 552 3950 Sacrautcntum
602 3913 706 3950 non
758 3896 1132 3952 intellectum:
1175 3897 1499 3952 intellectum
1544 3909 1744 3966 autem,

192 3981 410 4054 gaudium
441 3987 583 4059 pium
615 3989 772 4056 parit,
804 3999 856 4042 et
884 3989 1183 4043 celebratur
1212 3989 1397 4051 libere,
1430 3990 1472 4045 si
1501 4006 1632 4060 opus
1667 4000 1750 4044 est

195 4080 419 4148 tempori;
449 4080 492 4134 si
523 4090 698 4134 autent
728 4095 833 4134 non
864 4090 944 4134 est
970 4096 1126 4149 opus,
1157 4097 1277 4136 cum
1306 4083 1565 4138 suavitate
1594 4084 1752 4151 Spiri-

195 4169 300 4224 tuali
330 4174 687 4227 tantummodo
732 4171 939 4242 legitur,
973 4183 1027 4227 et
1069 4182 1339 4227 tractatur.
1371 4171 1539 4228 Omne
1569 4185 1745 4230 autem

195 4259 552 4318 sacmmcntttnt
581 4280 701 4317 cum
747 4264 1077 4334 intelligitur,
1110 4273 1201 4318 aut
1242 4265 1308 4318 ad
1339 4266 1748 4335 ειιιιιριηιιιειιίυ-

197 4349 294 4410 Item
320 4359 553 4413 veritatis
579 4356 828 4419 refertur,
861 4367 952 4411 aut
977 4358 1040 4413 ad
1071 4359 1239 4412 bonos
1265 4374 1461 4412 mores.
1490 4357 1748 4413 Content-

197 4437 330 4517 ιιῐὲἥο
357 4449 589 4503 νιτῑιειιίε
636 4450 687 4502 itt
719 4449 885 4504 solius
922 4449 1010 4502 Dei
1041 4448 1323 4504 dilectione
1368 4447 1580 4504 {ululata
1631 4459 1743 4505 est:

199 4519 294 4592 bimi
332 4551 505 4595 mores
550 4540 600 4593 iu
645 4540 931 4594 dilectione
965 4539 1058 4594 Dei
1099 4552 1148 4594 et
1197 4542 1443 4610 proximi,
1477 4543 1748 4612 inquibus

197 4619 366 4687 duobus
389 4632 666 4703 prtcceptis
689 4641 794 4687 tota
814 4633 920 4687 Lex
940 4634 1134 4702 penrlct
1159 4644 1209 4688 et
1240 4634 1518 4704 Propheta:
1535 4635 1741 4705 (Matth.

199 4714 306 4790 ita,
331 4723 540 4795 37-40).
568 4725 718 4790 Nultc
746 4727 908 4797 igitur
933 4726 1382 4794 quemadmodum
1410 4729 1747 4786 circumcisio

196 4806 356 4880 cauas.
387 4827 445 4873 et
464 4825 656 4874 etctcra
683 4817 985 4888 hujusmodi
1004 4817 1160 4887 Legis
1180 4835 1361 4888 opera,
1387 4821 1472 4874 tibi
1494 4821 1604 4890 jam
1621 4838 1745 4892 gra-

196 4897 248 4962 tia
274 4910 378 4966 lidei
408 4922 510 4970 cst.
542 4927 646 4965 non
679 4910 784 4964 sint
815 4911 1133 4973 necessaria,
1168 4909 1460 4967 videamus.

245 5000 317 5056 20.
357 4997 457 5078 [Ιιι.
489 5020 574 5068 ttt,
601 4997 750 5076 2-9.]
779 5001 886 5057 Hoc
916 5004 1097 5070 solum,
1131 5005 1316 5074 inquit,
1358 5005 1470 5059 colo
1501 5005 1690 5060 discere
1712 5022 1746 5060 α

197 5091 329 5151 vobis:
352 5093 436 5151 ex
459 5095 692 5168 operibus
713 5094 858 5164 Legis
887 5095 1136 5167 Spiritum
1165 5099 1448 5166 accepistis,
1478 5117 1544 5153 an
1564 5116 1628 5154 ea:
1644 5116 1741 5154 au-

198 5175 279 5239 ditu
317 5185 472 5256 ﬁdei?
507 5188 910 5260 Respondetur:
943 5188 1132 5259 Utique
1171 5204 1232 5244 ex
1263 5190 1446 5245 auditu
1491 5192 1630 5246 ﬁdei.
1662 5192 1744 5249 Ab

202 5263 418 5346 Rpost‘olo'
443 5277 586 5336 enim
633 5278 914 5350 pra-dicata
945 5291 1025 5337 est
1049 5281 1130 5335 eis
1155 5279 1304 5344 ﬁdes,
1337 5281 1389 5336 in
1420 5299 1519 5350 qua
1551 5283 1745 5354 pr:edi-

202 5361 368 5425 etilliutc
394 5371 576 5441 utique
601 5365 885 5427 adventum
914 5381 967 5427 et
996 5373 1330 5442 put-sentiam
1375 5374 1543 5428 sancti
1571 5373 1743 5443 Spiri-

208 5452 278 5513 tll'!
289 5469 586 5517 senserant:
613 5463 748 5517 sicut
769 5462 860 5517 illo
884 5473 1121 5533 tempore
1142 5462 1193 5517 in
1221 5464 1450 5519 novitate
1481 5465 1744 5519 invitatio-

214 5546 271 5602 nis
291 5551 342 5606 ad
381 5553 536 5608 ﬁdem
565 5552 1116 5610 etiam:scissiliilibus~
1147 5555 1421 5611 miraculis
1460 5555 1741 5626 pnesentia

212 5649 333 5714 iacti
355 5645 588 5730 Spiritus
607 5654 915 5726 apparebat,
945 5655 1084 5712 sicut
1112 5648 1168 5706 in
1208 5649 1430 5705 Actibus
1454 5649 1742 5722 Apostolo-

251 5767 476 5831 ωιτη-ιρι
496 5769 720 5834 prohibet
734 5771 928 5825 irritant.
955 5781 1052 5828 aut.
1071 5771 1227 5827 notius
1250 5766 1465 5834 carpatur.

1886 595 2140 654 cidendos
2181 605 2469 659 venissent.
2495 629 2500 635 -
2522 599 2624 662 Iste
2665 624 2793 680 ergo
2835 626 3023 670 sensus
3057 627 3174 675 est:
3201 620 3255 676 Si
3285 623 3335 677 iu
3366 617 3471 681 illis

1884 691 2137 758 Operibus
2164 693 2319 765 Legis
2351 707 2492 753 esset
2519 701 2664 756 salus
2694 712 2888 770 vestra,
2929 722 3032 760 nou
3058 709 3208 766 vobis
3235 709 3467 784 Spiritus

1883 794 2098 840 sanctus
2123 789 2222 842 nisi
2251 789 2578 848 circumcisis
2619 793 2852 850 daretur.
2895 788 3094 858 Deinde
3133 799 3342 860 intulit:
3376 800 3467 864 Sic

1881 875 2021 929 stulti
2045 880 2180 942 estis,
2202 890 2256 934 ut
2274 898 2388 936 cum
2405 885 2588 954 spiritu
2607 890 2876 957 ceperitis,
2899 909 3033 948 nunc
3048 913 3199 952 conte
3223 916 3460 955 consum-

1878 969 2099 1023 memini.
2122 971 2230 1026 l-loc
2246 977 2481 1045 estquod
2501 982 2744 1048 superius
2762 982 2813 1036 in
2834 979 3054 1040 exordio
3079 977 3284 1045 dixerat
3308 1011 3320 1047 :
3343 992 3464 1050 Nisi

1877 1060 2035 1129 aliqui
2052 1075 2168 1117 sunt
2189 1069 2538 1124 conturbantes
2562 1087 2667 1138 vos,
2686 1084 2736 1128 et
2759 1065 2976 1133 volentes
2992 1093 3277 1138 convertere
3295 1069 3464 1141 Eran-

1875 1151 2064 1224 gelium
2103 1155 2288 1212 Christi
2317 1160 2511 1234 (ﬂutat.
2544 1180 2580 1222 ι.
2615 1157 2689 1236 7).
2717 1167 3063 1228 Conturbatio
3107 1176 3247 1230 enim
3284 1173 3468 1236 ordini

1874 1248 2137 1340 contraria
2176 1260 2292 1305 est:
2321 1253 2456 1308 ordo
2491 1265 2572 1310 est
2600 1267 2775 1314 autem
2815 1275 2846 1316 a
2885 1257 3186 1322 carnalibus
3210 1261 3284 1323 ad
3306 1265 3463 1340 spiri-

1874 1339 2031 1434 tualia
2049 1354 2291 1410 surgere,
2315 1361 2420 1434 non
2443 1348 2510 1404 ab
2532 1351 2892 1420 spiritualihns
2909 1358 2973 1412 ad
2991 1350 3221 1417 carnalia
3241 1339 3458 1434 cadere,

1872 1427 2010 1483 sicut
2039 1431 2152 1487 istis
2178 1429 2459 1492 acciderat.
2489 1440 2554 1495 Et
2594 1433 2708 1499 btec
2747 1455 2828 1500 est
2867 1447 3134 1520 Evangelii
3177 1427 3459 1513 conversio

1871 1532 2169 1580 retrorsus:
2195 1529 2333 1599 quod
2364 1533 2484 1600 quia
2531 1534 2725 1590 bonum
2774 1554 2879 1594 non
2909 1553 3009 1606 est,
3045 1560 3147 1600 non
3175 1557 3255 1602 est
3288 1539 3452 1605 Evanl

1869 1613 2084 1684 gelium,
2107 1632 2225 1703 eum
2245 1617 2346 1674 hoc
2363 1625 2721 1680 aununtiatur.
2739 1627 2890 1698 Quod
2916 1643 3090 1689 autem
3120 1625 3268 1703 dicit,
3285 1631 3455 1698 Tanta

1871 1707 2012 1773 passi
2037 1702 2191 1771 estis;
2217 1711 2378 1764 multa
2392 1711 2503 1781 jam
2525 1731 2619 1784 pro
2642 1709 2742 1771 ﬁde
2770 1713 3139 1791 toleraverant,
3165 1702 3268 1782 non
3294 1730 3455 1788 timo-

1870 1810 1948 1891 re,
1966 1805 2217 1891 tanquam»
2234 1795 2334 1856 sub
2366 1795 2506 1876 Lege
2525 1808 2700 1876 positi,
2724 1811 3002 1885 sed-magis
3019 1817 3070 1871 in
3098 1811 3222 1888 ipsis
3246 1817 3453 1891 paSsio-

1869 1888 2026 1977 nibus
2063 1888 2321 1970 charitate
2349 1896 3178 1977 timorent'vicerant:qnouiam
3215 1888 3454 1975 cbaritas

1869 1973 1959 2036 Dei
1987 1975 2036 2035 di
2046 1984 2176 2038 lTusa
2189 1998 2269 2040 est
2289 1987 2339 2040 itt
2363 1990 2612 2046 cordibus
2633 2008 2816 2050 eorum
2836 1973 3192 2068 perSpiritum
3207 1973 3449 2064 Sanctum

1866 2085 2020 2143 quem
2050 2088 2368 2168 acceperunt
2396 2080 2572 2148 (Rom.
2607 2099 2658 2146 v,
2679 2085 2753 2150 5).
2779 2080 2905 2142 Sine
2918 2107 3072 2146 causa
3087 2109 3234 2166 ergo,
3258 2087 3450 2168 inquit,

1865 2175 2006 2217 tanta
2034 2167 2172 2235 passi
2195 2168 2332 2236 estis,
2363 2172 2448 2239 qui
2479 2187 2543 2226 ex
2579 2173 2855 2242 cbaritate,
2889 2197 3007 2246 qua:
3040 2183 3088 2236 itt
3126 2185 3276 2239 Vobis
3305 2167 3450 2246 tanta

1864 2256 2130 2323 sustinuit,
2160 2259 2224 2312 ad
2253 2260 2496 2316 timorem
2521 2264 2683 2319 relabi
2702 2266 2881 2322 vultis.
2903 2267 2965 2322 Si
2985 2281 3151 2327 tamen
3168 2275 3279 2330 sine
3294 2293 3450 2334 causa

1862 2354 2005 2402 tanta
2038 2349 2176 2418 passi
2207 2351 2355 2406 estis.
2396 2351 2547 2420 Quod
2590 2356 2728 2410 enim
2757 2361 2874 2415 sine
2897 2375 3054 2417 causa
3088 2365 3282 2420 factum
3311 2365 3445 2424 dici-

1861 2446 1965 2502 tttr,
1999 2439 2323 2509 superﬂuum
2355 2441 2466 2510 est;
2499 2447 2824 2516 Sup‘crll'uum
2857 2463 3043 2506 autem‘
3078 2470 3175 2509 nec
3204 2459 3440 2525 prodest,

1860 2545 1958 2584 nec
1984 2540 2170 2587 nocet:
2197 2532 2297 2588 hoc
2339 2549 2467 2589 vero
2497 2537 2778 2592 videndum
2811 2549 2912 2606 est,
2953 2558 3020 2596 ne
3049 2543 3113 2597 ad
3153 2548 3442 2613 perniciem

1859 2622 2049 2676 valeat.
2096 2621 2208 2677 Non
2251 2623 2394 2680 enim
2425 2625 2524 2682 hoc
2553 2638 2632 2683 est
2662 2645 2764 2684 non
2795 2646 3032 2701 surgere,
3066 2637 3214 2706 quod
3244 2647 3326 2692 est
3349 2655 3440 2695 ca-

1857 2709 2019 2766 dere:
2047 2715 2288 2782 quamvis
2315 2716 2398 2770 isti
2430 2719 2662 2773 nondum
2706 2722 3041 2788 cecidissent,
3087 2727 3188 2782 sed
3219 2727 3326 2798 jam
3357 2732 3440 2786 in-

1858 2800 2186 2857 clinarentur
2211 2815 2268 2859 ut
2290 2805 2560 2862 caderent.
2589 2809 2720 2863 Nam
2755 2813 2932 2883 utiqUe
2959 2811 3131 2871 :td'liuc
3160 2819 3209 2872 in
3232 2821 3309 2875 eis
3325 2817 3443 2892 Spi-

1857 2891 1989 2945 ritus
2017 2902 2230 2948 sanctus
2269 2897 2609 2964 operabatur,
2657 2901 2793 2955 sicut
2838 2917 3226 2974 eonseqttenter
3272 2891 3438 2967 dicit:

1860 2979 1961 3050 Qui
1990 2999 2106 3054 ergo
2135 2985 2306 3040 tribuit
2344 2987 2480 3042 vobis
2509 2989 2784 3060 Spiritum,
2817 3005 2862 3046 et
2892 2997 3094 3051 virtutes
3122 3013 3359 3066 operatur
3388 3006 3450 3059 iit

1855 3073 2010 3136 vobis,
2042 3092 2106 3131 ea:
2125 3081 2356 3147 operibus
2385 3079 2554 3152 Legis,
2578 3100 2645 3136 an
2665 3101 2727 3138 ea:
2749 3081 2926 3138 auditu
2947 3087 3112 3155 ﬁdei?
3133 3091 3443 3162 Responde-

1857 3176 1966 3236 tur,
2013 3169 2210 3240 Utique
2230 3189 2294 3227 ex
2324 3174 2505 3228 auditu
2536 3173 2675 3241 ﬁdei,
2712 3178 2846 3233 sicut
2870 3183 3116 3250 superius
3161 3191 3441 3245 tractatum

1855 3271 1956 3318 est.
1991 3257 2190 3319 Deinde
2230 3262 2445 3320 adhibet
2475 3269 2775 3337 exemplum
2823 3273 2990 3341 patris
3040 3269 3325 3344 Abraham,
3373 3277 3442 3338 de

1854 3368 1960 3422 quo
1986 3354 2038 3407 in
2071 3354 2301 3424 Epistula
2329 3353 2404 3410 ad'
2425 3357 2692 3413 Romanus
2725 3360 2940 3418 uberius
2961 3367 3305 3440 apertiusque
3331 3363 3440 3426 dis-

1854 3443 2523 3521 sertumcst(Rom‘.tv,5).
2554 3450 2820 3507 llocenim
2848 3457 3144 3514 maxintein
3173 3475 3238 3514 eo
3269 3455 3444 3519 victo-

1854 3535 2053 3589 riosum
2077 3547 2176 3602 est,
2197 3537 2337 3606 quod
2363 3550 2646 3609 antequam
2677 3542 3166 3628 circntncideretur,
3191 3541 3442 3619 deputata

1853 3635 1934 3679 est
1963 3625 2090 3680 lides
2119 3628 2236 3694 ejus
2261 3629 2636 3697 ad'justitiam,
2665 3642 2716 3687 et
2736 3629 2810 3688 ad
2832 3635 2931 3690 hoc
2950 3625 3250 3694 rectissime
3272 3635 3442 3698 refer-

1856 3727 1940 3772 tur
1959 3719 2107 3788 quod.
2127 3720 2174 3774 ei
2203 3720 2401 3775 dictum
2429 3731 2530 3785 est,
2563 3722 2696 3792 Quia
2729 3725 3077 3784 benedicentur
3105 3731 3156 3785 in
3193 3743 3239 3786 te
3268 3743 3446 3790 omnes

1851 3820 2021 3880 gentes
2053 3808 2202 3882 (Gen.
2254 3827 2383 3879 xxn,
2431 3813 2559 3883 18‘):
2592 3815 2886 3875 imitatione
2932 3821 3112 3894 utique
3151 3824 3272 3880 ﬁdei
3302 3825 3439 3898 ejus,

1853 3918 1953 3973 qua
1976 3903 2296 3972 justilicatus
2337 3915 2419 3960 est
2447 3908 2606 3962 etiam
2632 3919 2754 3963 ante
2779 3925 3174 3970 sacramentum"
3206 3913 3440 3974 circum-

1851 3989 2083 4058 cisiouis,
2116 3994 2257 4065 quod
2287 3996 2350 4050 ad
2401 3998 2521 4053 ﬁdei
2569 3999 2896 4069 signaculum
2923 4005 3178 4075 accepit",
3221 4020 3273 4064 ct
3319 4021 3441 4068 ante

1852 4099 2065 4140 ontnem
2097 4088 2402 4141 servitutem
2427 4086 2603 4158 Legis,
2633 4105 2748 4160 quae
2778 4093 2944 4146 tttttlto
2974 4107 3090 4164 post
3119 4098 3238 4152 data
3261 4108 3359 4155 est.

1921 4175 2012 4233 ει.
2045 4177 2143 4251 [|b.
2173 4195 2257 4244 ιιι,
2287 4180 2497 4254 10—132.]
2541 4179 2693 4249 Quod
2736 4195 2915 4240 autem
2959 4188 3066 4254 ait,
3119 4185 3430 4264 Quicumque

1852 4274 1982 4328 enim
2011 4290 2072 4328 ea:
2090 4275 2321 4343 aperibus
2346 4275 2491 4347 Legis
2512 4286 2627 4330 sunt
2651 4319 2667 4339 ,
2698 4276 2789 4331 sub
2817 4279 3082 4336 maledicto
3107 4294 3222 4338 sunt
3251 4284 3437 4357 Legis;

1833 4368 1950 4422 tsub
1987 4367 2175 4424 tintorc
2207 4369 2317 4424 vult
2340 4369 2584 4440 intelligi,
2616 4387 2718 4424 non
2749 4371 2798 4426 itt
2823 4371 3071 4430 libertate
3101 4394 3114 4430 :
3146 4387 3202 4430 ut
3231 4378 3436 4436 scilicet

1851 4461 2113 4530 corporali
2165 4462 2525 4533 prtcsentiqtte
2570 4464 2799 4519 vindicta
2843 4466 3206 4523 vindicaretur
3248 4471 3299 4525 in
3342 4487 3436 4528 eos

1851 4553 1939 4624 qui
1987 4569 2089 4606 non
2128 4564 2500 4623 permanerent
2542 4555 2592 4608 in
2637 4557 2883 4611 omnibus
2918 4574 3036 4628 quae
3075 4562 3270 4630 scripta
3313 4571 3436 4618 sunt

1851 4644 1905 4700 in
1935 4645 2068 4699 libro
2091 4645 2264 4714 chis,
2298 4656 2354 4700 ut
2385 4645 2619 4701 facerent
2645 4663 2740 4711 ea;
2772 4648 2872 4702 huc
2900 4666 3109 4719 quoque
3136 4652 3434 4722 accederet,

1851 4745 1908 4788 ut
1929 4736 1978 4788 in
2014 4736 2121 4804 ipsa
2141 4750 2422 4804 corporum
2448 4751 2600 4804 poena
2624 4737 2781 4791 etiam
2804 4738 3071 4793 maledicti
3093 4742 3432 4810 ignominiam

1849 4813 2216 4880 formidarent.
2259 4825 2349 4880 Ille
2385 4836 2560 4879 autem
2585 4827 2904 4896 jttstiliCatur
2941 4829 3078 4898 apud
3118 4833 3312 4900 Deum,
3343 4834 3435 4904 qui

1850 4932 1969 4971 eum
2013 4915 2179 4985 gratis
2218 4917 2381 4979 colit,
2430 4933 2531 4970 non
2578 4917 2780 4972 srilicet
2824 4919 3111 4986 cupiditate
3154 4924 3436 4992 apprtendi

1849 5007 2044 5077 aliquid
2075 5008 2141 5061 ab
2173 5007 2286 5075 ipso
2315 5016 2505 5076 pncter
2530 5007 2700 5076 ipsum
2723 5048 2738 5072 ,
2784 5017 2874 5062 aut.
2901 5009 3092 5064 timore
3130 5013 3430 5072 amittendi.

1848 5095 1908 5154 In
1929 5099 2042 5169 ipso
2059 5099 2197 5152 enim
2223 5098 2340 5153 solo
2362 5113 2484 5153 vera
2513 5107 2689 5152 nostra
2721 5098 2991 5155 beatitudo
3013 5113 3172 5173 atque
3198 5105 3435 5175 perfecta

1849 5203 1965 5258 est;
2006 5202 2058 5246 et
2096 5192 2347 5262 quoniam
2397 5189 2672 5246 invisibilis
2702 5199 2784 5246 est
2821 5191 2990 5249 oculis
3037 5198 3281 5263 earucis,
3331 5197 3435 5256 ﬁdo

1849 5283 2071 5350 colitur,
2115 5283 2368 5354 quamdiu
2411 5282 2462 5336 in
2500 5282 2595 5336 hac
2620 5297 2782 5338 Carne
2822 5283 3080 5353 vivimus,
3112 5289 3249 5343 sicut
3272 5305 3430 5358 supra

1849 5379 2016 5442 dixit,
2054 5378 2202 5446 Quod
2231 5389 2398 5430 autem
2426 5393 2558 5430 nunc
2580 5377 2686 5431 vivo
2712 5378 2763 5432 in
2780 5394 2950 5442 carne,
2983 5380 3034 5433 in
3056 5379 3158 5448 ﬁde
3182 5381 3289 5434 vivo
3309 5371 3430 5434 Filii

1849 5471 1945 5528 Dei
1970 5471 2165 5543 (Galat.
2195 5488 2252 5537 tt,
2283 5471 2377 5542 ΞΟ)
2412 5488 2427 5537 ;
2456 5477 2511 5526 et
2536 5470 2647 5541 ipsa
2673 5481 2754 5526 est
2790 5471 3012 5539 jttstitia.
3050 5470 3168 5538 Quo
3200 5471 3430 5540 pertinet

1847 5567 1988 5639 quod
2016 5567 2214 5621 dictum
2251 5576 2333 5621 est
2352 5607 2366 5630 ,
2402 5563 2533 5631 Quia
2547 5568 2724 5638 justus
2742 5580 2808 5618 ea:
2839 5564 2942 5634 ﬁde
2963 5563 3096 5617 vivit.
3126 5563 3260 5619 llinc
3283 5569 3429 5622 enim

1846 5705 2299 5826 generem,
2325 5701 2453 5769 quod
2493 5699 2618 5767 ﬁdei
2644 5697 2948 5765 cimonium
2974 5699 3194 5767 occepit;
3223 5711 3441 5768 praer-
