3956 6366
505 324 649 384 2119

507 440 792 503 ostendere
816 434 980 493 voluit
1003 433 1123 505 quia
1163 429 1216 486 itt
1244 429 1385 500 Lege
1412 443 1569 483 nemo
1595 425 1940 496 justifieatur,
1971 422 2095 492 quia

509 537 766 606 scriptum
795 538 877 587 est
910 528 1110 598 justum
1136 539 1200 578 ex
1239 521 1343 577 fide
1373 521 1570 602 vive-re.
1599 519 1776 584 Quare
1799 515 2098 583 intelligen-

509 628 638 685 dum
681 634 762 681 est
805 624 859 678 in
901 620 1078 691 Lege,
1123 615 1267 688 quod
1307 629 1448 669 nunc
1471 613 1545 666 ait
1585 613 1637 666 iu
1667 610 1898 681 operibus
1927 607 2098 676 Legis,

509 719 710 776 dictum
749 729 910 780 esse;
941 723 995 767 et
1037 712 1138 766 hoc
1181 709 1296 763 istis
1333 706 1421 777 qui
1466 705 1519 759 in
1549 702 1955 758 circumcisione
1985 714 2102 752 car-

513 814 600 870 nis
625 820 680 867 et
709 807 909 868 talibus
935 800 1398 860 observationibus
1417 797 1757 854 continuentur
1786 812 1798 848 :
1831 794 1883 849 in
1909 792 2101 863 quibus

508 906 598 979 qui
645 903 811 969 vivit,
853 901 922 955 ita
967 898 1018 953 in
1046 896 1188 968 Lege
1232 903 1345 957 est,
1383 901 1442 946 ut
1477 891 1578 945 sub
1610 888 1752 959 Lege
1781 888 1940 941 vivat.
1992 883 2099 940 Sed

509 997 737 1068 Legem,
767 991 1041 1048 utdictum
1069 997 1149 1044 est
1169 1030 1185 1055 ,
1215 1001 1310 1057 pro
1341 983 1472 1054 ipsis
1497 981 1749 1052 Oper-ibus
1779 979 1934 1049 Legis
1961 991 2102 1032 nunc

509 1089 706 1162 posuit,
737 1085 878 1157 quod
901 1085 952 1139 in
977 1079 1358 1153 posterioribus
1387 1074 1774 1132 manifestatur.
1806 1072 1895 1126 Ait
1919 1069 2064 1162 enim
2085 1086 2098 1124 :

510 1161 620 1236 Lex
641 1187 806 1234 autem
831 1193 930 1231 non
956 1182 1027 1229 est
1060 1189 1122 1227 ex
1151 1171 1282 1240 ﬁde,
1326 1167 1414 1222 sed
1451 1168 1534 1237 qui
1572 1168 1742 1234 fecerit
1768 1180 1856 1229 ca,
1887 1162 2012 1216 rivet
2049 1161 2102 1213 in

509 1273 633 1329 illis.
665 1271 779 1326 Non
807 1269 901 1335 ait,
933 1267 1031 1336 Qui
1066 1263 1254 1321 fecerit
1282 1278 1420 1327 eam,
1455 1261 1596 1315 vivet
1625 1259 1675 1312 in
1706 1273 1766 1313 ea
1792 1273 1808 1321 ;
1860 1265 1918 1309 ut
1940 1253 2099 1309 intel-

510 1365 644 1435 ligas
685 1363 876 1434 Legem
918 1361 970 1414 in
999 1360 1098 1412 hoc
1128 1357 1246 1412 loco
1289 1368 1386 1425 pro
1411 1353 1540 1422 ipsis
1568 1350 1818 1421 Operibus
1847 1347 2094 1417 positam.

512 1458 614 1528 Qui
639 1465 816 1512 autem
844 1451 1095 1507 vivebant
1124 1450 1176 1505 iu
1206 1448 1289 1502 his
1317 1446 1570 1515 operibus
1592 1484 1608 1509 ,
1639 1441 1898 1496 timebant
1921 1438 2100 1506 utique

511 1566 616 1613 ne.
660 1551 704 1604 si
748 1565 852 1604 non
879 1561 944 1602 ea
988 1544 1282 1606 fecissent,
1322 1537 1721 1610 lapidationem,
1752 1532 1835 1586 vel
1861 1546 2096 1598 crucem,

509 1643 594 1698 vel
621 1641 816 1713 aliquid
850 1634 1150 1708 ltujusmodi
1181 1637 1505 1703 paterentur.
1540 1625 1681 1696 Ergo
1709 1624 1793 1696 qui
1822 1623 1992 1692 fecerit
2018 1638 2095 1686 ea,

512 1733 719 1805 ittquit,
763 1732 890 1786 vivet
918 1730 971 1781 in
1006 1725 1113 1780 illis
1141 1739 1160 1788 ;
1202 1723 1253 1777 id
1292 1730 1404 1788 est,
1451 1717 1668 1772 habebit
1697 1714 1969 1786 praemium
1991 1753 2005 1778 ,
2035 1727 2101 1768 ne

511 1830 611 1884 ista
641 1833 813 1881 morte
840 1820 1105 1892 puniatur.
1149 1815 1266 1870 Non
1297 1828 1424 1884 ergo
1453 1810 1593 1882 apud
1627 1810 1824 1872 Deum,
1863 1807 2014 1877 cujus
2034 1822 2102 1862 ex

515 1918 621 1974 fide
659 1916 702 1970 si
730 1912 850 1984 quis
889 1911 940 1964 in
970 1908 1070 1963 hac
1097 1907 1205 1962 vita
1229 1905 1454 1966 vixerit,
1493 1917 1613 1957 eum
1645 1899 1767 1954 hinc
1789 1897 2100 1964 excesserit,

513 2022 644 2066 tunc
667 2022 790 2062 eum
817 2003 986 2072 magis
1015 1999 1230 2055 habebit
1255 1995 1730 2069 praasentissimum
1759 1993 2036 2062 prtemium
2061 1993 2098 2044 ι.

513 2100 632 2158 Non
659 2100 837 2168 itaque
865 2111 932 2150 ex
965 2093 1068 2149 title
1102 2092 1266 2159 vivit,
1294 2089 1536 2160 quisquis
1565 2086 1848 2157 przeseutia
1879 2101 1999 2156 qua:
2020 2085 2104 2138 vi-

516 2192 715 2248 dentur
734 2230 748 2254 ,
778 2186 863 2241 vel
886 2185 1068 2255 cupit,
1092 2183 1177 2237 vel
1209 2182 1394 2244 timet;
1427 2180 1548 2249 quia
1581 2178 1712 2233 ﬁdes
1742 2177 1833 2231 Dei
1863 2175 1929 2230 ad
1959 2176 2100 2229 invi-

514 2283 686 2339 sibilia
731 2278 1002 2350 pertinet,
1058 2289 1175 2345 qua:
1216 2281 1339 2344 post
1385 2270 1669 2325 dalutntur.
1719 2267 1854 2322 Nam
1897 2276 1979 2322 est
2005 2266 2104 2321 ista

516 2374 759 2447 quaedam
797 2373 850 2427 in
893 2369 1146 2441 Operibus
1185 2366 1342 2437 Legis
1375 2365 1578 2436 justitia
1607 2361 1842 2436 (quando
1865 2362 1978 2416 sine
2008 2376 2106 2416 suo

515 2468 740 2540 praemio
778 2465 964 2520 relicta
998 2477 1100 2518 non
1134 2459 1237 2533 est)
1261 2502 1276 2523 ,
1323 2469 1381 2514 ut
1419 2457 1509 2529 qui
1550 2456 1738 2512 fecerit
1764 2471 1824 2509 ea
1846 2497 1861 2522 ,
1891 2455 2031 2509 vivat
2053 2455 2105 2508 in

523 2561 627 2618 eis.
648 2557 803 2616 Uade
830 2566 888 2613 et
922 2555 990 2610 ad
1018 2555 1285 2610 ltomanos
1310 2551 1438 2607 dicit
1470 2568 1482 2604 :
1517 2549 1578 2606 Si
1607 2566 1740 2604 euun
1769 2548 2022 2602 Abraham
2047 2564 2109 2602 ea:

515 2650 747 2723 operibus
788 2647 1101 2720 justiﬁcatus
1139 2631 1244 2710 dest,
1296 2641 1440 2696 habet
1482 2644 1725 2712 gloriam,
1766 2643 1854 2694 sed
1898 2657 1996 2694 non
2041 2624 2108 2692 ad

518 2741 685 2798 Deum
716 2739 890 2814 (Rom.
917 2754 999 2805 tv,
1027 2737 1109 2808 Ξ).
1155 2734 1310 2791 Aliud
1335 2743 1418 2790 est
1443 2749 1600 2804 ergo,
1648 2747 1752 2787 non
1788 2731 2064 2801 iustificari
2091 2749 2106 2796 ;

518 2832 662 2889 aliud
683 2874 698 2899 ,
727 2847 832 2887 non
877 2827 1158 2900 iustificari
1225 2825 1364 2894 apud
1398 2825 1583 2880 Deum.
1627 2822 1727 2890 Qui
1755 2823 1973 2876 omnino
2003 2837 2109 2876 non

514 2926 868 2998 justilicatur,
912 2936 1010 2978 nec
1052 2921 1138 2976 illa
1165 2928 1344 2974 servat
1397 2933 1516 2988 qua:
1574 2916 1869 2985 temporale
1917 2915 2112 2970 habent

519 3015 798 3088 prmmium
818 3055 834 3080 ,
862 3027 960 3068 nec
989 3013 1078 3066 illa
1107 3025 1226 3081 qum
1251 3020 1507 3064 :etcrnum
1536 3025 1548 3063 :
1579 3009 1668 3078 qui
1695 3016 1870 3061 autem
1904 3006 1954 3060 in
1985 3021 2113 3077 ope-

518 3107 670 3162 ribus
696 3105 852 3175 Legis
890 3102 1230 3172 justifieatur,
1255 3116 1358 3155 non
1397 3099 1536 3170 apud
1563 3099 1726 3154 Deum
1754 3098 2108 3168 justificatur;

522 3196 648 3268 quia
679 3194 1024 3266 temporalem
1057 3191 1179 3246 inde
1209 3199 1480 3260 exspectat
1504 3189 1878 3259 visibiletuque
1904 3204 2111 3244 merce-

527 3288 673 3344 dem.
706 3285 813 3341 Sed
845 3295 1018 3339 tamen
1058 3291 1141 3337 est
1165 3282 1320 3336 etiam
1367 3283 1497 3347 ista,
1543 3288 1601 3334 ιιι
1639 3280 1746 3334 dixi
1771 3321 1786 3342 ,
1830 3279 2110 3349 quardam,

527 3387 588 3436 ut
633 3379 710 3434 sic
750 3376 960 3441 dicam,
1010 3384 1218 3430 terrena
1261 3373 1596 3441 earnalisque
1631 3371 1835 3440 justitia
1865 3389 1877 3421 :
1913 3387 2034 3424 nam
2061 3379 2116 3426 et

523 3470 641 3541 ipse
665 3465 955 3538 Apostolus
979 3480 1096 3520 eam
1124 3463 1380 3534 justitiam
1406 3470 1598 3527 vocat,
1643 3475 1766 3516 cum
1805 3461 1929 3515 alibi
1961 3461 2111 3527 dicit,

525 3560 822 3618 Secundum
857 3558 1114 3630 justitiam
1141 3572 1255 3626 qua:
1293 3557 1345 3610 iu
1387 3553 1518 3626 Lege
1541 3564 1646 3622 est,
1675 3566 1991 3610 conversatus
2027 3555 2117 3626 qui

522 3652 714 3725 fuerim
747 3651 856 3706 sine
881 3650 1084 3720 querela
1116 3645 1376 3719 (Philipp.
1409 3662 1465 3701 ιιι
1489 3687 1505 3712 ,
1553 3646 1647 3717 6).

617 3743 707 3799 22.
752 3743 851 3815 [lb.
894 3757 982 3803 ιιι,
1021 3741 1122 3807 l5,
1161 3738 1275 3812 14.]
1325 3739 1611 3809 Propterea
1659 3740 1915 3797 Dominus
1962 3725 2117 3797 Jesus

523 3835 770 3890 Christus
785 3835 896 3901 jatn
918 3832 1216 3886 libertatem
1244 3830 1463 3885 daturus
1487 3829 1848 3896 credentibus,
1872 3832 2114 3902 qumdam

525 3942 710 3985 earum
733 3924 1162 3982 Observationum
1192 3937 1297 3978 nou
1330 3923 1560 3978 servavit
1585 3923 1652 3978 ad
1683 3924 1932 3980 litteram.
1966 3924 2118 3994 Unde

529 4019 688 4075 etiam
719 4031 840 4073 cum
871 4014 1094 4071 sabbato
1126 4014 1426 4070 esurientes
1456 4015 1705 4086 discipuli
1751 4016 1928 4085 spicas
1970 4015 2119 4071 evul-

530 4108 726 4164 sissrnt
751 4149 767 4174 ,
813 4105 1086 4176 respondit
1114 4104 1508 4176 indignantibus
1527 4146 1543 4170 ,
1577 4105 1858 4160 Dominum
1883 4121 2004 4162 esse
2029 4105 2118 4160 Fi-

530 4201 659 4257 lium
689 4199 920 4255 hominis
956 4199 1114 4255 etiam
1145 4197 1350 4253 sabbati
1381 4195 1593 4267 (Matth.
1617 4211 1692 4252 xu
1713 4238 1727 4262 ,
1757 4196 1894 4267 1-8).
1939 4195 2118 4267 Itaque

531 4290 621 4346 illa
647 4289 932 4344 carnal.tcr
956 4304 1062 4342 non
1088 4287 1426 4353 observando
1444 4330 1460 4355 ,
1502 4288 1794 4342 carnalium
1819 4288 2118 4358 conflagra-

533 4382 610 4435 vit
633 4381 884 4435 iuvidiam
911 4395 926 4443 ;
951 4388 1002 4434 et
1031 4379 1503 4450 suscepitquidem
1537 4394 1750 4449 poenam
1785 4380 2114 4451 propositam

535 4472 670 4539 illis,
697 4473 784 4542 qui
815 4488 877 4527 ea
905 4486 1009 4526 non
1038 4471 1442 4538 observasseut,
1469 4471 1563 4525 sed
1590 4479 1650 4526 ut
1673 4471 1952 4527 credentes
1978 4473 2031 4527 in
2061 4487 2121 4528 se

535 4562 658 4616 talis
688 4575 860 4631 petite
897 4560 1086 4614 timore
1126 4559 1375 4615 liberaret
1404 4577 1416 4613 :
1449 4575 1557 4630 quo
1599 4563 1827 4629 pertinet
1852 4563 1993 4632 quod
2022 4563 2120 4618 ad-

535 4652 730 4724 jungit,
758 4651 987 4706 Christus
1013 4665 1104 4704 nos
1125 4650 1335 4703 redemit
1365 4650 1428 4703 de
1447 4650 1713 4706 maledicto
1735 4651 1883 4724 Legis
1907 4695 1922 4714 .
1955 4658 2121 4726 factus

539 4761 631 4816 pro
659 4743 801 4799 nobis
839 4741 1204 4805 maledictum;
1232 4743 1351 4812 quia
1387 4742 1631 4813 scriptum
1667 4753 1775 4808 est,
1817 4742 2122 4802 Maledictus

537 4837 700 4892 omnis
723 4837 810 4904 qui
848 4833 1030 4906 pendet
1057 4834 1111 4888 in
1137 4833 1293 4903 ligno.
1327 4833 1455 4901 Qua:
1481 4836 1743 4891 sententia
1781 4836 2124 4906 spiritualiter

541 4929 957 5000 intelligentibus
983 4936 1375 4984 sacramentum
1400 4935 1484 4982 est
1512 4927 1770 4984 libertatis
1795 4946 1808 4982 :
1835 4931 2124 4987 carnaliter

540 5031 716 5076 autem
742 5021 1090 5078 sentientibus
1112 5064 1128 5088 ,
1161 5021 1205 5076 si
1245 5019 1412 5074 ιιιιᾱιεὶ
1441 5029 1565 5074 sunt
1589 5062 1604 5087 ,
1633 5021 1817 5092 jugutn
1846 5031 1928 5077 est
1953 5024 2124 5078 servi-

544 5115 709 5179 tutis;
750 5116 794 5168 si
834 5116 1018 5185 pagani
1047 5124 1138 5170 aut
1165 5113 1421 5180 tueretici,
1465 5115 1820 5170 velamentum
1849 5127 1932 5173 est
1958 5119 2119 5174 carci-

546 5203 690 5260 tatis.
735 5202 866 5260 Nam
894 5205 1033 5275 quod
1079 5204 1292 5275 quidam
1325 5205 1490 5259 nostri
1534 5207 1707 5261 minus
1747 5206 1799 5261 in
1841 5204 2127 5279 Seripturis

545 5296 768 5358 eruditi.
797 5294 1114 5351 sententiam
1140 5295 1291 5350 istun
1325 5295 1482 5351 uitnis
1509 5298 1778 5362 timentes,
1809 5309 1864 5354 et
1892 5297 2129 5368 Scriptu-

546 5404 636 5444 ras
674 5396 883 5442 veteres
925 5383 1103 5440 debita
1149 5386 1341 5452 pietate
1379 5389 1767 5458 approbantes,
1801 5405 1904 5444 tton
1945 5402 2131 5460 putant

550 5483 652 5539 hoc
686 5482 754 5537 de
781 5481 1003 5536 Domi..o
1031 5495 1152 5536 esse
1196 5480 1392 5535 dictum
1415 5523 1430 5544 ,
1479 5483 1572 5538 sed
1600 5483 1667 5539 de
1708 5484 1841 5539 Juda
1877 5486 2132 5544 traditore

616 5706 634 5736 ι
656 5709 791 5776 ωιτη
807 5700 994 5776 habebit
1028 5701 1473 5776 praetpztissimum
1507 5704 1777 5771 praemium.
1812 5706 1899 5759 Alii
1921 5710 2133 5775 codices,

557 5763 990 5827 praenuntiantia
1011 5769 1282 5832 premium.

1465 301 1823 366 EPISTOL/E
1862 301 1956 360 AD
1993 299 2335 370 GALATAS,
2374 301 2435 358 S.
2475 294 2840 358 AUGUSTINI

3675 293 3818 357 eteo

2212 421 2326 491 ejus
2361 440 2374 476 :
2401 422 2552 477 aiunt
2587 423 2730 478 enim
2768 427 3051 490 propterea
3075 430 3182 472 non
3212 430 3333 472 esse
3358 414 3571 470 dictum
3593 455 3612 480 ,
3648 413 3819 471 Μαιε-

2210 512 2372 569 dictus
2410 514 2601 578 omnis,
2635 513 2726 584 qui
2757 512 2935 582 ligitur
2963 511 3014 564 in
3051 509 3226 580 ligno;
3271 506 3398 569 sed,
3431 506 3522 574 qui
3550 507 3746 574 pendet
3769 508 3819 560 in

2210 605 2390 675 ligno;
2433 608 2553 676 quia
2595 620 2699 658 non
2749 604 2835 658 hic
2863 602 3118 658 Dominus
3162 587 3497 671 significatus
3545 607 3677 662 est,
3728 599 3820 656 sed

2209 696 2300 751 ille
2324 697 2415 768 qui
2441 713 2499 752 se
2527 697 2714 767 laqueo
2738 695 3014 765 suspendit
3043 712 3057 748 :
3087 693 3246 748 nimis
3265 703 3469 761 errant,
3501 708 3615 749 nec
3641 703 3816 749 atten-

2209 788 2342 844 dunt
2369 803 2428 845 se
2465 799 2650 844 contra
2679 788 2990 858 Apostolum
3035 785 3343 856 disputare,
3377 786 3468 856 qui
3512 785 3600 840 ait
3621 828 3639 851 ,
3673 783 3818 841 Chri-

2209 891 2316 936 stus
2346 898 2435 936 uos
2462 882 2671 936 redemit
2698 881 2760 935 de
2802 881 3067 935 maiedicto
3105 877 3286 951 Legis,
3334 882 3507 949 factus
3544 895 3652 948 pro
3683 878 3820 933 nobis

2210 973 2578 1038 maledictum;
2605 975 2721 1044 quia
2757 974 2997 1043 scriptum
3025 981 3133 1040 est,
3181 970 3492 1026 Maledictus
3528 972 3714 1026 omnis
3745 973 3823 1042 qui

2212 1065 2391 1135 pendet
2429 1066 2482 1118 in
2521 1065 2678 1136 ligno.
2724 1064 2823 1132 Qui
2849 1080 2975 1134 ergo
3019 1079 3115 1134 pro
3146 1063 3297 1118 nobis
3324 1064 3504 1118 factus
3538 1073 3637 1118 est
3665 1066 3825 1120 male-

2208 1155 2409 1211 dicmm
2431 1198 2444 1220 ,
2482 1157 2594 1225 ipse
2623 1156 2802 1226 utique
2835 1155 3084 1227 pependit
3113 1157 3163 1209 itt
3193 1156 3366 1226 ligno,
3399 1155 3446 1210 id
3484 1165 3583 1210 est
3611 1198 3628 1218 ,
3663 1154 3819 1212 Chri-

2208 1258 2341 1316 stus,
2369 1250 2459 1319 qui
2483 1264 2579 1304 uos
2607 1248 2853 1304 liberavit
2875 1264 2906 1303 a
2935 1247 3218 1302 maledicto
3245 1242 3430 1318 Legis;
3463 1257 3534 1302 ut
3568 1263 3688 1302 non
3713 1249 3817 1318 jam

2209 1343 2400 1398 timore
2448 1342 2863 1413 jnstificaremur
2911 1345 2960 1396 itt
3005 1343 3256 1412 operibus
3299 1343 3502 1414 Legis,
3566 1344 3675 1399 sed
3727 1345 3822 1402 fide

2207 1433 2346 1504 apud
2380 1434 2567 1498 Deum,
2590 1450 2709 1504 qua:
2738 1449 2846 1488 non
2876 1449 2969 1503 per
3000 1434 3244 1488 timorem
3270 1474 3285 1498 ,
3315 1433 3408 1488 sed
3439 1449 3550 1503 per
3569 1434 3653 1489 dil
3673 1438 3818 1492 *οιὶοο

2209 1544 2330 1583 nem
2375 1537 2646 1599 operatur.
2697 1527 2927 1597 Spiritus
2964 1527 3106 1582 enim
3149 1536 3365 1582 sanctus
3390 1567 3405 1586 .
3454 1529 3558 1599 qui
3595 1529 3707 1584 hoc
3730 1543 3820 1601 per

2207 1617 2424 1690 Moysen
2456 1617 2610 1684 dixit,
2642 1628 2926 1687 utrumque
2956 1615 3184 1687 providit
3214 1617 3232 1648 ¹
3254 1657 3270 1680 .
3301 1625 3359 1670 ιιι
3379 1625 3433 1672 et
3465 1616 3676 1673 timore
3698 1620 3821 1674 visi-

2207 1710 2328 1765 bilis
2372 1726 2544 1782 pinnat
2583 1709 2980 1766 custodirentur
3022 1708 3111 1779 qui
3154 1708 3391 1763 nondum
3447 1719 3713 1778 poterant
3752 1727 3817 1768 ex

2209 1801 2552 1855 invisibilium
2590 1801 2694 1857 fide
2734 1801 2943 1867 vivere;
2976 1811 3030 1855 et
3062 1799 3174 1869 ipse
3215 1798 3462 1855 timorem
3495 1801 3664 1855 istum
3695 1803 3814 1857 sol-

2207 1905 2358 1951 veret
2385 1895 2726 1966 suscipiendo
2753 1893 2894 1966 quod
2920 1895 3224 1959 timebatur,
3248 1894 3336 1965 qui
3371 1895 3566 1948 timore
3589 1895 3814 1950 sublato

2209 1987 2410 2044 donum
2438 1989 2568 2045 dare
2599 1998 2809 2060 poterat
2838 1989 3133 2043 eharitatis.
3167 1986 3274 2042 Nec
3306 1988 3356 2042 in
3380 1987 3486 2042 hoc
3515 1987 3676 2058 quod
3702 2004 3814 2044 ma-

2211 2081 2435 2136 ledictus
2462 2089 2544 2136 est
2573 2080 2873 2152 appellatus
2899 2079 2988 2149 qui
3017 2079 3214 2150 pendet
3241 2079 3292 2132 in
3317 2078 3483 2148 ligno,
3517 2090 3809 2134 contume-

2211 2173 2281 2227 lia
2313 2173 2365 2227 in
2390 2173 2670 2227 Dominum
2696 2171 2927 2243 putanda
2952 2179 3054 2225 est.
3089 2170 3167 2224 Ex
3194 2179 3341 2240 parte
3365 2170 3570 2240 quippe
3602 2172 3813 2225 mortali

2213 2266 2468 2338 pependit
2495 2267 2546 2321 in
2579 2268 2721 2338 ligno
2753 2285 2766 2322 :
2797 2265 3094 2320 mortalitas
3118 2275 3296 2319 autem
3324 2262 3466 2317 unde
3497 2262 3596 2324 sit,
3635 2272 3809 2316 notum

2213 2369 2293 2414 est
2319 2356 2698 2421 credentibus;
2731 2373 2797 2412 ex
2821 2371 2978 2428 pteua
2999 2355 3192 2426 quippe
3218 2363 3321 2421 est,
3348 2363 3404 2408 et
3428 2353 3815 2408 maledictioue

2212 2449 2456 2518 peccati’
2487 2448 2642 2518 primi
2671 2447 2932 2514 hominis,
2965 2463 3122 2518 quam
3151 2446 3412 2502 Dominus
3458 2447 3738 2515 suscepit,
3768 2456 3815 2500 et

2214 2551 2430 2611 peccata
2457 2549 2638 2596 nostra
2683 2539 2901 2610 pertulit
2938 2539 2990 2594 in
3018 2554 3243 2610 corpore
3278 2554 3377 2593 suo
3413 2553 3584 2610 super
3621 2539 3814 2610 lignum

2216 2631 2259 2697 (ι
2288 2631 2430 2686 Petr.
2463 2649 2520 2698 ll,
2542 2631 2658 2702 25).
2680 2631 2735 2687 Si
2757 2646 2885 2702 ergo
2902 2631 3186 2696 diceretur,
3220 2630 3359 2686 Mors
3387 2631 3687 2686 maledicta
3713 2642 3812 2694 est;

2216 2739 2376 2779 nemo
2415 2724 2820 2780 exhorresceret
2852 2741 2866 2779 :
2897 2724 3024 2794 quid
3059 2735 3234 2779 autem
3277 2725 3376 2778 nisi
3407 2740 3557 2779 mors
3610 2726 3815 2782 Domini

2219 2815 2468 2886 pependit
2494 2819 2546 2870 in
2590 2815 2765 2886 ligno,
2817 2825 2874 2869 ut
2911 2824 3139 2870 ntortem
3178 2816 3457 2872 moriendo
3487 2817 3813 2887 superaret?

2219 2909 2407 2964 eadem
2435 2909 2594 2978 igitur
2620 2907 2920 2970 maledicta,
2950 2925 3068 2978 qua:
3091 2910 3228 2963 victa
3249 2917 3348 2965 est.
3376 2911 3506 2965 Item
3536 2911 3579 2965 si
3605 2910 3813 2967 dicere-

2219 3011 2342 3069 tur,
2396 3000 2673 3056 Peccatum
2723 3000 3060 3055 maledictum
3105 3011 3221 3067 est;
3271 3017 3430 3057 nemo
3479 3002 3812 3059 miraretur:

2218 3094 2346 3164 quid
2377 3103 2553 3150 autem
2584 3093 2835 3164 pependit
2871 3092 2921 3147 iu
2951 3093 3124 3163 ligno,
3169 3093 3267 3147 nisi
3299 3104 3572 3164 peceatum
3615 3096 3812 3150 veteris

2220 3185 2490 3249 hominis,
2543 3185 2687 3256 quod
2726 3185 2983 3238 Dominus
3034 3200 3131 3254 pro
3178 3185 3332 3240 nobis
3371 3187 3423 3241 in
3470 3187 3583 3256 ipsa
3635 3188 3810 3242 carnis

2219 3278 2542 3332 mortalitate
2582 3275 2852 3346 suscepit?
2888 3274 3040 3331 Unde
3087 3291 3185 3331 nec
3235 3277 3446 3332 erubuit
3490 3293 3590 3333 nec
3646 3277 3818 3332 timuit

2222 3368 2510 3438 Apostolus
2535 3367 2713 3422 dicere
2735 3409 2751 3434 ,
2805 3376 3080 3436 peceatum
3115 3382 3238 3421 eum
3277 3367 3464 3423 fecisse
3495 3385 3587 3440 pm
3617 3371 3780 3426 nobis
3801 3412 3814 3436 ,

2221 3458 2456 3524 addens,
2507 3457 2575 3513 Ut
2601 3459 2665 3511 de
2707 3467 2909 3528 peccato
2939 3458 3302 3513 condemnaret
3347 3470 3600 3530 peccatum
3631 3460 3814 3535 (Rom.

2221 3565 2312 3603 vnt
2333 3590 2349 3615 ,
2381 3549 2461 3617 3).
2509 3548 2623 3602 Non
2663 3549 2806 3604 enim
2833 3559 2888 3605 et
2914 3560 3065 3604 vetus
3094 3549 3255 3604 homo
3284 3560 3457 3605 noster
3491 3551 3652 3605 simul
3682 3571 3815 3609 cru.

2223 3641 2562 3710 ciligeretur,
2605 3640 2741 3695 sicut
2770 3639 2911 3696 idem
2955 3641 3228 3711 apostolus
3272 3641 3394 3695 alibi
3419 3639 3574 3702 dicit.
3617 3643 3730 3697 nisi
3761 3645 3816 3698 in

2223 3735 2311 3790 illa
2341 3743 2512 3790 morte
2545 3733 2750 3789 Domini
2793 3736 2994 3805 peccati
3025 3737 3190 3791 nostri
3224 3736 3386 3806 figura
3417 3735 3714 3806 penderet,
3761 3748 3816 3793 ut

2223 3837 2570 3883 evacuaretur
2613 3841 2807 3898 corpus
2839 3830 3072 3899 peccati,
3113 3840 3172 3884 ut
3199 3831 3332 3884 ultra
3364 3845 3467 3884 non
3512 3832 3811 3888 serviamus

2224 3929 2443 3988 peccato
2469 3919 2576 3990 (Id.
2605 3935 2656 3974 Vl
2678 3962 2692 3987 ,
2719 3919 2795 3991 6).
2827 3919 2882 3975 ltt
2911 3921 3064 3992 cujus
3089 3923 3288 3991 peccati
3318 3933 3371 3978 et
3398 3925 3586 3980 mortis
3616 3925 3802 3997 figura,

2224 4009 2383 4064 etiam
2413 4009 2621 4081 Moyses
2649 4011 2701 4065 in
2746 4026 2928 4067 eremo
2973 4027 3132 4081 super
3169 4013 3367 4083 lignum
3408 4016 3663 4073 exultavit
3699 4035 3808 4076 ser-

2227 4111 2440 4174 pentem
2465 4102 2652 4175 (Num.
2683 4120 2798 4169 xxi,
2826 4105 2902 4174 9).
2937 4104 3290 4160 Persuasione
3322 4110 3521 4178 quippe
3544 4114 3804 4181 serpentis

2226 4195 2390 4251 homo
2420 4197 2471 4251 in
2495 4197 2892 4252 damnationem
2924 4199 3109 4254 mortis
3133 4198 3346 4256 cecidit.
3381 4199 3568 4274 Itaque
3592 4221 3806 4276 serpens

2226 4287 2293 4342 ad
2315 4287 2752 4358 significationem
2777 4289 2940 4360 ipsius
2957 4292 3164 4358 mortis,
3187 4295 3572 4351 convenienter
3591 4298 3645 4351 in
3672 4298 3807 4368 ligno

2227 4383 2488 4437 exaltatus
2512 4391 2594 4436 est
2625 4399 2638 4437 :
2673 4382 2724 4437 in
2749 4382 2835 4437 illa
2866 4384 3008 4438 enim
3057 4384 3220 4456 figura
3252 4402 3401 4442 mors
3439 4389 3646 4444 Domini
3685 4405 3805 4461 pen-

2227 4472 2386 4528 debat
2408 4474 2459 4528 in
2489 4473 2648 4545 ligno.
2689 4475 2819 4542 Quis
2847 4485 3021 4530 autem
3050 4476 3400 4544 abhorreret,
3434 4481 3477 4535 si
3509 4481 3794 4550 diceretur,

2228 4564 2538 4620 Maledictus
2582 4580 2802 4636 serpens
2845 4567 2935 4637 qtti
2977 4568 3169 4637 pendet
3198 4569 3251 4623 in
3298 4569 3482 4640 ligno?
3528 4572 3589 4628 Et
3630 4585 3798 4628 utnon

2229 4669 2457 4714 mortem
2485 4660 2659 4714 carnis
2685 4660 2891 4714 Domini
2922 4664 3265 4733 przefigurans
3302 4680 3531 4735 serpens
3554 4666 3802 4737 pendebat

2231 4749 2284 4804 in
2315 4751 2477 4820 ligno,
2508 4751 2593 4804 cui
2619 4762 2952 4807 sacramento
2984 4754 3095 4823 ipse
3125 4755 3380 4812 Dominus
3402 4767 3681 4816 attestatus
3705 4769 3797 4825 est,

2233 4839 2463 4896 dicens:
2498 4842 2644 4895 Sicut
2684 4843 2921 4896 exultavit
2962 4842 3163 4915 Moyses
3204 4860 3487 4918 serpente»:
3525 4852 3579 4906 in
3624 4868 3796 4916 nemo,

2232 4937 2303 4988 ita
2327 4934 2542 4988 exaltari
2569 4946 2761 5004 oportet
2786 4934 2980 4992 Filium
3009 4938 3225 4995 hominis
3246 4959 3400 5013 super
3420 4955 3602 5000 terram
3627 4943 3795 5016 (Im.

2233 5041 2321 5090 ιιι,
2363 5025 2478 5095 14).
2526 5024 2644 5079 Non
2687 5027 2827 5081 enim
2856 5028 3038 5085 ethoc
3084 5031 3136 5085 in
3179 5035 3557 5091 contumeliam
3601 5034 3796 5090 Domini

2235 5115 2451 5187 Moysen
2495 5113 2687 5172 fecisse
2736 5119 2926 5188 aliquis
2972 5121 3192 5187 dixerit,
3243 5141 3362 5180 cum
3415 5140 3609 5184 tantam
3653 5129 3700 5183 in
3737 5141 3798 5182 ea

2235 5223 2394 5264 cruce
2423 5209 2648 5264 salutem
2679 5209 2951 5267 hominum
2981 5229 3103 5270 esse
3127 5229 3495 5287 cognosceret.
3523 5232 3577 5276 ut
3605 5236 3703 5275 non
3727 5218 3794 5273 ob

2237 5300 2379 5358 aliud
2407 5301 2474 5357 ad
2502 5302 2618 5373 ejus
2646 5302 2895 5360 indicium
2935 5319 3235 5378 serpentem
3260 5313 3406 5368 illum
3434 5317 3634 5388 erigere
3655 5313 3797 5386 jube-

2239 5401 2361 5460 ret,
2390 5395 2490 5449 nisi
2521 5404 2576 5448 ut
2603 5410 2724 5449 eum
2773 5397 3039 5454 intuentes
3078 5402 3166 5470 qui
3210 5407 3373 5461 morsi
3413 5425 3443 5461 a
3481 5405 3791 5478 serpentibus

2307 5534 2328 5599 ξ
2350 5527 2484 5599 Equi,
2506 5525 2746 5599 prwtudit.
2769 5531 2932 5599 Melius
2949 5539 3077 5592 Mss,
3101 5533 3324 5599 protidit.

2308 5592 2328 5621 ³
2351 5589 2468 5665 aliti
2489 5589 2600 5665 (ea.
2622 5602 2762 5665 petua
2781 5591 2964 5665 quippe
2977 5589 3124 5665 estet
3155 5597 3442 5665 maledictio
3463 5602 3660 5665 peremi.
3701 5607 3794 5649 ISS-

2243 5651 2341 5728 duo
2363 5687 2382 5728 ,ν
2397 5657 2468 5728 Δει
2492 5649 2774 5728 ntqlfdictd
2793 5649 3006 5728 peccato.
3053 5663 3171 5728 ueni
3205 5649 3330 5719 duo,
3344 5649 3802 5728 maledicti

2245 5715 2419 5786 omissa
2459 5712 2703 5783 particula,
2730 5712 2898 5769 etftws
2918 5731 3025 5770 cum
3043 5720 3150 5771 aliis
3165 5712 3343 5774 novent
3369 5712 3496 5790 list,
3525 5712 3580 5777 et?
3607 5712 3784 5778 Medi

2248 5781 2399 5826 ctione
2417 5779 2617 5826 peccati.
