3956 6366
248 273 384 334 2121

247 385 490 447 moritur2
532 394 724 453 erant,
774 376 1030 447 continuo
1069 398 1406 448 sanarentur.
1456 389 1565 447 Nec
1606 400 1828 464 propter

247 479 387 537 aliud
416 479 506 537 ille
533 494 756 552 serpens
794 497 979 538 tenens
1006 481 1176 539 lactus
1199 492 1338 550 erit,
1363 483 1463 539 nisi
1491 492 1546 538 ut
1576 497 1830 553 perman-

245 588 384 630 sura:
411 572 676 643 passionis
697 573 905 628 Domini
934 575 1091 631 ﬁdem
1113 576 1454 648 signiﬁcaret.
1477 575 1648 630 Etiam
1675 575 1831 646 vulgo

245 665 441 737 quippe
467 663 718 720 dicuntur
744 680 891 722 aenea
913 709 928 734 ,
969 683 1197 738 quorum
1238 683 1490 724 numerus
1526 676 1723 723 manet.
1772 666 1828 725 Si

242 761 384 814 enim
414 757 566 813 obliti
595 767 776 813 essent
804 756 1048 814 homines
1071 802 1086 826 ,
1133 771 1185 817 et
1209 759 1548 816 obliteratum
1582 770 1726 816 esset
1762 758 1830 816 de

247 847 499 908 memoria
525 852 799 922 temporis,
827 853 969 925 quod
993 854 1235 912 Christus
1254 871 1352 926 pro
1365 855 1667 912 hominibus
1685 869 1829 911 mor-

244 952 364 1000 tuus
403 951 520 1008 εει.
567 958 698 1000 vere
751 957 1092 1003 morerentur
1123 966 1136 1003 2
1167 963 1309 1004 nunc
1356 957 1538 1004 autem
1575 957 1825 1020 tanquam

243 1049 391 1092 aenea
414 1043 695 1107 permanet
719 1037 897 1093 crucis
922 1037 1056 1095 ﬁdes
1078 1081 1096 1108 ,
1140 1050 1198 1096 ut
1224 1056 1345 1098 cum
1389 1040 1479 1097 alii
1506 1041 1822 1108 moriantur,

243 1126 332 1184 alii
375 1135 700 1193 nascantur,
750 1128 918 1201 ipsam
971 1139 1147 1187 tamen
1190 1132 1472 1189 sublimem
1512 1146 1826 1203 permanere

245 1219 510 1276 inveniant
531 1261 549 1286 ,
579 1234 740 1291 quam
767 1220 1021 1278 intuendo
1057 1235 1332 1280 sanentur.
1379 1223 1496 1281 Non
1539 1223 1698 1296 igitur
1727 1225 1824 1280 mi-

251 1326 365 1366 rum
406 1309 451 1364 si
486 1308 557 1366 de
589 1309 874 1367 maledicto
908 1312 1034 1368 vicit
1068 1314 1445 1384 maledictum,
1474 1315 1564 1388 qui
1609 1315 1732 1371 vicit
1755 1315 1824 1371 de

247 1408 412 1456 morte
440 1410 665 1457 mortem
686 1442 702 1466 ,
731 1401 876 1459 etde
900 1415 1118 1474 peccato
1150 1415 1446 1475 peccatum,
1475 1407 1544 1462 de
1572 1415 1824 1478 serpente

248 1504 568 1565 serpentem.
609 1494 883 1552 Maledicta
918 1505 1096 1553 autem
1122 1512 1300 1565 mors,
1332 1499 1670 1556 maledictum
1699 1513 1822 1570 pec-

240 1591 410 1639 catum
433 1623 451 1647 ,
495 1583 810 1640 maledictus
851 1601 1102 1657 serpens;
1141 1597 1197 1645 et
1235 1589 1350 1646 haec
1377 1589 1554 1646 omnia
1582 1590 1634 1645 in
1663 1605 1822 1647 cruce

240 1674 554 1745 triumphata
597 1685 739 1732 sunt.
791 1675 1097 1734 Maledictus
1131 1679 1291 1750 igitur
1323 1682 1486 1736 omnis
1516 1682 1602 1753 qui
1640 1683 1821 1753 pendet

237 1765 290 1818 in
331 1763 483 1836 ligno.
527 1765 662 1834 Quia
707 1781 837 1837 ergo
880 1783 986 1822 non
1013 1785 1080 1824 ex
1108 1770 1362 1838 operibus
1400 1770 1591 1843 Legis,
1622 1771 1719 1828 sed
1751 1788 1820 1830 ex

239 1853 344 1910 ﬁde
384 1853 643 1925 iustiﬁcat
668 1853 914 1912 Christus
941 1857 1222 1915 credentes
1251 1858 1304 1915 in
1332 1875 1424 1928 se,
1455 1861 1614 1916 timor
1651 1862 1819 1918 male-

238 1945 485 2002 dictionis
529 1947 710 2003 crucis
751 1947 960 2004 ablatus
998 1958 1123 2005 est:
1153 1950 1388 2009 Charitas
1431 1953 1820 2012 benedictionis

241 2037 464 2093 Abrahae
483 2048 700 2109 propter
724 2040 1028 2110 exemplum
1061 2041 1182 2098 ﬁdei
1204 2053 1482 2114 permanet
1502 2044 1570 2100 ad
1595 2045 1816 2105 Gentes.

242 2127 320 2184 Ut
341 2131 767 2186 annantiationem
785 2173 803 2199 ,
836 2132 1040 2204 inquit,
1071 2134 1278 2204 spiritus
1298 2151 1390 2205 per
1412 2137 1567 2205 ﬁdem
1587 2139 1817 2208 accipia-

236 2235 351 2276 mus
381 2238 401 2275 :
427 2220 478 2276 id
497 2231 602 2290 est,
634 2232 693 2278 ut
712 2239 818 2278 non
847 2223 989 2295 quod
1013 2226 1231 2282 timetur
1260 2225 1313 2282 in
1343 2242 1527 2295 carne,
1556 2229 1651 2286 sed
1676 2231 1816 2302 quod

239 2311 422 2383 spiritu
451 2313 690 2384 diligitur
708 2355 723 2380 ,
754 2315 1039 2371 credituris
1059 2317 1422 2375 annuntietur.

311 2403 394 2461 25.
421 2403 519 2479 [lb.
549 2420 628 2472 nt,
661 2404 876 2480 i5«18.]
904 2405 1057 2464 Unde
1081 2408 1240 2464 etiam
1271 2413 1574 2468 testamenti
1599 2411 1818 2469 humani

242 2495 556 2550 mentionem
603 2496 763 2563 facit,
810 2497 951 2566 quod
1001 2498 1186 2571 utique
1231 2501 1398 2556 multo
1424 2512 1507 2558 est
1556 2503 1818 2559 inﬁrmius

240 2601 392 2658 quam
417 2586 673 2643 divinum.
701 2586 895 2644 Tamen
927 2589 1144 2646 hominis
1164 2594 1517 2663 conﬁrmatum
1547 2606 1816 2653 testamen-

241 2687 367 2745 tum,
387 2679 573 2750 inquit,
608 2697 754 2736 nemo
779 2681 981 2736 irritum
1002 2683 1147 2754 facit,
1173 2695 1261 2740 aut
1284 2688 1658 2758 superordinat.
1684 2690 1817 2758 Quia

241 2780 358 2828 eum
396 2781 615 2828 testator
650 2782 820 2829 mutat
857 2784 1266 2844 testamentum,
1309 2795 1416 2834 non
1442 2780 1814 2841 conﬁrmatum

241 2873 404 2922 mutat
433 2883 446 2920 :
479 2867 750 2924 testatoris
786 2870 929 2925 enim
959 2879 1132 2926 morte
1153 2869 1517 2929 conﬁrmatur.
1539 2873 1692 2944 Quod
1719 2891 1817 2932 au-

244 2964 346 3012 tem
373 2973 513 3013 mors
533 2959 804 3016 testatoris
828 2961 967 3016 valet
992 2961 1058 3017 ad
1079 2962 1504 3022 conlirmandum
1533 2976 1818 3025 testamen-

242 3054 350 3103 tum
393 3049 505 3120 ejus
528 3091 544 3115 ,
591 3051 715 3121 quia
754 3053 1036 3107 consilium
1081 3064 1290 3112 mutare
1328 3055 1439 3124 iam
1470 3073 1575 3114 non
1606 3070 1813 3131 potest;

243 3137 342 3194 hoc
374 3140 873 3198 incommutabilitas
899 3145 1269 3214 promissionis
1299 3145 1392 3203 Dei
1421 3148 1563 3204 valet
1587 3150 1654 3204 ad
1683 3167 1814 3208 con—

245 3230 542 3288 ﬁrmandam
563 3232 928 3292 haereditatem
958 3237 1206 3305 Abrahae,
1234 3240 1385 3311 cuius
1415 3241 1546 3298 ﬁdes
1564 3243 1815 3315 deputata

247 3321 404 3376 estad
423 3323 680 3392 iustitiam
711 3324 884 3396 (Rom.
918 3343 995 3392 tv,
1019 3326 1098 3399 9).
1130 3328 1194 3382 Et
1221 3328 1341 3387 ideo
1355 3347 1540 3388 semen
1562 3334 1813 3402 Abrahae,

247 3411 326 3467 cui
346 3413 487 3469 dicta!
512 3425 629 3472 sunt
647 3417 1029 3484 promissiones,
1056 3419 1332 3478 Christum
1349 3422 1480 3480 dicit
1502 3425 1812 3496 Apostolus,

248 3497 344 3558 hoc
362 3513 440 3560 est
465 3520 655 3562 omnes
677 3504 1012 3564 Christianus
1057 3508 1160 3566 ﬁde
1204 3510 1477 3570 imitantes
1501 3515 1771 3573 Abraham
1795 3536 1810 3575 :

247 3595 380 3667 quod
402 3597 464 3653 ad
490 3599 912 3670 singularitatem
946 3601 1172 3674 redigit,
1207 3607 1632 3664 commendando
1669 3609 1812 3680 quod

249 3701 348 3744 non
370 3689 561 3748 dictum
587 3701 672 3748 est
694 3732 710 3757 ,
737 3690 804 3747 Et
827 3694 1097 3750 seminibus
1116 3735 1134 3758 ,
1163 3695 1290 3761 sed,
1315 3695 1514 3752 Semim’
1534 3709 1662 3765 tuo;
1687 3702 1813 3772 quia

249 3787 303 3834 et
324 3795 417 3838 una
441 3791 519 3839 est
545 3783 677 3840 ﬁdes
701 3825 718 3852 ,
766 3794 821 3840 et
852 3801 957 3842 non
1002 3796 1222 3857 possunt
1259 3789 1506 3845 similiter
1532 3790 1813 3861 iustiﬁcari

246 3870 332 3942 qui
360 3872 532 3930 vivunt
557 3891 623 3930 ex
652 3875 902 3946 operibus
924 3877 1209 3932 carnaliter
1227 3918 1242 3944 ,
1269 3893 1389 3934 cum
1415 3879 1500 3938 his
1523 3882 1612 3951 qui
1631 3883 1814 3940 vivunt

245 3975 307 4017 ex
343 3962 441 4020 ﬁde
468 3965 838 4036 spiritualiter.
891 3967 1179 4024 Vincuntur
1219 3979 1398 4026 autem
1442 3973 1582 4042 quod
1629 3973 1808 4043 infert,

245 4048 344 4108 Lex
378 4054 610 4111 nondum
655 4055 782 4112 data
814 4065 974 4125 erat,
1022 4074 1121 4114 nec
1165 4069 1348 4131 posset
1391 4071 1511 4132 post
1537 4071 1617 4119 tot
1643 4079 1812 4120 annos

245 4140 308 4198 ita
333 4143 468 4214 dari,
493 4154 551 4203 ut
569 4147 818 4218 antiquas
841 4147 1070 4204 Abrahae
1111 4151 1494 4220 promissiones
1521 4153 1702 4210 irritas
1727 4156 1809 4211 la-

244 4248 396 4294 ceret.
450 4239 507 4296 Si
542 4240 686 4296 enim
726 4239 835 4297 Lex
870 4239 1129 4312 iustiﬁcat
1154 4283 1169 4308 ,
1222 4257 1328 4299 non
1375 4254 1460 4300 est
1492 4245 1812 4314 iustiﬁcatus

244 4329 519 4398 Abraham,
561 4331 652 4404 qui
691 4332 918 4388 multum
947 4344 1072 4390 ante
1095 4333 1292 4406 Legem
1323 4334 1439 4391 fuit.
1491 4337 1641 4406 Quod
1688 4340 1811 4410 quia

243 4418 408 4479 dicere
436 4438 542 4478 non
565 4432 790 4494 possunt
811 4464 828 4490 ,
854 4433 1118 4496 coguntur
1145 4425 1296 4481 fateri
1324 4442 1428 4482 non
1458 4427 1614 4500 Legis
1635 4434 1812 4500 operi-

244 4513 330 4571 bus
355 4516 634 4587 iustiﬁcari
665 4515 936 4572 hominem
956 4559 972 4584 ,
1023 4517 1116 4574 sed
1154 4518 1274 4575 ﬁde.
1325 4519 1492 4575 Simul
1523 4521 1680 4576 etiam
1712 4537 1811 4579 nos

243 4608 366 4680 cogit
391 4608 724 4681 intelligere,
755 4625 946 4666 omnes
971 4610 1220 4681 antiquos
1245 4609 1334 4681 qui
1365 4611 1636 4681 iustiﬁcati
1662 4623 1806 4681 sunt,

242 4700 422 4772 esipsa
444 4699 551 4756 ﬁde
567 4700 909 4770 iustiﬁcatos.
933 4700 1086 4770 Quod
1103 4703 1245 4757 enim
1276 4717 1375 4758 nos
1397 4718 1462 4759 ex
1496 4715 1644 4773 parte
1672 4719 1810 4774 prte-

243 4781 462 4858 ter'itum,
495 4791 549 4848 id
573 4800 689 4858 est,
719 4793 948 4864 primum
975 4793 1263 4848 adventum
1290 4794 1533 4861 Domini;
1564 4811 1632 4852 ex
1661 4805 1811 4867 parte

243 4879 495 4948 laturum,
533 4881 587 4938 id
621 4891 739 4950 est,
779 4883 1072 4940 secundum
1108 4884 1397 4940 adventum
1440 4885 1648 4941 Domini
1691 4901 1809 4943 cre-

243 4971 400 5030 dendo
424 4972 556 5031 salvi
581 4971 887 5031 efﬁcimur:
920 4975 1023 5032 hoc
1047 4984 1214 5031 totum
1242 4975 1338 5039 illi,
1380 4976 1430 5030 id
1465 4985 1565 5042 est,
1607 4986 1809 5032 utrum-

243 5082 328 5139 que
370 5068 662 5126 adventum
723 5067 955 5125 futurum
1016 5069 1339 5136 credebant,
1393 5071 1665 5126 revelante
1706 5070 1808 5127 sibi

245 5156 426 5228 Spiritu
450 5169 658 5228 sancto,
689 5169 746 5215 ut
771 5160 903 5216 salvi
931 5162 1136 5218 ﬁerent.
1163 5160 1318 5218 Unde
1345 5170 1425 5216 est
1448 5162 1609 5217 etiam
1640 5161 1766 5217 illttd
1791 5177 1806 5216 :

247 5249 486 5305 Abraham
531 5253 820 5322 concupivit
864 5252 998 5307 diem
1046 5269 1213 5308 meum
1257 5252 1454 5320 ridere,
1483 5265 1527 5308 ct
1558 5254 1718 5322 vidit,
1759 5264 1806 5309 et

250 5344 428 5413 gavisus
449 5353 524 5399 est
547 5343 724 5416 (Joan.
752 5360 842 5400 vut
864 5385 879 5407 ,
906 5345 1020 5416 56).

246 5476 249 5480 ς
274 5494 280 5500 ,
305 5435 389 5492 ει.
427 5434 528 5509 [ιιι.
559 5452 652 5504 ιιι,
683 5436 772 5504 l9,
799 5436 917 5512 20.]
943 5437 1193 5506 Sequitur
1219 5435 1443 5508 quaestio
1468 5436 1598 5492 satis
1619 5451 1810 5493 neces-

255 5524 370 5580 saria
392 5542 408 5580 :
427 5526 483 5584 Si
507 5527 652 5583 enim
678 5527 809 5584 ﬁdes
832 5528 1084 5598 iustiﬁcat
1103 5570 1118 5597 ,
1149 5539 1204 5585 et
1232 5529 1438 5600 priores
1479 5529 1683 5594 sancti,
1715 5529 1809 5598 qui

255 5614 374 5686 apud
399 5616 568 5674 Deum
589 5616 860 5688 iustiﬁcati
879 5628 1032 5685 sunt,
1059 5635 1154 5691 per
1172 5621 1342 5692 ipsam
1359 5619 1629 5691 iustiﬁcati
1658 5627 1803 5689 sunt,

248 5705 360 5788 quid
551 5717 669 5766 erat
702 5709 897 5782 Legem
933 5711 1089 5768 dari?
1114 5711 1282 5783 Quam
1317 5711 1662 5786 qmestionem
1690 5720 1800 5769 tra-

474 5798 704 5864 Sntcv.
740 5803 1013 5866 Aususr.
1047 5805 1157 5867 ill.

1405 271 1882 331 EXPOSITIONIS
1920 274 2125 336 LIBER
2165 278 2370 342 UNUS.

3379 303 3526 362 2122

1948 396 2192 452 etandam
2243 399 2322 456 sic
2361 400 2572 469 intulit,
2620 403 2984 479 interrogans,
3025 421 3080 467 et
3123 412 3337 480 dicens,
3382 420 3519 485 Quid

1939 487 2096 557 ergo?
2125 488 2409 561 ﬂuensque
2437 494 2579 549 enim
2609 494 2954 570 interrogatio
2981 512 3064 558 est
3091 521 3106 557 :
3129 504 3320 563 deinde
3351 509 3518 567 infcr-

1939 581 2028 630 tur
2045 581 2352 648 responsio,
2376 581 2484 638 ιω
2501 587 2910 656 transgressionis
2928 593 3092 662 gratia
3119 598 3377 664 proposita
3403 609 3515 666 est,

1938 665 2095 722 donec
2115 671 2301 726 veniret
2319 714 2334 738 ,
2359 672 2562 744 inquit,
2588 693 2755 731 semen
2783 680 2867 733 cui
2890 685 3188 751 promissum
3212 697 3316 752 est,
3348 689 3518 759 dispo-

1935 757 2087 814 situm
2109 777 2199 831 per
2224 761 2444 835 Angelos
2465 767 2517 820 in
2539 783 2692 822 manu
2714 768 3033 828 Mediatoris.
3069 774 3317 832 Mediator
3345 757 3515 837 autem

1934 849 2084 905 unius
2109 867 2210 907 non
2236 863 2344 920 est,
2375 854 2512 913 Deus
2541 875 2655 914 vero
2677 877 2810 917 unus
2838 875 2912 918 est
2932 863 3028 938 (tt).
3055 867 3394 927 Mcdiatoretn
3421 872 3515 930 Je-

1931 951 2051 995 sum
2089 939 2358 1001 Christum
2378 949 2670 1006 secundum
2700 951 2968 1011 hominem
2994 956 3096 1013 dici
3116 1001 3132 1027 ,
3163 975 3229 1015 ex
3251 961 3337 1016 illa
3367 964 3517 1033 eius~

1931 1028 2052 1087 dem
2096 1036 2320 1104 apostoli
2370 1041 2633 1096 sententia
2679 1043 2738 1098 iit
2784 1045 3025 1116 planius,
3066 1065 3187 1106 cum
3231 1028 3516 1112 ait:llnus

1930 1122 2062 1176 enim
2086 1122 2250 1190 Deus,
2276 1144 2404 1185 unus
2442 1139 2489 1186 et
2533 1134 2778 1190 mediator
2819 1135 2918 1192 Dei
2963 1151 3011 1194 et
3056 1141 3313 1199 hominum
3360 1146 3512 1203 homo

1929 1211 2158 1305 Christus
2174 1217 2324 1276 Jesus
2351 1221 2393 1293 (Ι
2417 1220 2549 1280 Tim.
2573 1241 2608 1280 ιι
2627 1267 2642 1291 ,
2665 1226 2742 1300 5).
2765 1228 3023 1287 Mediator
3040 1249 3167 1305 ergo
3189 1236 3326 1292 inter
3344 1238 3511 1296 Deum

1928 1312 1983 1358 et
2010 1304 2176 1363 Deum
2200 1324 2322 1366 esse
2350 1327 2457 1369 non
2502 1326 2711 1386 posset,
2755 1321 2876 1390 quia
2921 1339 3059 1379 unus
3087 1304 3168 1381 est
3199 1328 3336 1384 Dens
3364 1347 3377 1383 :
3402 1347 3510 1386 me-

1928 1393 2094 1449 diator
2110 1407 2276 1454 autem
2303 1403 2455 1458 unius
2493 1422 2593 1460 non
2619 1416 2693 1463 est
2713 1450 2729 1476 ,
2757 1411 2878 1480 quia
2906 1411 3045 1470 inter
3069 1407 3275 1487 aliquos
3296 1420 3504 1478 medius

1926 1494 2027 1582 est.
2059 1487 2245 1560 Angeli
2285 1507 2478 1564 porro,
2507 1499 2597 1569 qui
2638 1515 2741 1556 non
2786 1502 2918 1572 lapsi
2971 1516 3094 1562 sunt
3139 1524 3169 1562 a
3218 1522 3509 1582 conspectu

1928 1575 2056 1671 Dei,
2086 1580 2380 1642 mediatore
2406 1603 2512 1643 non
2544 1606 2676 1660 opus
2705 1593 2926 1661 habent,
2962 1613 3056 1668 per
3080 1615 3234 1671 quem
3265 1575 3510 1662 reconci-

1926 1666 2139 1724 lientur.
2191 1671 2322 1731 item
2366 1679 2539 1749 angeli
2584 1683 2674 1751 qui
2722 1685 2868 1739 nullo
2915 1666 3174 1748 suadente
3214 1706 3507 1763 spontanea

1925 1764 2359 1832 praevaricatione
2396 1770 2475 1825 sic
2521 1771 2654 1842 lapsi
2697 1785 2854 1842 sunt,
2887 1793 2982 1847 per
3017 1782 3361 1840 mediatorcm
3399 1803 3505 1842 non

1924 1855 2352 1914 reconciliantur.
2379 1859 2564 1917 Restat
2587 1879 2716 1934 ergo
2746 1874 2804 1921 ιιι
2832 1869 2918 1938 qui
2960 1871 3252 1930 mediatore
3276 1880 3508 1947 superbo

1924 1940 2134 2000 diabolo
2157 1949 2460 2017 superbiam
2489 1957 2841 2023 persuadente
2879 1960 3118 2031 deiectus
3157 1975 3266 2031 est,
3300 1940 3506 2025 media-

1924 2043 2042 2093 tore
2061 2036 2248 2094 humili
2265 2040 2482 2100 Christo
2498 2045 2846 2105 humilitatem
2876 2057 3226 2123 persuadente
3251 2060 3504 2130 erigatur.

1919 2125 2055 2185 Nam
2085 2131 2130 2185 si
2171 2131 2338 2188 Filius
2369 2135 2461 2192 Dei
2502 2138 2554 2193 in
2601 2144 2829 2198 naturali
2856 2147 3156 2214 aequalitate
3192 2125 3362 2206 Patris
3392 2169 3507 2207 ma-

1921 2233 2051 2276 nere
2093 2222 2284 2291 vellet,
2315 2240 2416 2282 nec
2456 2242 2514 2284 se
2556 2231 2881 2301 exinaniret,
2924 2236 3150 2294 formam
3181 2243 3319 2297 servi
3362 2245 3506 2300 acci-

1922 2309 2075 2380 piens
2100 2310 2355 2386 (Philipp.
2379 2331 2448 2384 ιι,
2474 2317 2563 2391 7);
2594 2337 2698 2377 non
2725 2334 2870 2381 esset
2907 2330 3167 2386 mediator
3206 2331 3298 2387 Dei
3326 2343 3380 2389 et
3409 2335 3508 2390 ho-

1921 2401 2124 2458 minum
2157 2410 2320 2476 :quia
2351 2407 2462 2479 ipsa
2492 2409 2724 2469 Trinitas
2749 2429 2886 2470 unus
2915 2416 3055 2474 Deus
3085 2431 3169 2476 est
3191 2462 3207 2488 ,
3238 2423 3422 2480 eadem
3450 2426 3506 2480 in

1922 2491 2119 2559 tribus,
2148 2493 2306 2552 Patre
2328 2506 2384 2553 et
2404 2499 2539 2556 Filio
2562 2510 2616 2557 et
2639 2501 2838 2574 Spiritu
2867 2516 3052 2563 sancto
3070 2551 3085 2576 ,
3112 2509 3322 2567 deitatis
3347 2522 3506 2568 teter-

1921 2582 2089 2640 nitate
2111 2593 2167 2641 et
2190 2589 2495 2659 aequalitate
2518 2604 2815 2651 constante.
2856 2595 2944 2652 Sic
2981 2598 3158 2669 itaque
3199 2605 3382 2660 unicus
3410 2605 3502 2660 Fi-

1920 2672 2025 2729 lius
2049 2675 2177 2739 Dei.
2206 2679 2472 2738 mediator
2494 2682 2588 2740 Dei
2624 2693 2679 2741 et
2718 2685 2994 2745 hominum
3024 2691 3195 2748 factus
3232 2705 3346 2762 est,
3377 2713 3503 2752 cum

1920 2765 2154 2823 Verbum
2183 2769 2278 2826 Dei
2306 2771 2445 2828 Deus
2485 2774 2626 2846 apud
2652 2777 2816 2832 Deum
2836 2821 2851 2845 ,
2883 2789 2938 2836 et
2973 2783 3301 2853 maiestatem
3349 2802 3500 2844 suam

1920 2871 2088 2930 usque
2106 2859 2173 2915 ad
2200 2860 2427 2918 humana
2448 2863 2728 2936 deposuit,
2757 2878 2814 2925 et
2831 2871 3185 2929 humilitatem
3215 2877 3499 2935 humanam

1919 2963 2091 3025 usque
2130 2951 2197 3008 ad
2240 2953 2418 3010 divina
2461 2956 2742 3026 subvexit,
2779 2971 2838 3016 ut
2865 2963 3126 3020 mediator
3175 2977 3318 3024 esset
3362 2970 3502 3026 inter
3538 2992 3540 2994 ν

1921 3039 2088 3096 Deum
2109 3052 2163 3098 et
2191 3043 2432 3101 homines
2456 3045 2616 3102 homo
2636 3063 2732 3118 per
2752 3050 2917 3107 Deum
2943 3055 3078 3110 ultra
3101 3057 3359 3114 homines.
3386 3058 3502 3130 ipse

1920 3141 2002 3188 est
2019 3133 2160 3189 enim
2189 3137 2462 3205 speciosus
2486 3137 2657 3195 forma
2694 3156 2806 3212 prre
2840 3143 2964 3200 ﬁliis
2993 3145 3264 3203 hominum
3285 3191 3299 3214 ,
3322 3161 3376 3206 et
3404 3167 3505 3206 uu-

1918 3232 2036 3280 ctus
2073 3225 2194 3281 oleo
2217 3228 2589 3285 exsultationis
2618 3246 2730 3302 prae
2770 3233 3113 3306 participibus
3157 3240 3267 3294 suis
3309 3239 3330 3312 (
3350 3239 3500 3296 Psal.

1918 3329 2061 3380 xuv,
2090 3316 2206 3386 33).
2235 3318 2416 3374 Sanati
2447 3329 2573 3376 sunt
2613 3338 2742 3394 ergo
2783 3324 2852 3380 ab
2895 3326 3164 3398 impietate
3193 3331 3456 3400 superbiae
3486 3375 3504 3397 ,

1918 3413 1976 3460 ut
2001 3409 2471 3467 reconciliarentur
2499 3413 2644 3479 Deo,
2675 3415 2996 3487 quicumque
3040 3419 3282 3476 homines
3323 3422 3505 3478 humi-

1919 3495 2122 3554 litatem
2145 3501 2379 3568 Christi,
2405 3512 2460 3558 et
2483 3519 2579 3574 per
2606 3506 2986 3564 revelationem
3015 3520 3296 3581 antequam
3325 3516 3496 3583 ﬁeret,

1916 3595 1972 3643 et
1997 3603 2092 3659 per
2118 3589 2464 3662 Evangelium
2509 3605 2852 3666 posteaquam
2899 3599 3034 3653 facta
3083 3610 3197 3667 est,
3229 3605 3503 3660 credendo

1917 3678 2247 3748 dilexerunt,
2274 3681 2543 3754 diligendo
2594 3686 2782 3742 imitati
2822 3699 2964 3744 sunt.
3003 3691 3108 3746 Sed
3149 3692 3262 3748 lucc
3297 3695 3501 3763 iustitia

1920 3769 2072 3835 ﬁdei,
2093 3772 2214 3841 quia
2257 3787 2361 3828 non
2409 3788 2507 3844 pro
2534 3777 2726 3831 merito
2756 3777 2876 3832 data
2915 3789 3000 3836 est
3037 3783 3336 3840 hominibus
3359 3827 3374 3852 ,
3405 3791 3500 3845 sed

1916 3876 2014 3932 pro
2041 3862 2406 3919 misericordia
2453 3875 2508 3921 et
2545 3867 2711 3936 gratia
2760 3869 2888 3935 Dei,
2921 3886 3027 3926 non
3069 3884 3183 3928 erat
3227 3879 3502 3946 popularis

1917 3960 2206 4022 antequam
2242 3951 2382 4009 Deus
2407 3953 2568 4010 homo
2607 3957 2746 4013 inter
2769 3956 3015 4016 homines
3044 3976 3370 4020 nasceretur.
3402 3968 3502 4022 Se-

1915 4059 2031 4098 men
2049 4051 2226 4099 autem
2247 4045 2331 4098 cui
2350 4045 2651 4115 promissum
2670 4057 2763 4112 est,
2789 4050 3040 4118 populum
3071 4053 3358 4121 signiﬁcat;
3388 4071 3498 4112 non

1915 4132 2037 4190 illos
2086 4134 2438 4205 paucissimos
2489 4136 2582 4207 qui
2628 4137 3040 4195 revelationibus
3091 4158 3206 4196 eam
3267 4143 3495 4202 futuram

1915 4235 2227 4294 cernentes,
2255 4230 2500 4298 quamvis
2529 4243 2623 4298 per
2647 4229 2892 4286 eamdem
2920 4232 3052 4287 salvi
3082 4235 3298 4303 ﬁerent,
3329 4252 3500 4308 pepu-

1916 4317 2024 4372 lum
2054 4326 2230 4374 tamen
2260 4319 2462 4374 salvtun
2494 4320 2668 4376 facere
2694 4335 2797 4376 non
2829 4329 3094 4390 poterant.
3133 4325 3234 4393 Qui
3268 4330 3494 4397 populus

1915 4422 2075 4473 sane,
2105 4409 2149 4464 si
2182 4425 2278 4480 per
2306 4419 2471 4466 totum
2497 4412 2679 4468 orbem
2707 4412 3074 4470 consideretur
3103 4417 3246 4489 (nam
3285 4419 3351 4474 de
3385 4429 3497 4476 toto

1915 4497 2046 4553 orbe
2091 4496 2385 4555 Ecclesiam
2425 4500 2717 4557 Jerusalem
2776 4504 3048 4560 emiestetn
3096 4520 3380 4580 congregat
3407 4513 3424 4543 ί
3449 4513 3494 4582 ),

1917 4591 2068 4660 pauci
2099 4601 2260 4656 sunt,
2289 4593 2410 4663 quia
2431 4594 2514 4648 via
2545 4603 2764 4666 angusta
2789 4610 3075 4667 paucorum
3100 4609 3218 4655 est:
3247 4602 3298 4656 in
3324 4618 3487 4657 unum

1916 4689 2092 4737 tamen
2129 4685 2468 4754 congregati,
2506 4694 2764 4755 quotquot
2807 4687 3037 4742 existere
3079 4700 3394 4760 potuerunt,
3424 4709 3491 4749 ex

1914 4786 2022 4842 quo
2070 4771 2412 4843 Evangelium
2466 4775 2805 4845 praedicatur,
2848 4787 2905 4833 et
2945 4790 3202 4850 quotquot
3245 4795 3496 4852 peterent

1915 4879 2084 4934 usque
2109 4865 2161 4919 in
2201 4865 2357 4920 ﬁnem
2405 4867 2586 4921 szcculi
2631 4881 2727 4937 per
2765 4883 2955 4924 omnes
2991 4881 3210 4940 gentes,
3234 4870 3499 4942 adiunctis

1914 4955 2014 5010 sibi
2064 4955 2223 5010 etiam
2271 4955 2410 5022 illis,
2439 4957 2680 5026 quamvis
2727 4957 3097 5029 paucissimis,
3141 4966 3231 5033 qui
3276 4981 3340 5020 ex
3367 4969 3498 5025 ﬁde

1916 5045 2159 5110 Domini,
2188 5044 2292 5101 ﬁde
2317 5045 2624 5116 prophetica
2651 5049 2694 5113 ³,
2721 5056 2845 5104 ante
2869 5049 3058 5106 ambos
3082 5052 3343 5110 adventus
3379 5059 3501 5128 eius

1915 5137 2138 5193 salutem
2165 5137 2350 5209 gratia:
2381 5146 2768 5208 perceperunt,
2790 5139 3014 5211 implent
3030 5149 3494 5206 sanctorum'bea-

1916 5228 2178 5282 tissimum
2230 5227 2460 5283 civitatis
2505 5231 2842 5301 sempiternae
2891 5242 3107 5290 statum.
3157 5238 3499 5310 Superbicnti

1914 5334 2042 5391 ergo
2067 5318 2262 5391 populo
2286 5319 2396 5376 Lex
2422 5321 2591 5390 posita
2615 5330 2728 5389 est,
2755 5331 2815 5378 ut
2840 5325 3092 5396 quoniam
3119 5330 3341 5398 gratiam
3366 5328 3496 5384 cha-

1979 5514 1997 5546 ι
2014 5519 2136 5585 ςΠ-ςιε
2149 5519 2280 5585 plss_.,
2303 5511 2514 5585 Ecciesia
2534 5513 2801 5585 Jerusalem
2821 5515 3056 5585 caelestem
3066 5523 3336 5583 rmgregat.
3350 5525 3494 5585 Unus,

1916 5573 2198 5649 Ecglesia
2216 5573 2482 5649 Jerusalem
2765 5583 3097 5648 congregatur.
3124 5573 3216 5649 ᾖ.

1979 5638 2000 5668 ’
2021 5637 2095 5686 sic
2115 5644 2222 5686 uss.
2247 5643 2302 5687 Αι
2322 5642 2454 5696 hom,
2475 5650 2540 5688 ea:
2559 5637 2660 5702 [ide
2684 5637 2873 5689 1)αηὶπὶ
2892 5637 2980 5701 per
2994 5637 3311 5703 prophetiam.

1976 5720 2051 5784 (a)
2071 5725 2092 5769 t
2113 5726 2336 5774 ιωιηοι..
2377 5734 2484 5788 cap.
2503 5722 2583 5782 st,
2608 5736 2658 5774 ιι.
2683 5721 2732 5776 3.

2663 5803 3235 5884 {Soiamnte-sept.)
