3956 6370
501 308 644 364 Si”

502 432 648 478 erant
673 421 936 476 redimeret
955 461 970 483 ,
1002 427 1057 476 et
1080 417 1147 472 ad
1170 415 1500 473 liberandum
1528 433 1650 473 eum
1680 419 1932 490 populum
1964 434 2089 491 per-

501 517 671 584 tinet,
699 517 788 589 qui
830 512 1080 586 parvulus
1121 510 1221 566 sub
1255 510 1543 582 paedagogo
1571 511 1873 577 serviebat;
1913 519 1969 568 et
2003 526 2092 569 re-

501 608 669 664 fertur
695 606 762 663 ad
791 605 843 662 id
870 604 1013 676 quod
1039 603 1204 668 dixit,
1237 603 1427 672 factum
1450 601 1541 656 sub
1567 600 1716 674 Lege.
1751 602 1883 658 Illud
1911 612 2092 660 autem

501 699 641 771 quod
671 700 776 766 ait,
809 708 862 752 ut
896 696 1220 766 adoptionem
1246 693 1470 764 ﬁliorum
1498 693 1832 764 recipiamus,
1865 695 2094 751 refertur

497 790 568 845 ad
607 788 657 844 id
687 787 829 860 quod
860 785 1025 853 dixit,
1061 787 1252 857 factum
1279 800 1343 838 ex
1371 783 1599 839 muliere.
1633 783 1768 840 Hinc
1794 783 1936 840 enim
1964 783 2095 840 ado-

481 881 737 951 ptionem
769 877 1057 948 recipimus
1078 916 1095 942 ,
1121 874 1262 947 quod
1298 875 1389 931 ille
1426 874 1624 931 Unicus
1649 889 1756 930 non
1777 873 2093 946 dedignatus

498 981 585 1027 est
610 968 1068 1040 participationem
1094 975 1297 1022 naturae
1324 975 1543 1032 nostra,
1567 965 1739 1022 lactus
1759 981 1826 1023 ex
1845 966 2088 1034 muliere,

499 1072 561 1119 ut
586 1078 691 1119 non
715 1062 888 1118 solum
917 1059 1231 1132 Unigenitus
1263 1067 1407 1114 esset
1433 1058 1523 1114 ubi
1556 1057 1749 1115 fratres
1777 1074 1881 1115 non
1909 1059 2088 1127 habet,

499 1157 596 1214 sed
616 1159 776 1213 etiam
793 1154 1181 1226 Primogenitus
1201 1153 1256 1208 in
1272 1152 1454 1208 multis
1469 1152 1721 1209 fratribus
1741 1152 1893 1210 ﬂeret
1912 1149 2088 1224 (Rom.

500 1263 598 1306 vni
618 1291 633 1315 ,
655 1249 773 1318 29).
804 1248 917 1303 Duo
943 1246 1086 1303 enim
1115 1244 1412 1317 proposuit,
1441 1244 1634 1314 factum
1661 1259 1724 1299 ea:
1749 1243 1978 1311 muliere,
2007 1245 2091 1316 fa-

497 1347 636 1393 ctum
662 1339 754 1394 sub
779 1337 913 1409 Lege
938 1353 958 1392 :
984 1336 1080 1392 sed
1106 1343 1309 1392 mutato
1336 1333 1526 1392 ordine
1549 1334 1844 1406 respondit.

567 1431 658 1486 5t.
688 1429 788 1504 [lb.
815 1445 892 1495 ιν,
920 1427 1001 1502 6.]
1026 1427 1143 1485 Iam
1169 1427 1316 1484 illum
1351 1427 1606 1498 populum
1642 1425 1975 1497 adiungens,
1998 1424 2090 1496 qui

495 1520 750 1592 parvulus
776 1520 876 1575 sub
897 1519 1333 1590 procuratoribus
1355 1527 1411 1574 et
1434 1517 1703 1574 actoribus
1727 1516 2012 1585 serviebat,
2034 1515 2090 1572 id

495 1621 613 1678 est,
641 1611 920 1667 elementis
947 1609 1106 1680 hujus
1130 1607 1352 1675 mundi,
1384 1623 1454 1664 ne
1478 1616 1725 1680 putarent
1747 1621 1807 1663 se
1835 1620 1940 1662 non
1967 1619 2088 1663 esse

492 1701 635 1757 Illios
652 1742 668 1767 ,
696 1700 818 1772 quia
844 1716 949 1756 non
975 1710 1129 1754 erant
1157 1698 1256 1753 sub
1284 1697 1572 1768 padagogo
1591 1737 1607 1760 ,
1642 1697 1895 1764 Quoniam
1919 1704 2088 1750 autem

493 1794 590 1863 ﬁlii
613 1794 750 1859 estis,
779 1793 971 1864 inquit,
1002 1790 1136 1844 misit
1162 1789 1302 1844 Deus
1323 1787 1574 1859 Spiritum
1600 1787 1725 1842 Filii
1752 1789 1831 1843 sui
1855 1789 1909 1842 in
1931 1787 2088 1843 corda

493 1894 684 1951 vestra,
716 1885 1043 1945 clamantem,
1075 1881 1242 1944 Abba,
1277 1878 1454 1933 Pater.
1495 1879 1608 1933 Duo
1633 1888 1757 1934 sunt
1782 1879 1943 1935 verba
1968 1893 2088 1950 qua

491 1977 704 2046 posuit,
739 1983 796 2028 ut
825 1972 1118 2042 posteriore
1159 1970 1600 2042 interpretaretur
1641 1969 1867 2038 primum
1904 1985 1918 2023 :
1961 1983 2085 2024 nam

494 2067 599 2122 hoc
620 2075 724 2131 est,
755 2064 916 2128 Abba,
947 2062 1089 2134 quod
1117 2061 1294 2116 Pater.
1327 2061 1613 2132 Eleganter
1637 2069 1814 2117 autem
1836 2061 2086 2132 intelligi-

491 2165 582 2214 tur
601 2172 706 2211 non
722 2155 914 2209 frustra
935 2153 1156 2208 duarum
1180 2151 1480 2222 linguarum
1498 2151 1659 2208 verba
1681 2152 1922 2222 posuisse
1942 2151 2084 2209 idem

488 2247 863 2320 signiﬁcantia,
896 2255 1115 2317 propter
1144 2246 1447 2300 universum
1478 2245 1756 2316 populum,
1783 2245 1872 2316 qui
1900 2244 1969 2301 de
1991 2244 2086 2302 Ju-

489 2341 624 2398 dmis
652 2351 706 2397 et
729 2341 794 2396 de
821 2340 1079 2396 Gentibus
1109 2340 1163 2394 in
1191 2339 1448 2394 unitatem
1481 2337 1601 2394 lidei
1632 2350 1851 2394 vocatus
1876 2346 1959 2394 est
1985 2356 1998 2394 :
2026 2346 2084 2394 ut

490 2433 763 2491 bebraaum
808 2431 1030 2487 verbum
1077 2433 1142 2486 ad
1187 2429 1402 2486 Iudaeos
1424 2470 1440 2493 .
1485 2445 1718 2500 gra-cum
1759 2429 1829 2486 ad
1872 2439 2076 2501 gentes,

489 2524 768 2593 utriusque
795 2533 975 2578 tamen
1001 2521 1147 2576 verbi
1188 2520 1376 2576 eadem
1401 2519 1720 2591 signiﬁcatio
1745 2520 1810 2575 ad
1840 2520 2080 2592 ejusdem

488 2617 616 2674 ﬁdei
656 2616 981 2688 spiritusque
1009 2617 1264 2682 unitatem
1299 2611 1580 2682 pertineat.
1622 2610 1754 2666 Nam
1779 2620 1836 2668 et
1872 2611 1940 2666 ad
1969 2611 2078 2667 Ro-

487 2724 697 2774 manos,
728 2708 814 2762 ubi
842 2707 1031 2762 similis
1055 2704 1279 2776 qumstio
1305 2703 1372 2759 de
1399 2718 1528 2774 pace
1557 2702 1609 2758 in
1631 2701 1846 2758 Christo
1870 2701 2080 2760 Iudteo-

488 2815 609 2856 rum
664 2798 1017 2869 Gentiumque
1069 2803 1357 2860 tractatur,
1417 2794 1518 2849 hoc
1565 2792 1692 2849 dicit
1735 2810 1748 2846 :
1792 2792 1914 2848 Non
1945 2793 2079 2848 enim

486 2891 750 2962 accepistis
777 2890 1010 2960 spiritum
1051 2887 1304 2943 seruitutis
1341 2886 1520 2940 iterum
1556 2886 1610 2940 in
1639 2885 1850 2951 timore;
1877 2885 1967 2941 sed
1989 2901 2077 2940 ac-

487 2983 690 3052 cepistis
717 2981 968 3052 Spiritum
991 2978 1281 3048 adoptionis
1304 2976 1549 3046 filiorum,
1576 2977 1630 3030 in
1652 2993 1752 3047 quo
1775 2976 2075 3042 clamamus,

485 3072 659 3137 Abba,
692 3070 848 3126 Pater
879 3069 1037 3142 (Ibid.
1076 3069 1187 3141 15).
1219 3068 1383 3123 Recte
1410 3076 1588 3123 autem
1623 3066 1691 3122 de
1713 3067 1999 3139 praesentia
2021 3075 2079 3124 et

485 3165 556 3221 de
579 3163 722 3220 dono
748 3161 977 3232 Spiritus
1005 3159 1175 3215 sancti
1202 3159 1430 3229 probare
1455 3157 1624 3214 voluit
1649 3157 1910 3215 Gentibus
1933 3158 2076 3230 quod

484 3261 789 3329 pertineant
829 3257 896 3310 ad
937 3252 1344 3326 promissionem
1389 3249 1735 3306 hereditatis.
1776 3249 1892 3306 Non
1930 3251 2074 3307 enim

485 3353 902 3424 evangelizatum
928 3355 1012 3404 est
1036 3346 1325 3410 Gentibus,
1350 3345 1452 3402 nisi
1490 3354 1611 3415 post
1643 3359 1924 3401 ascensum
1965 3343 2071 3400 Do-

483 3443 616 3499 mini
647 3451 700 3497 et
727 3441 1010 3497 adventum
1033 3438 1264 3508 Spiritus
1284 3436 1476 3491 sancti.
1498 3435 1786 3504 (Imperant
1802 3433 1944 3490 enim
1960 3434 2070 3505 jam

482 3534 653 3592 Judaei
685 3533 923 3599 credere,
954 3547 1077 3587 cum
1107 3531 1160 3585 in
1187 3528 1343 3586 terris
1366 3527 1540 3583 adhuc
1567 3525 1731 3582 Filius
1756 3527 1848 3583 Dei
1874 3537 2073 3584 morta-

482 3626 591 3682 lem
633 3625 902 3680 hominem
948 3630 1189 3694 gereret,
1232 3621 1370 3674 sicut
1400 3619 1452 3674 in
1485 3618 1775 3689 Evangelio
1812 3619 2069 3689 scriptum

481 3727 568 3774 est
593 3735 607 3772 :
635 3717 723 3771 ubi
749 3731 1049 3786 quanquam
1081 3722 1135 3768 et
1156 3712 1474 3768 Ghananaza:
1503 3710 1740 3766 mulieris
1767 3709 1925 3765 Iidem
1957 3711 2070 3781 ipse

481 3807 782 3864 laudaverit
818 3804 1031 3875 (Matth.
1067 3819 1163 3869 xv,
1195 3803 1288 3875 28)
1309 3844 1324 3870 ,
1355 3811 1409 3858 et
1436 3803 1574 3858 illius
1600 3802 1975 3870 Centurionis,
2003 3803 2070 3860 de

482 3898 695 3971 quo.ait
733 3913 838 3952 non
880 3911 939 3952 se
981 3895 1249 3951 invenisse
1283 3895 1440 3951 talem
1479 3895 1638 3951 (idem
1681 3895 1733 3950 in
1764 3895 1923 3952 Israel
1953 3895 2065 3967 (Id.

481 4004 607 4059 vni,
641 3988 767 4061 10);
798 3996 974 4044 tamen
1003 3987 1217 4057 proprie
1253 3994 1377 4042 tunc
1405 3985 1604 4042 Iudaeis
1642 4001 1762 4042 esse
1800 3987 2068 4058 evangeli-

478 4090 679 4148 zatum,
705 4079 882 4134 verbis
910 4078 1075 4149 ipsius
1104 4077 1310 4132 Domini
1339 4077 1467 4133 satis
1491 4078 1692 4132 clarum
1715 4089 1826 4145 est,
1854 4092 1975 4132 cum
2001 4077 2067 4132 ad

478 4171 648 4242 ipsius
686 4168 1002 4226 Chananzeae
1039 4167 1467 4238 deprecationem
1516 4167 1648 4222 dixit
1692 4183 1798 4223 non
1843 4184 1903 4224 se
1949 4184 2068 4225 esse

475 4263 702 4318 missum
731 4262 833 4317 nisi
861 4261 927 4315 ad
956 4275 1087 4316 oves
1113 4275 1232 4330 quae
1256 4259 1526 4329 perierunt
1551 4257 1743 4314 domus
1763 4257 1922 4314 Israel
1955 4257 2064 4330 (Id.

477 4369 572 4420 xv,
592 4352 686 4423 24)
713 4369 726 4405 :
748 4360 804 4406 et
824 4350 1115 4421 discipulos
1142 4365 1262 4404 eum
1289 4350 1546 4411 mitteret.
1571 4349 1664 4416 ait,
1693 4347 1761 4403 In
1781 4349 1913 4404 viam
1933 4349 2068 4405 Gen-

478 4445 606 4499 tium
630 4459 694 4496 ne
719 4443 940 4497 abieritis
959 4483 973 4505 ,
1005 4451 1053 4496 et
1086 4442 1138 4494 in
1171 4441 1394 4494 civitates
1423 4440 1868 4495 Samaritanorum
1900 4458 1963 4496 ne
1985 4443 2066 4498 in-

477 4534 754 4600 troieritis;
780 4534 870 4588 sed
895 4535 964 4588 ite
992 4533 1212 4604 primum
1239 4532 1306 4584 ad
1331 4547 1444 4586 oves
1471 4545 1585 4600 qute
1608 4533 1861 4602 perierunt
1887 4534 2065 4590 domus

477 4625 646 4682 Israel
673 4622 803 4696 (Id.
854 4639 922 4687 χ,
950 4624 1020 4686 5,
1076 4623 1111 4678 6
1146 4623 1187 4693 ).
1232 4622 1481 4678 Gentium
1521 4629 1700 4677 autem
1743 4622 1884 4678 aliud
1925 4625 2066 4681 ovile

377 4771 379 4774 ι
476 4716 783 4788 appellavit,
813 4730 933 4771 cum
954 4713 1177 4782 diceret,
1211 4712 1384 4768 Habeo
1409 4714 1536 4768 alias
1565 4727 1677 4769 oves
1699 4729 1812 4784 quae
1831 4731 1930 4770 non
1949 4725 2068 4771 sunt

477 4811 541 4865 de
569 4812 662 4867 hoc
687 4809 844 4874 ovili;
871 4823 1004 4880 quas
1030 4817 1205 4862 tamen
1238 4821 1298 4862 se
1323 4804 1672 4862 adducturum
1702 4807 1809 4872 ait,
1843 4817 1898 4864 ut
1923 4817 2066 4865 esset

371 4926 388 4934 π
476 4917 617 4958 unus
638 4915 786 4972 grex,
817 4909 874 4956 et
899 4914 1035 4955 unus
1058 4909 1238 4970 paStor
1267 4895 1444 4970 (Joan.
1473 4913 1506 4952 x
1527 4937 1540 4960 .
1566 4897 1658 4968 16)
1687 4915 1701 4952 :
1727 4898 1940 4969 quando
1965 4915 2063 4956 au-

475 4998 610 5057 tem,
635 4991 739 5046 nisi
764 4997 883 5060 post
900 4988 1333 5046 clariﬁcationem
1356 4987 1546 5044 suam?
1571 4987 1699 5044 Post
1715 4990 2065 5048 resurrectio-

476 5097 604 5140 nem
629 5090 808 5136 autem
832 5081 991 5136 etiam
1016 5081 1081 5136 ad
1104 5081 1305 5138 Gentes
1329 5078 1617 5150 discipulos
1638 5078 1804 5145 misit,
1826 5094 1948 5136 cum
1965 5095 2063 5138 eos

470 5171 690 5230 interim
711 5169 1056 5241 Jerosolymae
1078 5186 1295 5227 manere
1306 5172 1573 5240 jussisset,
1589 5169 1761 5226 donec
1780 5170 1860 5226 eis
1877 5185 2063 5228 secun-

475 5267 605 5324 dum
642 5261 1051 5337 promissionem
1079 5277 1226 5318 suam
1253 5261 1507 5331 Spiritum
1547 5271 1789 5319 sanctum
1827 5263 2064 5319 mitteret

475 5358 615 5431 (Act.
638 5373 688 5426 ι,
714 5354 796 5426 4).
825 5350 961 5409 Cum
990 5366 1120 5424 ergo
1146 5352 1368 5408 dixisset
1392 5353 1680 5425 Apostolus
1703 5394 1718 5419 ,
1755 5351 1898 5408 Misit
1924 5351 2062 5411 Deus

472 5449 673 5506 Filium
710 5463 879 5514 suum,
921 5448 1110 5520 factum
1145 5461 1210 5500 ea:
1235 5445 1461 5512 muliere,
1491 5446 1680 5516 factum
1707 5448 1801 5502 sub
1827 5448 1980 5520 Lege,
2005 5458 2062 5504 ut

469 5541 665 5621 θωμιιὶ
684 5539 776 5594 sub
796 5537 930 5609 Lege
949 5544 1094 5592 erant
1111 5535 1400 5602 redimeret,
1422 5544 1477 5590 ut
1495 5537 1817 5607 adoptionem
1837 5538 2062 5608 ﬁliorum

472 5631 776 5702 recipimus
804 5628 997 5701 (Galat.
1034 5645 1122 5696 tv,
1148 5626 1242 5702 l);
1286 5629 1522 5686 restabat
1548 5638 1607 5685 ut
1644 5629 1802 5687 etiam
1839 5631 2058 5701 Gentes,

473 5737 594 5796 qua:
618 5735 728 5779 non
753 5731 908 5781 erant
934 5723 1035 5781 sub
1048 5722 1222 5796 Lege,
1249 5722 1316 5783 ad
1343 5723 1586 5785 eamdem
1613 5731 1792 5783 tamen
1816 5724 2059 5798 adoptio-

1498 299 1854 362 EPISTOLE
1893 305 1986 364 AD
2021 305 2365 378 GALATAS,
2403 307 2833 369 S.AUGUSTINI

2197 435 2320 478 nem
2351 421 2581 478 ﬁliorum
2621 423 2891 495 pertinere
2922 423 3230 484 ostenderet
3274 445 3288 484 :
3327 429 3470 502 quod
3506 430 3576 490 de
3617 428 3762 494 sancti

2197 512 2430 584 Spiritus
2452 514 2617 582 dono.
2646 517 2738 588 qui
2765 517 3019 575 omnibus
3038 518 3197 576 datus
3221 529 3326 587 est,
3345 522 3526 582 docet.
3556 523 3699 583 Unde
3713 545 3763 587 se

2199 604 2359 660 etiam
2395 605 2586 662 Petrus
2625 606 2695 663 de
2737 609 3006 680 baptizata
3048 603 3418 670 incircumciso
3459 615 3761 678 Ceuturione

2195 695 2447 753 Cornelio
2463 697 2702 755 defendit
2718 699 2858 772 apud
2876 701 3094 760 ludteos
3109 704 3202 774 qui
3223 705 3583 775 crediderant,
3602 708 3764 767 dicens

2196 803 2304 845 non
2331 804 2392 846 se
2416 791 2654 862 potuisse
2675 807 2867 864 aquam
2893 810 3094 866 negare
3123 797 3225 852 illis
3249 813 3383 869 quos
3399 799 3514 870 jam
3534 801 3763 872 Spiritum

2196 891 2438 939 sanctum
2463 884 2736 955 accepisse
2761 884 3025 943 claruerat
3055 887 3192 959 (Act.
3215 904 3273 955 ι,
3299 891 3414 962 47).
3439 890 3574 947 Nam
3598 903 3650 949 et
3667 894 3765 964 ipso

2194 975 2514 1046 gravissimo
2530 975 2852 1034 documento
2871 978 3034 1035 etiam
3058 981 3305 1050 superius
3323 997 3454 1039 usus
3471 993 3557 1040 est
3573 984 3762 1049 Paulus.

2194 1081 2316 1123 cum
2339 1067 2577 1133 diceret,
2617 1069 2726 1126 Hoc
2745 1070 2909 1126 soluta
2934 1073 3047 1127 voto
3072 1073 3265 1130 discere
3285 1091 3320 1129 ιι
3344 1076 3484 1132 vobis
3511 1093 3531 1130 :
3553 1075 3637 1132 Ea:
3660 1095 3764 1150 spe-

2191 1158 2334 1216 ribus
2360 1159 2512 1233 Legis
2537 1161 2788 1234 Spiritum
2814 1165 3112 1234 accepistis,
3140 1182 3210 1221 an
3243 1168 3509 1223 ezuuditu
3535 1170 3689 1239 ﬁdei?
3713 1172 3766 1229 Ει

2194 1251 2354 1321 paulo
2382 1261 2536 1323 post,
2568 1251 2672 1322 Qui
2691 1270 2810 1325 ergo
2843 1255 3016 1310 tribuit
3039 1255 3178 1312 nobis
3196 1255 3453 1329 Spiritum
3471 1299 3489 1324 .
3515 1269 3562 1314 et
3586 1261 3766 1319 virtutes

2193 1353 2432 1414 operatur
2452 1345 2505 1400 iu
2527 1344 2665 1401 vobis
2688 1361 2708 1400 :
2728 1342 2812 1402 Ea:
2833 1347 3068 1417 operibus
3089 1346 3260 1420 Legis,
3289 1366 3356 1404 an
3379 1366 3453 1406 ea;
3473 1352 3648 1407 auditu
3665 1353 3765 1422 ﬁdei

2193 1432 2391 1504 (οδω.
2415 1451 2495 1502 tu,
2517 1436 2574 1503 2,
2597 1436 2700 1506 5)?
2727 1435 2817 1492 Sic
2836 1444 2893 1493 et
2915 1435 3021 1503 hic,
3047 1435 3321 1504 Quoniam,
3355 1440 3554 1512 inquit,
3575 1443 3666 1512 lilii
3684 1442 3764 1501 Dei

2192 1528 2309 1580 estis
2325 1567 2341 1592 ,
2369 1527 2503 1582 misit
2528 1526 2670 1581 Deus
2693 1527 2945 1598 Spiritum
2973 1528 3099 1584 Filii
3122 1531 3204 1586 sui
3229 1532 3285 1586 in
3307 1534 3470 1588 corda
3495 1545 3653 1590 vestra
3672 1537 3759 1592 els-

2191 1626 2409 1673 mautem
2428 1661 2443 1687 ,
2472 1620 2632 1694 Abba,
2668 1620 2843 1677 Pater.

2260 1707 2349 1764 32.
2372 1707 2473 1781 [lb.
2501 1725 2576 1776 tv,
2603 1711 2657 1776 7,
2677 1711 2757 1785 8.]
2780 1711 2983 1770 Deinde
3000 1713 3442 1772 manifestissime
3465 1719 3758 1777 osturditde

2190 1798 2276 1854 bis
2298 1801 2460 1857 etiam
2495 1817 2559 1858 se
2591 1802 2802 1868 dicere.
2827 1805 2919 1876 qui
2945 1821 3016 1864 ex
3037 1806 3298 1865 Gentibus
3323 1808 3393 1866 ad
3429 1809 3592 1866 lide
3617 1827 3756 1868 renes

2189 1901 2345 1960 rant,
2367 1892 2436 1948 ad
2461 1909 2595 1964 quos
2617 1895 2782 1952 etiam
2821 1896 3116 1968 Epistolam
3157 1898 3381 1967 scribit,
3411 1899 3605 1968 Itaque
3631 1902 3753 1973 jar,

2189 1983 2389 2055 inquit,
2435 2002 2537 2042 nou
2577 1997 2652 2042 est
2693 2004 2898 2057 mus,
2939 1991 3031 2046 sed
3075 1992 3214 2060 [ilius
3239 2007 3261 2047 :
3304 2004 3536 2066 propter
3567 1995 3619 2052 id
3641 1996 3756 2066 quod

2187 2073 2396 2131 dixerat
2418 2117 2434 2139 .
2472 2077 2728 2145 Quamdiu
2769 2082 2929 2136 luem
2964 2083 3206 2153 paruulus
3229 2092 3338 2150 est,
3365 2085 3509 2140 nihil
3549 2085 3706 2153 Μαι
3731 2103 3756 2140 s

2186 2181 2348 2222 servo.
2377 2167 2442 2224 Si
2476 2178 2644 2224 autem
2683 2171 2858 2239 ﬁlius,
2883 2172 3086 2244 inqbit,
3119 2174 3474 2248 etbteresper
3499 2175 3753 2233 Deum:id

2185 2264 2300 2324 est,
2344 2272 2442 2328 per
2473 2259 2890 2319 misericordiam
2929 2263 3062 2329 Dei,
3106 2279 3213 2322 non
3261 2281 3358 2337 per
3393 2268 3753 2338 promisisse:

2184 2359 2392 2419 patrum
2413 2391 2429 2417 ,
2466 2351 2536 2408 de
2579 2353 2771 2425 quibus
2793 2355 3081 2412 causaliter
3101 2357 3241 2413 sicut
3261 2356 3444 2414 Judaei
3471 2368 3626 2416 natus
3662 2375 3747 2416 non

2183 2448 2293 2506 est;
2325 2441 2420 2498 sed
2445 2453 2624 2500 tamen
2667 2444 2810 2502 illius
2845 2445 3074 2504 Abrahae
3100 2447 3396 2506 sectandum
3430 2451 3749 2509 imitationetl

2183 2529 2332 2598 lidei,
2363 2532 2514 2603 cujus
2562 2535 2683 2592 tidei
2721 2538 2946 2607 gratiam
2986 2555 3083 2610 per
3108 2540 3539 2599 misericordiam
3566 2537 3748 2602 Domini

2180 2624 2394 2679 meruit.
2439 2625 2547 2680 Sed
2590 2635 2710 2682 time
2736 2629 2969 2698 quidem,
3001 2631 3205 2702 inquit,
3235 2633 3537 2704 ignorantes
3575 2633 3745 2700 Deum.

2181 2714 2259 2768 Iris
2283 2717 2374 2784 qui
2401 2718 2699 2774 naturaliter
2719 2736 2823 2775 nou
2861 2731 2979 2776 suut
3023 2723 3095 2777 dii
3139 2725 3382 2782 servistis.
3431 2726 3588 2784 Nunc
3625 2737 3744 2784 cette

2179 2806 2303 2876 quia
2341 2821 2448 2862 non
2475 2807 2677 2866 Iudaeis
2702 2809 2918 2878 scribit,
2941 2811 3038 2869 sed
3065 2812 3359 2879 Gentibus;
3389 2831 3500 2873 nec
3531 2817 3628 2882 ait,
3649 2832 3744 2873 sero

2179 2893 2427 2963 vivimus,
2449 2898 2565 2964 sed,
2582 2899 2802 2956 servistis
2826 2918 2845 2956 :
2870 2901 3002 2958 satis
3021 2903 3296 2974 probabile
3316 2916 3402 2962 est
3423 2909 3587 2964 etiam
3611 2921 3741 2980 supe-

2180 2987 2293 3042 rius
2313 2986 2384 3043 de
2427 2987 2687 3046 Gentibus
2721 2989 2921 3048 dictum
2942 3033 2958 3058 ,
3001 2993 3145 3063 quod
3183 2997 3285 3052 sub
3305 2997 3589 3058 elementis
3615 2997 3741 3067 huius

2178 3075 2361 3132 mundi
2387 3087 2542 3134 erant
2565 3079 2860 3137 senicutes
2877 3121 2893 3146 ,
2923 3089 3173 3154 tanquam
3194 3084 3298 3140 sub
3338 3087 3738 3156 procuratoribus

2177 3175 2232 3222 et
2251 3168 2525 3224 actoribus
2548 3167 2662 3241 (Id.
2693 3185 2750 3226 tv
2767 3211 2786 3238 ,
2807 3169 2952 3244 1-5).
2995 3171 3132 3230 Nam
3155 3174 3270 3245 ipsa
3295 3177 3563 3234 elementa
3587 3179 3738 3248 utique

2176 3273 2283 3314 non
2304 3267 2430 3314 sunt
2455 3260 2766 3318 naturaliter
2785 3260 2882 3329 dii,
2918 3279 2938 3315 s
2963 3264 3079 3320 sive
3097 3265 3150 3321 in
3168 3265 3312 3323 cmlo
3333 3306 3350 3330 ,
3371 3268 3493 3326 sive
3511 3270 3560 3325 in
3583 3277 3732 3326 terra:

2175 3347 2621 3417 quemadmodum
2648 3351 2801 3412 multi
2825 3352 2898 3410 dii
2918 3393 2934 3420 ,
2962 3362 3019 3412 et
3035 3353 3237 3412 domini
3261 3359 3417 3415 multi
3451 3377 3466 3413 :
3491 3359 3579 3416 sed
3603 3360 3733 3415 nolis

2175 3451 2314 3494 unus
2336 3437 2475 3494 Deus
2511 3438 2685 3506 Pater,
2717 3457 2786 3498 ex
2823 3458 2931 3514 quo
2958 3445 3166 3514 omnia,
3195 3457 3252 3504 et
3277 3463 3379 3505 nos
3419 3450 3480 3506 in
3518 3451 3650 3522 ipso;
3684 3458 3732 3506 ct

2175 3544 2315 3586 unus
2339 3530 2598 3589 Dominus
2620 3533 2777 3590 Iesus
2817 3535 3097 3605 Christus,
3133 3555 3228 3608 per
3264 3557 3428 3612 quem
3467 3543 3651 3608 omnis,
3677 3549 3726 3596 et

2173 3637 2273 3678 nos
2303 3637 2396 3693 per
2423 3623 2597 3693 ipsum
2619 3643 2640 3678 s
2667 3626 2713 3697 (l
2745 3625 2864 3682 Cor.
2887 3643 3003 3697 vm,
3031 3631 3100 3697 ii,
3129 3631 3210 3701 6).
3230 3631 3368 3688 Cum
3391 3645 3559 3692 autent
3577 3633 3720 3701 dicit,

2175 3711 2274 3766 His
2312 3715 2402 3784 qui
2443 3716 2740 3770 naturaliter
2782 3735 2886 3774 non
2927 3730 3043 3774 sunt
3083 3721 3192 3788 dii,
3227 3724 3451 3780 servistis
3470 3768 3486 3792 ,
3513 3725 3628 3782 satis
3648 3723 3730 3779 de-

2172 3815 2436 3860 monstrat
2460 3822 2622 3862 unum
2653 3824 2836 3864 verum
2869 3809 3038 3867 Deum
3072 3822 3259 3870 natura
3282 3831 3404 3873 esse
3427 3817 3589 3874 Deum
3606 3856 3619 3881 .
3640 3823 3730 3888 quo

2174 3896 2391 3953 nomine
2402 3898 2634 3955 Trinitas
2659 3901 2967 3959 ﬁdelissimo
2993 3913 3050 3960 et
3073 3908 3334 3964 catholico
3361 3912 3562 3981 gremio
3578 3909 3730 3966 cordis

2171 3986 2448 4057 accipitur.
2475 3987 2580 4045 Eos
2604 3999 2782 4046 autem
2805 3992 2896 4062 qui
2911 4002 3098 4050 natura
3113 4012 3218 4052 non
3230 4009 3357 4056 sunt
3369 4000 3468 4068 dii,
3484 4010 3729 4074 propterea

2171 4077 2417 4148 superius
2439 4091 2812 4148 procuratores
2832 4092 3146 4158 actoresque
3165 4091 3399 4160 appellat
3421 4133 3438 4159 ,
3470 4093 3583 4165 quia
3607 4091 3728 4148 nulla

2171 4178 2414 4222 creatura
2449 4179 2561 4236 cst,
2609 4171 2721 4226 sive
2763 4189 2883 4244 qua:
2908 4174 2960 4229 in
2992 4178 3210 4234 veritate
3249 4191 3460 4250 manet,
3487 4183 3610 4239 dans
3629 4181 3728 4254 glo-

2170 4258 2304 4313 riam
2333 4259 2478 4325 Deo;
2504 4261 2617 4317 sive
2653 4277 2774 4332 qua:
2811 4263 2863 4319 in
2903 4265 3125 4323 veritate
3168 4285 3272 4325 non
3315 4275 3489 4339 stetit,
3515 4285 3727 4344 quercus

2168 4349 2390 4419 gloriam
2413 4364 2562 4406 suam
2598 4369 2610 4404 :
2641 4353 2790 4407 nulla
2818 4353 3034 4426 inquam
3053 4369 3295 4416 creatura
3322 4371 3436 4428 est,
3461 4379 3575 4434 qua:
3600 4377 3722 4427 non,

2173 4440 2303 4496 velit
2320 4441 2472 4507 nolit,
2501 4440 2696 4498 divina:
2724 4444 3070 4514 providentiae
3093 4451 3324 4519 serviat;
3347 4454 3443 4510 scd
3469 4455 3638 4510 volens
3659 4451 3724 4506 la-

2170 4530 2243 4586 cit
2267 4545 2387 4586 cum
2415 4547 2478 4589 ea
2517 4532 2660 4603 quod
2695 4533 2892 4591 bonum
2917 4546 3002 4594 est
3040 4540 3056 4571 ⁸
3084 4555 3099 4606 ;
3138 4539 3208 4596 de
3237 4542 3324 4597 illa
3360 4559 3488 4601 vero
3509 4561 3618 4616 qua:
3644 4543 3723 4596 hoc

2171 4635 2277 4676 non
2305 4621 2446 4688 vult,
2473 4623 2532 4677 Iit
2555 4623 2695 4694 quod
2716 4624 2920 4694 justum
2948 4637 3050 4684 est.
3076 4629 3208 4686 Nam
3233 4632 3279 4688 si
3305 4634 3463 4690 etiam
3493 4635 3585 4705 ipsi
3613 4649 3725 4703 prs:-

2169 4712 2494 4771 varicatores
2529 4717 2732 4788 angeli,
2765 4732 2886 4775 cum
2934 4721 3174 4794 principe
3217 4738 3314 4779 suo
3353 4727 3558 4782 diabolo
3579 4767 3594 4792 ,
3634 4739 3722 4780 non

2170 4811 2319 4860 recte
2338 4804 2644 4863 dicerentur
2667 4818 3040 4878 procuratores
3065 4813 3150 4869 vel
3173 4823 3383 4873 actores
3410 4817 3590 4873 divinzn
3615 4829 3719 4884 pro-

2169 4895 2449 4964 videntia),
2495 4914 2601 4954 non
2653 4899 2907 4960 Dominus
2963 4905 3328 4976 magistratum
3377 4911 3524 4981 hujus
3564 4904 3718 4963 mundi

2167 4985 2438 5045 diabolum
2478 4988 2715 5057 diceret;
2759 5007 2858 5050 nec
2894 5003 3134 5054 uteretur
3159 4998 3249 5054 illo
3273 5000 3341 5056 ad
3368 4998 3714 5072 corrcptionent

2168 5078 2441 5136 hominum
2471 5079 2586 5151 ipsa
2612 5092 2848 5151 potestas
2864 5089 3189 5158 apostolica,
3217 5090 3409 5150 eodem
3441 5094 3587 5151 Paulo
3610 5087 3714 5142 alibi

2167 5171 2378 5227 dicente
2398 5211 2414 5235 .
2449 5171 2587 5240 Quos
2623 5175 2814 5232 tradidi
2837 5187 3052 5249 satana,
3075 5192 3130 5237 ut
3153 5183 3348 5240 discant
3372 5204 3473 5241 non
3509 5182 3712 5246 blasphe-

2167 5278 2306 5318 mare
2346 5261 2389 5336 (l
2435 5262 2567 5320 Tim.
2595 5281 2654 5336 t,
2683 5267 2775 5339 20)
2809 5279 2906 5326 :et
2947 5271 3053 5328 alio
3099 5273 3217 5331 loco
3261 5275 3330 5330 ad
3373 5279 3610 5342 salutem;
3651 5270 3714 5324 διὶι

2143 5357 2309 5422 -ριιίιη
2329 5396 2346 5422 .
2379 5375 2399 5409 ι
2436 5357 2550 5430 Ego
2575 5360 2788 5430 quidem
2828 5361 2969 5419 sicut
2989 5365 3185 5421 absens
3225 5382 3480 5438 corpore,
3509 5376 3709 5439 praesens

2231 5450 2247 5482 ¹
2266 5456 2395 5522 ho_v.,
2409 5463 2473 5501 ex
2497 5453 2781 5522 auctoritate
2805 5456 2950 5522 trium
2965 5467 3416 5522 manuscriptorum.
3441 5457 3578 5512 ralem
3593 5455 3706 5522 liii“-

2168 5510 2363 5584 ?“mﬂ‘?
2384 5524 2443 5562 θα
2464 5512 2590 5584 ιιιφά
2613 5513 2782 5584 θείηιφι
2803 5523 2873 5565 εει
2888 5515 2961 5580 ﬁt-
2989 5525 3107 5584 ᾼιηιε
3121 5510 3301 5584 verbis
3326 5510 3467 5572 editis
3488 5530 3576 5584 Αωτ
3589 5510 3707 5584 δικξτε

2167 5571 2440 5646 legebatur,
2469 5571 2624 5646 calens
2645 5575 2758 5638 facit
2780 5571 2967 5646 cam'ea
2991 5579 3232 5646 (multandi,
3250 5571 3421 5636 divina
3431 5573 3706 5646 (manus)

2167 5633 2294 5698 quod
2319 5634 2494 5700 bonum,
2511 5642 2581 5686 est
2603 5633 2787 5700 :quam,
2802 5633 3060 5689 lectionem
3080 5633 3267 5692 ﬁrmant
3288 5633 3456 5697 omnes
3616 5643 3707 5700 ⁸⁸⁵2

2169 5691 2378 5816 gmw)
2397 5691 2751 5814 gmnasium
2775 5699 2944 5762 habet.
2966 5700 3121 5753 mc...
3141 5691 3276 5767 ﬁtcit,
3297 5691 3585 5769 animi;
3600 5691 3707 5762 μου

2245 5780 2339 5814 mm
2363 5779 2412 5816 εξ
2438 5804 2447 5813 .
2489 5778 2491 5780 ’
3467 5787 3492 5798 ..

2245 5780 2339 5814 tum
2363 5773 2447 5816 est.
2489 5778 2491 5780 ·
3467 5787 3492 5798 -~
