3956 6426
325 390 486 485 eis

1507 410 1976 489 EXPOSITIONIS
2011 423 2215 489 uena
2254 433 2455 496 unus.

3484 459 3627 519 2130

329 548 519 624 autem
548 563 769 634 Spiritu,
802 563 914 634 jam
935 561 1169 635 judicavi
1194 564 1347 635 quasi
1387 578 1655 635 praesens,
1688 580 1809 621 eum
1838 581 1888 637 qt

2258 550 2577 625 detorquere
2602 554 2738 614 velle
2764 558 3062 630 videamur;
3090 564 3187 621 sed
3213 565 3282 623 de
3308 564 3395 625 bis
3421 573 3621 645 potius,

332 660 416 715 sic
441 666 695 727 operatus
716 664 827 721 est,
859 656 912 712 in
933 657 1148 712 nomine
1174 654 1384 712 Domini
1416 657 1584 713 nostri
1624 656 1752 714 Jesu
1777 657 1929 716 Chri-

2032 637 2101 694 de
2128 640 2320 711 quibus
2346 645 2598 702 cavendis
2625 662 2748 704 eum
2790 664 2948 722 agere
2986 669 3082 724 per
3124 665 3288 714 totam
3318 637 3617 731 Epistolani

328 751 400 804 sti
427 749 765 822 congregatis
807 749 959 803 Vobis
1004 758 1058 805 et
1103 763 1224 804 meo
1265 749 1491 819 spiritu,
1520 765 1642 807 cum
1692 754 1924 823 ροιθηιίε
2029 744 2268 803 apparet.
2308 734 2443 793 Nam
2473 747 2527 794 et
2553 738 2724 798 Judaei
2759 745 3022 803 seniliter
3056 748 3344 810 observant
3367 754 3519 825 dies,
3564 769 3624 817 et

329 840 549 895 Domini
575 838 740 894 nostri
765 837 890 895 Jesu
909 837 1141 905 Christi,
1168 839 1376 897 tradere
1404 841 1705 912 huiusmodi
1724 840 1925 901 satana:
2028 836 2241 881 ωθηθθε
2259 868 2273 892 ι
2303 837 2359 882 εί
2379 844 2576 897 almost
2601 842 2656 886 ει
2684 841 2922 904 tempora
2944 838 2997 893 in
3021 842 3219 898 carnali
3241 845 3619 908 observatione

322 933 383 985 in
410 930 685 985 interitum
723 930 899 986 carnis
920 969 938 996 ,
981 939 1037 984 ut
1079 930 1295 1001 spiritus
1320 932 1496 988 salvus
1523 933 1594 988 sit
1618 933 1671 988 in
1700 934 1789 991 die
1817 933 1888 991 Du

2026 916 2231 975 sabbati
2256 930 2310 976 et
2330 925 2625 979 neomenitc
2642 966 2658 991 ,
2686 935 2743 982 et
2767 943 2951 986 mense
2978 947 3234 990 novorum
3254 977 3270 1002 ,
3298 947 3353 993 et
3378 941 3613 1012 septimo

316 1022 458 1078 mini
486 1022 618 1077 Jesu
639 1020 681 1094 (l
709 1020 827 1077 Cor.
860 1036 914 1083 v.
942 1021 1089 1093 3-5).
1118 1020 1221 1079 Sed
1249 1032 1303 1077 et
1329 1024 1665 1093 magistratus
1690 1025 1790 1080 sub
1809 1038 1919 1081 sta-

313 1123 442 1169 tuto
471 1116 488 1146 ί
518 1115 839 1184 imperatore
863 1127 970 1168 non
997 1112 1121 1168 facit
1139 1152 1155 1178 ,
1186 1112 1287 1168 nisi
1313 1124 1568 1184 quantum
1594 1114 1669 1170 illi
1700 1116 1919 1186 permit-

311 1207 488 1274 titur;
520 1217 575 1263 et
605 1217 975 1279 procuratores
1013 1216 1330 1277 actoresque
1372 1205 1529 1276 hujus
1572 1205 1756 1263 mundi
1784 1207 1915 1264 nihil

304 1298 551 1365 faciunt,
579 1298 680 1354 nisi
706 1308 961 1368 quantum
1012 1296 1264 1352 Dominus
1290 1297 1436 1351 sinit.
1465 1295 1580 1352 Non
1610 1298 1754 1352 enim
1786 1298 1915 1355 latet

297 1406 446 1447 eum
475 1390 678 1463 aliquid
699 1432 715 1457 ,
741 1390 880 1445 sicut
904 1388 1172 1445 hominem
1196 1406 1213 1455 ;
1239 1400 1327 1444 aut
1356 1389 1408 1445 in
1432 1390 1612 1462 aliquo
1634 1400 1717 1446 est
1737 1391 1913 1448 minus

292 1497 554 1554 petens,
581 1490 638 1538 ut
674 1492 1044 1553 procuratores
1072 1490 1233 1552 atque
1270 1490 1515 1550 actores,
1556 1482 1647 1554 qui
1691 1492 1816 1538 sunt
1856 1483 1909 1541 in

286 1573 435 1643 ejus
483 1580 785 1644 potestate,
832 1571 1029 1643 aliquid
1077 1572 1193 1643 ipso
1233 1571 1347 1627 sive
1390 1588 1495 1628 non
1535 1575 1903 1645 permittente,

282 1666 429 1722 sive
462 1666 763 1727 nesciente.
795 1665 851 1721 in
877 1665 1129 1735 subjectis
1154 1665 1253 1720 sibi
1298 1680 1395 1736 pro
1432 1682 1527 1723 suo
1550 1666 1719 1738 gradu
1747 1667 1907 1725 rebus

281 1755 574 1811 efﬁciant.
600 1753 715 1811 Non
745 1755 823 1811 eis
850 1765 1027 1810 tamen
1054 1756 1380 1825 rependitur,
1409 1755 1550 1827 quod
1576 1756 1643 1813 de
1673 1757 1805 1829 ipsis
1815 1757 1907 1828 ju-

287 1856 393 1905 ste
422 1848 518 1915 lit,
556 1847 648 1904 sed
687 1862 795 1918 quo
822 1848 1000 1902 animo
1024 1847 1124 1917 ipsi
1155 1846 1351 1905 iaciunt
1376 1866 1389 1903 :
1422 1850 1544 1920 quia
1569 1864 1741 1923 neque
1776 1850 1907 1911 libe-

286 1951 433 1994 ram
462 1938 789 1993 voluntatem
813 1937 1059 1993 rationali
1086 1947 1342 1995 creaturae
1367 1954 1478 1996 sua:
1497 1940 1900 2023 Deus’negavit;

293 2038 366 2085 et
413 2041 588 2085 tamen
634 2036 978 2100 potestatem,
1009 2044 1115 2103 qua
1137 2030 1297 2086 etiam
1336 2030 1560 2101 injustos
1577 2033 1721 2104 juste
1760 2036 1904 2092 ordi-

300 2129 409 2175 nat
429 2161 446 2185 ,
466 2119 565 2175 sibi
593 2120 827 2175 retinuit.
853 2118 1022 2187 Quem
1053 2119 1226 2175 locum
1258 2119 1413 2178 latius
1437 2133 1491 2178 et
1516 2123 1731 2181 uberius
1758 2126 1811 2182 in
1837 2125 1899 2183 li-

295 2213 427 2269 bris
452 2213 572 2267 aliis
596 2227 738 2283 smpe
771 2214 791 2243 ¹
823 2212 1164 2269 tractavimus
1194 2212 1284 2283 (In
1310 2212 1451 2269 libris
1489 2215 1553 2271 de
1579 2214 1760 2272 Libero
1798 2219 1897 2273 Ar-

300 2305 513 2376 bitrio).
540 2302 662 2359 Sive
684 2317 812 2374 ergo
847 2303 1015 2359 solem
1053 2311 1108 2358 et
1136 2302 1314 2358 lunam
1347 2314 1403 2359 et
1425 2304 1600 2362 sidera
1624 2314 1679 2363 et
1702 2308 1896 2364 caelum

299 2405 363 2453 et
408 2408 637 2460 terram,
686 2404 983 2466 ceteraque
1025 2393 1325 2466 hujusmodi
1372 2394 1569 2454 Gentes
1615 2399 1893 2470 colebant,

301 2494 426 2545 sive
452 2488 714 2544 daemonia
734 2529 749 2551 ,
781 2495 927 2543 recte
954 2486 1054 2543 sub
1078 2488 1509 2557 procuratoribus
1531 2499 1586 2547 et
1626 2491 1895 2550 actoribus

301 2580 474 2638 fuisse
503 2579 883 2651 intelliguntur.

326 2720 337 2723 _
375 2674 468 2730 33.
500 2672 596 2746 [ιιι.
619 2689 691 2739 tv,
722 2671 803 2746 9.]
830 2672 1203 2729 Verumtamen
1228 2688 1291 2731 ea
1310 2689 1428 2745 quae
1454 2685 1765 2749 sequuntur,
1781 2679 1893 2751 jam

301 2765 459 2836 quasi
484 2764 796 2834 explicatam
841 2763 1188 2834 quaestionem
1219 2780 1402 2821 rursus
1428 2767 1721 2839 implicant.
1756 2770 1892 2829 Cum

302 2856 450 2911 enim
476 2869 571 2925 per
595 2863 757 2910 totam
775 2853 1061 2925 Epistolam
1078 2868 1185 2911 non
1209 2855 1277 2910 ab
1300 2856 1418 2912 aliis
1436 2857 1679 2917 ostendat
1694 2861 1892 2919 sollici-

305 2954 470 3003 tatam
501 2947 663 3004 lnisse
684 2944 988 3003 Galatarum
1019 2945 1176 3003 ﬁdem
1193 2989 1209 3015 ,
1238 2947 1339 3004 nisi
1372 2948 1443 3005 ab
1465 2950 1545 3007 eis
1568 2953 1659 3022 qui
1686 2969 1753 3010 ex
1780 2955 1886 3011 cir-

305 3041 630 3098 cumcisione
673 3048 861 3108 erant,
903 3050 959 3096 et
994 3039 1062 3095 ad
1093 3041 1335 3099 carnales
1362 3043 1761 3104 observationes
1787 3048 1890 3105 Le-

303 3132 416 3203 gis,
450 3142 697 3203 tanquam
726 3133 778 3187 in
807 3132 888 3188 eis
912 3132 1055 3187 salus
1075 3142 1249 3200 esset,
1280 3134 1546 3193 adducere
1571 3139 1883 3209 cupiebant;

303 3222 403 3279 hoc
429 3232 635 3281 tantum
662 3225 780 3282 loco
806 3224 873 3280 ad
896 3239 992 3281 eos
1028 3225 1172 3297 loqui
1218 3226 1447 3297 videtur,
1480 3231 1569 3301 qui
1609 3232 1677 3288 ad
1704 3232 1887 3292 Genti-

297 3314 430 3373 lium
496 3316 898 3386 superstitiones
958 3316 1132 3373 redire
1178 3326 1463 3376 tentarent.
1533 3322 1624 3378 Ait
1673 3326 1815 3383 enim
1866 3346 1881 3382 :

295 3425 317 3464 σ
344 3406 509 3466 Nunc
528 3417 707 3465 autem
726 3420 1107 3481 cognoscentes
1127 3410 1290 3467 Deum
1307 3454 1322 3478 ,
1344 3413 1453 3470 imo
1470 3416 1666 3487 cogniti
1694 3433 1725 3474 a
1753 3419 1880 3489 Deo,

281 3501 573 3575 quomodo
592 3503 917 3567 revertimini
940 3503 1130 3560 iterum
1158 3505 1225 3562 ad
1256 3506 1464 3564 inﬁrma
1491 3518 1548 3565 et
1575 3525 1741 3583 egena
1770 3514 1882 3571 ele-

272 3603 479 3651 menta
497 3634 515 3661 ,
535 3592 729 3664 quibus
754 3609 939 3651 rursus
957 3604 1015 3651 ut
1036 3605 1189 3654 antea
1227 3599 1427 3656 servire
1456 3600 1658 3658 vultis?
1689 3622 1708 3657 ι
1738 3604 1795 3662 1η
1816 3622 1884 3664 eo

268 3688 437 3743 enim
478 3684 624 3756 quod
662 3684 822 3753 dicit,
864 3688 1202 3756 revertimini,
1230 3691 1442 3761 quando
1470 3707 1578 3749 non
1603 3695 1883 3754 circumci-

280 3776 393 3843 sis,
425 3775 527 3833 sed
554 3774 808 3834 Gentibus
836 3778 1090 3850 loquitur,
1117 3780 1253 3837 sicut
1288 3782 1341 3840 in
1366 3791 1474 3841 tota
1506 3785 1745 3857 Epistola
1782 3805 1881 3862 apo

272 3877 445 3942 paret
463 3885 478 3933 ;
503 3882 611 3925 non
627 3870 806 3940 utique
824 3869 892 3926 ad
910 3871 1369 3930 circumcisionem
1392 3874 1521 3932 dicit
1544 3892 1638 3935 eos
1661 3883 1879 3950 reverti,

267 3962 319 4020 ὴ
370 3976 496 4033 qua
541 3976 808 4032 nunquam
845 3970 1028 4028 erant,
1074 3963 1171 4019 sed
1211 3965 1281 4019 ad
1321 3965 1559 4036 inﬁrma,
1604 3969 1803 4042 inquit,
1834 3982 1882 4027 et

261 4070 449 4129 egena
478 4052 751 4118 elanenta,
779 4052 959 4126 quibus
991 4070 1168 4110 rursus
1204 4065 1260 4111 at
1301 4067 1451 4112 antea
1486 4061 1672 4116 servire
1711 4063 1876 4118 vultis.

258 4146 446 4219 Quod
486 4145 555 4202 de
580 4145 840 4203 Gentibus
865 4147 1161 4219 intelligere
1187 4150 1426 4220 cogimur
1456 4168 1469 4206 :
1500 4151 1584 4208 his
1620 4154 1762 4210 enim
1791 4169 1878 4211 su-

256 4256 370 4311 pra
408 4236 655 4301 dixerat.
684 4236 789 4293 Sed
812 4247 933 4293 tunc
949 4237 1149 4306 quidem
1166 4239 1456 4309 ignorantes
1485 4241 1675 4311 Deum,
1698 4246 1777 4300 his
1795 4250 1880 4317 qui

258 4342 481 4388 natura
500 4344 602 4384 non
623 4338 740 4384 sunt
767 4329 840 4385 dii
858 4371 875 4398 ,
903 4331 1125 4386 servistis
1152 4329 1349 4403 (Calat.
1392 4348 1479 4400 tv,
1507 4334 1596 4404 8);
1627 4337 1693 4392 ad
1718 4354 1878 4410 quam

258 4422 603 4480 servitutem
630 4421 823 4477 reverti
857 4436 952 4478 eos
976 4422 1114 4478 velle
1132 4422 1421 4494 significat.
1446 4441 1567 4483 cum
1596 4429 1702 4498 ait,
1734 4431 1876 4499 Quo-

259 4515 443 4572 modo
470 4512 773 4568 revertimini
800 4512 869 4567 ad
896 4514 1101 4582 inﬁrma
1125 4524 1173 4570 et
1199 4531 1353 4587 egena
1389 4516 1663 4590 elementa,
1698 4522 1877 4592 quibus

261 4619 469 4663 rursus
494 4613 551 4659 ut
573 4613 722 4659 antea
748 4605 931 4660 servire
956 4604 1105 4661 vultis
1120 4605 1147 4660 2

342 4697 450 4755 34.
482 4694 588 4769 [11).
611 4712 683 4763 tv,
706 4696 774 4753 l0
790 4738 806 4763 ,
838 4694 951 4770 ll.)
977 4696 1129 4765 Quod
1153 4709 1333 4756 autem
1356 4701 1615 4777 adjungit,
1636 4704 1762 4762 Dies
1784 4710 1875 4764 ob-

263 4791 532 4857 servatis,
560 4799 608 4845 et
632 4805 825 4845 menses
842 4831 858 4858 ,
891 4799 938 4845 et
961 4807 1151 4857 annos,
1179 4801 1226 4847 et
1253 4802 1479 4865 tempora
1499 4812 1520 4852 :
1559 4798 1708 4854 timeo
1748 4814 1834 4855 vos
1858 4844 1872 4864 ,

268 4901 346 4940 sse
374 4886 510 4956 forte
538 4883 646 4937 sine
676 4898 832 4938 causa
872 4882 1201 4939 laboraverim
1236 4885 1289 4940 in
1322 4901 1409 4942 vos
1448 4887 1470 4919 ⁸
1487 4926 1506 4954 ,
1542 4889 1710 4961 magis
1739 4892 1874 4949 hanc

282 4975 609 5033 sententiam
655 4975 971 5031 conﬁrmare
1015 4974 1185 5034 videri
1228 4986 1422 5048 potest.
1469 4977 1874 5053 Vulgatissimus

284 5076 369 5124 est
389 5067 535 5121 enim
564 5081 716 5123 error
740 5065 1026 5123 Gentilium
1063 5066 1166 5125 iste
1186 5108 1201 5133 ,
1247 5078 1304 5124 ut
1328 5070 1413 5127 vel
1450 5070 1506 5128 in
1543 5072 1761 5145 agendis
1787 5090 1873 5131 re-

285 5159 419 5225 bus,
449 5156 534 5213 vel
568 5156 619 5213 in
645 5157 1016 5228 exspectandis
1042 5160 1245 5215 eventis
1275 5161 1396 5216 vita:
1434 5176 1499 5219 ac
1539 5166 1872 5237 negotiorum

284 5266 533 5317 sitorum,
562 5249 630 5306 ab
653 5249 936 5321 astrologis
978 5257 1033 5306 et
1074 5247 1342 5308 Chaldaeis
1382 5261 1594 5312 notatos
1639 5256 1787 5325 dies.
1816 5270 1872 5317 et

286 5344 535 5409 menses,
569 5354 625 5399 et
651 5357 855 5413 annos,
893 5350 948 5398 et
990 5350 1228 5414 tempora
1275 5342 1576 5403 observent.
1622 5347 1873 5408 Fortasse

288 5444 460 5489 minen
503 5448 610 5490 non
653 5448 787 5506 opus
823 5441 910 5489 est
937 5443 994 5489 ut
1020 5432 1123 5489 hoc
1148 5432 1219 5492 de
1252 5432 1541 5492 Gentilium
1569 5452 1752 5496 errore
1789 5442 1870 5497 in-

289 5524 612 5596 teltigamus,
654 5541 722 5580 ne
744 5525 1095 5582 intentionem
1121 5540 1297 5583 causa:
1317 5568 1333 5593 ,
1362 5542 1521 5598 quam
1551 5529 1619 5584 ab
1647 5531 1869 5589 exordio

284 5625 580 5686 susceptam
621 5614 689 5669 ad
717 5614 879 5671 tinem
919 5630 1088 5687 usque
1127 5617 1405 5689 perducit,
1432 5617 1613 5676 subito
1642 5621 1695 5677 in
1723 5623 1866 5679 aliud

343 5747 486 5811 fam.
510 5752 586 5796 Er.
622 5754 674 5799 et
692 5747 869 5798 decem
890 5755 1020 5811 Msa,
1042 5751 1129 5802 sub
1147 5756 1293 5803 tanta.

339 5809 363 5906 ;
379 5811 1620 5945 mm?ﬂw£$b§faﬁtuzwxiﬂxu
1631 5892 1860 5943 gramm

2023 1024 2237 1083 quoque
2284 1028 2426 1070 anno
2466 1031 2629 1088 quem
2679 1030 2872 1077 vocant
2914 1022 3203 1082 Sabbatum
3247 1029 3614 1091 sabbatorum.

2021 1099 2151 1169 Quae
2188 1106 2440 1175 quoniam
2485 1118 2639 1165 erant
2684 1111 2887 1169 umbrae
2930 1113 3263 1189 futurorum,
3298 1122 3410 1191 jam
3451 1125 3616 1183 adve-

2020 1194 2203 1251 nicnte
2241 1195 2453 1254 Christo
2507 1200 2562 1255 in
2612 1204 2991 1273 superstitione
3038 1223 3439 1280 remanserunt,
3489 1232 3614 1275 cum

2021 1293 2269 1380 tanquam
2308 1288 2557 1346 salutaria
2604 1292 3016 1353 observarentur
3041 1315 3072 1354 a
3102 1304 3461 1364 nescientibus
3502 1326 3613 1380 quo

2018 1376 2294 1470 referenda
2337 1380 2446 1436 sint
2490 1400 2504 1437 :
2549 1392 2609 1438 ut
2650 1394 2898 1458 tanquam
2939 1389 3041 1447 hoc
3081 1393 3278 1450 dixerit
3318 1376 3610 1470 Apostolus

2016 1467 2466 1562 Gentibus,VQuid
2504 1473 2721 1543 prodest
2759 1492 2857 1533 vos
2900 1482 3135 1538 evasisse
3164 1467 3472 1545 servitutem
3502 1507 3609 1562 qua

2016 1559 2332 1616 tenebamini
2352 1602 2368 1628 ,
2396 1577 2518 1618 cum
2542 1566 2814 1623 serviretis
2834 1568 3117 1627 elementis
3133 1576 3351 1647 mundi,
3380 1559 3600 1650 quando

2012 1664 2197 1706 rursus
2222 1651 2290 1707 ad
2335 1654 2457 1708 talia
2488 1654 2708 1723 reditis,
2755 1660 2957 1717 seducti
2994 1665 3062 1720 ab
3105 1667 3185 1722 eis
3227 1670 3319 1739 qui
3360 1673 3604 1732 nondum

2010 1753 2358 1813 agnoscentes
2408 1744 2668 1803 libertatis
2721 1764 2832 1806 sum
2881 1762 3123 1826 tempus.
3201 1760 3341 1818 inter
3401 1774 3603 1823 caetera

2009 1846 2172 1903 opera
2194 1833 2349 1905 Legis
2362 1851 2482 1907 qua:
2500 1839 2785 1897 carnaliter
2810 1845 3047 1914 sapiunt,
3076 1850 3236 1906 etiam
3266 1858 3601 1926 temporibus

2007 1927 2281 1994 serviunt;
2308 1928 2500 1999 quibus
2524 1940 2580 1985 et
2606 1946 2701 1987 vos
2730 1949 2917 1992 rursus
2963 1948 3022 1993 ut
3062 1949 3219 1997 antea
3243 1946 3444 2002 servire
3472 1950 3599 2005 vul-

2007 2015 2076 2071 tis
2092 2056 2108 2083 ,
2138 2025 2193 2071 et
2219 2015 2507 2075 observare
2528 2033 2651 2076 cum
2678 2022 2758 2077 eis
2784 2023 2930 2092 dies,
2955 2036 3010 2083 et
3032 2044 3246 2088 menses
3263 2075 3280 2101 ,
3306 2044 3363 2091 et
3384 2050 3560 2095 annos
3577 2081 3598 2109 ,

2005 2114 2059 2163 et
2084 2115 2321 2180 tempora
2341 2151 2357 2176 ,
2398 2110 2592 2181 quibus
2641 2115 2954 2174 serviebatis
2990 2122 3354 2195 et'antequam
3375 2126 3598 2187 Christo

2003 2199 2329 2293 crederetis?
2371 2201 2704 2260 Manifestum
2741 2216 2826 2263 est
2865 2212 3044 2279 enim,
3076 2215 3344 2273 volumina
3384 2228 3597 2293 tempo-

2002 2305 2122 2347 rum
2160 2307 2255 2362 per
2279 2292 2541 2350 elementa
2570 2295 2727 2367 hujus
2767 2300 2979 2369 mundi,
3024 2301 3129 2360 hoc
3164 2316 3275 2376 est,
3311 2292 3508 2367 cmlum
3534 2323 3594 2371 et

2001 2392 2196 2440 terram
2221 2394 2277 2440 et
2298 2395 2476 2442 motus
2498 2397 2657 2459 atque
2682 2390 2924 2448 ordinem
2943 2393 3176 2451 siderum
3204 2399 3591 2471 administrari.

1998 2474 2129 2544 Qua:
2142 2476 2345 2545 infirma
2357 2479 2609 2549 appellat,
2621 2494 2689 2536 ex
2705 2498 2771 2537 eo
2785 2483 2927 2553 quod
2939 2484 3149 2542 inﬁrma
3163 2489 3461 2549 etinstabili
3474 2510 3594 2565 spe.

1997 2565 2080 2621 cie
2105 2565 2378 2623 variantur
2395 2586 2409 2622 :
2426 2584 2580 2641 egena
2595 2585 2742 2639 vero,
2778 2587 2844 2628 ex
2859 2588 2926 2629 eo
2944 2576 3086 2646 quod
3110 2589 3270 2649 egent
3286 2595 3495 2639 summa
3533 2596 3590 2642 et

1996 2660 2169 2716 stabili
2190 2662 2367 2732 specie
2383 2661 2672 2730 Creatoris,
2687 2674 2745 2720 ut
2771 2669 3041 2737 quomodo
3064 2678 3207 2738 sunt,
3220 2686 3341 2729 esse
3351 2676 3585 2745 possint.

2066 2750 2155 2809 35.
2205 2753 2347 2824 Ergo
2404 2754 2565 2825 eligat
2606 2754 2771 2812 lector
2820 2766 2994 2814 utram
3040 2761 3183 2817 volet
3227 2766 3581 2836 sententiam,

1992 2843 2282 2901 dummodo
2306 2846 2563 2919 intelligat
2588 2848 2655 2904 ad
2680 2858 2881 2907 tantum
2908 2854 3201 2923 periculum
3238 2858 3430 2917 anima:
3460 2877 3584 2932 per-

1996 2937 2164 2991 tinere
2188 2939 2583 3008 superstitiosas
2603 2948 2901 3013 temporum
2924 2944 3342 3015 observationes,
3371 2961 3430 3007 ut
3460 2952 3583 3011 huic

1992 3026 2113 3083 loco
2137 3028 2429 3099 subjecerit
2459 3032 2785 3102 Apostolus,
2814 3034 2990 3091 Timeo
3026 3054 3144 3107 vos,
3192 3056 3255 3095 ne
3303 3046 3436 3113 forte
3473 3047 3584 3103 sine

1989 3114 2146 3175 c‘ausa
2172 3121 2505 3177 laboraverim
2530 3124 2583 3179 in
2608 3141 2715 3179 vos.
2755 3125 2908 3195 Quod
2948 3142 3071 3185 cum
3098 3139 3241 3186 tanta
3269 3134 3584 3196 celebritate

1989 3219 2147 3282 atque
2171 3213 2483 3269 auctoritate
2512 3230 2608 3286 per
2632 3216 2819 3272 orbem
2843 3226 3106 3274 terrarum
3134 3220 3187 3276 in
3219 3222 3473 3282 Ecclesiis
3502 3226 3585 3284 le-

1988 3311 2163 3373 gatur,
2197 3304 2350 3374 plena
2384 3313 2509 3360 sunt
2542 3307 2907 3363 conventicula
2943 3318 3123 3366 nostra
3154 3311 3460 3371 hominibus
3484 3318 3579 3388 qui

1990 3401 2227 3464 tempora
2256 3408 2438 3450 rerum
2463 3395 2786 3467 agendarum
2812 3411 2844 3452 a
2870 3399 3257 3457 mathematicis
3291 3404 3581 3476 accipiunt.

1986 3484 2105 3542 1am
2126 3501 2257 3543 vero
2287 3502 2356 3543 ne
2399 3488 2597 3560 aliquid
2629 3488 2928 3558 inchoetur,
2964 3501 3057 3547 aut
3094 3492 3469 3562 aedificiorum,
3490 3508 3586 3554 aut

1986 3578 2288 3650 hujusmodi
2322 3581 2682 3651 quorumlibet
2704 3596 2929 3652 operum
2948 3624 2964 3646 ,
3007 3582 3195 3639 diebus
3234 3601 3372 3656 quos
3409 3585 3578 3659 Egy-

1985 3672 2190 3743 ptiacos
2214 3680 2435 3739 vocant,
2459 3686 2604 3743 saepe
2631 3673 2791 3728 etiam
2814 3688 2914 3729 nos
2940 3689 3161 3730 monere
3183 3690 3287 3730 non
3314 3677 3578 3748 dubitant,

1985 3763 2307 3826 nescientes,
2335 3771 2394 3817 ut
2429 3762 2645 3831 dicitur,
2688 3764 2776 3820 ubi
2821 3765 3114 3821 ambulant.
3140 3766 3294 3834 Quod
3332 3768 3380 3824 si
3424 3770 3581 3829 locus

1985 3853 2087 3910 iste
2126 3853 2194 3910 de
2228 3853 2533 3911 Judaaorum
2562 3855 2933 3927 superstitiosa
2962 3858 3335 3918 observatione
3374 3862 3577 3920 intelli-

1983 3946 2185 4019 gendus
2229 3956 2344 4013 est,
2390 3962 2547 4019 quam
2600 3963 2749 4019 spem
2796 3949 3029 4018 habent,
3093 3966 3215 4008 cum
3258 3952 3580 4011 christianos

1984 4053 2044 4095 se
2079 4038 2186 4094 dici
2226 4038 2426 4105 velint,
2457 4054 2526 4096 ex
2552 4040 2911 4110 ephemeridis
2937 4043 3100 4098 vitam
3141 4044 3449 4116 naufragam
3474 4061 3578 4116 gu-

1983 4130 2270 4187 bernantes
2288 4173 2302 4197 ,
2330 4131 2543 4204 quando
2570 4131 2638 4187 de
2662 4131 2858 4188 divinis
2884 4133 3060 4189 Libris
3078 4176 3094 4202 ,
3120 4150 3256 4205 quos
3295 4137 3438 4191 Deus
3474 4137 3577 4193 ad-

1982 4221 2088 4278 huc
2109 4222 2309 4277 carnali
2342 4222 2537 4293 populo
2554 4221 2738 4290 dedit,
2766 4223 2813 4279 si
2833 4236 2983 4279 more
3000 4223 3305 4280 Judaaorum
3334 4234 3579 4296 tempora

1983 4313 2357 4382 observarent,
2397 4314 2600 4370 diceret
2644 4314 2724 4370 eis
2760 4315 3084 4386 Apostolus,
3131 4314 3304 4372 Timeo
3347 4333 3452 4383 vos,
3512 4336 3576 4373 ne

1982 4407 2110 4477 forte
2147 4406 2255 4462 sine
2289 4422 2446 4461 causa
2488 4406 2819 4461 laboraverim
2859 4407 2915 4461 in
2950 4406 3080 4461 vos?
3108 4405 3177 4461 Et
3206 4416 3381 4463 tamen
3410 4408 3457 4463 si
3482 4408 3579 4465 de-

1982 4497 2338 4568 prehendatur
2364 4496 2642 4569 quisquam
2664 4498 2751 4554 vel
2778 4497 3196 4554 catechumenus
3218 4498 3443 4556 Iudaico
3461 4499 3573 4555 ritu

1981 4588 2260 4646 sabbatum
2309 4589 2601 4645 observans
2624 4631 2640 4655 ,
2690 4589 3038 4645 tumultuatur
3092 4589 3352 4646 Ecclesia.
3420 4589 3574 4646 Nunc

1979 4691 2156 4739 autem
2180 4682 2593 4739 innumerabiles
2615 4682 2684 4739 de
2708 4696 2934 4738 numero
2953 4680 3191 4738 ﬁdelium
3217 4696 3341 4738 cum
3376 4696 3573 4754 magna

1980 4755 2297 4829 confidentia
2328 4773 2379 4827 in
2408 4772 2597 4829 faciem
2636 4772 2790 4829 nobis
2813 4772 3017 4840 dicunt,
3051 4773 3147 4829 Die
3176 4782 3297 4844 post
3320 4773 3573 4830 calendas

1981 4878 2089 4920 non
2118 4864 2443 4936 proﬁciscor.
2475 4863 2544 4919 Et
2566 4865 2652 4918 vix
2673 4864 2817 4919 lente
2840 4863 2941 4919 ista
2960 4863 3307 4932 prohibemus
3330 4863 3575 4919 arriden-

1980 4963 2090 5020 tes,
2117 4970 2188 5011 ne
2226 4955 2544 5021 irascantur,
2575 4962 2630 5009 et
2664 4955 2913 5010 timentes
2941 4968 3009 5008 ne
3032 4954 3196 5023 quasi
3244 4967 3442 5009 novum
3472 4954 3573 5009 ali-

1977 5047 2105 5119 quid
2150 5048 2427 5103 mirentur.
2458 5046 2551 5102 Va:
2579 5047 2810 5118 peccatis
2861 5045 3167 5111 hominum,
3197 5062 3317 5118 quae
3344 5047 3459 5103 sola
3491 5048 3574 5105 in-

1977 5138 2170 5195 usitata
2186 5137 2619 5195 exhorrescimus
2644 5138 2869 5193 :‘usitata
2889 5152 3016 5194 vero
3028 5152 3125 5209 pro
3139 5138 3335 5209 quibus
3348 5138 3569 5196 abluen-
3601 5142 3607 5148 “

1977 5228 2061 5286 dis
2094 5228 2213 5285 Filii
2257 5229 2348 5284 Dei
2391 5228 2607 5300 sanguis
2643 5228 2844 5285 eﬂ‘usus
2883 5240 3000 5297 est,
3046 5230 3339 5301 quamlibet
3377 5245 3571 5301 magna

1977 5321 2112 5389 sint,
2139 5329 2196 5377 et
2219 5320 2439 5377 omnino
2467 5318 2642 5376 claudi
2667 5328 2854 5376 contra
2879 5335 2940 5377 se
2966 5319 3161 5377 faciant
3186 5336 3408 5391 regnum
3436 5319 3534 5374 Dei
3558 5361 3574 5387 ,

1976 5429 2121 5486 saepe
2151 5414 2385 5471 videndo
2424 5414 2603 5471 omnia
2645 5414 2904 5478 tolerare,
2932 5428 3075 5482 saepe
3115 5410 3391 5466 tolerando
3426 5425 3571 5466 non-

1977 5506 2122 5562 nulla
2145 5507 2308 5563 etiam
2338 5503 2514 5562 facere
2531 5506 2800 5576 cogimur!
2832 5514 2993 5574 atque
3013 5502 3235 5565 utinam,
3263 5514 3299 5555 o
3317 5500 3565 5571 Domine,

1977 5614 2085 5655 non
2128 5598 2309 5656 omnia
2350 5614 2472 5671 qua:
2509 5613 2615 5655 non
2659 5596 2988 5668 potuerimus
3032 5591 3350 5663 prohibere,
3398 5592 3567 5652 facia-

1976 5707 2096 5749 mus
2119 5690 2225 5765 (tl)!

1977 5821 2464 5946 mg)
2483 5831 2599 5875 εγω
2621 5820 2885 5887 peccatis”
2913 5818 3359 5882 etc.,transtnlitln
3388 5820 3575 5882 lita-unt
