3956 6362
515 314 658 377 2135

514 427 569 481 in
592 426 749 498 Legis
772 426 1025 497 operibus
1054 425 1268 498 scriptae
1293 433 1440 494 sunt,
1464 439 1534 481 ne
1558 439 1747 481 omnes
1769 426 1991 497 implere
2017 442 2113 484 co-

513 529 768 590 gerentur
799 519 959 589 (quod
990 533 1088 574 nec
1112 518 1213 588 ipsi
1235 517 1439 585 Judaei,
1481 532 1582 574 nec
1628 527 1878 590 parentes
1919 534 2111 576 eorum

520 611 744 679 implere
773 620 1078 680 potuerunt,
1105 608 1243 666 sicut
1271 609 1462 665 Petrus
1490 608 1544 664 in
1569 609 1791 666 Actibus
1818 611 2108 680 Apostolo-

514 718 635 757 rum
660 702 786 757 dicit
813 702 946 775 [Act.
976 717 1072 770 xv,
1102 700 1237 774 10]),
1261 701 1592 758 abstinerent
1615 717 1675 758 se
1702 702 1770 758 ab
1795 701 1896 769 bis,
1916 703 2108 775 quibus

511 808 606 846 eos
636 794 718 847 isti
749 793 1032 863 sultjugare
1057 793 1360 864 cupiebant.

585 883 674 937 49..
719 883 816 956 [1b.
848 899 898 951 v,
923 882 1104 958 4-12.]
1131 883 1410 952 Evacuati,
1441 885 1646 957 inquit,
1671 886 1789 941 estis
1818 903 1852 940 a
1881 884 2102 955 Christo,

509 978 595 1047 qui
616 977 669 1032 in
699 977 831 1049 Lege
858 979 1233 1050 justi/immitti.
1261 979 1388 1036 Haec
1411 988 1497 1036 est
1525 980 1613 1036 illa
1645 980 1962 1052 proscriptio
1997 994 2104 1052 qua

513 1071 785 1127 Christum
819 1073 1174 1147 proscriptum
1195 1074 1440 1145 superius
1459 1073 1670 1130 dixerat
1694 1072 1894 1144 (Calat.
1918 1088 1998 1141 nt,
2022 1072 2099 1146 l),

516 1175 575 1218 ut
610 1181 730 1220 cum
771 1165 857 1220 isti
902 1179 1286 1224 evacuarentur
1309 1183 1340 1222 a
1367 1165 1612 1235 Christo,
1635 1167 1688 1223 id
1713 1177 1829 1236 est,
1854 1166 2102 1224 Christus

516 1259 586 1313 ab
605 1259 684 1314 eis
704 1268 950 1330 tanquam
976 1276 1006 1314 a
1035 1260 1372 1330 possessione
1399 1276 1556 1331 quam
1584 1260 1814 1322 tenebat,
1837 1259 2096 1328 abscedit,

506 1365 668 1422 opera
691 1353 843 1423 Legis
866 1355 916 1408 in
944 1369 1062 1409 eam
1089 1355 1482 1426 possessionem
1511 1364 1760 1426 tanquam
1793 1355 1844 1409 in
1873 1369 2098 1410 vacuam

504 1445 844 1507 inducantur.
876 1447 1027 1516 Quod
1071 1449 1193 1520 quia
1237 1463 1344 1503 non
1389 1447 1621 1513 Christo,
1654 1445 1750 1502 sed
1778 1446 1882 1502 illis
1908 1447 2095 1515 obest,

501 1536 725 1603 addidit,
778 1555 809 1591 a
833 1541 999 1609 gratia
1025 1540 1299 1594 excidistis.
1321 1537 1456 1594 Cum
1487 1538 1630 1594 enim
1654 1538 1755 1593 hoc
1781 1549 1901 1610 agat
1925 1540 2095 1610 gratia

500 1628 735 1698 Christi,
763 1640 820 1685 ut
850 1633 922 1687 illi
952 1632 1042 1702 qui
1065 1632 1336 1688 debitores
1363 1640 1518 1687 erant
1551 1647 1774 1702 operum
1805 1631 1994 1703 Lt'gis,
2027 1633 2094 1688 li-

499 1722 754 1779 berentur
793 1724 894 1780 hoc
922 1725 1136 1791 debito;
1167 1726 1252 1779 isti
1288 1726 1476 1796 ingrati
1504 1735 1664 1781 tanta:
1691 1728 1908 1796 gratiae,
1937 1726 2090 1782 debi-

500 1823 646 1871 tores
673 1831 793 1872 esse
821 1818 1004 1872 volunt
1033 1818 1294 1874 universa;
1331 1817 1490 1890 chis
1530 1817 1806 1874 faciendae.
1846 1818 2092 1876 Nondum

501 1917 680 1962 autem
725 1917 844 1962 erat
881 1909 1108 1973 factum;
1158 1909 1253 1964 sed
1285 1910 1410 1980 quia
1463 1909 1708 1966 voluntas
1737 1911 1942 1966 moveri
1971 1925 2091 1968 cm-

499 2006 688 2065 perat;
721 1999 788 2051 ita
822 1998 1090 2069 plerisque
1121 2000 1251 2055 locis
1280 1999 1515 2071 loquitur
1552 2001 1703 2072 quasi
1753 2000 1952 2057 factum
1995 2003 2088 2059 sit.

500 2084 613 2140 Nos
639 2090 796 2154 enim,
830 2088 1021 2158 inquit,
1045 2090 1224 2160 spiritu
1246 2107 1312 2146 ea:
1330 2092 1433 2160 ﬁde
1453 2108 1594 2162 spem
1609 2092 1828 2163 justitia:
1853 2102 2089 2164 expecta-

496 2193 628 2232 mus.
658 2176 716 2232 In
745 2194 850 2250 quo
879 2179 1208 2235 demonstrat
1236 2196 1299 2237 ea
1328 2183 1598 2254 pertinere
1633 2181 1702 2238 ad
1743 2181 1904 2240 [idem
1932 2181 2088 2241 Chri-

493 2269 562 2323 sti
583 2310 597 2331 ,
626 2285 744 2340 qua:
769 2271 1113 2339 Spiritualitcr
1138 2282 1550 2344 exspectantur;
1579 2290 1686 2330 non
1714 2291 1836 2346 qua:
1855 2276 2091 2332 carnali-

496 2370 579 2416 ter
603 2362 990 2431 desiderantur,
1015 2365 1260 2435 qualibus
1279 2366 1726 2436 promissionibus
1744 2369 1976 2424 servitus
1995 2368 2084 2424 illa

494 2454 772 2509 tenebatur
807 2473 817 2506 :
855 2455 992 2510 sicut
1029 2456 1136 2512 alio
1179 2458 1298 2512 loco
1343 2457 1504 2522 dicit,
1546 2457 1668 2514 Non
1705 2459 2086 2531 respicientibus

491 2545 637 2599 nobis
681 2561 791 2613 qua:
833 2548 1083 2612 uidentur,
1114 2548 1202 2603 sed
1234 2565 1348 2617 quae
1383 2565 1485 2604 non
1513 2550 1766 2606 uidentur.
1799 2551 1928 2620 Qua
1951 2552 2082 2607 enim

488 2638 743 2703 uidentur,
790 2641 1093 2707 temporalia
1133 2651 1282 2708 sunt;
1327 2658 1441 2711 qua:
1479 2651 1647 2698 autem
1687 2660 1790 2699 non
1823 2644 2080 2712 uidentur,

489 2742 678 2787 aeterna
704 2743 820 2788 sunt
845 2733 924 2806 (ll
945 2732 1067 2790 Cor.
1087 2751 1160 2799 tv,
1177 2736 1289 2805 18).
1309 2736 1510 2792 Deinde
1529 2737 1826 2806 subiunxit,
1845 2736 1913 2793 In
1934 2739 2082 2795 Citri-

487 2834 565 2886 sto
594 2825 724 2878 enim
750 2826 876 2880 Jesu
904 2843 1058 2894 neque
1081 2829 1394 2884 circumcisio
1421 2831 1697 2900 quidquam
1724 2831 1856 2887 valet
1872 2875 1887 2898 ,
1921 2850 2082 2905 neque

488 2915 798 2983 prceputium
816 2933 834 2979 ;
864 2923 920 2971 ut
947 2917 1086 2972 illam
1119 2918 1524 2976 indill'erentiam
1565 2921 1890 2990 declararet,
1921 2924 2080 2981 nihil-

485 3017 590 3073 que
618 3006 978 3074 perniciosum
1009 3023 1128 3064 esse
1161 3010 1212 3064 in
1244 3009 1344 3066 hac
1371 3012 1780 3069 circumcisione
1819 3016 2076 3072 ostende-

486 3105 588 3159 ret.
619 3098 721 3152 nisi
743 3114 806 3153 cx
832 3099 917 3152 illa
939 3101 1164 3156 salutem
1185 3117 1422 3171 sperare.
1443 3103 1582 3158 Nihil
1603 3121 1732 3175 ergo
1751 3106 1928 3163 valere
1946 3107 2077 3165 dicit

483 3187 540 3243 in
566 3186 780 3244 Christo
806 3190 1266 3248 circumcisionem
1304 3205 1394 3248 aut
1434 3197 1747 3267 prmputium
1766 3239 1783 3263 ,
1809 3198 1899 3253 sed
1922 3199 2076 3267 ﬁdem

481 3295 600 3350 qua
623 3298 714 3352 per
738 3283 1055 3339 dilectionem
1083 3295 1340 3356 operatur.
1374 3286 1440 3341 Et
1461 3287 1545 3344 hic
1573 3288 1702 3344 illud
1729 3289 1921 3360 tetigit,
1948 3294 2074 3363 quia

480 3373 584 3429 sub
612 3373 753 3446 Lege
779 3376 1006 3431 servitus
1049 3391 1148 3448 per
1189 3378 1434 3434 timorem
1475 3389 1744 3450 operatur.
1790 3381 2074 3442 Currebatis

487 3464 645 3532 bene,
679 3466 884 3538 inquit;
929 3469 1040 3537 quis
1080 3484 1168 3524 uos
1199 3469 1458 3538 impedivit
1479 3472 1680 3525 ueritati
1705 3489 1806 3528 non
1834 3474 2075 3532 obedire!

475 3554 596 3613 Hoc
619 3568 723 3626 est,
754 3559 896 3629 quod
925 3559 1171 3631 superius
1195 3561 1289 3626 ait,
1321 3561 1448 3626 Quis
1475 3578 1564 3618 vos
1585 3563 1850 3634 fascinavit
1871 3565 2067 3640 (Calat.

474 3662 535 3704 nt
555 3691 570 3714 ,
601 3648 654 3722 l)
671 3649 898 3707 ?Suasio
919 3693 934 3718 ,
959 3653 1162 3724 inquit,
1189 3662 1353 3708 uestra
1375 3670 1479 3710 non
1505 3671 1570 3710 ea:
1590 3672 1650 3711 eo
1672 3667 1746 3713 est
1767 3659 1855 3730 qui
1877 3661 2073 3718 vocavit

473 3755 583 3796 uos.
618 3741 742 3797 Hac
761 3743 903 3798 enim
935 3745 1114 3799 suasio
1137 3745 1370 3801 carnalis
1409 3755 1525 3815 est,
1557 3747 1646 3805 ille
1682 3761 1860 3807 autem
1905 3753 1958 3810 in
2004 3754 2068 3812 li-

474 3828 740 3885 bertatem
795 3833 1016 3887 vocavit.
1069 3834 1385 3892 Suasionem
1431 3845 1609 3894 autem
1658 3855 1845 3898 eorum
1891 3842 2064 3916 dixit,

472 3920 615 3992 quod
644 3921 723 3977 eis
744 3922 1084 3980 suadebatur.
1118 3925 1223 3983 Eos
1262 3936 1440 3986 autem
1469 3943 1698 4001 paucos,
1726 3934 1817 4004 qui
1846 3934 1913 3990 ad
1946 3936 2067 3992 illos

470 4011 791 4080 veniebant,
823 4023 880 4068 ut
919 4015 1018 4070 ista
1059 4016 1380 4086 suaderent,
1405 4020 1528 4090 quia
1571 4021 1626 4076 in
1664 4026 2065 4094 comparatione

466 4104 824 4162 mnf-studinis
873 4108 1203 4164 credentium
1252 4108 1558 4167 Galatarum
1612 4115 1788 4186 exigui
1839 4132 2064 4175 numero

469 4205 644 4257 erant.
671 4197 990 4254 fermentum
1018 4200 1272 4270 appellat.
1300 4199 1581 4272 Recipient
1605 4212 1784 4261 autem
1829 4205 1914 4262 isti
1953 4206 2064 4265 fer-

467 4295 741 4351 mentum;
775 4297 830 4342 et
855 4298 962 4344 tota
986 4304 1192 4355 massa,
1233 4289 1286 4344 id
1313 4300 1427 4357 est,
1468 4301 1580 4348 tota
1604 4307 1790 4350 eorum
1819 4295 2058 4354 Ecclesia

465 4375 522 4431 in
551 4380 892 4447 corruptione
933 4381 1163 4436 carnalis
1207 4383 1478 4438 servitutis
1519 4385 1914 4456 quodammodo
1950 4393 2056 4447 ler-

462 4466 810 4530 mentabitnr,
827 4469 874 4523 si
900 4470 1032 4525 tales
1051 4485 1300 4529 suasorcs
1321 4483 1568 4545 tanquam
1585 4477 1760 4547 justus
1789 4490 1843 4537 et
1871 4483 2056 4543 lideles

462 4556 782 4626 recipientes
812 4559 1208 4617 honoraverint.
1235 4563 1368 4636 Ego,
1393 4566 1597 4638 inquit,
1619 4574 1821 4641 con/ida
1839 4577 1893 4631 in
1917 4580 2054 4636 vobis

460 4648 516 4703 in
547 4647 788 4715 Domino,
813 4650 948 4719 quod
971 4650 1103 4707 nihil
1134 4654 1279 4709 aliud
1300 4657 1524 4728 sopistis.
1554 4660 1690 4719 Hinc
1723 4666 1906 4738 utique
1941 4687 2054 4728 ma-

460 4738 716 4806 nifestum
749 4749 854 4806 est,
885 4743 1122 4800 nondum
1147 4745 1270 4803 illos
1293 4746 1460 4807 fuisse
1486 4767 1766 4824 possessos
1784 4773 1815 4815 a
1836 4762 2047 4822 talibus.

463 4829 566 4898 Qui
587 4841 755 4887 autem
777 4834 1044 4890 conturbat
1062 4851 1170 4904 vos,
1197 4836 1389 4911 inquit,
1410 4845 1628 4914 portabit
1640 4848 1918 4922 judicium,
1939 4857 2052 4928 qui-

459 4936 671 4992 cumque
688 4923 775 4978 ille
789 4923 960 4994 fuerit.
977 4924 1102 4983 Haec
1122 4937 1206 4986 est
1219 4929 1310 4987 illa
1323 4935 1659 4993 conturbatio
1671 4945 1934 5000 contraria
1951 4923 2050 5002 'or-

456 5011 606 5078 dini,
641 5023 700 5068 ut
739 5015 807 5070 de
844 5018 1208 5088 spiritualihus
1244 5024 1489 5082 carnales
1528 5027 1676 5087 ﬁant.
1705 5030 1774 5088 Et
1795 5036 2045 5106 quoniam

456 5100 864 5171 intelligendum
893 5117 974 5162 est
1004 5107 1168 5168 fuisse
1191 5112 1452 5183 quosdam
1479 5118 1570 5188 qui
1597 5133 1718 5178 cum
1747 5100 1947 5182 vt-llent
1966 5129 2046 5184 eis

447 5285 681 5357 apostoli
711 5288 1029 5346 auctoritate
1056 5295 1331 5361 revocari,
1372 5297 1614 5358 dicerent
1656 5305 1817 5363 etiam
1865 5308 2039 5380 ipsum

451 5376 677 5434 Paulum
703 5377 752 5433 id
779 5381 1000 5447 sentire,
1031 5381 1128 5438 sed
1158 5397 1264 5440 non
1284 5386 1363 5442 eis
1393 5387 1547 5447 facile
1573 5396 1782 5464 aperire
1807 5376 2040 5458 voluisse

453 5471 773 5536 sententiam
813 5486 1050 5548 suam;
1093 5476 1540 5546 opportunissime
1607 5485 1871 5556 subjecit,
1925 5489 2038 5561 Ego

451 5570 617 5616 autem
638 5603 657 5629 ,
706 5567 888 5632 fratres
918 5607 932 5629 ,
977 5566 1022 5620 si
1068 5567 1496 5627 circumcisionem
1563 5577 1729 5631 adhuc
1786 5583 2035 5652 prtudico,

451 5660 575 5723 quid
625 5641 798 5709 adhuc
847 5661 1242 5728 persecutionem
1293 5665 1457 5734 patior
1483 5667 1509 5720 .9
1565 5667 1737 5725 Etiam
1786 5641 1865 5728 ἐι)
1909 5641 2041 5747 ipsis

451 5745 594 5806 enim
637 5745 934 5824 patiebatur
978 5753 1404 5820 persecutionem
1431 5797 1456 5824 ,
1495 5758 1610 5830 qui;
1640 5759 1761 5818 talia
1817 5745 2041 5835 persua-

1481 307 1837 368 ΕΡῐετοωΕ
1873 311 1968 369 AD
2004 312 2354 388 GALA'I‘AS,
2393 317 2451 376 8.
2492 320 2858 384 AUGUSTINI

2224 429 2354 490 dere
2401 435 2779 507 moliebantur,
2821 457 2946 502 cum
2979 445 3092 518 jam
3129 449 3472 525 Evangelium
3509 463 3786 534 suscepisse

2221 523 2547 616 viderentur.
2597 531 2744 600 Quos
2784 539 2951 608 tangit
2988 539 3098 596 alio
3135 523 3388 612 loco,‘ubi
3414 549 3530 616 ait,

2218 614 2274 719 in
2300 617 2446 719 falsis
2472 622 2716 719 fratribus
2744 624 2812 719 (ΙΙ
2853 627 2972 685 Car.
3017 648 3102 699 xl,
3145 630 3272 706 26);
3315 647 3367 696 et
3408 614 3524 698 hic.
3548 643 3603 699 in
3641 649 3788 719 capite

2218 703 2504 797 iipistoke,
2529 712 2616 768 ubi
2653 714 2811 783 dicit,
2850 737 2871 770 t
2890 719 3119 792 Propter
3159 703 3598 790 subintroductos
3629 703 3783 797 suis};

2215 794 2382 854 falsos
2405 798 2630 872 fratres,
2661 808 2751 878 qui
2776 809 3197 874 subintroierunt
3224 824 3558 889 proscultare
3598 794 3786 888 libet;

2219 893 2328 984 tem
2351 901 2615 961 nostram,
2643 913 2805 968 quam
2829 899 3089 962 habemus
3115 907 3168 964 in
3195 909 3409 969 Christo
3434 915 3567 972 Jesu
3583 958 3600 984 ,
3629 930 3683 976 ut
3706 938 3784 980 nos

2215 982 2269 1038 in
2293 987 2606 1045 servitutem
2635 992 2939 1066 redigerent
2963 1018 2982 1052 ο
3009 999 3208 1072 (Calat.
3237 1021 3295 1072 ιι.
3320 1006 3397 1080 ι).
3441 982 3595 1082 Ergo
3618 1015 3664 1069 si
3697 1017 3782 1073 cir-

2211 1078 2596 1178 cumcisionem
2636 1086 2990 1158 pra-dicabat,
3019 1093 3329 1154 desinerent
3356 1078 3496 1157 eunt
3520 1078 3780 1178 persequi.

2209 1165 2312 1234 Qui
2356 1177 2533 1227 tamen
2578 1189 2647 1230 ne
2691 1177 3006 1237 timerentur
3027 1184 3096 1238 ab
3123 1187 3236 1252 eis,
3279 1191 3479 1260 quibus
3522 1165 3784 1255 christiana

2207 1254 2432 1315 libertas
2450 1265 2899 1335 annuntiabatur;
2922 1281 3016 1327 aut
3035 1289 3104 1330 ne
3123 1277 3194 1334 ab
3212 1254 3330 1349 ipso
3351 1283 3616 1354 Apostolo
3636 1289 3782 1348 timeri

2207 1358 2547 1421 putarentur,
2572 1366 2861 1428 propterea
2898 1364 3145 1434 superius
3173 1368 3344 1426 libera
3373 1374 3571 1444 plenus
3597 1377 3782 1449 ﬁducia,

2207 1455 2404 1545 nomen
2447 1458 2604 1501 suum
2645 1450 2807 1506 etiam
2855 1453 3128 1523 professus
3165 1469 3268 1526 est,
3291 1460 3509 1534 dicens,
3551 1467 3679 1526 Ecce
3707 1491 3781 1545 ego

2205 1529 2408 1592 Paulus
2432 1536 2548 1594 dico
2567 1540 2726 1609 teut,
2748 1545 2870 1614 quia
2882 1547 2929 1602 ti
2941 1549 3399 1615 circumcidamini.
3417 1529 3651 1619 Christus
3668 1529 3780 1624 nolit

2201 1626 2334 1719 nihil
2355 1631 2578 1700 proderit
2606 1632 2722 1705 (Id.
2750 1653 2805 1706 ν,
2830 1637 2924 1707 ὶ);
2952 1651 3203 1716 tanquam
3227 1649 3274 1704 si
3302 1649 3535 1719 diceret,
3564 1655 3690 1715 Ecce
3708 1677 3780 1718 me

2202 1715 2521 1789 imitamini,
2550 1732 2608 1778 ut
2629 1739 2739 1782 non
2763 1728 3030 1800 timeatis;
3058 1715 3148 1791 aut
3174 1737 3227 1792 in
3255 1753 3345 1795 me
3371 1715 3595 1802 causam
3619 1715 3776 1806 relati;

2199 1805 2332 1876 dite,
2363 1811 2409 1866 si
2439 1812 2658 1872 timetis.
2689 1816 2842 1888 Quod
2862 1833 3042 1880 autem
3059 1825 3213 1894 dicit,
3236 1829 3378 1904 Ergo
3407 1848 3688 1894 eum

2197 1902 2498 1958 scandalum
2523 1909 2707 2003 crucis,
2733 1915 3053 1973 sententiam
3073 1918 3216 1976 illam
3236 1902 3462 1993 repetit,
3490 1927 3557 1983 Si
3577 1944 3637 1984 es
3657 1928 3772 2003 Lege

2186 1993 2424 2065 justitia,
2455 2014 2574 2070 ergo
2603 1997 2833 2060 Christus
2859 2009 3019 2078 gratis
3041 2022 3272 2068 mortuus
3316 2025 3393 2071 est
3433 2016 3552 2087 (Id.
3580 2034 3642 2085 ti,
3672 1993 3769 2091 εἰ).

2195 2083 2302 2141 Sed
2327 2085 2414 2144 hic
2437 2094 2688 2160 quoniam
2715 2097 3028 2155 scandalum
3057 2104 3328 2175 nominat,
3370 2083 3452 2163 inv
3481 2083 3767 2171 memoriam

2194 2189 2411 2235 revocat
2435 2192 2717 2254 propterea
2738 2190 2970 2246 maxime
2989 2191 3045 2248 in
3059 2193 3275 2253 Christo
3295 2212 3492 2269 passos
3514 2217 3631 2261 esse
3646 2219 3774 2262 san-

2191 2271 2376 2327 dalum
2399 2272 2634 2342 ludazos,
2659 2280 2782 2349 quia
2813 2281 2942 2340 istas
2961 2288 3204 2346 carnales
3222 2290 3773 2371 nbservationes,quas

2191 2363 2424 2464 pro-ipsa
2443 2367 2612 2464 salute
2629 2385 2689 2427 se
2707 2371 2906 2432 habere
2925 2377 3346 2452 arbitrabantur,
3368 2402 3504 2445 eum
3527 2404 3663 2464 saepe
3679 2363 3770 2449 ini-

2190 2455 2595 2516 madvertehant
2624 2467 2898 2531 praeterire
2923 2479 3086 2541 atque
3105 2483 3474 2537 contemnere.
3521 2455 3630 2540 Hoc
3663 2498 3768 2557 ergo

2189 2546 2265 2603 ita
2291 2548 2447 2617 dixit,
2464 2566 2527 2608 ac
2541 2553 2588 2608 si
2606 2555 2808 2614 diceret
2831 2576 2846 2613 :
2869 2560 2998 2618 Sine
3013 2579 3174 2621 musa
3200 2582 3331 2639 ergo
3343 2567 3623 2631 Christum
3635 2617 3649 2642 ,
3667 2546 3765 2632 cuin

2189 2639 2291 2698 ista
2314 2651 2745 2736 “contemneret,
2776 2653 3116 2713 scandalizati
3156 2657 3328 2717 Judaei
3371 2639 3763 2736 cruciﬁxerunt,

2187 2731 2235 2786 si
2262 2730 2439 2790 adhuc
2465 2736 2547 2791 eis
2577 2752 2675 2808 pro
2701 2741 2897 2812 quibus
2935 2747 3224 2806 cruciﬁxus
3264 2761 3382 2821 est,
3413 2755 3549 2812 talia
3575 2730 3763 2830 penum

2186 2822 2400 2881 dentur.
2427 2827 2493 2884 Et
2516 2829 2711 2898 adjecit
2731 2833 3127 2907 elegantissima
3147 2842 3496 2916 ambiguitate
3515 2822 3662 2922 quasi
3679 2850 3762 2908 tut

2184 2918 2369 2988 specie
2410 2922 2804 2982 maledictionis
2847 2927 3296 3001 benedictionem,
3321 2935 3514 2995 dicens
3537 2918 3558 2994 ξ
3583 2939 3760 2998 Utinam

2183 3016 2232 3061 et
2260 3008 2586 3067 absciduntur
2611 3017 2699 3085 qui
2722 3032 2809 3072 uos
2830 3020 3149 3078 conturbant.
3177 3025 3293 3082 Non
3322 3037 3558 3099 tanturn,
3587 3033 3756 3106 inquit,

2182 3101 2655 3173 circumcidantur,
2699 3109 2796 3164 sed
2843 3119 2900 3166 et
2940 3114 3286 3172 absciduntur.
3326 3117 3420 3176 Sic
3463 3123 3610 3180 enim
3649 3101 3757 3182 bent

2181 3191 2450 3287 spadones
2478 3206 2695 3268 propter
2717 3215 2939 3272 regnum
2962 3205 3219 3264 calorum
3245 3207 3458 3280 (Matth.
3501 3229 3592 3272 nx
3609 3258 3625 3285 ,
3660 3215 3751 3287 Β),

2180 3293 2232 3338 et
2261 3285 2496 3341 carnalia
2535 3290 2801 3348 seminare
2827 3295 3133 3352 cessabunt.

2249 3377 2342 3433 43.
2384 3377 2485 3452 [11).
2516 3397 2572 3446 v,
2603 3381 2718 3458 13.]
2752 3383 2849 3442 Vos
2873 3389 3006 3442 enim
3027 3429 3045 3456 ,
3073 3389 3276 3464 inquit,
3307 3394 3364 3450 in
3389 3395 3655 3456 libuerat
3674 3416 3751 3455 ro-

2178 3468 2283 3559 cati
2306 3470 2445 3537 estis,
2474 3471 2680 3542 fratres.
2706 3475 2838 3544 Quia
2866 3477 2957 3534 illa
2981 3483 3324 3542 conturbatio
3352 3501 3384 3542 a
3412 3488 3744 3559 spiritualibtl

2176 3555 2247 3612 ad
2271 3559 2508 3616 carnalia
2535 3577 2794 3622 revocans
2824 3566 2877 3624 in
2902 3569 3210 3628 servitutem
3241 3555 3496 3634 trahebst.
3523 3576 3623 3636 Sed
3638 3579 3744 3652 ian

2175 3646 2303 3706 hinc
2328 3666 2491 3722 opera
2518 3652 2609 3710 illa
2631 3654 2790 3728 Legis
2825 3668 3055 3718 tractare
3086 3661 3274 3736 incip’t
3291 3707 3309 3734 ,
3336 3667 3408 3726 de
3429 3668 3611 3742 quibus
3631 3646 3745 3729 cum

2172 3755 2332 3814 supra
2351 3743 2590 3802 dixeram
2618 3747 2673 3804 in
2699 3750 2804 3806 line
2823 3750 3076 3824 Epistolte
3100 3763 3451 3816 tractatui-um
3469 3762 3741 3835 (δαμείω.

2174 3833 2266 3907 19)
2286 3877 2303 3903 ,
2329 3853 2449 3909 qua:
2473 3838 2540 3894 ad
2567 3837 2773 3898 Novum
2814 3858 3028 3916 quoque
3065 3833 3745 3926 Testamentum-

2171 3943 2334 3986 nemo
2357 3931 2610 4004 ambigit;
2635 3933 2730 3989 sed
2753 3934 2862 3991 alio
2880 3935 3008 4006 bne,
3033 3954 3143 4012 quo
3165 3941 3364 4001 liberos
3387 3960 3451 4002 ea
3476 3945 3741 4007 faceretis-

2169 4031 2277 4090 cet,
2304 4022 2356 4078 id
2382 4033 2502 4093 est,
2524 4025 2804 4083 cltaritatis
2837 4038 3042 4087 aeterna
3075 4035 3340 4104 sperantis
3368 4037 3496 4096 hinc
3521 4041 3737 4112 prmia,

2167 4125 2222 4172 et
2249 4130 2315 4172 ex
2344 4115 2450 4172 ﬁde
2481 4121 2863 4189 exspectantis.
2889 4121 3007 4179 Non
3043 4124 3179 4181 sicut
3211 4125 3383 4185 ιιιὼί
3402 4171 3419 4196 ,
3440 4131 3532 4202 qui
3562 4132 3736 4190 timore

2165 4205 2267 4262 ista
2306 4207 2530 4278 implere
2552 4211 2904 4282 cogebantur,
2936 4229 3041 4270 non
3087 4216 3180 4273 illo
3222 4228 3373 4276 casto
3409 4231 3736 4294 perinanente

2163 4298 2218 4354 in
2244 4301 2500 4356 saeculum
2529 4303 2710 4359 saeculi
2740 4303 2912 4380 (Psal.
2939 4323 3096 4376 xvut,
3119 4310 3233 4383 10),
3258 4313 3354 4370 sed
3371 4330 3481 4386 quo
3499 4317 3735 4376 timebant

2161 4395 2413 4463 praesenti
2439 4396 2562 4452 vitae
2585 4411 2700 4454 suae
2724 4415 2740 4454 :
2766 4408 2823 4456 et
2849 4399 2971 4458 ideo
2997 4404 3240 4475 quedam
3277 4422 3442 4480 opera
3469 4410 3622 4486 [tegis
3641 4414 3732 4470 im-

2160 4484 2410 4556 plebant,
2441 4504 2560 4558 qua:
2589 4490 2644 4547 in
2666 4495 3016 4552 sacramentis
3057 4508 3208 4565 sunt;
3237 4499 3327 4557 illa
3355 4516 3488 4560 vero
3521 4484 3637 4578 qua:
3669 4503 3730 4562 ad

2159 4574 2329 4634 bonos
2365 4593 2546 4638 mores
2585 4583 2879 4652 pertinent,
2910 4588 3130 4644 omnino
3172 4605 3277 4648 non
3319 4574 3586 4666 poterant.
3626 4596 3727 4656 Non

2158 4668 2300 4724 enim
2326 4669 2512 4742 implet
2534 4687 2598 4727 ea
2623 4673 2725 4730 nisi
2745 4674 2998 4732 charitas.
3019 4676 3154 4748 Quia
3182 4691 3238 4738 et
3259 4682 3529 4744 hominem
3552 4689 3602 4745 si
3623 4703 3724 4762 pro-

2155 4769 2340 4831 pterea
2381 4777 2486 4820 non
2513 4763 2709 4820 occidit
2745 4764 2957 4838 aliquis,
2988 4783 3058 4825 ne
3082 4780 3138 4828 et
3165 4771 3279 4844 ipse
3301 4776 3578 4837 occidatur
3597 4795 3615 4846 ;
3634 4793 3724 4836 non

2157 4851 2341 4924 implet
2381 4865 2705 4926 praeceptum
2737 4856 2958 4928 iustitiae
2985 4877 2999 4914 :
3032 4860 3129 4918 sed
3157 4863 3203 4920 si
3229 4863 3352 4921 ideo
3380 4883 3486 4927 non
3513 4869 3722 4937 occidit,

2153 4946 2277 5017 quia
2302 4946 2556 5016 injustam
2581 4958 2697 5016 est,
2727 4951 2890 5008 etiam
2916 4953 2962 5008 si
2991 4953 3045 5009 id
3071 4957 3241 5026 possit
3287 4958 3468 5020 facere
3504 4963 3716 5037 impune,

2153 5051 2261 5092 non
2287 5036 2461 5092 solum
2487 5037 2625 5109 apud
2653 5038 2926 5108 homines,
2946 5044 3040 5101 sed
3065 5047 3224 5104 etiam
3250 5052 3389 5122 apud
3413 5036 3600 5112 Deum.
3617 5055 3716 5112 Sic-

2151 5137 2212 5184 ut
2237 5127 2400 5184 David
2435 5144 2556 5186 cum
2598 5129 2851 5191 divinitus
2872 5139 3167 5210 accepisset
3205 5142 3259 5198 in
3306 5155 3616 5215 potestatem
3641 5163 3712 5204 re-

2028 5219 2042 5274 i
2148 5235 2270 5293 gem
2293 5219 2442 5287 Saitl,
2475 5221 2696 5293 impune
2719 5227 2899 5297 utique
2921 5229 3210 5300 occideret,
3235 5249 3336 5291 nec
3361 5235 3648 5295 hominibus
3664 5237 3708 5292 in

2145 5327 2210 5370 se
2250 5312 2624 5384 vindicaturis,
2647 5317 2772 5389 quia
2799 5318 3022 5376 multum
3044 5322 3115 5379 ab
3139 5324 3220 5381 eis
3244 5313 3562 5400 diligebatur
3586 5329 3703 5388 idem

2148 5401 2345 5470 David;
2375 5419 2473 5462 nec
2499 5406 2640 5472 Deo,
2667 5407 2756 5479 qui
2796 5407 2934 5467 hanc
2971 5410 3141 5485 ipsam
3176 5427 3493 5486 potestatem
3517 5421 3704 5479 dedisse

2145 5511 2207 5554 se
2233 5499 2458 5562 dixerat.
2487 5507 2544 5554 ut
2563 5502 2781 5558 omnino
2823 5504 2872 5560 ei
2912 5505 3108 5566 faceret
3150 5511 3292 5581 quod
3333 5514 3491 5573 vellet
3517 5517 3566 5588 (Ι
3592 5514 3698 5587 Reg.

2148 5605 2297 5657 xxiv,
2313 5590 2454 5662 4-8).
2477 5590 2724 5663 Pepercit
2743 5610 2872 5667 ergo
2897 5596 3122 5670 diligens
3150 5605 3448 5673 proximum
3475 5616 3695 5680 tanquam

2144 5683 2401 5756 seipsum,
2431 5698 2536 5741 non
2557 5684 2732 5743 solum
2761 5701 3096 5760 persecutum
3113 5733 3131 5760 ,
3159 5694 3254 5752 sed
3281 5698 3445 5756 etiam
3468 5713 3694 5771 persecu-

2145 5775 2455 5848 turum,'qui
2479 5791 2604 5836 eum
2623 5779 2817 5854 corrigi
2839 5795 2998 5855 quam
3021 5783 3498 5851 interﬁcixnalebst
3517 5807 3531 5848 :
3549 5790 3691 5849 bono
