3956 6376
114 495 188 539 ιιι
223 471 394 529 Veteri
420 470 787 539 Testamento,
808 470 903 528 sed
932 485 1039 527 non
1061 468 1220 526 homo
1240 467 1310 525 de
1336 466 1515 525 Veteri
1535 466 1723 524 Testa-

113 576 337 630 mento,
363 578 523 633 quem
555 561 688 617 ﬁdes
716 561 906 617 futurae
932 559 1257 618 bmreditatis
1275 556 1472 615 Christi
1493 557 1725 614 revelata

114 670 193 720 es
218 656 411 712 credita
439 656 455 689 ¹
478 655 684 711 salvum
714 653 958 717 faciebat,
975 663 1032 710 et
1049 653 1116 709 ad
1143 652 1454 709 imitandum
1481 651 1723 707 vocabat.

116 752 263 813 Iden
286 762 426 802 nunc
449 747 581 802 dicit
606 746 927 817 Apostolus,
955 745 1024 801 In
1060 745 1338 800 libertatem
1372 743 1534 799 vocati
1570 742 1723 810 estis,

121 851 347 918 fratres;
370 850 567 894 tantum
592 855 656 893 ne
669 838 948 893 libertatem
962 838 1016 893 in
1030 838 1342 894 occasionem
1366 836 1535 891 carnis
1558 834 1685 888 detis
1705 848 1725 888 :

123 934 199 993 id
215 941 311 996 est,
333 946 402 986 ne
416 930 599 985 audito
614 929 830 985 nomine
858 928 1118 985 libertatis
1134 971 1151 995 ,
1182 930 1398 999 impune
1426 925 1576 982 vobis
1602 939 1727 996 pec-

124 1021 363 1081 candum
392 1036 514 1076 esse
536 1020 890 1075 arbitremini.
922 1019 1029 1076 Sed
1064 1035 1154 1091 per
1179 1019 1494 1082 alacritatem,
1524 1016 1724 1087 inquit,

126 1116 315 1173 servits
340 1114 569 1168 inuicem.
597 1112 700 1181 Qui
723 1113 868 1169 enim
893 1127 991 1183 per
1007 1111 1320 1168 cbaritatem
1346 1110 1536 1179 servit,
1560 1108 1728 1165 libere

128 1206 327 1265 servit,
359 1216 414 1258 et
440 1204 557 1258 sine
579 1203 795 1259 miseria
821 1202 1201 1275 obtemperans
1229 1202 1362 1270 Deo,
1388 1215 1512 1257 cum
1542 1215 1728 1256 amore

132 1295 383 1353 faciente
406 1292 548 1365 quod
570 1293 815 1363 docetur,
841 1309 948 1351 non
969 1308 1092 1350 cum
1120 1294 1311 1351 timore
1335 1293 1478 1364 quod
1497 1292 1724 1363 cogitur.

220 1387 300 1443 lt.
330 1385 428 1458 [11).
456 1401 512 1451 v,
539 1384 650 1457 14.]
683 1384 864 1440 Omnis
884 1387 1018 1440 enim
1037 1383 1163 1447 Lex,
1192 1384 1382 1455 inquit,
1411 1384 1466 1438 in
1493 1399 1595 1438 uno
1616 1398 1727 1438 ser-

138 1493 293 1533 mone
321 1475 528 1546 impleta
559 1484 653 1537 est.
688 1476 741 1529 in
777 1491 837 1530 eo
874 1475 1010 1545 quod
1046 1474 1224 1546 diliges
1262 1475 1549 1545 proximum
1587 1482 1729 1548 tuum

142 1583 383 1639 tauquam
421 1568 655 1637 teipsum.
685 1564 912 1624 Omnem
944 1581 1073 1638 ergo
1102 1567 1296 1638 Legem
1324 1579 1468 1622 nunc
1493 1564 1625 1622 dicit
1660 1581 1729 1622 ex

144 1659 237 1714 his
260 1657 510 1728 operibus
536 1673 655 1729 qua:
678 1657 747 1712 ad
776 1659 947 1714 bonos
973 1672 1151 1714 mores
1186 1657 1453 1728 pertinent
1484 1672 1499 1710 :
1530 1654 1654 1728 quia
1673 1663 1731 1711 et

150 1751 243 1806 illa
263 1765 378 1819 qua:
404 1757 529 1803 sunt
553 1750 607 1803 in
635 1749 1004 1812 sacramentis,
1029 1762 1152 1804 cum
1180 1747 1317 1804 bene
1343 1762 1375 1801 a
1417 1744 1603 1802 liberis
1641 1746 1729 1800 in-

154 1839 475 1909 telliguntur,
507 1854 607 1894 nec
644 1840 929 1895 carnaliter
965 1838 1316 1895 observantur
1352 1852 1385 1893 a
1421 1836 1593 1894 servis
1614 1876 1632 1904 ,
1660 1835 1731 1892 ad

152 1931 246 1985 illa
284 1932 386 1986 duo
404 1964 409 1971 -
427 1941 687 2001 praecepta
731 1932 1031 1986 referantur
1054 1944 1275 1987 necesse
1298 1938 1399 1997 est,
1426 1927 1731 1986 dilectionis

152 2022 257 2077 Dei
286 2032 336 2079 et
369 2022 606 2090 proximi.
637 2021 803 2078 Recte
835 2023 1013 2094 itaque
1039 2021 1299 2092 accipitur
1331 2020 1399 2077 ad
1428 2021 1531 2077 hoc
1561 2020 1730 2092 perti-

149 2127 291 2168 nere
314 2111 446 2183 quod
473 2113 632 2167 etiam
666 2112 922 2169 Dominus
961 2113 1065 2179 ait,
1093 2111 1216 2167 Non
1256 2112 1369 2168 seni
1405 2110 1589 2182 Legem
1628 2113 1733 2167 sol-

150 2219 288 2269 vere,
317 2203 401 2257 sed
438 2204 649 2273 implere
681 2202 900 2274 (Matth.
919 2219 975 2268 v,
1007 2203 1096 2274 17)
1124 2204 1288 2275 :quia
1316 2212 1433 2259 erat
1458 2204 1733 2260 ablaturus

158 2293 398 2351 timorem
422 2293 726 2357 carnalem;
752 2292 1083 2364 spiritualem
1103 2302 1282 2350 autem
1300 2291 1613 2350 charitatem
1637 2294 1733 2349 da-

162 2393 326 2448 turus,
359 2400 461 2456 qua
502 2384 617 2440 sola
657 2383 768 2440 Lex
792 2384 1000 2455 impleri
1040 2394 1234 2456 potest.
1279 2383 1554 2441 Plenitudo
1586 2384 1733 2441 enim

175 2474 324 2548 legis,
353 2476 573 2531 charitos
598 2490 619 2531 :
646 2484 704 2531 ut
745 2474 997 2547 quoniam
1027 2476 1160 2533 lides
1192 2477 1443 2548 impetrat
1473 2476 1733 2548 Spiritum

176 2577 414 2633 sanctum,
442 2581 539 2637 per
561 2581 721 2637 quem
748 2567 981 2622 charitas
1008 2566 1102 2623 Dei
1128 2566 1317 2623 diﬁ’usa
1360 2575 1443 2623 est
1469 2566 1524 2622 in
1549 2566 1731 2623 cordi-

172 2657 259 2715 bus
296 2658 623 2728 operantium
660 2656 918 2727 justitiam
954 2657 1147 2728 (Rom.
1179 2673 1234 2725 v,
1265 2657 1361 2726 5),
1388 2658 1535 2715 nullo
1572 2657 1733 2714 modo

171 2748 425 2819 quisquam
453 2758 577 2805 aute
600 2750 824 2821 gratiam
846 2748 968 2805 lldei
995 2749 1063 2805 de
1081 2749 1236 2805 bonis
1261 2750 1515 2820 operibus
1537 2748 1733 2821 glorie-

171 2847 265 2895 tur.
287 2839 612 2913 Qmpropter
636 2841 767 2898 istos
785 2841 1049 2912 jactantes
1074 2854 1136 2897 se
1172 2839 1242 2898 de
1283 2841 1540 2911 operibus
1576 2840 1732 2913 Legis

171 2930 233 2987 ita
257 2931 444 2988 refellit
466 2934 777 3003 Apostolus,
802 2931 931 2987 dum
960 2930 1192 2988 ostendit
1220 2947 1389 3004 opera
1416 2942 1622 2989 vetusta
1641 2946 1732 2989 sa-

167 3033 538 3081 mmeutonun
563 3024 779 3081 umbras
804 3024 1101 3081 futurorum
1129 3024 1313 3094 fuisse,
1342 3026 1603 3098 quasjam
1630 3026 1733 3083 ad-

166 3127 313 3172 ventu
364 3115 573 3173 Domini
620 3114 790 3172 libero
833 3114 1033 3173 heredi
1076 3116 1407 3174 necessarias
1457 3130 1566 3173 non
1607 3131 1733 3174 esse

166 3208 503 3265 monstravit:
533 3221 700 3278 opera
725 3221 855 3264 vero
880 3206 949 3263 ad
977 3206 1149 3264 bonos
1187 3222 1365 3265 mores
1406 3208 1732 3279 pertinentia

165 3312 263 3355 non
290 3298 490 3370 impleri
530 3297 634 3354 nisi
667 3298 971 3365 dilectione,
1013 3312 1109 3369 per
1126 3312 1287 3369 quam
1315 3297 1449 3354 ﬁdes
1473 3307 1730 3370 operatur

163 3388 346 3460 (Colat.
370 3405 426 3457 v,
454 3388 533 3463 6).
556 3387 707 3446 Unde
730 3388 777 3445 si
803 3403 967 3460 opera
985 3386 1143 3458 Legis
1157 3387 1402 3459 quaedam
1426 3397 1549 3460 post
1571 3388 1732 3447 ﬁdem

162 3481 431 3552 superﬂua,
448 3479 694 3552 quaedam
717 3490 842 3536 ante
867 3479 1026 3536 ﬁdem
1046 3478 1188 3535 nulla
1210 3488 1369 3546 sunt;
1396 3481 1537 3537 vivat
1554 3480 1732 3551 justus

160 3589 223 3630 ex
250 3575 347 3630 ﬁde
368 3573 592 3645 (Hebae.
623 3588 660 3629 ιι
680 3614 697 3641 ,
724 3573 804 3646 ι),
837 3584 893 3629 ιιι
916 3582 972 3629 et
996 3588 1135 3629 onus
1160 3588 1323 3645 grave
1342 3575 1613 3631 servitutis
1637 3576 1735 3632 ab-

154 3665 317 3735 διάει,
343 3668 439 3723 levi
467 3666 677 3723 sarcina
705 3665 903 3721 Christi
942 3674 1216 3738 vegetatus
1244 3663 1469 3739 (lfatth.
1495 3684 1569 3736 xi,
1599 3669 1727 3739 30).

158 3767 217 3811 et
234 3756 438 3827 justitite
468 3767 643 3815 metas
674 3773 782 3814 non
807 3757 1246 3829 transgrediatur,
1271 3757 1377 3815 leni
1399 3759 1530 3832 jugo
1552 3762 1573 3794 ³
1596 3761 1725 3819 cha-

116 3900 119 3903 ,
155 3848 322 3904 ritatis
344 3850 731 3920 obtemperans.

221 3941 305 3997 45.
338 3940 435 4015 [11).
463 3957 520 4002 v.
543 3942 630 4006 l5,
653 3939 768 4014 l6.]
788 3939 965 4009 Queri
988 3949 1167 3997 autem
1190 3949 1366 4012 potest
1382 3956 1480 3999 cur
1507 3944 1730 4014 Aposto-

154 4033 231 4088 lus
250 4044 305 4090 et
324 4036 408 4091 hic
426 4036 598 4090 solam
635 4035 1074 4090 commemoravit
1099 4035 1329 4106 proximi
1351 4034 1691 4094 dilectionem
1704 4081 1722 4105 ,

152 4138 245 4192 qua
274 4124 466 4196 Legem
484 4124 622 4180 dixit
645 4124 888 4193 impleri;
911 4133 967 4180 et
987 4123 1054 4179 ad
1078 4124 1348 4181 Romanos
1383 4140 1504 4183 cum
1540 4128 1593 4184 in
1629 4144 1724 4184 ea.

151 4213 263 4270 dem
307 4216 604 4287 quaestione
646 4228 965 4282 versaretur,
1004 4234 1024 4270 1
1056 4214 1158 4284 Qui
1196 4215 1339 4272 enim
1380 4216 1552 4289 diligit
1588 4220 1724 4275 alte-

153 4321 281 4371 rum,
306 4308 494 4379 inquit,
527 4307 722 4377 Legem
750 4307 987 4377 implevit
1018 4323 1032 4360 :
1066 4322 1210 4372 nam,
1235 4305 1352 4362 Non
1374 4308 1720 4377 adulterabis,

152 4396 256 4453 Non
302 4400 649 4458 homicidium
694 4399 876 4467 facies,
902 4398 1021 4455 Non
1051 4397 1341 4466 furaberis,
1371 4398 1488 4457 Non
1526 4417 1722 4459 concu-

154 4487 334 4555 pisces,
361 4499 417 4546 et
439 4491 485 4545 si
509 4489 650 4560 quod
678 4499 763 4546 est
786 4488 930 4545 aliud
956 4489 1286 4557 mandatum,
1317 4491 1370 4546 in
1396 4490 1497 4548 hoc
1519 4507 1722 4549 sermo-

152 4592 213 4634 ne
235 4581 626 4651 rccapitulatur,
649 4579 843 4651 Diliges
869 4580 1167 4650 proximum
1188 4589 1335 4636 tuum
1365 4590 1614 4653 tanquam
1643 4592 1721 4641 te-

154 4670 334 4740 ipsum.
365 4673 586 4728 Dilectio
623 4672 849 4743 proximi
874 4671 1072 4727 malum
1100 4685 1208 4726 non
1237 4682 1508 4742 operatur.
1537 4673 1720 4731 Pleni-

153 4764 269 4819 tudo
294 4775 469 4820 autem
496 4763 676 4835 Legis,
705 4763 937 4819 charitas
972 4780 991 4817 1
1020 4760 1197 4833 (Rom.
1225 4776 1349 4830 xm,
1380 4763 1554 4835 8-l0).
1585 4764 1720 4822 Cum

153 4870 266 4925 ergo
292 4856 502 4911 nonnisi
546 4855 598 4909 in
636 4853 845 4910 duobus
886 4855 1168 4926 perceptis
1205 4854 1507 4910 dilectionis
1537 4857 1627 4912 Dei
1664 4868 1720 4913 et

154 4950 364 5016 prrximi
392 4950 622 5020 perlecta
650 4947 719 5002 sit
737 4946 989 5013 cbaritas,
1020 4961 1118 5002 cur
1150 4947 1440 5019 Apostolus
1455 4957 1506 5002 et
1535 4948 1589 5003 in
1620 4949 1721 5005 hac

150 5050 199 5094 et
221 5043 266 5097 iu
293 5042 384 5097 illa
404 5040 642 5112 Epistula
666 5041 833 5096 solam
856 5040 1079 5111 proximi
1108 5038 1452 5095 dilectionem
1477 5055 1717 5097 comme-

152 5146 340 5193 morat;
370 5134 470 5188 nisi
508 5133 633 5203 quia
660 5131 730 5187 de
766 5130 1053 5187 dilectione
1096 5131 1190 5187 Dei
1236 5141 1457 5202 possunt
1503 5134 1717 5189 mentiri

152 5222 379 5282 homines
401 5268 416 5292 ,
443 5225 566 5296 quia
594 5225 825 5280 rariores
851 5223 1173 5279 tentationes
1211 5236 1332 5277 eam
1371 5222 1635 5293 probant;
1664 5226 1717 5282 in

151 5313 416 5373 dilectione
456 5326 634 5371 autem
678 5314 905 5385 proximi
937 5314 1146 5370 facilius
1168 5313 1559 5371 convincuntur
1596 5331 1715 5374 eam

151 5422 240 5466 non
266 5410 489 5472 habere,
519 5406 646 5461 dum
672 5407 849 5476 inique
875 5420 997 5462 cum
1023 5404 1326 5461 hominibus
1343 5406 1546 5477 agunt?
1572 5409 1716 5466 Con-

150 5514 362 5573 sequens
388 5510 473 5555 est
498 5511 676 5554 autem
704 5507 761 5553 ut
779 5499 868 5569 qui
894 5514 961 5554 ex
990 5506 1102 5553 toto
1134 5496 1298 5554 corde
1314 5537 1332 5562 .
1358 5514 1427 5555 ex
1450 5509 1559 5557 tota
1595 5504 1716 5560 ani-

151 5606 236 5659 ma,
263 5612 333 5650 es
365 5602 472 5648 tota
503 5603 681 5648 mente
707 5590 871 5645 Deum
902 5590 1106 5661 diligit,
1132 5589 1317 5662 diligat
1336 5601 1389 5648 et
1413 5594 1713 5664 proximum

200 5726 305 5781 'Sic
326 5734 441 5779 Iss.
464 5727 579 5777 Editi
604 5738 741 5787 vero,
757 5731 804 5776 et
823 5722 1035 5787 reddita.

196 5789 375 5853 ’Πάαῆ
399 5788 643 5854 ιωείυρο-
664 5784 798 5847 Πάδον
817 5784 1064 5854 W599-

1294 348 1769 412 EXPOSITIONIS
1801 348 2003 410 LIBER
2040 353 2241 417 UNUS.

1834 475 2082 539 tauquam
2106 471 2372 542 seipsmn;
2398 473 2520 546 quia
2548 472 2653 532 hoc
2678 474 2831 547 jubet
2866 477 2978 548 ille,
3005 494 3168 553 quem
3204 495 3272 538 ex
3298 489 3416 541 toto

1830 559 2013 625 corde,
2042 577 2106 617 ex
2138 570 2249 617 tota
2278 565 2477 632 anima,
2503 580 2572 622 ex
2603 575 2711 623 tota
2739 579 2916 627 mente
2943 570 3135 643 diligit.
3164 571 3295 628 Item
3322 571 3413 631 dl-

1832 649 1995 721 ligcre
2019 653 2339 723 proximum,
2372 655 2424 712 id
2450 665 2533 714 est
2574 673 2791 715 omnem
2826 660 3094 719 hominem
3112 705 3131 731 ,
3160 674 3412 737 tanquam

1830 743 2087 814 seipsum,
2116 748 2234 818 quis
2264 758 2455 820 potest,
2488 752 2589 807 nisi
2633 753 2800 810 Deum
2844 755 3061 828 diligat,
3091 759 3242 829 cujus
3274 776 3417 831 pra:-

1830 844 1987 904 cepto
2014 847 2070 892 et
2106 837 2248 895 dono
2287 840 2625 899 dilectionem
2666 846 2893 914 proximi
2935 850 3101 918 possit
3149 849 3416 922 implere?

1831 920 1963 981 Cum
2001 942 2131 999 ergo
2165 941 2444 1002 utrumque
2490 945 2810 1005 perceptum
2839 937 2908 993 ita
2935 940 3034 1001 sit,
3063 949 3124 995 ut
3170 920 3417 999 neutrum

1831 1013 1949 1072 sine
1973 1018 2144 1075 altero
2169 1023 2339 1090 possit
2364 1026 2553 1089 teneri,
2577 1027 2741 1082 etiam
2767 1044 2928 1083 unum
2959 1029 3149 1086 horum
3171 1046 3414 1090 comme-

1832 1120 2044 1164 morare
2066 1110 2375 1183 plermnque
2393 1115 2609 1181 suﬁlcit.
2631 1131 2753 1174 cum
2779 1119 2954 1191 agitur
2976 1121 3047 1177 de
3064 1124 3317 1194 operibus
3332 1125 3421 1195 ju-

1833 1198 1992 1253 stitite
2016 1216 2029 1252 :
2059 1201 2152 1256 sed
2179 1207 2529 1273 opportunius
2558 1207 2709 1272 illud,
2740 1209 2809 1265 de
2833 1227 2939 1281 quo
2962 1213 3188 1286 quisque
3213 1217 3421 1273 facilius

1832 1290 2182 1347 convincitur.
2215 1292 2364 1349 Unde
2384 1295 2618 1353 Joannes
2637 1298 2766 1355 dicit
2797 1318 2811 1355 :
2841 1302 2940 1369 Qui
2967 1305 3221 1361 enimnon
3247 1308 3415 1379 diligit

1833 1381 2044 1450 fratrem
2078 1398 2226 1436 suum
2256 1400 2402 1453 quem
2428 1387 2560 1442 uidet
2580 1430 2595 1455 ,
2624 1387 2791 1443 Deum
2815 1408 2962 1460 quem
2987 1410 3091 1449 non
3117 1395 3249 1450 uidet
3286 1413 3417 1468 quo-

1833 1479 1984 1532 modo
2035 1489 2194 1549 potest
2233 1481 2440 1552 diligere
2473 1483 2526 1555 (l
2551 1482 2707 1539 Joon.
2738 1501 2810 1551 tv,
2846 1485 2991 1557 20)?
3034 1488 3422 1548 Mentiebantur

1834 1569 1976 1625 enim
2002 1570 2214 1639 quidam
2237 1572 2572 1629 dilectionem
2601 1590 2662 1630 se
2701 1576 2792 1630 Dei
2832 1578 3060 1643 habere,
3086 1588 3143 1637 et
3182 1578 3253 1636 de
3291 1580 3419 1638 odio

1836 1658 2073 1716 fraterno
2091 1676 2210 1717 eam
2233 1679 2337 1719 non
2368 1664 2563 1721 habere
2583 1667 3034 1725 convincebantur
3060 1688 3074 1724 :
3100 1670 3168 1726 dc
3194 1688 3301 1743 quo
3323 1672 3418 1743 ju-

1835 1752 2014 1809 dicare
2036 1754 2090 1809 in
2115 1756 2420 1825 quotidiana
2450 1758 2556 1812 vita
2583 1767 2640 1814 et
2666 1760 2903 1816 moribus
2929 1762 3082 1819 facile
3109 1772 3211 1820 est.
3242 1764 3305 1820 Si
3322 1781 3421 1820 uu-

1836 1852 1935 1899 tem
1958 1846 2217 1910 ntordetis,
2246 1847 2435 1917 inquit,
2467 1858 2514 1903 et
2539 1850 2799 1906 comeditis
2818 1850 3051 1919 invicem,
3072 1854 3231 1911 uidete
3263 1872 3327 1910 ue
3355 1856 3421 1910 ob

1833 1932 2045 1988 invicem
2062 1938 2461 1993 consumamini:
2492 1938 2592 1994 hoc
2619 1940 2765 1996 enim
2792 1942 3021 1998 maxime
3048 1943 3176 2000 vitio
3200 1954 3422 2003 conten-

1836 2026 2001 2083 tionis
2041 2037 2098 2083 et
2130 2028 2464 2106 invidentize,
2503 2032 2818 2101 perniciosa;
2858 2034 3245 2106 disputationes
3282 2039 3422 2095 inter

1835 2132 1931 2175 eos
1957 2104 2351 2185 nutriebantur,
2372 2121 2512 2177 male
2530 2120 2599 2177 de
2624 2124 2855 2179 invicem
2882 2104 3169 2197 lotiuendo,
3191 2138 3247 2184 et
3272 2144 3423 2201 qua:-

1836 2208 2007 2264 rendo
2050 2210 2275 2280 quisque
2315 2210 2536 2280 gloriam
2587 2227 2738 2268 suam
2786 2230 3084 2287 vanamque
3119 2218 3420 2288 victoriam,

1836 2299 2029 2370 quibus
2042 2299 2234 2356 studiis
2247 2301 2581 2357 consumitur
2600 2303 2829 2360 societas
2850 2307 3054 2376 populi.
3074 2307 3202 2364 dum
3228 2308 3281 2365 in
3301 2326 3424 2381 par-

1836 2398 1919 2448 tes
1940 2390 2276 2450 discinditur.
2305 2392 2585 2463 Quomodo
2621 2404 2799 2455 antem
2828 2398 2932 2455 ista
2966 2400 3136 2458 vitare
3173 2412 3420 2474 possunt,

1838 2483 1939 2540 nisi
1983 2485 2174 2554 spiritu
2200 2485 2478 2543 ambulent
2496 2528 2511 2551 .
2541 2495 2594 2543 et
2619 2490 3077 2560 concupiscentias
3102 2494 3282 2551 carnis
3311 2510 3421 2553 non

1836 2572 2149 2645 perﬁciant?
2178 2575 2414 2632 Primum
2441 2577 2585 2634 enim
2613 2587 2669 2635 et
2691 2595 2941 2651 magnum
2979 2599 3172 2639 munus
3194 2595 3279 2642 est
3305 2587 3422 2659 spi-

1836 2664 1992 2729 ritus.
2026 2666 2312 2734 humilitas,
2343 2678 2400 2725 et
2424 2671 2796 2727 mansuetudo.
2823 2672 2973 2729 Unde
2998 2675 3126 2731 illud
3150 2677 3293 2748 quod
3307 2678 3422 2750 jam

1836 2759 2271 2822 commemoravi,
2309 2759 2564 2817 Dominus
2608 2761 2823 2827 clamat,
2862 2762 3054 2821 Discite
3090 2784 3123 2820 α
3160 2784 3272 2834 me,
3300 2770 3422 2840 quia
3496 2794 3497 2797 η

1835 2848 1971 2903 mitis
1988 2864 2119 2915 sum,
2149 2860 2197 2904 et
2235 2851 2442 2908 humilis
2482 2853 2633 2908 corde
2668 2853 2891 2924 (Matth.
2912 2860 2996 2923 ‘xt,
3025 2856 3120 2925 29)
3151 2876 3164 2911 :
3196 2868 3251 2916 et
3291 2860 3422 2918 illud

1836 2938 2143 3010 prophetae,
2182 2941 2351 3012 Super
2394 2959 2544 3014 quem
2577 2946 2837 3015 requiescit
2869 2946 3095 3019 Spiritus
3138 2967 3297 3019 meus,
3320 2954 3422 3010 nisi

1834 3046 1986 3101 super
2028 3032 2268 3088 humilem
2313 3043 2360 3088 et
2404 3035 2650 3107 quietum,
2700 3046 2749 3092 et
2795 3047 3084 3096 tremmtem
3125 3043 3271 3099 mlta
3306 3061 3421 3102 mea

1835 3120 1988 3192 (Iani.
2016 3137 2162 3187 mi,
2189 3122 2288 3194 2)?

1905 3214 1993 3270 46.
2023 3212 2137 3286 (Ib.
2164 3214 2351 3289 v,l7.]
2378 3216 2532 3286 Quod
2557 3226 2736 3276 autem
2761 3220 2867 3288 ait,
2902 3220 3034 3278 Caro
3067 3225 3202 3280 enim
3235 3240 3422 3283 concu-

1834 3305 1983 3375 piscit
2018 3306 2259 3361 adversus
2294 3308 2551 3377 spiritum,
2584 3310 2793 3381 spiritus
2834 3322 3003 3368 autem
3027 3316 3267 3372 aduersu
3298 3334 3418 3374 cer-

1834 3411 1949 3450 nem
1976 3410 1997 3451 :
2024 3396 2132 3451 haec
2156 3398 2291 3452 enim
2321 3398 2533 3454 invicem
2571 3401 2937 3470 adversantur;
2972 3416 3029 3460 ut
3067 3422 3168 3463 non
3208 3424 3268 3464 ea
3305 3426 3421 3480 qua

1832 3484 1986 3539 vultis
2003 3486 2243 3556 faciatis;
2272 3498 2462 3559 putant
2486 3492 2572 3548 hic
2601 3492 2844 3550 homines
2869 3495 3093 3552 liberum
3125 3500 3416 3560 voluntatis

1833 3577 2112 3634 arbitrium
2134 3594 2331 3649 negare
2367 3582 2683 3652 Apostolum
2711 3600 2810 3641 nos
2836 3587 3061 3654 habere,
3095 3606 3194 3646 nec
3220 3593 3413 3650 intelli-

1832 3680 1963 3740 gunt
1990 3669 2095 3726 hoc
2117 3671 2196 3726 eis
2229 3671 2454 3740 dictum,
2502 3674 2547 3729 si
2586 3678 2807 3747 gratiam
2844 3678 2965 3735 ﬁdei
3000 3692 3300 3753 susceptam
3338 3695 3421 3741 te-

1834 3776 1965 3818 nere
1990 3762 2212 3830 nolunt,
2235 3778 2334 3835 per
2359 3780 2517 3836 quam
2556 3768 2725 3825 solam
2757 3782 2977 3842 possunt
3000 3774 3188 3843 spiritu
3223 3775 3417 3833 ambu-

1834 3852 1966 3919 lare,
1987 3862 2043 3909 et
2067 3854 2527 3925 concupiscentias
2554 3860 2730 3915 carnis
2759 3876 2865 3917 non
2887 3866 3184 3934 perlicere;
3211 3866 3257 3923 si
3285 3882 3415 3940 ergo

1831 3942 2020 3999 nolunt
2060 3958 2178 3999 eam
2203 3954 2406 4012 tenere,
2438 3963 2544 4003 non
2573 3958 2820 4020 poterunt
2857 3968 2922 4008 ea
2959 3971 3079 4026 qua:
3109 3958 3291 4014 volunt
3332 3959 3417 4017 fa-

1829 4048 1973 4091 cere.
1995 4034 2191 4092 Volunt
2211 4036 2354 4092 enim
2379 4041 2588 4110 operari
2616 4057 2779 4113 opera
2805 4044 3180 4119 iustitia-,qttte
3211 4058 3337 4105 sunt
3360 4052 3418 4108 in

1830 4125 1993 4199 Lege,
2021 4128 2114 4185 sed
2145 4130 2429 4186 vincuntur
2449 4134 2880 4203 concupiscentia
2901 4137 3079 4192 carnis
3097 4178 3116 4205 ,
3138 4153 3297 4209 quam
3321 4156 3415 4199 se-

1828 4219 2043 4290 quendo
2073 4219 2325 4277 deserunt
2344 4222 2568 4293 gratiam
2596 4224 2738 4280 lidei.
2773 4225 2924 4283 Unde
2950 4238 3006 4283 et
3041 4228 3109 4285 ad
3146 4230 3416 4291 Romanos

1827 4311 1985 4377 dicit.
2014 4312 2296 4369 Prudentia
2339 4316 2508 4371 carnis
2542 4317 2749 4372 inimica
2786 4320 2839 4374 in
2877 4319 3041 4376 Deum
3071 4338 3091 4377 :
3114 4322 3240 4396 Legi
3278 4326 3413 4382 enim

1827 4402 1926 4460 Dei
1951 4422 2052 4460 non
2080 4418 2156 4461 est
2182 4409 2444 4480 subjecto;
2472 4426 2630 4482 neque
2655 4413 2787 4466 enim
2807 4424 2965 4483 potest
2984 4415 3156 4487 (Rom.
3185 4433 3300 4487 vm,
3331 4420 3411 4495 7).

1823 4492 1961 4550 Cum
2003 4496 2144 4551 enim
2185 4496 2421 4555 cbaritas
2469 4500 2664 4572 Legem
2704 4503 2953 4575 impleat,
2981 4509 3258 4578 pmdentia
3284 4492 3415 4569 vero

1824 4592 2004 4646 carnis
2049 4594 2327 4651 commoda
2380 4599 2693 4669 temporalia
2734 4602 3092 4657 consectando
3151 4603 3413 4675 spirituali

1825 4680 2068 4739 charitati
2107 4685 2452 4753 adversetur;
2487 4693 2757 4762 quomodo
2796 4704 2971 4765 potest
3007 4694 3134 4766 Legi
3167 4696 3260 4753 Dei
3291 4713 3412 4755 esse

1826 4775 2085 4844 subjecta,
2118 4776 2167 4831 id
2194 4788 2308 4843 est,
2351 4781 2578 4838 libenter
2611 4795 2769 4855 atque
2796 4787 3156 4858 obsequenter
3190 4791 3412 4860 implere

1820 4865 2099 4935 justitiam,
2141 4869 2299 4939 eique
2340 4886 2448 4926 non
2483 4873 2796 4940 adversari;
2826 4878 3040 4949 quando
3080 4880 3239 4935 etiam
3278 4882 3407 4939 dum

1824 4966 2067 5024 conatur,
2092 4959 2336 5016 vincatur
2371 4977 2593 5019 necesse
2634 4976 2748 5032 est,
2795 4968 2883 5022 ubi
2928 4969 3191 5026 invenerit
3233 4974 3403 5044 majus

1824 5048 2164 5106 commodum
2187 5055 2480 5125 temporale
2507 5055 2576 5112 de
2602 5058 2876 5127 iniquitate
2901 5078 2960 5117 se
2990 5079 3147 5134 posse
3170 5069 3405 5139 assequi,

1824 5158 1982 5213 quam
2003 5144 2048 5199 si
2068 5146 2330 5203 custodiat
2347 5149 2682 5219 arquitatem?
2702 5151 2851 5208 Sicut
2877 5156 3017 5211 enim
3045 5158 3214 5229 prima
3237 5159 3408 5217 111111ιὶ-
3422 5194 3433 5223 ς

1825 5234 1908 5288 nis
1934 5235 2038 5290 vita
2063 5245 2144 5291 est
2164 5248 2287 5293 ante
2308 5237 2526 5311 Legem,
2549 5256 2673 5297 cum
2702 5243 2846 5299 nulla
2864 5248 3097 5318 nequitia
3124 5259 3178 5305 et
3206 5253 3406 5307 malitia

1827 5324 2159 5395 prohibetur,
2193 5344 2369 5399 neque
2407 5331 2511 5385 ulla
2545 5348 2609 5388 ex
2640 5344 2789 5406 parte
2817 5338 2994 5406 pravis
3026 5341 3406 5410 cupiditatibus

1823 5420 2056 5486 resistit;
2086 5423 2210 5493 quia
2236 5439 2343 5479 non
2368 5426 2563 5497 estqui
2592 5428 2871 5498 prohibeat
2903 5450 2915 5485 :
2945 5431 3023 5485 sic
3060 5431 3293 5487 secunda
3322 5443 3404 5488 est

1823 5512 1924 5566 sub
1950 5510 2087 5583 Lege
2113 5523 2237 5569 ante
2260 5516 2504 5586 gratiam,
2527 5521 2741 5589 quando
2769 5521 3079 5591 prohibetur
3104 5523 3320 5592 quidem
3347 5534 3403 5581 et

1821 5612 2046 5659 conatur
2071 5621 2100 5659 a
2143 5618 2360 5675 peccato
2394 5609 2664 5667 abstinere
2706 5627 2783 5677 sc,
2829 5611 2921 5667 sed
2965 5612 3231 5677 vincitur;
3281 5618 3402 5689 quia

1821 5693 2059 5751 nondum
2100 5696 2360 5767 justitiam
2400 5710 2620 5773 propter
2664 5702 2829 5757 Deum
2870 5712 2925 5761 et
2967 5713 3189 5776 propter
3233 5706 3405 5779 ipsam

1820 5786 2083 5856 justitiam
2104 5789 2297 5864 diligit,
2326 5791 2421 5849 sed
2445 5807 2566 5849 eam
2602 5792 2702 5850 sibi
2730 5793 2842 5851 vult
2873 5793 2944 5853 ad
2970 5796 3401 5871 multum
