3956 6384
72 443 247 548 vita
271 467 453 537 autem
607 455 790 534 bona,
829 455 876 534 si
902 439 1432 548 tantumdelectant,
1474 459 1532 504 ut
1561 440 1680 540 ipsa.

77 535 300 619 Vuneant
325 535 568 610 animum:
585 547 638 604 in
667 542 1040 603 tc'tita'iibnibus'
1066 549 1132 600 tie
1151 545 1207 599 in
1225 535 1424 614 peccati
1445 535 1676 597 eonsen;

81 655 292 711 sionem
313 645 452 702 ruat.
483 629 636 714 Quod
656 642 798 697 enini
819 641 1047 723 amplius
1076 643 1172 696 nos
1197 635 1449 724 delectat,
1475 651 1668 690 secun-

88 745 208 801 dum
238 737 292 795 id
332 751 617 808 operemur
645 735 862 790 necesse
905 734 986 786 est
1018 751 1030 786 :
1060 740 1120 802 ut
1159 727 1305 784 verbi
1336 729 1502 798 gratia
1523 769 1538 793 ,
1572 741 1666 782 oc-

76 831 246 891 currit
271 829 437 887 forma
461 827 717 900 speciosae
739 825 968 890 ibminae,
996 831 1050 880 et
1073 823 1250 898 movet
1273 821 1338 878 ad
1361 819 1677 878 delectatio;

82 925 209 983 nem
245 919 610 980 fornicationis
643 936 657 973 :
689 913 789 974 sed
814 918 860 973 si
900 915 1019 990 plus
1057 915 1288 974 delectat
1328 911 1669 986 pulchritudo

82 1019 175 1074 illa
201 1012 385 1071 intima
415 1019 468 1068 et
493 1012 699 1068 sincera
730 1008 934 1082 species
965 1007 1255 1071 castitatis,
1307 1023 1402 1078 per
1443 1003 1674 1096 graiiani

77 1124 200 1182 qua:
222 1113 304 1161 est
334 1099 388 1159 in
415 1097 518 1158 iide
538 1087 733 1157 Christi
758 1143 774 1168 ,
813 1095 1101 1157 secundum
1147 1097 1282 1153 hanc
1320 1097 1546 1154 vivimus
1567 1139 1582 1163 ,
1601 1087 1670 1184 ei

78 1196 369 1255 secundum
391 1193 530 1250 hanc
551 1208 870 1266 operamnr;
903 1202 960 1248 ιιι
1001 1208 1107 1246 non
1133 1201 1386 1264 regnante
1416 1192 1469 1246 in
1511 1187 1666 1252 nobis

79 1299 300 1362 peccato
322 1285 390 1342 ad
413 1271 764 1342 obedientium
796 1281 1076 1339 desideriis
1104 1283 1254 1365 ejus,
1288 1281 1381 1337 sed
1407 1278 1663 1352 regnante

75 1379 276 1455 justiti:
307 1385 402 1452 per
428 1378 742 1435 charitatem
764 1391 884 1432 cum
910 1391 1096 1447 magna
1123 1376 1472 1432 delectatione
1503 1373 1666 1430 iacias

79 1488 198 1530 mus
238 1469 495 1542 quidquid
526 1471 578 1524 iii
607 1477 665 1524 ea
695 1465 806 1523 Deo
839 1463 1049 1539 placere
1077 1459 1468 1536 cogtid'scimtis.
1507 1459 1666 1546 Quod

80 1554 249 1621 autem
277 1564 345 1619 de
365 1563 609 1618 castitate
630 1571 683 1618 et
709 1559 774 1617 de
802 1559 1153 1616 fornicatione
1178 1556 1308 1626 disi,
1341 1557 1441 1614 hoc
1467 1558 1538 1613 de
1551 1573 1660 1612 cte-

83 1654 205 1713 teris
230 1653 456 1728 intelligi
486 1654 648 1710 votui.

151 1739 232 1804 50.
271 1743 458 1819 Neque
488 1751 696 1802 moveat
717 1787 730 1810 ,
761 1745 845 1800 vei
872 1735 1012 1816 quod
1036 1758 1141 1798 non
1168 1743 1387 1798 omnino
1413 1739 1478 1798 ad
1509 1757 1663 1798 eum-

73 1825 202 1896 deni
240 1831 524 1894 numerum
570 1843 624 1894 et
666 1835 907 1893 ordinem
941 1841 1104 1906 opera
1126 1835 1301 1891 earnis
1329 1833 1383 1889 in
1413 1835 1510 1890 hac
1539 1833 1668 1907 Epi-a

71 1929 210 1986 stula
253 1930 620 1996 enumeravit,
671 1933 830 2000 atque
875 1927 927 1983 in
971 1926 1060 1984 illa
1103 1921 1170 1983 ad
1199 1923 1543 1982 Corinthios:
1576 1925 1661 1983 vel

72 2019 222 2093 quod
252 2007 540 2094 spirituaiia'
566 2019 706 2075 bona
750 2017 1028 2088 pauciora,
1076 2017 1316 2087 pluribus
1357 2017 1660 2072 carnalibus

72 2112 224 2169 vitiis
248 2111 524 2184 opposuit;
559 2125 729 2184 neque
755 2112 824 2166 ita
860 2123 890 2166 e
917 2107 1187 2165 centrario'
1209 2117 1266 2164 ιιι
1291 2107 1657 2164 forniczttioni-

76 2199 436 2270 buSeas'titas,
467 2201 815 2259 immunditiis
843 2200 1120 2266 munditia,
1152 2205 1311 2273 atque
1340 2202 1412 2256 ita
1443 2201 1654 2257 caeteris

77 2291 268 2352 caetera”
288 2299 648 2351 occurrerent.
671 2289 786 2349 Non
812 2294 954 2349 enim
981 2289 1083 2348 hoc
1110 2292 1343 2364 suscepit
1368 2299 1422 2347 ut
1442 2293 1659 2349 doceret

89 2391 219 2458 quot
250 2374 352 2441 sint
373 2428 390 2453 ,
420 2379 515 2442 sed
543 2385 595 2440 in
617 2397 724 2460 quo
753 2395 948 2456 genere
977 2382 1068 2440 illa
1096 2383 1308 2438 vitanda
1333 2425 1347 2450 ,
1400 2383 1486 2441 illa'
1529 2381 1668 2439 vero

98 2466 372 2548 expetenda
411 2473 551 2539 sint:
593 2481 716 2532 cum
754 2475 930 2532 carnis
959 2483 1012 2530 et
1055 2474 1270 2546 spiritus
1290 2475 1597 2530 nominibus
1625 2491 1655 2531 a

103 2579 240 2644 pana
260 2557 463 2642 peccati
494 2575 654 2640 atque
681 2565 896 2638 peccato
915 2563 981 2623 ad
1007 2567 1232 2638 gratiam
1263 2565 1470 2622 Domini
1493 2573 1654 2638 atque

99 2659 328 2734 indidem
354 2663 454 2719 nos
479 2660 714 2718 converti
737 2668 984 2731 oportere
1007 2657 1318 2728 prmdiceret
1354 2677 1365 2712 :
1399 2663 1466 2714 he
1501 2658 1657 2712 dese-

106 2745 490 2826 rendogratlam
517 2751 891 2822 temporalem,
945 2765 1045 2821 qua
1075 2765 1169 2820 pro
1213 2749 1366 2804 nobis
1401 2741 1656 2805 Dominus

105 2835 319 2902 mortali!
341 2835 424 2900 est
442 2885 457 2908 ,
481 2844 586 2900 libb
611 2844 985 2916 perveniamus
1009 2841 1076 2896 ad
1096 2848 1350 2897 aeternam"
1378 2842 1610 2912 quietem
1636 2883 1652 2908 ,

108 2933 160 2990 in
183 2941 267 3006 qua
295 2933 392 3006 pro
419 2931 572 2990 nobis
612 2931 867 2988 Dominus
893 2931 1056 2997 vivit;
1100 2939 1274 3002 neque
1313 2931 1654 3002 intelligendo

320 3017 666 3098 temporalem
696 3025 746 3080 in
777 3037 880 3096 qua
907 3025 1005 3080 nos
1039 3023 1296 3080 Dominus
1332 3023 1654 3080 iuortalitate

105 3119 259 3177 carnis
273 3115 292 3154 ¹
312 3115 561 3176 edomare
585 3115 829 3189 dignatus
848 3125 950 3183 eSI,
980 3104 1030 3170 in
1051 3131 1259 3186 pugnam
1276 3116 1654 3186 sempiternam

106 3203 387 3278 incidamus,
413 3217 532 3281 qua:
561 3196 915 3279 perseveranti
946 3201 1226 3262 adversum"
1255 3195 1535 3263 Dominum
1563 3213 1656 3262 Su-

105 3296 278 3370 perbiae
295 3295 586 3373 priaparata
602 3307 701 3356 est.
715 3297 846 3356 Cum
866 3299 1007 3355 enim
1025 3291 1456 3354 commemoratis
1474 3298 1654 3355 multis

106 3389 327 3464 operibus
351 3393 547 3456 carnis,
581 3385 816 3457 addidit,
849 3395 895 3447 et
921 3391 999 3446 ftis
1018 3391 1242 3457 similia;
1269 3391 1398 3447 satis
1421 3392 1654 3449 ostendit

105 3495 200 3537 non
215 3496 266 3540 se
287 3483 382 3540 ista
407 3477 789 3540 examinatidre
809 3495 1028 3537 numero
1053 3479 1367 3548 collocasse,
1404 3483 1496 3538 sed
1522 3483 1651 3539 libe-

104 3575 228 3634 riora
264 3575 509 3636 sermone
547 3578 809 3650 posuisse.
853 3573 966 3631 Hoc
1004 3575 1162 3632 etiam
1193 3571 1260 3631 de
1289 3575 1651 3647 spiritualibus

103 3664 337 3726 fructibus
362 3663 509 3726 fecit.
555 3667 670 3724 Non
713 3667 856 3724 enim
887 3666 961 3722 ait
981 3708 994 3734 ,
1025 3663 1294 3722 Adversus
1319 3666 1435 3722 hmc
1459 3677 1652 3723 nonest

100 3751 392 3830 Lenaea,
421 3751 670 3815 Aduersus
698 3753 1024 3829 Imjusmodi;
1067 3753 1170 3812 ltoc
1193 3765 1309 3824 est,
1359 3758 1472 3813 sive
1515 3758 1649 3827 ista,

100 3851 197 3907 sive
219 3851 369 3908 etiam
397 3845 587 3910 eadem
615 3841 936 3922 lt'ujt'tsniodi.

159 3940 235 4000 5t.
273 3938 377 4000 Sed
407 3949 581 3998 tanien
619 3939 901 4010 diligenter
939 3939 1398 3996 considerantibus
1428 3951 1533 3996 non
1563 3939 1651 3996 hic

101 4031 220 4089 attint
247 4031 402 4091 modo
427 4028 719 4089 carnalium
741 4027 1197 4101 spiritualiumque
1224 4039 1445 4103 operum
1473 4045 1645 4102 oppo-

104 4121 203 4182 sitis
235 4119 531 4183 inordinata
559 4129 717 4197 atque
741 4117 960 4180 confusa
996 4131 1098 4180 est.
1126 4122 1206 4179 οι)
1232 4122 1334 4180 hoc
1361 4133 1537 4178 autem
1565 4121 1647 4179 la-

104 4224 194 4278 tet.
235 4218 351 4289 quia
385 4217 632 4288 pauciora
657 4258 673 4284 ,
718 4213 809 4271 vel
829 4213 1032 4286 singula
1064 4207 1378 4285 quihusdam
1407 4209 1646 4285 pluribus

103 4307 430 4380 opilinnntu'r.
477 4301 608 4366 Nam
639 4296 705 4366 ex
731 4313 797 4365 "eo
833 4307 975 4380 quod
1001 4307 1288 4363 carnalium
1319 4306 1564 4363 vitiorum
1593 4308 1648 4362 in

101 4394 247 4470 ante
269 4399 445 4474 posuit
465 4395 880 4467 ibrnicaiidne‘s,‘
910 4399 962 4454 in
987 4389 1161 4472 Capite
1187 4405 1363 4454 autem
1391 4397 1647 4454 virtutum

102 4479 422 4561 spiritualium
449 4491 798 4556 duritatem;
829 4495 985 4562 quem
1011 4506 1115 4546 non
1146 4485 1442 4546 divitiarum
1474 4487 1644 4547 Litte-

99 4581 255 4640 rarutii
278 4582 572 4641 studiosum
591 4583 748 4639 iaciat
773 4580 1028 4637 Intentutn
1056 4575 1121 4636 ad
1149 4582 1523 4652 perscrutanda
1544 4595 1648 4637 ca:-

104 4673 227 4730 teﬁi!
245 4675 299 4732 Si
322 4671 465 4733 enim
495 4671 774 4731 idrnica'llo
801 4673 884 4730 est
921 4687 1071 4728 amor
1100 4685 1129 4727 a
1158 4667 1393 4744 legitimo
1438 4685 1644 4728 connuo

104 4761 180 4818 his
198 4767 398 4823 solutus
424 4751 480 4823 et
506 4765 705 4838 vagus,
737 4762 1010 4834 explenda:
1037 4759 1268 4820 libidinis
1292 4764 1646 4820 consectando

103 4853 370 4925 licentiam;
404 4855 531 4929 quid
564 4839 668 4912 tam
692 4852 923 4927 legitime
952 4853 1019 4909 ad
1048 4855 1375 4925 spiritualem
1409 4854 1647 4912 fecundi-

104 4951 240 5003 tatem
284 4947 622 5020 coniungitur
665 4961 824 5018 quant
865 4945 1040 5000 snim’a
1090 4944 1243 5001 Deo?
1295 4944 1391 5001 Cui
1447 4955 1650 5017 quanio

105 5035 232 5094 titius
249 5035 533 5104 itiitzeserit,
557 5039 706 5094 tanto
728 5047 809 5093 est
829 5035 1202 5108 incorruptior.
1225 5034 1453 5094 lulitcret
1468 5044 1645 5095 autem

104 5121 347 5188 citaritite.
373 5121 709 5201 Recteigitur
721 5124 1056 5184 iornicationi
1081 5127 1365 5199 opponitur
1388 5130 1639 5197 charitas,

106 5216 150 5272 in
169 5231 261 5293 qua
282 5223 394 5279 ἀοι.
416 5215 499 5279 est
523 5221 760 5278 custodia
782 5217 1060 5275 castitatis.
1085 5217 1433 5276 immtmdltite
1463 5231 1642 5278 autem

107 5320 398 5374 tunt'tintnes
416 5315 842 5388 perturbationes
865 5305 932 5369 de
958 5313 1046 5368 illa
1074 5312 1420 5370 fornicatione
1451 5329 1644 5372 conce-

110 5415 219 5475 pm,
244 5413 428 5484 quibus
455 5408 702 5484 gaudium
732 5403 1128 5478 tranquillitatis
1166 5407 1470 5479 opponitur.
1522 5407 1635 5465 ldo-

108 5496 246 5558 lot-utn
271 5501 735 5566 antem‘servitus,
779 5497 961 5554 citima
1002 5497 1280 5555 iorniCstlo
1314 5510 1395 5555 εει
1418 5501 1641 5569 animte,

111 5601 287 5666 propiu-
304 5595 464 5670 quatit
481 5592 641 5652 etiam
663 5589 858 5649 bellum
884 5587 1139 5647 adversus
1159 5589 1498 5663 Evangelium
1521 5605 1644 5650 cum

111 5688 422 5745 reconciliatis
448 5685 559 5744 Deo
585 5682 988 5742 furiosissimum
1015 5689 1223 5753 gestum
1248 5691 1348 5748 est,
1381 5683 1535 5756 cujus
1559 5699 1645 5745 re-

160 5781 1443 5900 remisewwmm

1039 286 1074 300 ”
1159 286 1182 391 Ῐ
1217 331 1720 426 exeosmoms
1755 335 1964 428 Linea
2003 335 2208 402 unus.

1785 437 1964 534 liquizn
2005 436 2246 521 quamvis
2294 438 2430 510 tritae
2475 454 2596 528 diu,
2644 457 2818 534 adhuc
2874 469 3052 534 tamen
3097 451 3355 534 recalent.

1782 526 1917 595 Huic
1938 541 2114 611 itaque
2133 557 2228 612 pax
2255 535 2519 601 contraria
2536 526 2634 614 est,
2663 533 2773 620 qua
2788 526 3196 612 reconciliainur
3222 529 3358 627 Deo,

1781 630 2076 702 eademque
2102 647 2229 703 pace
2253 636 2408 690 etiam
2435 651 2557 693 cum
2583 637 2884 696 hominibus
2901 643 3181 713 custodita,
3200 661 3363 704 vene-

1782 721 2042 790 ﬁciorum,
2066 721 2482 795 inimicitiarum,
2501 731 2921 801 contentionum,
2943 736 3354 807 aemulationum,

1779 815 2196 883 animositatum,
2223 818 2721 892 dissen‘sibnumque
2746 823 2871 880 vitia
2902 831 3155 883 sanantur
3183 828 3235 886 in
3261 847 3360 887 no-

1780 893 1865 960 b‘is
1895 923 1908 959 :
1937 916 1993 961 ut
2019 917 2194 963 autem
2228 910 2280 964 in
2308 909 2445 979 aliis,
2478 912 2618 994 inter
2640 929 2775 986 quos
2799 917 3047 989 vivimus,
3071 921 3215 992 justa
3241 940 3360 994 rno-

1778 991 2051 1052 deraiionc
2074 1006 2388 1064 tractentur,
2408 1007 2462 1057 et
2486 993 2554 1058 ad
2574 1005 2940 1065 sustinendum
2967 991 3359 1082 longanimitas,

1777 1085 1834 1142 et
1860 1089 1925 1142 a'd
1949 1089 2243 1146 curandum
2272 1092 2593 1163 benignitas,
2631 1103 2684 1151 et
2703 1097 2770 1152 ad
2798 1097 3175 1170 ignoscendum
3204 1105 3356 1162 boni-

1777 1177 1861 1231 tas'
1885 1179 2092 1234 militat.
2129 1173 2244 1235 Jatn
2287 1197 2415 1237 vero
2441 1184 2735 1241 haeresibus
2759 1186 2926 1257 iides,
2963 1190 3173 1248 invidite
3201 1210 3359 1250 man-

1775 1268 2034 1333 suetudo,
2067 1269 2412 1329 ebrietatibus
2440 1283 2494 1330 et
2518 1280 2994 1339 comessat'ionibus
3024 1283 3354 1343 continentia

1774 1360 2084 1417 reluctatur.

1842 1452 1932 1508 52.
1974 1452 2051 1508 Ne
2076 1456 2194 1524 quis
2219 1471 2348 1512 sane
2371 1458 2657 1516 arbitretur
2682 1461 2783 1519 hoc
2802 1480 2921 1522 esse
2939 1467 3189 1525 invidiam
3212 1472 3358 1543 quod

1773 1550 1853 1598 est
1883 1543 2150 1599 :emulatio
2181 1563 2194 1600 :
2225 1545 2394 1603 vicina
2424 1549 2565 1606 enim
2586 1560 2728 1620 sunt,
2758 1565 2812 1610 et
2839 1551 3054 1628 propter
3078 1558 3247 1630 ipsam
3269 1564 3353 1618 vi-

1771 1633 2039 1689 cinitatem
2072 1637 2382 1708 plerumque
2404 1641 2708 1699 utrumlibet
2730 1643 2916 1702 horum
2934 1663 3026 1720 pro
3046 1649 3233 1719 altero,
3262 1650 3358 1710 vel

1769 1723 2038 1779 simulatio
2070 1735 2165 1795 pro
2187 1725 2401 1797 invidia,
2426 1731 2509 1785 vel
2542 1731 2734 1789 invidia
2756 1743 2851 1805 pro
2877 1739 3214 1798 temulatione
3244 1759 3347 1814 po-

1769 1814 1930 1870 nitur.
1962 1816 2066 1873 Sed
2090 1822 2210 1889 quia
2239 1831 2521 1894 utrumque
2563 1824 2648 1880 hic
2689 1826 2820 1882 locis
2844 1829 2954 1884 suis
2991 1831 3189 1888 dictum
3227 1844 3345 1903 est,

1769 1908 1951 1980 diique
1975 1911 2371 1970 distinctionem
2401 1916 2468 1972 de
2494 1917 2647 1974 nobis
2673 1917 2929 1991 ﬂagitant.
2968 1921 3100 1992 Nam
3127 1929 3347 1984 aemula-

1769 2000 1843 2055 tio
1867 2012 1948 2055 est
1969 2000 2122 2056 dolor
2144 2005 2342 2071 animi,
2380 2019 2500 2061 cuin
2526 2010 2664 2064 alius
2688 2013 2927 2080 pervenit
2951 2013 3017 2070 ad
3050 2030 3162 2072 rem
3191 2035 3350 2089 quam

1765 2092 1874 2149 dno
1900 2095 2141 2164 pluresve
2186 2099 2542 2168 appetebant,
2600 2109 2653 2158 et
2680 2103 2779 2158 nisi
2806 2105 2872 2162 ab
2902 2113 3007 2162 uno
3034 2106 3214 2165 haberi
3244 2127 3351 2168 non

1766 2195 1962 2257 potest.
2019 2187 2176 2243 lsmm
2225 2187 2379 2246 ennat
2431 2205 2568 2262 pax,
2617 2195 2797 2264 quaid
2836 2200 3156 2269 appetimus,
3202 2203 3345 2274 quod

1765 2295 1952 2336 omnes
1976 2282 2064 2352 qui
2084 2292 2356 2352 appetunt,
2385 2286 2428 2339 si
2445 2299 2811 2362 assequamur,
2844 2282 3003 2346 unum
3025 2292 3078 2348 in
3105 2309 3170 2349 eo
3193 2295 3342 2353 ilunt.

1767 2359 1966 2427 invidia
1995 2379 2123 2429 vero
2163 2375 2317 2431 dolor
2343 2377 2509 2432 animi
2540 2387 2654 2446 est,
2682 2359 2804 2435 cum
2841 2377 3087 2454 indignus
3133 2389 3346 2446 videtur

1764 2461 1956 2534 aliquis
1983 2464 2229 2535 assequi,
2260 2467 2419 2522 etiam
2464 2468 2602 2537 quod
2635 2475 2688 2524 tu
2719 2483 2821 2526 non
2845 2475 3152 2545 appetebas.
3196 2477 3344 2535 Hane

1765 2557 1917 2606 sanat
1942 2553 2290 2610 mansuetudo
2313 2596 2327 2621 ,
2359 2572 2480 2612 cum
2511 2559 2732 2630 quisque
2757 2562 3094 2632 adjudicium
3124 2566 3218 2624 Dei
3255 2584 3342 2624 re-

1763 2657 1962 2698 vocans
1991 2645 2029 2710 ι,
2059 2653 2165 2699 non
2195 2647 2394 2701 resistit
2414 2648 2666 2706 voluntati
2696 2650 2811 2720 ejus
2830 2694 2844 2716 ,
2877 2664 2932 2709 et
2959 2658 3126 2726 magis
3149 2659 3196 2712 ei
3222 2647 3344 2715 cre-

1763 2734 1840 2790 dii
1864 2743 2008 2792 reete
2042 2736 2234 2792 factum
2265 2753 2414 2805 esse,
2458 2755 2616 2811 quam
2656 2741 2756 2798 sibi
2783 2744 2924 2814 quod
2953 2747 3169 2817 putabat
3205 2749 3343 2804 indi-

1762 2835 1946 2895 gnum.
2470 2837 2472 2839 ’

1835 2917 1923 2972 55.
1967 2916 2064 2989 [lin
2090 2933 2142 2982 v,
2175 2918 2292 2992 ει]
2323 2919 2690 2992 Cruciﬁxeruut
2735 2933 2900 2981 autem
2941 2942 3142 2983 carnem
3191 2947 3336 2986 suam

1761 3023 1878 3062 cum
1909 3003 2224 3079 pas‘sionibus‘
2247 3019 2294 3065 et
2311 3015 2722 3084 concupiscentiis
2745 3058 2759 3081 ,
2791 3018 2927 3072 sicut
2951 3032 3341 3091 consequenter

1761 3098 1918 3167 dicit,
1956 3103 2042 3172 qui
2061 3110 2178 3156 sunt
2204 3105 2256 3157 tri
2278 3102 2472 3159 Christo
2496 3104 2641 3160 Iesu.
2677 3107 2828 3163 Unde
2853 3119 3028 3166 autem
3055 3115 3339 3172 cruciﬁxe-

1761 3200 1887 3247 runt
1908 3215 1931 3259 ,-
1971 3194 2072 3248 nisi
2097 3195 2285 3251 timore
2312 3196 2404 3251 illo
2427 3207 2575 3266 casto
2615 3211 2962 3269 permanente
2987 3204 3039 3259 in
3083 3210 3337 3264 saeculum

1761 3284 1940 3338 saeuit
1968 3282 2139 3358 (Pent.
2166 3294 2318 3352 thn,
2351 3288 2466 3360 i0),
2494 3303 2599 3359 quo
2619 3305 2867 3348 cavemus
2889 3293 3158 3353 oii'endere
3185 3300 3334 3356 illum

1761 3387 1920 3446 quem
1948 3385 2059 3431 toto
2099 3379 2262 3433 corde
2280 3421 2295 3444 ,
2327 3386 2432 3435 tota
2454 3382 2628 3437 anima
2649 3425 2663 3450 ,
2693 3393 2798 3440 tota
2826 3396 3003 3444 mente
3027 3383 3334 3462 diligimus?

1758 3465 1876 3521 Non
1906 3469 2046 3522 enim
2069 3468 2170 3525 hoc
2195 3470 2386 3527 timore
2412 3471 2562 3528 timet
2579 3474 2834 3542 adultera,
2868 3492 2934 3533 ne
2959 3481 3286 3538 custodiatur
3306 3498 3340 3540 a

1761 3559 1877 3613 viro
1899 3595 1914 3625 ,
1959 3571 2067 3629 quo
2092 3560 2242 3616 timet
2285 3571 2429 3618 easta
2458 3580 2524 3619 ne
2546 3564 2824 3622 deseratur
2850 3583 2863 3620 :
2896 3567 2969 3622 illi
2999 3570 3140 3625 enim
3169 3572 3337 3629 tristis

1760 3659 1844 3705 est
1887 3652 2168 3720 pra-sentis
2197 3653 2331 3716 viri,
2365 3654 2487 3708 huic
2511 3644 2775 3711 absentia.
2820 3657 2886 3711 Et
2915 3659 3033 3713 ideo
3060 3661 3218 3716 timor
3246 3663 3336 3719 ille

1760 3739 2040 3810 corruptus
2063 3751 2163 3809 est,
2191 3752 2246 3798 et
2273 3744 2500 3799 transire
2525 3759 2630 3801 non
2652 3748 2763 3802 vult
2788 3747 2890 3804 hoc
2909 3750 3194 3806 saaculum:
3229 3751 3332 3811 iste

1757 3841 1934 3887 autem
1960 3841 2140 3889 castus
2163 3842 2438 3902 permanet
2458 3835 2511 3890 in
2535 3838 2786 3892 sarculum
2810 3841 3011 3894 steculi.
3036 3841 3111 3897 De
3134 3858 3238 3913 quo
3264 3844 3337 3898 ti-

1757 3938 1908 3982 more
1925 3928 2162 3999 cruelilgi
2190 3936 2339 4000 optat
2361 3931 2640 4002 propheta,
2659 3949 2779 3990 eum
2805 3934 2933 3991 dicit
2962 3955 2975 3991 :
3002 3937 3208 4011 Canﬁge
3225 3941 3334 3996 cla-

1756 4021 1880 4074 visa
1907 4021 2081 4076 timore
2109 4027 2195 4077 tuo
2224 4037 2398 4078 carnes
2427 4041 2562 4079 meas
2588 4025 2758 4096 (Psat.
2799 4041 2964 4084 cxvtit
2984 4072 2998 4098 ,
3046 4032 3194 4104 120).
3226 4031 3330 4092 Ista

1755 4126 1885 4168 erus
1911 4123 1994 4168 est
2018 4114 2087 4170 de
2111 4126 2216 4186 qua
2239 4117 2492 4173 Domitius
2519 4118 2647 4174 dicit
2669 4159 2682 4174 .
2709 4116 2854 4176 Totte
2877 4137 3075 4178 crucem
3103 4135 3263 4196 tuam,
3280 4137 3335 4182 et

1754 4220 1958 4275 sequere
1976 4219 2054 4258 me
2074 4201 2286 4276 (Matth.
2319 4215 2438 4272 xu,
2468 4206 2585 4278 24).
3286 4255 3326 4262 _.

1825 4297 1914 4352 54.
1937 4295 2036 4369 [ib.
2068 4311 2122 4363 v,
2147 4298 2264 4370 25.]
2294 4297 2357 4354 Si
2378 4301 2556 4370 spiritu
2578 4342 2595 4366 ,
2626 4300 2828 4372 inquit,
2858 4303 3068 4359 vivimus
3087 4347 3101 4372 ,
3148 4307 3331 4378 spiritu

1755 4399 1803 4444 et
1825 4402 2088 4446 sectemur.
2138 4390 2469 4448 Manifestum
2513 4402 2596 4450 est
2640 4402 2787 4451 certe
2824 4397 3111 4454 secundum
3151 4399 3204 4456 id
3233 4414 3331 4458 nos

1753 4483 1932 4537 vivere
1951 4483 2090 4553 quod
2119 4485 2302 4540 sectin
2330 4483 2617 4552 fuerimus;
2644 4488 2974 4560 seciabimur.
2989 4501 3165 4548 autem
3188 4492 3331 4565 quod

1752 4573 2117 4630 dilexerimns.
2150 4575 2329 4647 Itaque
2352 4576 2396 4631 si
2418 4592 2484 4632 ex
2511 4575 2741 4634 adverso
2762 4580 2993 4636 existant
3016 4581 3122 4638 duo
3146 4627 3162 4650 ,
3187 4600 3331 4655 prte-

1752 4676 1964 4736 ceptm
1990 4667 2231 4736 justitiaa,
2260 4675 2315 4722 et
2337 4668 2668 4724 consuetudo
2691 4671 2940 4739 carnalis,
2968 4681 3022 4729 et
3044 4684 3328 4748 utrumque

1751 4756 2004 4827 diligitur,
2028 4755 2080 4812 id
2108 4759 2432 4814 sectabimur
2452 4760 2842 4830 quod-amplius
2869 4762 3213 4822 dilexerimus
3246 4785 3259 4822 :
3283 4769 3328 4824 si

1753 4848 2082 4904 tantumdem
2113 4857 2396 4918 utrumque
2420 4849 2686 4920 diligitur,
2724 4851 2854 4906 nihil
2876 4852 3066 4908 borum
3093 4857 3328 4912 sectabi-

1751 4953 1897 5005 mttr;
1919 4939 2012 4995 sed
2030 4947 2120 4993 aut
2135 4940 2344 5003 timore,
2368 4948 2460 4995 aut
2475 4941 2624 4996 inviti
2650 4942 2921 4997 trahentur
2944 4944 2996 4998 in
3016 4946 3325 5003 alterutram

1753 5042 1985 5103 partem;
2030 5040 2124 5086 aut
2149 5031 2196 5087 si
2226 5039 2508 5101 utrumque
2542 5033 2816 5103 aequaliter
2850 5033 3009 5090 etiam
3041 5037 3288 5096 timemus
3308 5084 3324 5110 ,

1751 5125 1806 5180 in
1827 5124 2060 5194 periculo
2086 5125 2201 5179 sine
2226 5122 2388 5179 dubio
2410 5124 2817 5191 remanebimtts,
2843 5121 3004 5182 ﬂuctu
3029 5129 3329 5190 dilectionis

1750 5226 1804 5274 et
1827 5217 2038 5272 timoris
2061 5216 2362 5271 alternante
2379 5216 2633 5287 quassati.
2663 5216 2769 5274 Sed
2797 5232 2904 5289 pax
2929 5219 3126 5277 Christi
3154 5224 3329 5282 vincat

1750 5312 1806 5367 in
1834 5309 2085 5367 cordibus
2126 5311 2322 5367 nostris
2357 5309 2571 5386 (Cetoss.
2599 5327 2686 5380 tn,
2718 5312 2832 5386 15).
2863 5311 3012 5372 Tunc
3037 5319 3176 5372 enim
3207 5331 3329 5372 ora-

1750 5409 1921 5464 tiones
1951 5414 2004 5462 et
2027 5407 2289 5478 gemitus,
2322 5414 2392 5462 et
2435 5407 2494 5462 in
2538 5405 2791 5464 auxilium
2830 5407 3067 5465 invocata
3107 5411 3322 5464 dextera

1751 5498 2136 5555 miriericordia:
2156 5497 2271 5562 Dei,
2303 5497 2624 5555 sacriﬁcium
2652 5500 2988 5555 contribuiati
3015 5498 3190 5554 cordis
3210 5513 3316 5555 non

1750 5594 2002 5666 despicit,
2042 5592 2460 5663 cbaritaternqne
2501 5593 2582 5648 sui
2628 5593 2939 5662 ampliorem
2976 5591 3292 5648 commenda

1753 5685 1894 5744 tione
1915 5683 2154 5755 periculi,
2181 5681 2252 5740 de
2277 5699 2385 5754 quo
2406 5683 2668 5754 liberavit,
2695 5680 3000 5740 exsuscitat.
3024 5683 3083 5738 in
3117 5696 3184 5740 eo
3210 5697 3314 5740 au-

1817 5797 2115 5861 t‘neauas,
2136 5808 2187 5849 se
2208 5805 2446 5850 revocans.
