3956 6390
657 504 766 552 tem
797 492 876 551 illi
910 489 1234 549 fallebantur
1253 524 1274 554 ,
1311 480 1453 558 quod
1486 496 1684 555 negare
1715 478 1931 552 quidem
1958 491 2064 534 non
2090 486 2239 549 pote-

658 594 796 653 rant,
826 581 1141 641 sectandum
1166 578 1268 637 sibi
1291 590 1415 635 esse
1434 574 1692 648 Spiritum
1716 579 1983 638 sanetum,
2007 578 2244 626 asserto-

659 698 770 737 rem
795 696 858 735 ac
885 678 1077 734 ducem
1101 671 1363 731 libertatis
1391 684 1538 734 sum;
1585 665 1681 724 sed
1725 662 1795 721 ad
1840 677 2003 736 opera
2029 660 2243 719 servilia

656 773 941 829 carnaliter
967 765 1213 824 conversi
1233 804 1249 830 ,
1280 772 1577 820 retrorsum
1607 773 1665 816 se
1693 755 1877 815 conari
1908 770 2017 811 non
2044 752 2244 810 intelli-

655 865 869 934 geliant.
900 861 1188 932 Propterea
1214 871 1321 915 non
1341 855 1435 918 ait,
1464 852 1528 909 Si
1539 851 1723 921 spiritu
1743 848 1971 915 vivimus,
1999 845 2245 917 spiritum

659 965 955 1019 SC°.'lt'll‘itll';
1004 950 1098 1008 sed
1119 991 1135 1015 ,
1173 948 1358 1021 spiritu
1386 956 1653 1011 sectentur,
1698 940 1889 1014 inquit.
1921 937 2247 996 Fatebantur

658 1046 799 1115 enim
826 1041 1044 1115 Spiritui
1090 1048 1275 1097 sancw
1299 1037 1501 1095 servire
1530 1045 1779 1110 oportere
1822 1050 1838 1090 :
1883 1040 2094 1088 etcum
2138 1043 2244 1086 non

659 1136 846 1205 spiritu
868 1149 989 1200 suo,
1015 1131 1111 1190 sed
1131 1146 1294 1188 carne
1313 1128 1567 1187 volebant
1586 1125 1813 1190 sectari;
1848 1140 1956 1181 non
1989 1124 2246 1195 spiritua-

660 1225 780 1283 liter
825 1224 1126 1281 obtinentes
1158 1223 1383 1296 gratiam
1429 1220 1563 1288 Dei,
1608 1218 1706 1276 sed
1749 1217 1803 1274 in
1840 1216 2248 1274 circumcisione

658 1317 862 1373 carnali
918 1326 974 1371 et
1025 1314 1235 1371 caeteris
1290 1309 1599 1384 hujusmodi
1650 1324 1801 1383 spem
1859 1308 2248 1365 constituentes

658 1409 863 1467 salutis.

735 1502 823 1563 55.
865 1496 964 1575 [ιιι.
995 1513 1030 1555 v
1047 1542 1063 1565 ,
1091 1496 1208 1573 26.]
1236 1496 1358 1555 Non
1385 1497 1692 1573 eﬁdamur,
1717 1493 1917 1566 inquit,
1944 1493 2111 1549 inanis
2133 1507 2249 1565 9.0-

658 1595 752 1649 ria:
774 1593 979 1667 cupidi,
1007 1592 1215 1647 invicem
1240 1589 1517 1644 invidentes
1533 1627 1551 1655 ,
1580 1597 1628 1642 et
1654 1586 1867 1641 invicem
1899 1592 2243 1659 provocantes.

661 1683 891 1742 Prorsus
917 1682 1197 1755 magnitiee
1220 1690 1275 1735 et
1306 1679 1526 1735 omnino
1562 1676 1743 1734 divino
1781 1675 2000 1743 ordine,
2030 1685 2245 1750 postea-

660 1793 819 1849 quam
844 1790 939 1832 eos
961 1772 1208 1830 instruxit
1235 1771 1494 1827 adversus
1520 1768 1641 1827 illos
1662 1786 1693 1825 a
1722 1768 1915 1842 quibus
1940 1770 1994 1826 in
2018 1769 2250 1827 servitu-

661 1876 769 1923 tem
799 1864 955 1937 Legis
981 1863 1372 1920 seducebantur
1388 1903 1404 1929 ,
1432 1860 1536 1919 hoc
1563 1862 1616 1918 in
1640 1863 1719 1918 eis
1745 1870 1927 1929 cavet,
1954 1876 2023 1916 ne
2051 1860 2249 1917 instru-

662 1963 859 2019 ctiores
902 1958 1060 2024 lacti,
1100 1966 1156 2014 et
1198 1956 1437 2012 volentes
1477 1957 1588 2028 jam
1628 1954 1912 2012 calumniis
1954 1954 2248 2011 carnalium

663 2048 1009 2122 respondere,
1040 2047 1469 2106 contentionilms
1496 2045 1764 2113 studeant,
1792 2057 1845 2102 et
1873 2045 2109 2118 appetitu
2134 2046 2249 2103 ina-

664 2142 749 2199 nis
789 2142 1007 2214 gloriae,
1055 2140 1214 2214 Logis
1258 2141 1508 2197 oneribus
1557 2154 1665 2197 non
1711 2139 2044 2209 servientes,
2099 2139 2248 2196 vanis

659 2236 1034 2308 cupiditatibus
1065 2234 1319 2292 serviant.

731 2326 820 2382 56.
862 2324 957 2401 [lb.
987 2340 1074 2393 vt,
1104 2323 1180 2398 1.]
1211 2323 1349 2381 Nihil
1378 2331 1555 2381 autem
1595 2325 1674 2382 sic
1702 2323 1892 2396 probat
1915 2324 2247 2397 spiritualem

658 2419 856 2485 virum,
870 2432 1029 2490 quam
1051 2416 1251 2489 peccati
1270 2414 1432 2472 alieni
1451 2417 1714 2484 tractatio,
1731 2431 1854 2473 cum
1876 2415 2244 2475 liberationem

660 2510 778 2581 ejus
824 2509 999 2581 potius
1037 2524 1198 2581 quam
1243 2507 1671 2576 insultationem,
1728 2507 2008 2580 potiusque
2052 2501 2248 2565 auxilia

659 2618 820 2674 quam
847 2601 1084 2658 convicia
1109 2600 1422 2667 meditatur,
1447 2612 1503 2658 et
1521 2609 1778 2673 quantum
1807 2600 2030 2658 facultas
2053 2601 2244 2658 tribui-

660 2703 748 2750 tur
771 2693 1009 2764 suscipit.
1041 2692 1109 2749 Et
1134 2692 1254 2750 ideo
1277 2692 1442 2750 dicit:
1471 2693 1682 2751 Fratres
1700 2734 1718 2764 ,
1747 2695 1842 2751 etsi
1865 2706 2247 2768 mancupem

659 2788 813 2860 fuerit
838 2791 985 2841 homo
1017 2786 1072 2841 in
1095 2787 1267 2858 aliqua
1292 2787 1474 2843 delicto
1492 2830 1511 2855 ,
1539 2803 1627 2847 vos
1650 2789 1738 2858 qui
1774 2790 2065 2861 spirituales
2088 2791 2206 2851 estis
2226 2830 2244 2857 ,

657 2879 891 2949 ἱῃιιηιὶιε
918 2878 1231 2951 lsujttsntodi.
1274 2879 1474 2937 Deinde
1512 2894 1580 2939 ne
1616 2881 1718 2938 sibi
1741 2881 1967 2953 quisque
2006 2881 2248 2940 videatur

659 2971 955 3038 instruere,
1001 2973 1162 3031 etiam
1207 2988 1329 3028 cum
1379 2982 1627 3045 proterve
1676 2975 1911 3047 exagitat
1953 2975 2247 3048 irridetque

659 3071 991 3133 peccantem,
1011 3071 1104 3119 aut
1122 3063 1350 3134 superbe
1374 3072 1623 3135 tanquam
1648 3065 1996 3125 insanabilem
2020 3065 2249 3123 detesta-

660 3163 777 3220 tur,
809 3154 864 3208 in
894 3153 1110 3225 spiritu,
1139 3153 1337 3225 inquit,
1377 3157 1809 3224 mansuetudinis,
1848 3157 2112 3214 intendens
2147 3158 2248 3215 tei-

660 3261 808 3314 psum
830 3283 847 3311 ,
879 3259 940 3298 ne
962 3253 1009 3299 et
1038 3253 1093 3298 tu
1122 3246 1342 3299 tenteris.
1373 3244 1511 3300 Nihil
1540 3245 1683 3302 enim
1714 3245 1784 3302 ad
1825 3246 2246 3307 misericordiam

660 3337 737 3411 sic
766 3335 1013 3397 inclinat,
1058 3350 1215 3406 quam
1244 3337 1441 3406 proprii
1468 3336 1690 3408 periculi
1727 3338 1999 3410 cogitatio.
2035 3338 2114 3399 Ita
2150 3356 2247 3400 eos

662 3440 761 3503 nec
797 3426 987 3482 deesse
1028 3425 1195 3480 voluit
1224 3426 1443 3484 fratrum
1485 3429 1844 3500 correptioni,
1888 3445 1989 3490 nec
2028 3432 2247 3493 studere

661 3518 958 3574 certamini.
978 3516 1126 3574 Multi
1154 3519 1296 3575 enim
1317 3518 1561 3577 homines
1587 3535 1711 3579 cum
1734 3537 1767 3579 a
1790 3537 1985 3583 somno
2008 3526 2246 3587 excitau-

661 3617 769 3675 tur,
796 3607 1002 3681 litigare
1028 3608 1244 3677 volunt;
1274 3619 1367 3665 aut
1393 3627 1579 3669 rursus
1606 3612 1865 3685 dormire,
1889 3630 2013 3674 cum
2037 3616 2246 3691 litigare

660 3700 1026 3774 prohibentur.
1048 3700 1157 3759 Pax
1187 3702 1346 3775 igitur
1362 3712 1419 3760 et
1442 3704 1677 3774 dilectio,
1700 3710 2245 3783 communis

656 3794 1010 3865 cogitatione,
1040 3798 1092 3850 in
1117 3794 1280 3853 corde
1306 3809 1584 3859 serventur
1607 3801 1625 3833 ¹
1650 3816 1666 3856 :
1696 3801 1891 3859 modus
1912 3813 2095 3863 autem
2122 3820 2243 3863 ser-

656 3886 866 3951 monis,
909 3887 1021 3943 sive
1049 3887 1255 3956 acrius,
1300 3889 1415 3947 sive
1451 3890 1695 3971 blandius
1737 3894 2057 3966 protentus,
2106 3897 2245 3956 sicut

653 3978 797 4034 salus
826 3978 942 4050 ejus
968 3996 1128 4060 quem
1158 3982 1381 4054 corrigis
1407 3986 1676 4056 postulare
1700 3986 1928 4055 videtur,
1955 3989 2243 4048 moderan-

653 4070 754 4131 dus
776 4068 878 4128 est.
905 4072 1036 4130 Nam
1055 4083 1113 4130 ct
1128 4075 1233 4133 alio
1258 4077 1375 4134 loco
1396 4077 1563 4136 dicit:
1594 4077 1812 4139 Senum
1835 4091 2006 4140 nutent
2030 4080 2241 4143 Domini

654 4165 853 4236 litigare
880 4184 980 4222 non
1004 4177 1236 4238 oportet;
1261 4170 1349 4225 sed
1377 4172 1546 4229 mitem
1573 4188 1681 4231 esse
1705 4174 1776 4230 ad
1800 4190 2007 4242 mea,
2043 4177 2238 4235 docibi-

654 4256 782 4323 lem,
811 4259 1098 4332 patientem.
1137 4261 1201 4317 Et
1231 4277 1298 4318 ne
1326 4263 1601 4335 quisquam
1640 4280 1707 4321 ex
1731 4281 1799 4325 eo
1836 4276 1990 4339 putet
2014 4283 2239 4327 cessan-

653 4346 778 4403 dqu
810 4350 907 4423 sibi
932 4366 1052 4407 esse
1075 4367 1107 4407 a
1131 4354 1468 4422 conreptione
1491 4357 1690 4412 erroris
1708 4356 1949 4428 alterius,
1971 4360 2093 4418 vide
2110 4360 2240 4433 quid

652 4438 941 4508 adiurgztl:
988 4439 1057 4494 In
1097 4443 1378 4511 modestia,
1425 4445 1623 4516 inquit,
1652 4448 2004 4516 corripiemus
2041 4452 2240 4511 diversa

651 4529 915 4584 sentientes
955 4532 1022 4603 (ll
1049 4531 1184 4587 Tim.
1213 4548 1249 4589 tt
1268 4573 1286 4599 ,
1310 4534 1532 4607 24-25).
1563 4537 1843 4604 Quomodo
1871 4540 1925 4596 in
1956 4543 2237 4613 modestia,

655 4621 922 4690 quomodo
945 4624 1313 4696 συννὲρὶεκιεοκ,
1342 4626 1443 4683 nisi
1469 4642 1592 4685 cmn
1619 4628 1893 4686 lenitatem
1922 4633 2084 4690 corde
2113 4636 2241 4692 reti-

655 4726 878 4787 nemus,
922 4723 976 4770 et
1015 4715 1245 4785 aliquam
1277 4716 1649 4777 medicamenti
1691 4721 2039 4781 acrimoniam
2074 4725 2239 4784 verbo

649 4805 1003 4881 correptionis
1030 4808 1405 4878 aspergimus?
1447 4808 1556 4868 Nec
1580 4809 1738 4871 aliter
1760 4813 2129 4885 accipiendum
2154 4821 2236 4875 vi.

649 4896 752 4969 deo
782 4896 922 4969 quod
962 4899 1015 4955 iu
1057 4899 1247 4959 eadem
1277 4902 1512 4973 Epistula
1555 4905 1784 4976 positum
1826 4916 1953 4963 est:
2000 4908 2238 4967 Praedico

650 4990 851 5050 verbum
866 5033 882 5059 ,
913 4991 1045 5047 insta
1078 5003 1360 5066 opportune
1375 5035 1393 5061 ,
1421 4994 1737 5075 importune;
1777 5014 1936 5070 argue
1951 5040 1967 5064 ,
1998 4999 2235 5070 hortare,

650 5079 852 5151 increpa
881 5082 935 5137 in
975 5085 1113 5141 otnni
1139 5086 1520 5159 longanimitate
1558 5097 1606 5144 et
1644 5088 1875 5145 doctrina
1902 5089 2013 5164 (Id.
2040 5107 2127 5161 tv,
2152 5093 2234 5166 2).

653 5169 1027 5240 lmportunitas
1045 5175 1190 5233 cutim
1214 5180 1596 5249 opportunitati
1625 5180 1806 5253 utique
1820 5184 2091 5241 cmitraria
2111 5195 2197 5243 est
2217 5203 2232 5243 :

651 5277 826 5335 neque
850 5265 1067 5320 omnino
1092 5266 1256 5324 ullum
1279 5273 1729 5337 medicamentum
1751 5285 1942 5342 sanat,
1964 5277 2065 5334 nisi
2092 5278 2236 5348 quod

648 5364 948 5429 opportune
987 5356 1313 5416 adhibueris.
1338 5363 1653 5437 Quanquam
1680 5382 1812 5440 ergo
1855 5376 1911 5424 et
1951 5368 2031 5425 sic
2071 5370 2239 5440 possit

649 5448 922 5524 distingui,
954 5447 1101 5507 lnsta
1129 5463 1430 5524 opportune,
1462 5465 1521 5512 ut
1538 5458 1677 5516 alius
1693 5460 1768 5516 sit
1788 5474 2002 5528 sensus,
2030 5458 2237 5533 Impor-

653 5551 773 5596 tuue
799 5558 988 5614 argue,
1019 5542 1215 5601 deinde
1239 5553 1433 5603 caetera
1458 5558 1811 5609 contesantur
1828 5593 1848 5621 ,
1876 5550 2126 5621 Hortata,
2150 5555 2235 5610 in-

651 5647 803 5713 crepa
847 5650 960 5689 cum
1006 5634 1142 5692 onmi
1173 5635 1553 5709 longanimitate
1574 5686 1575 5689 η
1593 5650 1642 5696 et
1687 5642 1916 5701 doctrina
1931 5661 1954 5700 :
2001 5653 2062 5701 ut
2112 5656 2237 5721 tunc

652 5746 1067 5863 ὢᾳὲὶξτῶιεῶ
1076 5748 1342 5805 communis
1361 5751 1565 5817 patienti
1586 5752 1811 5819 cogitatio
1838 5755 2060 5822 incertis
2078 5770 2238 5823 reser-

787 5841 802 5858 .
1083 5819 1193 5863 llas.
1219 5826 1316 5863 uno
1333 5818 1519 5863 tantum
1541 5823 1770 5863 excepto.

787 5818 901 5861 (εκ
918 5818 1067 5863 etiam
1083 5819 1193 5864 llas.
1219 5826 1316 5865 uno
1333 5818 1519 5866 tantum
1541 5823 1770 5877 excepto.

1594 360 1949 425 1⁸21⁵181⁵0ιῶ
1984 362 2076 421 AD
2110 361 2447 434 GALATAS,
2486 362 2545 424 S.
2592 363 2965 430 AUGUSTINI

2346 489 2679 550 opportunos
2720 482 3011 554 sentiaris,
3055 501 3185 545 cum
3228 488 3398 547 instas
3435 478 3828 564 adiunximus.

2346 578 2526 626 autem
2552 569 2785 628 destruis
2807 575 3114 648 arguendo,
3148 594 3261 635 non
3287 590 3441 638 cures
3480 583 3662 642 etiamsi
3694 589 3829 665 impun.

2348 668 2509 716 tunus
2546 661 2796 733 videaris,
2842 666 2889 723 si
2931 668 3035 724 hoc
3058 680 3142 726 est
3183 669 3381 730 talibus
3409 674 3720 744 importunum
3741 661 3758 737 ί
3785 695 3830 747 ita

2348 749 2456 849 duo
2483 767 2602 825 qua:
2629 767 2943 849 sequuntur,
2972 759 3039 815 ad
3064 760 3177 817 duo
3202 757 3471 835 superiora
3502 782 3689 839 possunt
3710 776 3828 849 ςίυείι.

2347 841 2495 900 latim
2538 846 2749 913 referri,
2786 847 3005 907 Hortare
3025 868 3150 910 cum
3194 848 3476 927 opportune
3502 859 3664 924 instas.
3696 841 3829 939 an}...

2347 948 2471 992 cum
2507 937 2797 1010 importune
2822 943 3039 1014 arguis;
3065 945 3268 1003 deinde
3302 946 3489 1005 cetera
3516 950 3609 1007 duo
3632 937 3824 1029 similia},

2349 1028 2444 1087 sed
2469 1044 2729 1088 converso
2767 1034 2986 1104 ordine,
3018 1037 3330 1095 referuntur
3349 1082 3365 1107 ,
3394 1038 3515 1099 Cum
3537 1049 3656 1100 omni
3675 1028 3827 1122 longasi.

2350 1119 2562 1215 usitate,
2620 1124 2689 1179 ad
2736 1124 3072 1184 sustinendas
3127 1130 3518 1203 indignationes
3558 1152 3710 1197 eorum
3738 1119 3826 1215 quos

2350 1208 2620 1281 destruis;
2667 1224 2715 1269 et
2763 1215 3013 1285 doctrina,
3063 1219 3131 1277 ad
3182 1222 3493 1282 instruenda
3538 1242 3693 1285 eorum

2349 1325 2486 1387 quos
2526 1312 2803 1373 :edilleas:
2854 1326 3030 1377 tamen
3069 1321 3288 1378 etiamsi
3340 1322 3432 1379 illo
3470 1325 3704 1385 usitatiore
3730 1333 3824 1389 arto

2349 1400 2704 1475 distinguatur
2724 1449 2741 1476 ,
2772 1404 2919 1464 Iusta
2939 1424 3227 1482 opportune
3246 1429 3267 1477 ;
3291 1412 3434 1486 quod
3453 1417 3495 1471 si
3521 1417 3611 1472 hoc
3632 1421 3749 1475 modo
3766 1438 3827 1479 non
3856 1464 3857 1471 η

2351 1493 2595 1565 proﬁcis,
2622 1497 2906 1571 importune
2927 1517 2947 1556 :
2969 1502 3040 1558 ita
3078 1503 3485 1577 intelligendum
3508 1519 3599 1576 est,
3628 1519 3673 1565 ut
3703 1521 3742 1566 tu
3769 1528 3825 1585 ορ-
3856 1560 3857 1567 η

2351 1588 2734 1657 portunitatem
2777 1592 2996 1648 omnino
3022 1609 3131 1651 non
3182 1596 3439 1667 deseras,
3489 1609 3539 1655 et
3573 1601 3640 1659 sic
3677 1605 3826 1675 accipias
3856 1644 3857 1647 η

2348 1679 2493 1750 quod
2516 1678 2716 1738 dictum
2738 1692 2822 1740 est
2842 1725 2860 1752 ,
2886 1684 3175 1757 importune
3196 1730 3215 1755 .
3243 1700 3302 1749 ut
3326 1690 3402 1747 illi
3430 1692 3634 1751 videaris
3651 1696 3822 1768 iutports-

2350 1780 2472 1835 nus,
2502 1771 2594 1844 qui
2618 1787 2724 1829 non
2750 1772 2979 1833 libenter
3003 1778 3156 1834 audit
3183 1794 3306 1852 qua:
3333 1780 3571 1840 dicuntur
3590 1785 3634 1842 in
3650 1801 3763 1852 eum;
3791 1800 3824 1844 ω
3856 1786 3857 1799 ¹

2351 1869 2530 1918 tamen
2559 1864 2700 1921 scias
2725 1864 2827 1923 hoc
2854 1867 2927 1924 illi
2946 1884 3068 1926 esse
3093 1881 3457 1944 opportunum
3473 1915 3490 1942 ,
3516 1884 3566 1932 et
3588 1876 3821 1936 dilectioni

2350 1967 2639 2026 curamque
2676 1958 2918 2014 sanitatis
2952 1960 3070 2031 ejus
3117 1962 3301 2019 animo
3325 1972 3502 2022 teneas
3533 1978 3821 2034 mansueto,tt

2350 2044 2616 2115 modesto,
2660 2058 2716 2104 et
2752 2049 3009 2108 fraterno.
3049 2053 3204 2110 Multi
3247 2046 3391 2113 enim
3424 2070 3592 2130 postea
3626 2061 3818 2132 argiqu

2350 2150 2470 2207 qum
2499 2138 2784 2205 audierint,
2817 2152 2871 2199 et
2910 2159 3071 2215 quam
3096 2146 3246 2218 justa
3284 2146 3558 2219 audierint,
3582 2152 3662 2225 ipsi
3686 2166 3815 2223 segn-

2352 2225 2469 2283 vius
2495 2237 2549 2284 et
2573 2232 2812 2289 severius
2831 2248 3158 2307 arguerunt;
3189 2248 3245 2294 et
3266 2240 3501 2311 quamvis
3519 2241 3815 2311 perturbatio

2350 2330 2382 2409 a
2408 2317 2617 2409 medico
2641 2321 2950 2409 viderentur
2968 2326 3285 2400 abscedere,
3317 2331 3555 2401 paulatim
3577 2334 3814 2407 vet-bivium

2352 2407 2404 2464 in
2435 2407 2695 2468 medullas
2718 2408 3056 2488 peuetrante,
3080 2423 3259 2478 sanati
3282 2432 3441 2480 sunt:
3468 2425 3596 2497 quod
3615 2427 3815 2493 amittet.

2350 2501 2395 2557 si
2419 2516 2632 2576 semper
2650 2517 3087 2578 exspectaremus
3112 2514 3491 2586 periclitantem
3510 2516 3812 2591 putrescant"

2349 2595 2627 2665 membris,
2653 2599 2866 2669 quando
2883 2617 3006 2658 eum
3033 2605 3335 2667 liberetaut
3361 2607 3438 2664 uri
3463 2617 3546 2665 aut
3560 2605 3814 2677 secari-0W
3856 2595 3857 2677 ἕ

2350 2701 2451 2744 nec
2476 2687 2577 2759 ipsi
2605 2691 2845 2763 corporis
2875 2693 3063 2750 medici
3093 2697 3395 2766 attendunt,
3420 2698 3505 2771 qui
3529 2707 3807 2765 terreant!-

2349 2775 2498 2836 cedis
2524 2779 2715 2837 intuitu
2743 2793 2953 2840 curant.
2982 2783 3197 2854 Quotus
3219 2790 3359 2848 enim
3387 2790 3595 2863 quisque
3614 2788 3813 2860 nterim

2349 2868 2441 2963 qui
2485 2873 2683 2930 ferrum
2732 2890 2918 2933 eorum
2964 2889 3067 2943 aut,
3091 2881 3272 2953 ignem
3315 2898 3416 2963 non
3454 2883 3617 2955 ligatus
3651 2888 3811 2951 αρσια

2350 2961 2459 3019 sit?
2486 2978 2607 3020 cum
2636 2974 2691 3021 et
2710 2966 2784 3022 illi
2806 2969 3039 3027 rariores
3057 2972 3176 3031 sint
3195 2972 3285 3045 qui
3312 2961 3659 3051 volenteslismi

2350 3052 2536 3112 Plures
2563 3058 2708 3114 enim
2728 3060 3056 3131 resistentes,
3085 3073 3149 3125 et
3181 3066 3317 3122 mori
3344 3081 3400 3121 se
3421 3063 3559 3122 malle
3577 3064 3804 3137 clamata.

2349 3163 2512 3222 quam
2542 3150 2634 3206 illo
2659 3140 2835 3210 curari
2860 3154 3043 3224 modo,
3069 3158 3166 3215 vix
3197 3158 3368 3229 lingua
3396 3159 3495 3229 ipsa
3526 3150 3810 3217 eorum

2348 3239 2518 3298 libera
2555 3245 2803 3319 omnibus
2848 3247 3114 3305 membris
3155 3252 3579 3315 constrinxerunt;
3614 3259 3740 3317 neque
3764 3241 3808 3298 ad

2351 3349 2530 3402 suum,
2562 3350 2735 3407 neque
2758 3337 2825 3397 ad
2864 3338 3183 3399 reluctantis
3199 3382 3217 3408 ,
3244 3341 3338 3398 sed
3363 3342 3426 3397 ad
3448 3340 3583 3412 ipsius
3598 3332 3809 3392 artisarhi-

2351 3423 2546 3481 trinm:
2577 3440 2804 3496 quorum
2828 3438 3002 3509 tamen
3033 3433 3261 3491 vocibus
3278 3431 3586 3505 comit-iiqu
3598 3423 3809 3483 doicutulll

2349 3531 2451 3575 nec
2468 3528 2836 3578 commovetur
2855 3526 3095 3581 curantis
3117 3527 3348 3594 animus,
3370 3540 3458 3597 nec
3468 3520 3639 3595 qiuari!
3652 3528 3810 3574 Μαι

2348 3605 2622 3665 Medicina:
2659 3620 2839 3670 autem
2864 3614 3108 3672 cmlestis
3146 3617 3371 3675 ministri
3392 3655 3407 3680 ,
3433 3623 3504 3694 aut
3524 3626 3601 3687 per
3626 3605 3807 3673 odiorum

2349 3699 2575 3773 trabem,
2601 3716 2825 3787 cernere
2881 3705 3139 3777 stipulam
3199 3709 3253 3767 in
3307 3707 3453 3787 oculo
3492 3701 3634 3760 nauis
3670 3694 3806 3752 volun!

2349 3787 2563 3861 (Matth.
2593 3808 2666 3848 vn
2686 3782 2788 3868 ,3)
2808 3836 2825 3861 ,
2854 3805 2948 3853 aut
2974 3797 3310 3861 tolerabilius
3335 3782 3534 3858 mortua
3558 3789 3695 3848 viden
3722 3799 3803 3857 μ’

2334 3885 2519 3940 cautis
2537 3926 2555 3952 ,
2585 3900 2745 3963 quam
2774 3886 2995 3947 verbum
3032 3876 3358 3966 indignantis
3394 3888 3585 3965 audite:
3606 3880 3798 3954 ηυοάω

2346 3974 2421 4032 ita
2455 3978 2767 4047 accidisset,
2797 3981 2844 4045 si
2880 3990 2990 4040 tam
3022 3999 3221 4045 sanum
3259 3984 3481 4042 animum
3502 3972 3690 4037 cum
3711 3969 3797 4026 Μ’

2345 4069 2460 4159 rius
2486 4070 2666 4131 animo
2689 4071 3084 4144 adhiberemus,
3110 4092 3271 4159 quam
3298 4074 3433 4134 anis
3728 4069 3797 4115 tlt-

2345 4157 2451 4216 dici
2471 4160 2648 4218 aliena
2676 4164 2914 4223 membra
2937 4157 3281 4241 pertractant.

2419 4253 2510 4309 57.
2551 4252 2830 4326 Nunquam
2859 4257 3038 4330 itaque
3061 4259 3225 4318 alieni
3248 4257 3440 4337 peccati
3463 4243 3793 4323 ὼιηιιωῢσεν

2345 4342 2650 4416 cipiendum
2678 4354 2761 4403 est
2787 4349 3093 4421 negotium.
3131 4351 3231 4413 nisi
3272 4364 3388 4408 cum
3425 4344 3613 4411 ⁵11⁸⁸³³⁸⁵⁸

2344 4436 2648 4507 gationibus
2662 4417 3027 4499 examinantes
3051 4417 3288 4501 nostram
3306 4434 3651 4499 consde
3663 4417 3791 4495 liti“

2345 4527 2501 4587 nobis
2537 4542 2720 4587 coram
2753 4530 2862 4588 Deo
2894 4534 3356 4606 responderimus,
3387 4525 3631 4588 dilectione
3653 4526 3725 4573 sat
3744 4508 3790 4563 θ’

2344 4633 2489 4677 cere.
2515 4619 2668 4688 Quod
2696 4622 2744 4677 si
2770 4624 3069 4682 convicium
3087 4669 3105 4698 ,
3133 4626 3216 4685 vel
3239 4625 3420 4689 mina.
3443 4616 3516 4676 vel
3535 4611 3791 4685 αξη-ραν
3856 4614 3857 4687 i

2344 4712 2590 4769 cutiones
2617 4713 2734 4784 ejus
2759 4730 2917 4787 quem
2957 4719 3232 4790 argueris,
3259 4710 3572 4777 Ιιωηνετίπι
3601 4702 3787 4797 ³

2342 4803 2390 4861 si
2418 4803 2593 4860 adhuc
2626 4805 2716 4862 ille
2746 4785 2842 4876 per
2880 4816 2932 4864 te
2956 4785 3132 4867 sanari
3350 4785 3786 4885 νίδεδίωτν

2343 4896 2609 4968 spondeas
2655 4873 2827 4955 donec
2869 4901 3073 4959 saneris
3118 4873 3290 4974 prior:
3313 4910 3395 4967 ne,
3425 4892 3548 4950 lous

2343 4961 2576 5044 motibus
2615 4988 2721 5043 tuis
2746 4988 2812 5044 ad
2858 4961 3158 5049 nocendum
3202 4962 3513 5060 consentias:
3549 4985 3595 5032 α

2345 5077 2577 5149 linguam
2604 5089 2748 5136 tuam
2772 5097 2922 5140 arma
2949 5083 3231 5158 iniquitatis

2343 5169 2411 5227 ad
2435 5170 2767 5230 reddendum
2796 5174 2995 5237 malum
3024 5152 3121 5250 pro
3143 5152 3280 5237 male
3297 5212 3313 5243 ι
3340 5178 3425 5233 ³⁸⁸

2343 5262 2633 5321 maledicto
2677 5263 2903 5338 (ιΡιιτ.
2947 5240 3043 5336 ιιιᾷ
3078 5269 3155 5337 9).
3194 5240 3593 5336 ρυίζιψιωηευίω

2343 5356 2523 5413 animo
2564 5328 2796 5437 dixeris,
2829 5328 3215 5432 punientis‘est
3247 5357 3485 5427 ίωρεωεο
3500 5353 3596 5437 Ψ

2343 5434 2676 5522 corrigentis.
2701 5420 2889 5523 Dilige,
2912 5462 2969 5511 et
2990 5453 3078 5513 dic
3097 5450 3234 5528 quad
3437 5434 3565 5535 9""?

2345 5514 2593 5596 [edictum
2614 5541 2717 5597 erit
2735 5514 2885 5612 quod-
2896 5547 3075 5623 specie
3092 5514 3342 5619 ιὶιιιαιῖοιί

2345 5632 2490 5688 neris
2514 5600 2853 5706 scnserisilue
2891 5600 2953 5694 te
2968 5618 3024 5695 in
3047 5614 3217 5713 gladio
3242 5627 3374 5689 verbi
3396 5617 3507 5687 Del-

2514 5684 2851 5706 ---πψτη
2892 5684 2943 5694 ,,
3082 5684 3211 5711 τμη,
3464 5684 3467 5687 ,

2347 5724 2577 5782 hominis
2621 5710 2743 5785 esse
2768 5731 2914 5807 velle
2949 5733 3029 5805 ab,

2347 5772 2577 5782 --νς--η--υ
2621 5772 2742 5785 ..-υ
2786 5772 2914 5790 ,νην
2949 5772 3029 5805 ...ι
3054 5772 3313 5805 ,ψη-,η
3346 5772 3417 5805 ,έν
3584 5772 3611 5777 ,ν

2346 5814 2486 5873 ωηο
2505 5857 2524 5887 ,
2549 5815 2608 5875 ut
2633 5796 2943 5893 plerumque
3162 5800 3460 5887 .‘dilcctlobo
3480 5784 3648 5860 ﬁt“.
3661 5772 3773 5838 Μ

3172 5948 3198 5977 κ
