  <div class='ocr_page' id='page_1' title='image "/cluster/home/n/w/nwhite01/storage/ocr_20150623/35/uva.x000827104/426.png"; bbox 0 0 3956 6376; ppageno 0'>
   <div class='ocr_carea' id='block_1_1' title="bbox 77 337 260 402">
    <p class='ocr_par' dir='ltr' id='par_1_1' title="bbox 77 337 260 402">
     <span class='ocr_line' id='line_1_1' title="bbox 77 337 260 402; baseline 0.022 -4"><span class='ocrx_word' id='word_1_1' title='bbox 77 337 260 402; x_wconf 61' lang='grc'><strong>2145</strong></span> 
     </span>
    </p>
   </div>
   <div class='ocr_carea' id='block_1_2' title="bbox 77 452 1710 528">
    <p class='ocr_par' dir='ltr' id='par_1_2' title="bbox 77 452 1710 528">
     <span class='ocr_line' id='line_1_2' title="bbox 77 452 1710 528; baseline -0.004 -13"><span class='ocrx_word' id='word_1_2' title='bbox 77 455 353 528; x_wconf 69' lang='lat' dir='ltr'><strong>suscipis</strong></span> <span class='ocrx_word' id='word_1_3' title='bbox 369 454 656 521; x_wconf 91' lang='lat' dir='ltr'><strong>actionem,</strong></span> <span class='ocrx_word' id='word_1_4' title='bbox 679 463 734 511; x_wconf 88' lang='lat' dir='ltr'><strong>et</strong></span> <span class='ocrx_word' id='word_1_5' title='bbox 751 453 820 511; x_wconf 91' lang='lat' dir='ltr'><strong>ad</strong></span> <span class='ocrx_word' id='word_1_6' title='bbox 837 469 957 513; x_wconf 87' lang='lat' dir='ltr'><strong>eam</strong></span> <span class='ocrx_word' id='word_1_7' title='bbox 975 453 1139 512; x_wconf 90' lang='lat' dir='ltr'><strong>corde</strong></span> <span class='ocrx_word' id='word_1_8' title='bbox 1153 452 1457 512; x_wconf 73' lang='lat' dir='ltr'><strong>dilectionis</strong></span> <span class='ocrx_word' id='word_1_9' title='bbox 1477 452 1710 519; x_wconf 86' lang='lat' dir='ltr'><strong>accedis,</strong></span> 
     </span>
    </p>
   </div>
   <div class='ocr_carea' id='block_1_3' title="bbox 89 543 1715 618">
    <p class='ocr_par' dir='ltr' id='par_1_3' title="bbox 89 543 1715 618">
     <span class='ocr_line' id='line_1_3' title="bbox 89 543 1715 618; baseline -0.002 -13"><span class='ocrx_word' id='word_1_10' title='bbox 89 548 202 605; x_wconf 81' lang='lat' dir='ltr'><strong>sed</strong></span> <span class='ocrx_word' id='word_1_11' title='bbox 241 548 396 604; x_wconf 89' lang='lat' dir='ltr'><strong>inter</strong></span> <span class='ocrx_word' id='word_1_12' title='bbox 416 545 681 617; x_wconf 86' lang='lat' dir='ltr'><strong>agendum</strong></span> <span class='ocrx_word' id='word_1_13' title='bbox 714 545 1043 618; x_wconf 84' lang='lat' dir='ltr'><strong>subrepserit</strong></span> <span class='ocrx_word' id='word_1_14' title='bbox 1070 545 1269 618; x_wconf 88' lang='lat' dir='ltr'><strong>aliquid</strong></span> <span class='ocrx_word' id='word_1_15' title='bbox 1291 585 1308 610; x_wconf 95' lang='lat'><strong>,</strong></span> <span class='ocrx_word' id='word_1_16' title='bbox 1346 543 1474 602; x_wconf 93' lang='lat' dir='ltr'><strong>dum</strong></span> <span class='ocrx_word' id='word_1_17' title='bbox 1510 544 1605 600; x_wconf 91' lang='lat' dir='ltr'><strong>tibi</strong></span> <span class='ocrx_word' id='word_1_18' title='bbox 1630 559 1715 602; x_wconf 88' lang='lat' dir='ltr'><strong>re-</strong></span> 
     </span>
    </p>
   </div>
   <div class='ocr_carea' id='block_1_4' title="bbox 96 636 1711 713">
    <p class='ocr_par' dir='ltr' id='par_1_4' title="bbox 96 636 1711 713">
     <span class='ocr_line' id='line_1_4' title="bbox 96 636 1711 713; baseline -0.003 -15"><span class='ocrx_word' id='word_1_19' title='bbox 96 643 356 707; x_wconf 86' lang='lat' dir='ltr'><strong>sistitur,</strong></span> <span class='ocrx_word' id='word_1_20' title='bbox 382 640 526 713; x_wconf 91' lang='lat' dir='ltr'><strong>quod</strong></span> <span class='ocrx_word' id='word_1_21' title='bbox 557 651 608 697; x_wconf 89' lang='lat' dir='ltr'><strong>te</strong></span> <span class='ocrx_word' id='word_1_22' title='bbox 631 639 840 696; x_wconf 75' lang='lat' dir='ltr'><strong>auferat</strong></span> <span class='ocrx_word' id='word_1_23' title='bbox 860 639 930 696; x_wconf 88' lang='lat' dir='ltr'><strong>ab</strong></span> <span class='ocrx_word' id='word_1_24' title='bbox 948 639 1179 696; x_wconf 79' lang='lat' dir='ltr'><strong>hominis</strong></span> <span class='ocrx_word' id='word_1_25' title='bbox 1199 639 1328 695; x_wconf 92' lang='lat' dir='ltr'><strong>vitio</strong></span> <span class='ocrx_word' id='word_1_26' title='bbox 1347 636 1711 710; x_wconf 89' lang='lat' dir='ltr'><strong>percutiendo,</strong></span> 
     </span>
    </p>
   </div>
   <div class='ocr_carea' id='block_1_5' title="bbox 96 729 1714 805">
    <p class='ocr_par' dir='ltr' id='par_1_5' title="bbox 96 729 1714 805">
     <span class='ocr_line' id='line_1_5' title="bbox 96 729 1714 805; baseline -0.004 -14"><span class='ocrx_word' id='word_1_27' title='bbox 96 742 156 791; x_wconf 88' lang='lat' dir='ltr'><strong>et</strong></span> <span class='ocrx_word' id='word_1_28' title='bbox 184 732 301 805; x_wconf 80' lang='lat' dir='ltr'><strong>ipsi</strong></span> <span class='ocrx_word' id='word_1_29' title='bbox 332 732 535 788; x_wconf 79' lang='lat' dir='ltr'><strong>homini</strong></span> <span class='ocrx_word' id='word_1_30' title='bbox 565 731 725 789; x_wconf 78' lang='lat' dir='ltr'><strong>iaciat</strong></span> <span class='ocrx_word' id='word_1_31' title='bbox 751 731 1040 799; x_wconf 77' lang='lat' dir='ltr'><strong>infestum;</strong></span> <span class='ocrx_word' id='word_1_32' title='bbox 1068 740 1253 804; x_wconf 88' lang='lat' dir='ltr'><strong>postea</strong></span> <span class='ocrx_word' id='word_1_33' title='bbox 1279 739 1334 787; x_wconf 89' lang='lat' dir='ltr'><strong>te</strong></span> <span class='ocrx_word' id='word_1_34' title='bbox 1361 729 1610 802; x_wconf 86' lang='lat' dir='ltr'><strong>lacrymis</strong></span> <span class='ocrx_word' id='word_1_35' title='bbox 1636 729 1714 784; x_wconf 85' lang='lat' dir='ltr'><strong>la-</strong></span> 
     </span>
    </p>
   </div>
   <div class='ocr_carea' id='block_1_6' title="bbox 100 819 1714 895">
    <p class='ocr_par' dir='ltr' id='par_1_6' title="bbox 100 819 1714 895">
     <span class='ocr_line' id='line_1_6' title="bbox 100 819 1714 895; baseline -0.002 -17"><span class='ocrx_word' id='word_1_36' title='bbox 100 832 332 882; x_wconf 72' lang='lat' dir='ltr'><strong>vantem</strong></span> <span class='ocrx_word' id='word_1_37' title='bbox 357 823 662 895; x_wconf 70' lang='lat' dir='ltr'><strong>huiusmodi</strong></span> <span class='ocrx_word' id='word_1_38' title='bbox 703 824 972 894; x_wconf 77' lang='lat' dir='ltr'><strong>pulverem</strong></span> <span class='ocrx_word' id='word_1_39' title='bbox 994 865 1011 890; x_wconf 91' lang='lat'><strong>,</strong></span> <span class='ocrx_word' id='word_1_40' title='bbox 1043 822 1212 878; x_wconf 90' lang='lat' dir='ltr'><strong>multo</strong></span> <span class='ocrx_word' id='word_1_41' title='bbox 1234 820 1499 878; x_wconf 78' lang='lat' dir='ltr'><strong>salubrius</strong></span> <span class='ocrx_word' id='word_1_42' title='bbox 1526 819 1714 876; x_wconf 81' lang='lat' dir='ltr'><strong>memi-</strong></span> 
     </span>
    </p>
   </div>
   <div class='ocr_carea' id='block_1_7' title="bbox 103 912 1713 988">
    <p class='ocr_par' dir='ltr' id='par_1_7' title="bbox 103 912 1713 988">
     <span class='ocr_line' id='line_1_7' title="bbox 103 912 1713 988; baseline -0.002 -15"><span class='ocrx_word' id='word_1_43' title='bbox 103 918 259 974; x_wconf 81' lang='lat' dir='ltr'><strong>nisse</strong></span> <span class='ocrx_word' id='word_1_44' title='bbox 300 915 610 988; x_wconf 77' lang='lat' dir='ltr'><strong>Oportebit,</strong></span> <span class='ocrx_word' id='word_1_45' title='bbox 648 930 808 986; x_wconf 89' lang='lat' dir='ltr'><strong>quam</strong></span> <span class='ocrx_word' id='word_1_46' title='bbox 836 930 942 972; x_wconf 93' lang='lat' dir='ltr'><strong>non</strong></span> <span class='ocrx_word' id='word_1_47' title='bbox 971 915 1258 972; x_wconf 88' lang='lat' dir='ltr'><strong>debeamus</strong></span> <span class='ocrx_word' id='word_1_48' title='bbox 1285 929 1446 984; x_wconf 82' lang='lat' dir='ltr'><strong>super</strong></span> <span class='ocrx_word' id='word_1_49' title='bbox 1485 912 1713 969; x_wconf 90' lang='lat' dir='ltr'><strong>aliorum</strong></span> 
     </span>
    </p>
   </div>
   <div class='ocr_carea' id='block_1_8' title="bbox 99 1003 1715 1080">
    <p class='ocr_par' dir='ltr' id='par_1_8' title="bbox 99 1003 1715 1080">
     <span class='ocr_line' id='line_1_8' title="bbox 99 1003 1715 1080; baseline -0.004 -15"><span class='ocrx_word' id='word_1_50' title='bbox 99 1007 401 1080; x_wconf 75' lang='lat' dir='ltr'><strong>superbire</strong></span> <span class='ocrx_word' id='word_1_51' title='bbox 424 1015 662 1078; x_wconf 79' lang='lat' dir='ltr'><strong>peccata,</strong></span> <span class='ocrx_word' id='word_1_52' title='bbox 691 1005 903 1078; x_wconf 78' lang='lat' dir='ltr'><strong>quando</strong></span> <span class='ocrx_word' id='word_1_53' title='bbox 929 1007 984 1064; x_wconf 90' lang='lat' dir='ltr'><strong>in</strong></span> <span class='ocrx_word' id='word_1_54' title='bbox 1011 1007 1122 1079; x_wconf 84' lang='lat' dir='ltr'><strong>ipsa</strong></span> <span class='ocrx_word' id='word_1_55' title='bbox 1137 1021 1324 1063; x_wconf 89' lang='lat' dir='ltr'><strong>eorum</strong></span> <span class='ocrx_word' id='word_1_56' title='bbox 1343 1003 1715 1078; x_wconf 67' lang='lat' dir='ltr'><strong>objurgatione</strong></span> 
     </span>
    </p>
   </div>
   <div class='ocr_carea' id='block_1_9' title="bbox 93 1098 1713 1174">
    <p class='ocr_par' dir='ltr' id='par_1_9' title="bbox 93 1098 1713 1174">
     <span class='ocr_line' id='line_1_9' title="bbox 93 1098 1713 1174; baseline -0.002 -18"><span class='ocrx_word' id='word_1_57' title='bbox 93 1114 423 1174; x_wconf 81' lang='lat' dir='ltr'><strong>peecarnus,</strong></span> <span class='ocrx_word' id='word_1_58' title='bbox 443 1114 568 1155; x_wconf 89' lang='lat' dir='ltr'><strong>cum</strong></span> <span class='ocrx_word' id='word_1_59' title='bbox 589 1099 795 1155; x_wconf 76' lang='lat' dir='ltr'><strong>[acilius</strong></span> <span class='ocrx_word' id='word_1_60' title='bbox 817 1113 916 1154; x_wconf 86' lang='lat' dir='ltr'><strong>nos</strong></span> <span class='ocrx_word' id='word_1_61' title='bbox 941 1098 1019 1156; x_wconf 91' lang='lat' dir='ltr'><strong>ira</strong></span> <span class='ocrx_word' id='word_1_62' title='bbox 1045 1098 1316 1171; x_wconf 78' lang='lat' dir='ltr'><strong>peccantis</strong></span> <span class='ocrx_word' id='word_1_63' title='bbox 1342 1098 1526 1166; x_wconf 86' lang='lat' dir='ltr'><strong>iratos,</strong></span> <span class='ocrx_word' id='word_1_64' title='bbox 1550 1111 1713 1171; x_wconf 86' lang='lat' dir='ltr'><strong>quam</strong></span> 
     </span>
    </p>
   </div>
   <div class='ocr_carea' id='block_1_10' title="bbox 91 1189 913 1250">
    <p class='ocr_par' dir='ltr' id='par_1_10' title="bbox 91 1189 913 1250">
     <span class='ocr_line' id='line_1_10' title="bbox 91 1189 913 1250; baseline -0.005 0"><span class='ocrx_word' id='word_1_65' title='bbox 91 1193 332 1250; x_wconf 81' lang='lat' dir='ltr'><strong>miseria</strong></span> <span class='ocrx_word' id='word_1_66' title='bbox 359 1191 735 1248; x_wconf 83' lang='lat' dir='ltr'><strong>misericordes</strong></span> <span class='ocrx_word' id='word_1_67' title='bbox 765 1189 913 1247; x_wconf 78' lang='lat' dir='ltr'><strong>facit.</strong></span> 
     </span>
    </p>
   </div>
   <div class='ocr_carea' id='block_1_11' title="bbox 163 1281 1713 1357">
    <p class='ocr_par' dir='ltr' id='par_1_11' title="bbox 163 1281 1713 1357">
     <span class='ocr_line' id='line_1_11' title="bbox 163 1281 1713 1357; baseline -0.004 -14"><span class='ocrx_word' id='word_1_68' title='bbox 163 1284 248 1343; x_wconf 77' lang='lat'><strong>58</strong></span> <span class='ocrx_word' id='word_1_69' title='bbox 290 1281 397 1355; x_wconf 89' lang='lat' dir='ltr'><strong>[lb.</strong></span> <span class='ocrx_word' id='word_1_70' title='bbox 427 1298 512 1347; x_wconf 80' lang='lat' dir='ltr'><strong>vi,</strong></span> <span class='ocrx_word' id='word_1_71' title='bbox 541 1281 623 1357; x_wconf 72' lang='lat'><strong>2.]</strong></span> <span class='ocrx_word' id='word_1_72' title='bbox 663 1281 806 1338; x_wconf 76' lang='lat' dir='ltr'><strong>Alter</strong></span> <span class='ocrx_word' id='word_1_73' title='bbox 845 1282 1054 1339; x_wconf 85' lang='lat' dir='ltr'><strong>alterius</strong></span> <span class='ocrx_word' id='word_1_74' title='bbox 1090 1299 1246 1340; x_wconf 86' lang='lat' dir='ltr'><strong>onera</strong></span> <span class='ocrx_word' id='word_1_75' title='bbox 1282 1292 1512 1354; x_wconf 79' lang='lat' dir='ltr'><strong>portate,</strong></span> <span class='ocrx_word' id='word_1_76' title='bbox 1553 1294 1601 1339; x_wconf 92' lang='lat' dir='ltr'><strong>et</strong></span> <span class='ocrx_word' id='word_1_77' title='bbox 1639 1282 1713 1338; x_wconf 86' lang='lat' dir='ltr'><strong>sic</strong></span> 
     </span>
    </p>
   </div>
   <div class='ocr_carea' id='block_1_12' title="bbox 87 1375 1709 1449">
    <p class='ocr_par' dir='ltr' id='par_1_12' title="bbox 87 1375 1709 1449">
     <span class='ocr_line' id='line_1_12' title="bbox 87 1375 1709 1449; baseline -0.002 -17"><span class='ocrx_word' id='word_1_78' title='bbox 87 1375 455 1449; x_wconf 75' lang='lat' dir='ltr'><strong>odintplebitis</strong></span> <span class='ocrx_word' id='word_1_79' title='bbox 486 1375 669 1446; x_wconf 87' lang='lat' dir='ltr'><strong>Legem</strong></span> <span class='ocrx_word' id='word_1_80' title='bbox 709 1375 937 1448; x_wconf 80' lang='lat' dir='ltr'><strong>Christi:</strong></span> <span class='ocrx_word' id='word_1_81' title='bbox 977 1375 1172 1448; x_wconf 83' lang='lat' dir='ltr'><strong>Legem</strong></span> <span class='ocrx_word' id='word_1_82' title='bbox 1203 1378 1386 1447; x_wconf 88' lang='lat' dir='ltr'><strong>utique</strong></span> <span class='ocrx_word' id='word_1_83' title='bbox 1414 1375 1709 1433; x_wconf 84' lang='lat' dir='ltr'><strong>charitatis.</strong></span> 
     </span>
    </p>
   </div>
   <div class='ocr_carea' id='block_1_13' title="bbox 87 1467 1713 1541">
    <p class='ocr_par' dir='ltr' id='par_1_13' title="bbox 87 1467 1713 1541">
     <span class='ocr_line' id='line_1_13' title="bbox 87 1467 1713 1541; baseline -0.003 -14"><span class='ocrx_word' id='word_1_84' title='bbox 87 1471 146 1528; x_wconf 88' lang='lat' dir='ltr'><strong>Si</strong></span> <span class='ocrx_word' id='word_1_85' title='bbox 190 1478 388 1526; x_wconf 85' lang='lat' dir='ltr'><strong>autem</strong></span> <span class='ocrx_word' id='word_1_86' title='bbox 428 1469 617 1540; x_wconf 82' lang='lat' dir='ltr'><strong>implet</strong></span> <span class='ocrx_word' id='word_1_87' title='bbox 642 1467 838 1541; x_wconf 77' lang='lat' dir='ltr'><strong>Legem</strong></span> <span class='ocrx_word' id='word_1_88' title='bbox 874 1469 963 1541; x_wconf 89' lang='lat' dir='ltr'><strong>qui</strong></span> <span class='ocrx_word' id='word_1_89' title='bbox 1004 1469 1175 1540; x_wconf 77' lang='lat' dir='ltr'><strong>diligit</strong></span> <span class='ocrx_word' id='word_1_90' title='bbox 1213 1469 1537 1541; x_wconf 81' lang='lat' dir='ltr'><strong>proximum,</strong></span> <span class='ocrx_word' id='word_1_91' title='bbox 1577 1467 1713 1524; x_wconf 86' lang='lat' dir='ltr'><strong>dile-</strong></span> 
     </span>
    </p>
   </div>
   <div class='ocr_carea' id='block_1_14' title="bbox 90 1559 1713 1632">
    <p class='ocr_par' dir='ltr' id='par_1_14' title="bbox 90 1559 1713 1632">
     <span class='ocr_line' id='line_1_14' title="bbox 90 1559 1713 1632; baseline 0 -16"><span class='ocrx_word' id='word_1_92' title='bbox 90 1563 326 1632; x_wconf 67' lang='lat' dir='ltr'><strong>uioque</strong></span> <span class='ocrx_word' id='word_1_93' title='bbox 347 1559 580 1630; x_wconf 77' lang='lat' dir='ltr'><strong>proximi</strong></span> <span class='ocrx_word' id='word_1_94' title='bbox 604 1560 764 1616; x_wconf 87' lang='lat' dir='ltr'><strong>etiam</strong></span> <span class='ocrx_word' id='word_1_95' title='bbox 792 1560 846 1615; x_wconf 92' lang='lat' dir='ltr'><strong>in</strong></span> <span class='ocrx_word' id='word_1_96' title='bbox 869 1559 1140 1617; x_wconf 80' lang='lat' dir='ltr'><strong>veteribus</strong></span> <span class='ocrx_word' id='word_1_97' title='bbox 1163 1559 1455 1631; x_wconf 88' lang='lat' dir='ltr'><strong>Scripturis</strong></span> <span class='ocrx_word' id='word_1_98' title='bbox 1474 1559 1713 1616; x_wconf 85' lang='lat' dir='ltr'><strong>maxime</strong></span> 
     </span>
    </p>
   </div>
   <div class='ocr_carea' id='block_1_15' title="bbox 93 1650 1713 1723">
    <p class='ocr_par' dir='ltr' id='par_1_15' title="bbox 93 1650 1713 1723">
     <span class='ocr_line' id='line_1_15' title="bbox 93 1650 1713 1723; baseline 0 -15"><span class='ocrx_word' id='word_1_99' title='bbox 93 1651 522 1708; x_wconf 67' lang='lat' dir='ltr'><strong>con-mendatur</strong></span> <span class='ocrx_word' id='word_1_100' title='bbox 569 1650 769 1722; x_wconf 88' lang='lat' dir='ltr'><strong>(Levit.</strong></span> <span class='ocrx_word' id='word_1_101' title='bbox 808 1667 930 1717; x_wconf 81' lang='lat' dir='ltr'><strong>xix,</strong></span> <span class='ocrx_word' id='word_1_102' title='bbox 982 1652 1130 1723; x_wconf 65' lang='lat'><strong>18);</strong></span> <span class='ocrx_word' id='word_1_103' title='bbox 1180 1651 1234 1708; x_wconf 92' lang='lat' dir='ltr'><strong>iu</strong></span> <span class='ocrx_word' id='word_1_104' title='bbox 1283 1667 1388 1723; x_wconf 88' lang='lat' dir='ltr'><strong>qua</strong></span> <span class='ocrx_word' id='word_1_105' title='bbox 1428 1651 1713 1708; x_wconf 88' lang='lat' dir='ltr'><strong>dilectione</strong></span> 
     </span>
    </p>
   </div>
   <div class='ocr_carea' id='block_1_16' title="bbox 93 1742 1712 1814">
    <p class='ocr_par' dir='ltr' id='par_1_16' title="bbox 93 1742 1712 1814">
     <span class='ocr_line' id='line_1_16' title="bbox 93 1742 1712 1814; baseline -0.001 -14"><span class='ocrx_word' id='word_1_106' title='bbox 93 1743 230 1800; x_wconf 72' lang='lat' dir='ltr'><strong>dicit</strong></span> <span class='ocrx_word' id='word_1_107' title='bbox 276 1744 394 1798; x_wconf 88' lang='lat' dir='ltr'><strong>alio</strong></span> <span class='ocrx_word' id='word_1_108' title='bbox 435 1743 558 1800; x_wconf 79' lang='lat' dir='ltr'><strong>loco</strong></span> <span class='ocrx_word' id='word_1_109' title='bbox 606 1742 746 1799; x_wconf 91' lang='lat' dir='ltr'><strong>idem</strong></span> <span class='ocrx_word' id='word_1_110' title='bbox 793 1742 1068 1813; x_wconf 77' lang='lat' dir='ltr'><strong>apostolus</strong></span> <span class='ocrx_word' id='word_1_111' title='bbox 1089 1783 1106 1810; x_wconf 92' lang='lat'><strong>,</strong></span> <span class='ocrx_word' id='word_1_112' title='bbox 1153 1743 1493 1814; x_wconf 82' lang='lat' dir='ltr'><strong>recapitulari</strong></span> <span class='ocrx_word' id='word_1_113' title='bbox 1533 1743 1712 1799; x_wconf 85' lang='lat' dir='ltr'><strong>omnia</strong></span> 
     </span>
    </p>
   </div>
   <div class='ocr_carea' id='block_1_17' title="bbox 94 1834 1713 1907">
    <p class='ocr_par' dir='ltr' id='par_1_17' title="bbox 94 1834 1713 1907">
     <span class='ocr_line' id='line_1_17' title="bbox 94 1834 1713 1907; baseline -0.001 -14"><span class='ocrx_word' id='word_1_114' title='bbox 94 1836 362 1893; x_wconf 74' lang='lat' dir='ltr'><strong>mandata</strong></span> <span class='ocrx_word' id='word_1_115' title='bbox 406 1836 563 1907; x_wconf 81' lang='lat' dir='ltr'><strong>Legis</strong></span> <span class='ocrx_word' id='word_1_116' title='bbox 608 1834 785 1905; x_wconf 85' lang='lat' dir='ltr'><strong>(Rom.</strong></span> <span class='ocrx_word' id='word_1_117' title='bbox 836 1851 962 1904; x_wconf 80' lang='lat' dir='ltr'><strong>xm,</strong></span> <span class='ocrx_word' id='word_1_118' title='bbox 1002 1835 1057 1902; x_wconf 90' lang='lat'><strong>8,</strong></span> <span class='ocrx_word' id='word_1_119' title='bbox 1085 1834 1140 1906; x_wconf 87' lang='lat'><strong>9)</strong></span> <span class='ocrx_word' id='word_1_120' title='bbox 1177 1853 1193 1891; x_wconf 88' lang='lat'><strong>:</strong></span> <span class='ocrx_word' id='word_1_121' title='bbox 1241 1835 1582 1892; x_wconf 75' lang='lat' dir='ltr'><strong>manifestum</strong></span> <span class='ocrx_word' id='word_1_122' title='bbox 1629 1843 1713 1892; x_wconf 89' lang='lat' dir='ltr'><strong>est</strong></span> 
     </span>
    </p>
   </div>
   <div class='ocr_carea' id='block_1_18' title="bbox 92 1924 1707 1998">
    <p class='ocr_par' dir='ltr' id='par_1_18' title="bbox 92 1924 1707 1998">
     <span class='ocr_line' id='line_1_18' title="bbox 92 1924 1707 1998; baseline -0.002 -15"><span class='ocrx_word' id='word_1_123' title='bbox 92 1927 263 1983; x_wconf 73' lang='lat' dir='ltr'><strong>et&#39;mn</strong></span> <span class='ocrx_word' id='word_1_124' title='bbox 295 1927 444 1982; x_wconf 80' lang='lat' dir='ltr'><strong>illam</strong></span> <span class='ocrx_word' id='word_1_125' title='bbox 468 1927 821 1998; x_wconf 88' lang='lat' dir='ltr'><strong>Scripturam,</strong></span> <span class='ocrx_word' id='word_1_126' title='bbox 869 1941 990 1996; x_wconf 69' lang='lat' dir='ltr'><strong>quae</strong></span> <span class='ocrx_word' id='word_1_127' title='bbox 1030 1924 1196 1996; x_wconf 88' lang='lat' dir='ltr'><strong>priori</strong></span> <span class='ocrx_word' id='word_1_128' title='bbox 1220 1926 1415 1997; x_wconf 89' lang='lat' dir='ltr'><strong>populo</strong></span> <span class='ocrx_word' id='word_1_129' title='bbox 1457 1925 1580 1982; x_wconf 84' lang='lat' dir='ltr'><strong>data</strong></span> <span class='ocrx_word' id='word_1_130' title='bbox 1605 1934 1707 1994; x_wconf 86' lang='lat' dir='ltr'><strong>est,</strong></span> 
     </span>
    </p>
   </div>
   <div class='ocr_carea' id='block_1_19' title="bbox 95 2017 1711 2091">
    <p class='ocr_par' dir='ltr' id='par_1_19' title="bbox 95 2017 1711 2091">
     <span class='ocr_line' id='line_1_19' title="bbox 95 2017 1711 2091; baseline -0.001 -16"><span class='ocrx_word' id='word_1_131' title='bbox 95 2018 316 2091; x_wconf 75' lang='lat' dir='ltr'><strong>Legem</strong></span> <span class='ocrx_word' id='word_1_132' title='bbox 355 2018 555 2075; x_wconf 81' lang='lat' dir='ltr'><strong>Christi</strong></span> <span class='ocrx_word' id='word_1_133' title='bbox 594 2033 734 2084; x_wconf 82' lang='lat' dir='ltr'><strong>esse,</strong></span> <span class='ocrx_word' id='word_1_134' title='bbox 789 2034 948 2090; x_wconf 88' lang='lat' dir='ltr'><strong>quam</strong></span> <span class='ocrx_word' id='word_1_135' title='bbox 991 2018 1138 2075; x_wconf 80' lang='lat' dir='ltr'><strong>venit</strong></span> <span class='ocrx_word' id='word_1_136' title='bbox 1185 2017 1409 2089; x_wconf 88' lang='lat' dir='ltr'><strong>implere</strong></span> <span class='ocrx_word' id='word_1_137' title='bbox 1447 2018 1711 2075; x_wconf 87' lang='lat' dir='ltr'><strong>charitate</strong></span> 
     </span>
    </p>
   </div>
   <div class='ocr_carea' id='block_1_20' title="bbox 96 2109 1710 2182">
    <p class='ocr_par' dir='ltr' id='par_1_20' title="bbox 96 2109 1710 2182">
     <span class='ocr_line' id='line_1_20' title="bbox 96 2109 1710 2182; baseline 0 -16"><span class='ocrx_word' id='word_1_138' title='bbox 96 2110 334 2180; x_wconf 66' lang='lat' dir='ltr'><strong>(lculi.</strong></span> <span class='ocrx_word' id='word_1_139' title='bbox 366 2127 420 2177; x_wconf 71' lang='grc' dir='ltr'>ν,</span> <span class='ocrx_word' id='word_1_140' title='bbox 446 2111 568 2180; x_wconf 82' lang='lat' dir='ltr'><strong>l7),</strong></span> <span class='ocrx_word' id='word_1_141' title='bbox 597 2125 718 2182; x_wconf 65' lang='lat' dir='ltr'><strong>quae</strong></span> <span class='ocrx_word' id='word_1_142' title='bbox 753 2126 858 2166; x_wconf 88' lang='lat' dir='ltr'><strong>non</strong></span> <span class='ocrx_word' id='word_1_143' title='bbox 908 2110 1227 2181; x_wconf 90' lang='lat' dir='ltr'><strong>implebatur</strong></span> <span class='ocrx_word' id='word_1_144' title='bbox 1255 2109 1468 2166; x_wconf 88' lang='lat' dir='ltr'><strong>timore.</strong></span> <span class='ocrx_word' id='word_1_145' title='bbox 1507 2109 1710 2166; x_wconf 84' lang='lat' dir='ltr'><strong>Eadem</strong></span> 
     </span>
    </p>
   </div>
   <div class='ocr_carea' id='block_1_21' title="bbox 99 2200 1710 2273">
    <p class='ocr_par' dir='ltr' id='par_1_21' title="bbox 99 2200 1710 2273">
     <span class='ocr_line' id='line_1_21' title="bbox 99 2200 1710 2273; baseline -0.004 -10"><span class='ocrx_word' id='word_1_146' title='bbox 99 2201 268 2272; x_wconf 66' lang='lat' dir='ltr'><strong>igitur</strong></span> <span class='ocrx_word' id='word_1_147' title='bbox 295 2200 578 2273; x_wconf 83' lang='lat' dir='ltr'><strong>Scriptura</strong></span> <span class='ocrx_word' id='word_1_148' title='bbox 603 2209 660 2257; x_wconf 88' lang='lat' dir='ltr'><strong>et</strong></span> <span class='ocrx_word' id='word_1_149' title='bbox 677 2201 820 2259; x_wconf 89' lang='lat' dir='ltr'><strong>idem</strong></span> <span class='ocrx_word' id='word_1_150' title='bbox 850 2201 1178 2270; x_wconf 86' lang='lat' dir='ltr'><strong>mandatum,</strong></span> <span class='ocrx_word' id='word_1_151' title='bbox 1209 2216 1331 2257; x_wconf 91' lang='lat' dir='ltr'><strong>cum</strong></span> <span class='ocrx_word' id='word_1_152' title='bbox 1356 2201 1511 2258; x_wconf 82' lang='lat' dir='ltr'><strong>bonis</strong></span> <span class='ocrx_word' id='word_1_153' title='bbox 1537 2208 1710 2257; x_wconf 86' lang='lat' dir='ltr'><strong>terre-</strong></span> 
     </span>
    </p>
   </div>
   <div class='ocr_carea' id='block_1_22' title="bbox 102 2289 1706 2363">
    <p class='ocr_par' dir='ltr' id='par_1_22' title="bbox 102 2289 1706 2363">
     <span class='ocr_line' id='line_1_22' title="bbox 102 2289 1706 2363; baseline 0 -15"><span class='ocrx_word' id='word_1_154' title='bbox 102 2293 190 2349; x_wconf 89' lang='lat' dir='ltr'><strong>nis</strong></span> <span class='ocrx_word' id='word_1_155' title='bbox 237 2291 520 2350; x_wconf 78' lang='lat' dir='ltr'><strong>inhiantes</strong></span> <span class='ocrx_word' id='word_1_156' title='bbox 564 2294 758 2363; x_wconf 86' lang='lat' dir='ltr'><strong>premit</strong></span> <span class='ocrx_word' id='word_1_157' title='bbox 797 2307 1004 2359; x_wconf 86' lang='lat' dir='ltr'><strong>servos,</strong></span> <span class='ocrx_word' id='word_1_158' title='bbox 1054 2290 1456 2348; x_wconf 83' lang='lat' dir='ltr'><strong>Testamentum</strong></span> <span class='ocrx_word' id='word_1_159' title='bbox 1506 2289 1706 2357; x_wconf 81' lang='lat' dir='ltr'><strong>Vetus;</strong></span> 
     </span>
    </p>
   </div>
   <div class='ocr_carea' id='block_1_23' title="bbox 105 2372 1710 2454">
    <p class='ocr_par' dir='ltr' id='par_1_23' title="bbox 105 2372 1710 2454">
     <span class='ocr_line' id='line_1_23' title="bbox 105 2372 1710 2454; baseline -0.002 -14"><span class='ocrx_word' id='word_1_160' title='bbox 105 2398 228 2440; x_wconf 77' lang='lat' dir='ltr'><strong>cum</strong></span> <span class='ocrx_word' id='word_1_161' title='bbox 273 2383 334 2440; x_wconf 87' lang='lat' dir='ltr'><strong>in</strong></span> <span class='ocrx_word' id='word_1_162' title='bbox 359 2383 502 2440; x_wconf 89' lang='lat' dir='ltr'><strong>bona</strong></span> <span class='ocrx_word' id='word_1_163' title='bbox 546 2392 747 2441; x_wconf 79' lang='lat' dir='ltr'><strong>:eterna</strong></span> <span class='ocrx_word' id='word_1_164' title='bbox 778 2372 1065 2454; x_wconf 75' lang='lat' dir='ltr'><strong>ﬂagrantes</strong></span> <span class='ocrx_word' id='word_1_165' title='bbox 1099 2381 1256 2453; x_wconf 87' lang='lat' dir='ltr'><strong>erigit</strong></span> <span class='ocrx_word' id='word_1_166' title='bbox 1279 2381 1500 2450; x_wconf 87' lang='lat' dir='ltr'><strong>liberos,</strong></span> <span class='ocrx_word' id='word_1_167' title='bbox 1521 2379 1710 2438; x_wconf 81' lang='lat' dir='ltr'><strong>Testa-</strong></span> 
     </span>
    </p>
   </div>
   <div class='ocr_carea' id='block_1_24' title="bbox 112 2473 847 2532">
    <p class='ocr_par' dir='ltr' id='par_1_24' title="bbox 112 2473 847 2532">
     <span class='ocr_line' id='line_1_24' title="bbox 112 2473 847 2532; baseline -0.001 -1"><span class='ocrx_word' id='word_1_168' title='bbox 112 2483 353 2532; x_wconf 75' lang='lat' dir='ltr'><strong>mentum</strong></span> <span class='ocrx_word' id='word_1_169' title='bbox 379 2473 587 2531; x_wconf 62' lang='lat' dir='ltr'><strong>ﬂavum</strong></span> <span class='ocrx_word' id='word_1_170' title='bbox 607 2483 847 2530; x_wconf 86' lang='lat' dir='ltr'><strong>vocatur.</strong></span> 
     </span>
    </p>
   </div>
   <div class='ocr_carea' id='block_1_25' title="bbox 176 2564 1706 2641">
    <p class='ocr_par' dir='ltr' id='par_1_25' title="bbox 176 2564 1706 2641">
     <span class='ocr_line' id='line_1_25' title="bbox 176 2564 1706 2641; baseline -0.001 -17"><span class='ocrx_word' id='word_1_171' title='bbox 176 2565 270 2624; x_wconf 74' lang='grc' dir='ltr'><strong>ω.</strong></span> <span class='ocrx_word' id='word_1_172' title='bbox 302 2564 406 2641; x_wconf 74' lang='grc'><strong>[11).</strong></span> <span class='ocrx_word' id='word_1_173' title='bbox 433 2581 510 2631; x_wconf 72' lang='lat' dir='ltr'><strong>Vt,</strong></span> <span class='ocrx_word' id='word_1_174' title='bbox 536 2564 678 2639; x_wconf 78' lang='lat'><strong>3-5.]</strong></span> <span class='ocrx_word' id='word_1_175' title='bbox 700 2567 762 2623; x_wconf 80' lang='lat' dir='ltr'><strong>Si</strong></span> <span class='ocrx_word' id='word_1_176' title='bbox 785 2567 919 2620; x_wconf 88' lang='lat' dir='ltr'><strong>enim</strong></span> <span class='ocrx_word' id='word_1_177' title='bbox 935 2565 1142 2635; x_wconf 85' lang='lat' dir='ltr'><strong>aliquis,</strong></span> <span class='ocrx_word' id='word_1_178' title='bbox 1165 2565 1358 2638; x_wconf 87' lang='lat' dir='ltr'><strong>inquit,</strong></span> <span class='ocrx_word' id='word_1_179' title='bbox 1386 2565 1581 2620; x_wconf 85' lang='lat' dir='ltr'><strong>videtur</strong></span> <span class='ocrx_word' id='word_1_180' title='bbox 1598 2581 1706 2622; x_wconf 79' lang='lat' dir='ltr'><strong>esse</strong></span> 
     </span>
    </p>
   </div>
   <div class='ocr_carea' id='block_1_26' title="bbox 119 2655 1703 2729">
    <p class='ocr_par' dir='ltr' id='par_1_26' title="bbox 119 2655 1703 2729">
     <span class='ocr_line' id='line_1_26' title="bbox 119 2655 1703 2729; baseline 0.001 -16"><span class='ocrx_word' id='word_1_181' title='bbox 119 2657 333 2729; x_wconf 71' lang='lat' dir='ltr'><strong>aliquid,</strong></span> <span class='ocrx_word' id='word_1_182' title='bbox 353 2673 473 2713; x_wconf 80' lang='lat' dir='ltr'><strong>cum</strong></span> <span class='ocrx_word' id='word_1_183' title='bbox 496 2658 628 2714; x_wconf 80' lang='lat' dir='ltr'><strong>nihil</strong></span> <span class='ocrx_word' id='word_1_184' title='bbox 654 2660 740 2724; x_wconf 88' lang='lat' dir='ltr'><strong>sit,</strong></span> <span class='ocrx_word' id='word_1_185' title='bbox 773 2658 993 2729; x_wconf 81' lang='lat' dir='ltr'><strong>seipsum</strong></span> <span class='ocrx_word' id='word_1_186' title='bbox 1012 2658 1225 2714; x_wconf 75' lang='lat' dir='ltr'><strong>seducit.</strong></span> <span class='ocrx_word' id='word_1_187' title='bbox 1256 2655 1374 2714; x_wconf 83' lang='lat' dir='ltr'><strong>Non</strong></span> <span class='ocrx_word' id='word_1_188' title='bbox 1404 2659 1548 2714; x_wconf 88' lang='lat' dir='ltr'><strong>enim</strong></span> <span class='ocrx_word' id='word_1_189' title='bbox 1579 2672 1703 2714; x_wconf 90' lang='lat' dir='ltr'><strong>eum</strong></span> 
     </span>
    </p>
   </div>
   <div class='ocr_carea' id='block_1_27' title="bbox 120 2747 1706 2821">
    <p class='ocr_par' dir='ltr' id='par_1_27' title="bbox 120 2747 1706 2821">
     <span class='ocr_line' id='line_1_27' title="bbox 120 2747 1706 2821; baseline 0.001 -17"><span class='ocrx_word' id='word_1_190' title='bbox 120 2747 370 2806; x_wconf 74' lang='lat' dir='ltr'><strong>seducet</strong></span> <span class='ocrx_word' id='word_1_191' title='bbox 397 2748 703 2806; x_wconf 82' lang='lat' dir='ltr'><strong>laudatores</strong></span> <span class='ocrx_word' id='word_1_192' title='bbox 730 2749 880 2820; x_wconf 83' lang='lat' dir='ltr'><strong>ejus,</strong></span> <span class='ocrx_word' id='word_1_193' title='bbox 924 2748 1020 2806; x_wconf 87' lang='lat' dir='ltr'><strong>sed</strong></span> <span class='ocrx_word' id='word_1_194' title='bbox 1053 2751 1169 2820; x_wconf 86' lang='lat' dir='ltr'><strong>ipse</strong></span> <span class='ocrx_word' id='word_1_195' title='bbox 1199 2750 1413 2821; x_wconf 86' lang='lat' dir='ltr'><strong>potius;</strong></span> <span class='ocrx_word' id='word_1_196' title='bbox 1441 2749 1562 2821; x_wconf 87' lang='lat' dir='ltr'><strong>quia</strong></span> <span class='ocrx_word' id='word_1_197' title='bbox 1584 2764 1706 2806; x_wconf 90' lang='lat' dir='ltr'><strong>cum</strong></span> 
     </span>
    </p>
   </div>
   <div class='ocr_carea' id='block_1_28' title="bbox 124 2837 1709 2912">
    <p class='ocr_par' dir='ltr' id='par_1_28' title="bbox 124 2837 1709 2912">
     <span class='ocr_line' id='line_1_28' title="bbox 124 2837 1709 2912; baseline 0.003 -17"><span class='ocrx_word' id='word_1_198' title='bbox 124 2837 214 2895; x_wconf 81' lang='lat' dir='ltr'><strong>u‘bi</strong></span> <span class='ocrx_word' id='word_1_199' title='bbox 257 2841 332 2896; x_wconf 85' lang='lat' dir='ltr'><strong>sit</strong></span> <span class='ocrx_word' id='word_1_200' title='bbox 378 2839 496 2911; x_wconf 85' lang='lat' dir='ltr'><strong>ipse</strong></span> <span class='ocrx_word' id='word_1_201' title='bbox 537 2842 852 2911; x_wconf 66' lang='lat' dir='ltr'><strong>praesentior</strong></span> <span class='ocrx_word' id='word_1_202' title='bbox 885 2856 1043 2912; x_wconf 86' lang='lat' dir='ltr'><strong>quam</strong></span> <span class='ocrx_word' id='word_1_203' title='bbox 1071 2841 1169 2908; x_wconf 88' lang='lat' dir='ltr'><strong>illi,</strong></span> <span class='ocrx_word' id='word_1_204' title='bbox 1215 2843 1416 2902; x_wconf 84' lang='lat' dir='ltr'><strong>mavult</strong></span> <span class='ocrx_word' id='word_1_205' title='bbox 1441 2842 1575 2898; x_wconf 91' lang='lat' dir='ltr'><strong>sein</strong></span> <span class='ocrx_word' id='word_1_206' title='bbox 1603 2843 1709 2899; x_wconf 88' lang='lat' dir='ltr'><strong>illis</strong></span> 
     </span>
    </p>
   </div>
   <div class='ocr_carea' id='block_1_29' title="bbox 126 2931 1707 3005">
    <p class='ocr_par' dir='ltr' id='par_1_29' title="bbox 126 2931 1707 3005">
     <span class='ocr_line' id='line_1_29' title="bbox 126 2931 1707 3005; baseline -0.002 -15"><span class='ocrx_word' id='word_1_207' title='bbox 126 2945 372 3002; x_wconf 64' lang='lat' dir='ltr'><strong>qurere,</strong></span> <span class='ocrx_word' id='word_1_208' title='bbox 409 2947 572 3005; x_wconf 88' lang='lat' dir='ltr'><strong>quam</strong></span> <span class='ocrx_word' id='word_1_209' title='bbox 601 2934 654 2989; x_wconf 92' lang='lat' dir='ltr'><strong>in</strong></span> <span class='ocrx_word' id='word_1_210' title='bbox 701 2934 897 3003; x_wconf 88' lang='lat' dir='ltr'><strong>seipso.</strong></span> <span class='ocrx_word' id='word_1_211' title='bbox 923 2933 1028 2990; x_wconf 86' lang='lat' dir='ltr'><strong>Sed</strong></span> <span class='ocrx_word' id='word_1_212' title='bbox 1062 2931 1191 3004; x_wconf 90' lang='lat' dir='ltr'><strong>quid</strong></span> <span class='ocrx_word' id='word_1_213' title='bbox 1218 2932 1349 2990; x_wconf 90' lang='lat' dir='ltr'><strong>dicit</strong></span> <span class='ocrx_word' id='word_1_214' title='bbox 1372 2934 1707 3004; x_wconf 79' lang='lat' dir='ltr'><strong>Apostolus?</strong></span> 
     </span>
    </p>
   </div>
   <div class='ocr_carea' id='block_1_30' title="bbox 133 3021 1706 3098">
    <p class='ocr_par' dir='ltr' id='par_1_30' title="bbox 133 3021 1706 3098">
     <span class='ocr_line' id='line_1_30' title="bbox 133 3021 1706 3098; baseline 0.004 -22"><span class='ocrx_word' id='word_1_215' title='bbox 133 3021 260 3093; x_wconf 76' lang='lat' dir='ltr'><strong>Opus</strong></span> <span class='ocrx_word' id='word_1_216' title='bbox 286 3034 456 3080; x_wconf 79' lang='lat' dir='ltr'><strong>autem</strong></span> <span class='ocrx_word' id='word_1_217' title='bbox 487 3041 636 3080; x_wconf 79' lang='lat' dir='ltr'><strong>suum</strong></span> <span class='ocrx_word' id='word_1_218' title='bbox 665 3025 839 3095; x_wconf 87' lang='lat' dir='ltr'><strong>probet</strong></span> <span class='ocrx_word' id='word_1_219' title='bbox 857 3026 1215 3096; x_wconf 72' lang='lat' dir='ltr'><strong>unusquisque,</strong></span> <span class='ocrx_word' id='word_1_220' title='bbox 1246 3037 1294 3080; x_wconf 91' lang='lat' dir='ltr'><strong>et</strong></span> <span class='ocrx_word' id='word_1_221' title='bbox 1323 3037 1442 3080; x_wconf 83' lang='lat' dir='ltr'><strong>tunc</strong></span> <span class='ocrx_word' id='word_1_222' title='bbox 1468 3027 1522 3081; x_wconf 88' lang='lat' dir='ltr'><strong>in</strong></span> <span class='ocrx_word' id='word_1_223' title='bbox 1539 3028 1706 3098; x_wconf 79' lang='lat' dir='ltr'><strong>seipse</strong></span> 
     </span>
    </p>
   </div>
   <div class='ocr_carea' id='block_1_31' title="bbox 134 3115 1707 3188">
    <p class='ocr_par' dir='ltr' id='par_1_31' title="bbox 134 3115 1707 3188">
     <span class='ocr_line' id='line_1_31' title="bbox 134 3115 1707 3188; baseline 0.003 -18"><span class='ocrx_word' id='word_1_224' title='bbox 134 3123 311 3170; x_wconf 70' lang='lat' dir='ltr'><strong>tutum</strong></span> <span class='ocrx_word' id='word_1_225' title='bbox 333 3115 552 3188; x_wconf 78' lang='lat' dir='ltr'><strong>gloriam</strong></span> <span class='ocrx_word' id='word_1_226' title='bbox 576 3115 795 3182; x_wconf 77' lang='lat' dir='ltr'><strong>habebit,</strong></span> <span class='ocrx_word' id='word_1_227' title='bbox 832 3126 881 3172; x_wconf 90' lang='lat' dir='ltr'><strong>et</strong></span> <span class='ocrx_word' id='word_1_228' title='bbox 919 3116 1100 3172; x_wconf 85' lang='lat' dir='ltr'><strong>nonin</strong></span> <span class='ocrx_word' id='word_1_229' title='bbox 1132 3117 1315 3182; x_wconf 83' lang='lat' dir='ltr'><strong>altera,</strong></span> <span class='ocrx_word' id='word_1_230' title='bbox 1343 3116 1396 3173; x_wconf 89' lang='lat' dir='ltr'><strong>id</strong></span> <span class='ocrx_word' id='word_1_231' title='bbox 1419 3126 1522 3184; x_wconf 87' lang='lat' dir='ltr'><strong>est,</strong></span> <span class='ocrx_word' id='word_1_232' title='bbox 1565 3118 1707 3174; x_wconf 85' lang='lat' dir='ltr'><strong>intus</strong></span> 
     </span>
    </p>
   </div>
   <div class='ocr_carea' id='block_1_32' title="bbox 134 3202 1704 3273">
    <p class='ocr_par' dir='ltr' id='par_1_32' title="bbox 134 3202 1704 3273">
     <span class='ocr_line' id='line_1_32' title="bbox 134 3202 1704 3273; baseline 0.003 -14"><span class='ocrx_word' id='word_1_233' title='bbox 134 3202 180 3259; x_wconf 85' lang='lat' dir='ltr'><strong>iu</strong></span> <span class='ocrx_word' id='word_1_234' title='bbox 201 3207 521 3262; x_wconf 61' lang='lat' dir='ltr'><strong>«inscientia</strong></span> <span class='ocrx_word' id='word_1_235' title='bbox 560 3221 661 3262; x_wconf 85' lang='lat' dir='ltr'><strong>sua</strong></span> <span class='ocrx_word' id='word_1_236' title='bbox 685 3223 700 3259; x_wconf 89' lang='lat'><strong>:</strong></span> <span class='ocrx_word' id='word_1_237' title='bbox 728 3217 775 3261; x_wconf 89' lang='lat' dir='ltr'><strong>et</strong></span> <span class='ocrx_word' id='word_1_238' title='bbox 800 3222 901 3262; x_wconf 83' lang='lat' dir='ltr'><strong>non</strong></span> <span class='ocrx_word' id='word_1_239' title='bbox 925 3207 978 3260; x_wconf 89' lang='lat' dir='ltr'><strong>in</strong></span> <span class='ocrx_word' id='word_1_240' title='bbox 999 3206 1180 3271; x_wconf 89' lang='lat' dir='ltr'><strong>altero,</strong></span> <span class='ocrx_word' id='word_1_241' title='bbox 1212 3205 1264 3262; x_wconf 87' lang='lat' dir='ltr'><strong>id</strong></span> <span class='ocrx_word' id='word_1_242' title='bbox 1298 3217 1402 3273; x_wconf 85' lang='lat' dir='ltr'><strong>est,</strong></span> <span class='ocrx_word' id='word_1_243' title='bbox 1432 3223 1554 3264; x_wconf 88' lang='lat' dir='ltr'><strong>cum</strong></span> <span class='ocrx_word' id='word_1_244' title='bbox 1580 3223 1704 3264; x_wconf 83' lang='lat' dir='ltr'><strong>eum</strong></span> 
     </span>
    </p>
   </div>
   <div class='ocr_carea' id='block_1_33' title="bbox 135 3294 1705 3368">
    <p class='ocr_par' dir='ltr' id='par_1_33' title="bbox 135 3294 1705 3368">
     <span class='ocr_line' id='line_1_33' title="bbox 135 3294 1705 3368; baseline 0.004 -20"><span class='ocrx_word' id='word_1_245' title='bbox 135 3294 250 3352; x_wconf 81' lang='lat' dir='ltr'><strong>alter</strong></span> <span class='ocrx_word' id='word_1_246' title='bbox 268 3297 464 3353; x_wconf 78' lang='lat' dir='ltr'><strong>laudat.</strong></span> <span class='ocrx_word' id='word_1_247' title='bbox 490 3295 845 3368; x_wconf 79' lang='lat' dir='ltr'><strong>Unusquisque</strong></span> <span class='ocrx_word' id='word_1_248' title='bbox 867 3297 1023 3364; x_wconf 88' lang='lat' dir='ltr'><strong>enim,</strong></span> <span class='ocrx_word' id='word_1_249' title='bbox 1047 3295 1244 3367; x_wconf 82' lang='lat' dir='ltr'><strong>inquit,</strong></span> <span class='ocrx_word' id='word_1_250' title='bbox 1272 3298 1535 3367; x_wconf 83' lang='lat' dir='ltr'><strong>proprium</strong></span> <span class='ocrx_word' id='word_1_251' title='bbox 1576 3315 1705 3354; x_wconf 87' lang='lat' dir='ltr'><strong>onus</strong></span> 
     </span>
    </p>
   </div>
   <div class='ocr_carea' id='block_1_34' title="bbox 143 3386 1704 3458">
    <p class='ocr_par' dir='ltr' id='par_1_34' title="bbox 143 3386 1704 3458">
     <span class='ocr_line' id='line_1_34' title="bbox 143 3386 1704 3458; baseline 0.003 -17"><span class='ocrx_word' id='word_1_252' title='bbox 143 3387 359 3452; x_wconf 74' lang='lat' dir='ltr'><strong>portabit.</strong></span> <span class='ocrx_word' id='word_1_253' title='bbox 377 3387 494 3443; x_wconf 83' lang='lat' dir='ltr'><strong>Non</strong></span> <span class='ocrx_word' id='word_1_254' title='bbox 522 3402 654 3458; x_wconf 82' lang='lat' dir='ltr'><strong>ergo</strong></span> <span class='ocrx_word' id='word_1_255' title='bbox 696 3386 998 3442; x_wconf 86' lang='lat' dir='ltr'><strong>laudatores</strong></span> <span class='ocrx_word' id='word_1_256' title='bbox 1044 3388 1215 3443; x_wconf 88' lang='lat' dir='ltr'><strong>nostri</strong></span> <span class='ocrx_word' id='word_1_257' title='bbox 1255 3389 1503 3444; x_wconf 88' lang='lat' dir='ltr'><strong>minuunt</strong></span> <span class='ocrx_word' id='word_1_258' title='bbox 1537 3404 1704 3446; x_wconf 90' lang='lat' dir='ltr'><strong>onera</strong></span> 
     </span>
    </p>
   </div>
   <div class='ocr_carea' id='block_1_35' title="bbox 139 3478 1704 3549">
    <p class='ocr_par' dir='ltr' id='par_1_35' title="bbox 139 3478 1704 3549">
     <span class='ocr_line' id='line_1_35' title="bbox 139 3478 1704 3549; baseline 0.003 -17"><span class='ocrx_word' id='word_1_259' title='bbox 139 3479 452 3535; x_wconf 66' lang='lat' dir='ltr'><strong>conscientim</strong></span> <span class='ocrx_word' id='word_1_260' title='bbox 470 3488 667 3534; x_wconf 75' lang='lat' dir='ltr'><strong>nostrze</strong></span> <span class='ocrx_word' id='word_1_261' title='bbox 696 3497 711 3534; x_wconf 91' lang='lat'><strong>:</strong></span> <span class='ocrx_word' id='word_1_262' title='bbox 736 3488 896 3549; x_wconf 88' lang='lat' dir='ltr'><strong>atque</strong></span> <span class='ocrx_word' id='word_1_263' title='bbox 919 3478 1120 3534; x_wconf 86' lang='lat' dir='ltr'><strong>utinam</strong></span> <span class='ocrx_word' id='word_1_264' title='bbox 1151 3493 1258 3536; x_wconf 88' lang='lat' dir='ltr'><strong>non</strong></span> <span class='ocrx_word' id='word_1_265' title='bbox 1276 3479 1437 3534; x_wconf 89' lang='lat' dir='ltr'><strong>etiam</strong></span> <span class='ocrx_word' id='word_1_266' title='bbox 1454 3493 1704 3536; x_wconf 57' lang='lat' dir='ltr'><strong>accumuo</strong></span> 
     </span>
    </p>
   </div>
   <div class='ocr_carea' id='block_1_36' title="bbox 144 3567 1703 3642">
    <p class='ocr_par' dir='ltr' id='par_1_36' title="bbox 144 3567 1703 3642">
     <span class='ocr_line' id='line_1_36' title="bbox 144 3567 1703 3642; baseline 0.004 -21"><span class='ocrx_word' id='word_1_267' title='bbox 144 3567 256 3634; x_wconf 86' lang='lat' dir='ltr'><strong>teut,</strong></span> <span class='ocrx_word' id='word_1_268' title='bbox 277 3585 396 3627; x_wconf 88' lang='lat' dir='ltr'><strong>cum</strong></span> <span class='ocrx_word' id='word_1_269' title='bbox 423 3571 735 3642; x_wconf 87' lang='lat' dir='ltr'><strong>plerumque</strong></span> <span class='ocrx_word' id='word_1_270' title='bbox 758 3586 828 3628; x_wconf 91' lang='lat' dir='ltr'><strong>ne</strong></span> <span class='ocrx_word' id='word_1_271' title='bbox 855 3571 961 3626; x_wconf 87' lang='lat' dir='ltr'><strong>illis</strong></span> <span class='ocrx_word' id='word_1_272' title='bbox 983 3569 1204 3626; x_wconf 85' lang='lat' dir='ltr'><strong>oll&#39;ensis</strong></span> <span class='ocrx_word' id='word_1_273' title='bbox 1225 3570 1341 3628; x_wconf 87' lang='lat' dir='ltr'><strong>laus</strong></span> <span class='ocrx_word' id='word_1_274' title='bbox 1376 3580 1558 3628; x_wconf 85' lang='lat' dir='ltr'><strong>nostra</strong></span> <span class='ocrx_word' id='word_1_275' title='bbox 1599 3572 1703 3627; x_wconf 90' lang='lat' dir='ltr'><strong>mi-</strong></span> 
     </span>
    </p>
   </div>
   <div class='ocr_carea' id='block_1_37' title="bbox 143 3660 1707 3732">
    <p class='ocr_par' dir='ltr' id='par_1_37' title="bbox 143 3660 1707 3732">
     <span class='ocr_line' id='line_1_37' title="bbox 143 3660 1707 3732; baseline 0.005 -21"><span class='ocrx_word' id='word_1_276' title='bbox 143 3671 338 3725; x_wconf 79' lang='lat' dir='ltr'><strong>titur,</strong></span> <span class='ocrx_word' id='word_1_277' title='bbox 355 3671 443 3715; x_wconf 88' lang='lat' dir='ltr'><strong>aut</strong></span> <span class='ocrx_word' id='word_1_278' title='bbox 462 3660 830 3732; x_wconf 83' lang='lat' dir='ltr'><strong>objurgatione</strong></span> <span class='ocrx_word' id='word_1_279' title='bbox 857 3660 978 3716; x_wconf 92' lang='lat' dir='ltr'><strong>illos</strong></span> <span class='ocrx_word' id='word_1_280' title='bbox 1005 3675 1195 3716; x_wconf 89' lang='lat' dir='ltr'><strong>curare</strong></span> <span class='ocrx_word' id='word_1_281' title='bbox 1231 3661 1568 3732; x_wconf 71' lang='lat' dir='ltr'><strong>negligimus,</strong></span> <span class='ocrx_word' id='word_1_282' title='bbox 1613 3669 1707 3719; x_wconf 87' lang='lat' dir='ltr'><strong>aut</strong></span> 
     </span>
    </p>
   </div>
   <div class='ocr_carea' id='block_1_38' title="bbox 137 3747 1705 3824">
    <p class='ocr_par' dir='ltr' id='par_1_38' title="bbox 137 3747 1705 3824">
     <span class='ocr_line' id='line_1_38' title="bbox 137 3747 1705 3824; baseline 0.004 -20"><span class='ocrx_word' id='word_1_283' title='bbox 137 3747 384 3814; x_wconf 75' lang='lat' dir='ltr'><strong>iactanter</strong></span> <span class='ocrx_word' id='word_1_284' title='bbox 399 3753 471 3806; x_wconf 85' lang='lat' dir='ltr'><strong>eis</strong></span> <span class='ocrx_word' id='word_1_285' title='bbox 495 3751 694 3821; x_wconf 86' lang='lat' dir='ltr'><strong>aliquid</strong></span> <span class='ocrx_word' id='word_1_286' title='bbox 719 3759 958 3807; x_wconf 86' lang='lat' dir='ltr'><strong>nostrum</strong></span> <span class='ocrx_word' id='word_1_287' title='bbox 980 3759 1329 3815; x_wconf 85' lang='lat' dir='ltr'><strong>ostentamus,</strong></span> <span class='ocrx_word' id='word_1_288' title='bbox 1354 3753 1527 3822; x_wconf 86' lang='lat' dir='ltr'><strong>potius</strong></span> <span class='ocrx_word' id='word_1_289' title='bbox 1545 3767 1705 3824; x_wconf 86' lang='lat' dir='ltr'><strong>quam</strong></span> 
     </span>
    </p>
   </div>
   <div class='ocr_carea' id='block_1_39' title="bbox 139 3842 1707 3914">
    <p class='ocr_par' dir='ltr' id='par_1_39' title="bbox 139 3842 1707 3914">
     <span class='ocr_line' id='line_1_39' title="bbox 139 3842 1707 3914; baseline 0.003 -19"><span class='ocrx_word' id='word_1_290' title='bbox 139 3843 786 3899; x_wconf 76' lang='lat' dir='ltr'><strong>mttstanterostcndimus.</strong></span> <span class='ocrx_word' id='word_1_291' title='bbox 806 3842 1006 3898; x_wconf 88' lang='lat' dir='ltr'><strong>Omitto</strong></span> <span class='ocrx_word' id='word_1_292' title='bbox 1024 3857 1085 3897; x_wconf 89' lang='lat' dir='ltr'><strong>ea</strong></span> <span class='ocrx_word' id='word_1_293' title='bbox 1107 3859 1225 3913; x_wconf 83' lang='lat' dir='ltr'><strong>qua:</strong></span> <span class='ocrx_word' id='word_1_294' title='bbox 1253 3842 1460 3914; x_wconf 85' lang='lat' dir='ltr'><strong>ﬁngunt</strong></span> <span class='ocrx_word' id='word_1_295' title='bbox 1477 3851 1534 3900; x_wconf 88' lang='lat' dir='ltr'><strong>et</strong></span> <span class='ocrx_word' id='word_1_296' title='bbox 1556 3859 1707 3900; x_wconf 82' lang='lat' dir='ltr'><strong>meu-</strong></span> 
     </span>
    </p>
   </div>
   <div class='ocr_carea' id='block_1_40' title="bbox 145 3931 1706 4004">
    <p class='ocr_par' dir='ltr' id='par_1_40' title="bbox 145 3931 1706 4004">
     <span class='ocr_line' id='line_1_40' title="bbox 145 3931 1706 4004; baseline 0.004 -20"><span class='ocrx_word' id='word_1_297' title='bbox 145 3931 332 3989; x_wconf 87' lang='lat' dir='ltr'><strong>tiuntur</strong></span> <span class='ocrx_word' id='word_1_298' title='bbox 351 3934 414 3991; x_wconf 87' lang='lat' dir='ltr'><strong>de</strong></span> <span class='ocrx_word' id='word_1_299' title='bbox 440 3950 498 3991; x_wconf 88' lang='lat' dir='ltr'><strong>se</strong></span> <span class='ocrx_word' id='word_1_300' title='bbox 526 3931 772 3989; x_wconf 78' lang='lat' dir='ltr'><strong>homines</strong></span> <span class='ocrx_word' id='word_1_301' title='bbox 792 3941 1011 4004; x_wconf 67' lang='lat' dir='ltr'><strong>proliter</strong></span> <span class='ocrx_word' id='word_1_302' title='bbox 1038 3933 1312 3988; x_wconf 86' lang='lat' dir='ltr'><strong>hominum</strong></span> <span class='ocrx_word' id='word_1_303' title='bbox 1341 3933 1544 3988; x_wconf 89' lang='lat' dir='ltr'><strong>laudes.</strong></span> <span class='ocrx_word' id='word_1_304' title='bbox 1567 3933 1706 4002; x_wconf 84' lang='lat' dir='ltr'><strong>Quid</strong></span> 
     </span>
    </p>
   </div>
   <div class='ocr_carea' id='block_1_41' title="bbox 144 4022 1707 4088">
    <p class='ocr_par' dir='ltr' id='par_1_41' title="bbox 144 4022 1707 4088">
     <span class='ocr_line' id='line_1_41' title="bbox 144 4022 1707 4088; baseline 0.003 -12"><span class='ocrx_word' id='word_1_305' title='bbox 144 4023 270 4078; x_wconf 87' lang='lat' dir='ltr'><strong>enim</strong></span> <span class='ocrx_word' id='word_1_306' title='bbox 291 4024 386 4080; x_wconf 82' lang='lat' dir='ltr'><strong>ista</strong></span> <span class='ocrx_word' id='word_1_307' title='bbox 399 4025 641 4081; x_wconf 71' lang='lat' dir='ltr'><strong>cmeitate</strong></span> <span class='ocrx_word' id='word_1_308' title='bbox 667 4024 1024 4088; x_wconf 84' lang='lat' dir='ltr'><strong>tenebrosius,</strong></span> <span class='ocrx_word' id='word_1_309' title='bbox 1057 4023 1124 4078; x_wconf 87' lang='lat' dir='ltr'><strong>ad</strong></span> <span class='ocrx_word' id='word_1_310' title='bbox 1140 4022 1485 4080; x_wconf 85' lang='lat' dir='ltr'><strong>obtinendam</strong></span> <span class='ocrx_word' id='word_1_311' title='bbox 1515 4024 1707 4081; x_wconf 80' lang='lat' dir='ltr'><strong>inanis-</strong></span> 
     </span>
    </p>
   </div>
   <div class='ocr_carea' id='block_1_42' title="bbox 144 4115 1705 4188">
    <p class='ocr_par' dir='ltr' id='par_1_42' title="bbox 144 4115 1705 4188">
     <span class='ocr_line' id='line_1_42' title="bbox 144 4115 1705 4188; baseline 0.003 -20"><span class='ocrx_word' id='word_1_312' title='bbox 144 4116 314 4172; x_wconf 83' lang='lat' dir='ltr'><strong>simam</strong></span> <span class='ocrx_word' id='word_1_313' title='bbox 340 4119 559 4188; x_wconf 82' lang='lat' dir='ltr'><strong>gloriam</strong></span> <span class='ocrx_word' id='word_1_314' title='bbox 607 4132 844 4173; x_wconf 80' lang='lat' dir='ltr'><strong>errorem</strong></span> <span class='ocrx_word' id='word_1_315' title='bbox 887 4115 1120 4172; x_wconf 87' lang='lat' dir='ltr'><strong>hominis</strong></span> <span class='ocrx_word' id='word_1_316' title='bbox 1160 4117 1431 4186; x_wconf 82' lang='lat' dir='ltr'><strong>aucupari,</strong></span> <span class='ocrx_word' id='word_1_317' title='bbox 1459 4126 1514 4173; x_wconf 90' lang='lat' dir='ltr'><strong>et</strong></span> <span class='ocrx_word' id='word_1_318' title='bbox 1537 4117 1705 4174; x_wconf 84' lang='lat' dir='ltr'><strong>Deum</strong></span> 
     </span>
    </p>
   </div>
   <div class='ocr_carea' id='block_1_43' title="bbox 149 4209 1708 4278">
    <p class='ocr_par' dir='ltr' id='par_1_43' title="bbox 149 4209 1708 4278">
     <span class='ocr_line' id='line_1_43' title="bbox 149 4209 1708 4278; baseline 0.004 -16"><span class='ocrx_word' id='word_1_319' title='bbox 149 4213 316 4264; x_wconf 82' lang='lat' dir='ltr'><strong>testem</strong></span> <span class='ocrx_word' id='word_1_320' title='bbox 341 4209 391 4264; x_wconf 91' lang='lat' dir='ltr'><strong>in</strong></span> <span class='ocrx_word' id='word_1_321' title='bbox 414 4211 578 4266; x_wconf 88' lang='lat' dir='ltr'><strong>corde</strong></span> <span class='ocrx_word' id='word_1_322' title='bbox 617 4210 999 4266; x_wconf 81' lang='lat' dir='ltr'><strong>contemnere?</strong></span> <span class='ocrx_word' id='word_1_323' title='bbox 1035 4210 1194 4278; x_wconf 84' lang='lat' dir='ltr'><strong>Quasi</strong></span> <span class='ocrx_word' id='word_1_324' title='bbox 1240 4225 1366 4265; x_wconf 80' lang='lat' dir='ltr'><strong>vero</strong></span> <span class='ocrx_word' id='word_1_325' title='bbox 1395 4210 1502 4266; x_wconf 90' lang='lat' dir='ltr'><strong>ullo</strong></span> <span class='ocrx_word' id='word_1_326' title='bbox 1546 4211 1708 4268; x_wconf 90' lang='lat' dir='ltr'><strong>modo</strong></span> 
     </span>
    </p>
   </div>
   <div class='ocr_carea' id='block_1_44' title="bbox 150 4301 1709 4375">
    <p class='ocr_par' dir='ltr' id='par_1_44' title="bbox 150 4301 1709 4375">
     <span class='ocr_line' id='line_1_44' title="bbox 150 4301 1709 4375; baseline 0.004 -20"><span class='ocrx_word' id='word_1_327' title='bbox 150 4303 598 4374; x_wconf 68' lang='lat' dir='ltr'><strong>mtnpttandussit</strong></span> <span class='ocrx_word' id='word_1_328' title='bbox 629 4318 781 4358; x_wconf 84' lang='lat' dir='ltr'><strong>error</strong></span> <span class='ocrx_word' id='word_1_329' title='bbox 818 4303 958 4358; x_wconf 92' lang='lat' dir='ltr'><strong>illius</strong></span> <span class='ocrx_word' id='word_1_330' title='bbox 985 4303 1074 4374; x_wconf 86' lang='lat' dir='ltr'><strong>qui</strong></span> <span class='ocrx_word' id='word_1_331' title='bbox 1119 4311 1171 4358; x_wconf 90' lang='lat' dir='ltr'><strong>te</strong></span> <span class='ocrx_word' id='word_1_332' title='bbox 1209 4301 1404 4358; x_wconf 90' lang='lat' dir='ltr'><strong>bonum</strong></span> <span class='ocrx_word' id='word_1_333' title='bbox 1428 4313 1593 4375; x_wconf 87' lang='lat' dir='ltr'><strong>putat,</strong></span> <span class='ocrx_word' id='word_1_334' title='bbox 1621 4321 1709 4362; x_wconf 87' lang='lat' dir='ltr'><strong>er-</strong></span> 
     </span>
    </p>
   </div>
   <div class='ocr_carea' id='block_1_45' title="bbox 153 4394 1709 4469">
    <p class='ocr_par' dir='ltr' id='par_1_45' title="bbox 153 4394 1709 4469">
     <span class='ocr_line' id='line_1_45' title="bbox 153 4394 1709 4469; baseline 0.004 -21"><span class='ocrx_word' id='word_1_335' title='bbox 153 4397 346 4450; x_wconf 73' lang='lat' dir='ltr'><strong>rori-tuo</strong></span> <span class='ocrx_word' id='word_1_336' title='bbox 366 4399 456 4469; x_wconf 89' lang='lat' dir='ltr'><strong>qui</strong></span> <span class='ocrx_word' id='word_1_337' title='bbox 482 4396 685 4452; x_wconf 85' lang='lat' dir='ltr'><strong>homini</strong></span> <span class='ocrx_word' id='word_1_338' title='bbox 715 4395 783 4452; x_wconf 89' lang='lat' dir='ltr'><strong>de</strong></span> <span class='ocrx_word' id='word_1_339' title='bbox 823 4396 959 4452; x_wconf 80' lang='lat' dir='ltr'><strong>falso</strong></span> <span class='ocrx_word' id='word_1_340' title='bbox 994 4394 1135 4452; x_wconf 89' lang='lat' dir='ltr'><strong>bono</strong></span> <span class='ocrx_word' id='word_1_341' title='bbox 1164 4397 1377 4467; x_wconf 83' lang='lat' dir='ltr'><strong>placere</strong></span> <span class='ocrx_word' id='word_1_342' title='bbox 1415 4396 1618 4466; x_wconf 88' lang='lat' dir='ltr'><strong>studes,</strong></span> <span class='ocrx_word' id='word_1_343' title='bbox 1638 4397 1709 4454; x_wconf 92' lang='lat' dir='ltr'><strong>de</strong></span> 
     </span>
    </p>
   </div>
   <div class='ocr_carea' id='block_1_46' title="bbox 163 4489 856 4560">
    <p class='ocr_par' dir='ltr' id='par_1_46' title="bbox 163 4489 856 4560">
     <span class='ocr_line' id='line_1_46' title="bbox 163 4489 856 4560; baseline 0.001 -19"><span class='ocrx_word' id='word_1_344' title='bbox 163 4499 266 4541; x_wconf 76' lang='lat' dir='ltr'><strong>vero</strong></span> <span class='ocrx_word' id='word_1_345' title='bbox 288 4490 418 4544; x_wconf 87' lang='lat' dir='ltr'><strong>malo</strong></span> <span class='ocrx_word' id='word_1_346' title='bbox 445 4491 699 4560; x_wconf 85' lang='lat' dir='ltr'><strong>displices</strong></span> <span class='ocrx_word' id='word_1_347' title='bbox 725 4489 856 4545; x_wconf 86' lang='lat' dir='ltr'><strong>Deo.</strong></span> 
     </span>
    </p>
   </div>
   <div class='ocr_carea' id='block_1_47' title="bbox 216 4578 1705 4653">
    <p class='ocr_par' dir='ltr' id='par_1_47' title="bbox 216 4578 1705 4653">
     <span class='ocr_line' id='line_1_47' title="bbox 216 4578 1705 4653; baseline 0 -17"><span class='ocrx_word' id='word_1_348' title='bbox 216 4579 288 4636; x_wconf 82' lang='lat'><strong>60.</strong></span> <span class='ocrx_word' id='word_1_349' title='bbox 308 4578 399 4653; x_wconf 77' lang='lat' dir='ltr'><strong>(Ib.</strong></span> <span class='ocrx_word' id='word_1_350' title='bbox 424 4597 499 4646; x_wconf 81' lang='lat' dir='ltr'><strong>vi,</strong></span> <span class='ocrx_word' id='word_1_351' title='bbox 523 4579 602 4652; x_wconf 89' lang='lat'><strong>6.]</strong></span> <span class='ocrx_word' id='word_1_352' title='bbox 637 4579 755 4636; x_wconf 89' lang='lat' dir='ltr'><strong>Jam</strong></span> <span class='ocrx_word' id='word_1_353' title='bbox 790 4587 983 4636; x_wconf 71' lang='lat' dir='ltr'><strong>caztera</strong></span> <span class='ocrx_word' id='word_1_354' title='bbox 1027 4579 1333 4651; x_wconf 86' lang='lat' dir='ltr'><strong>planissima</strong></span> <span class='ocrx_word' id='word_1_355' title='bbox 1361 4595 1480 4638; x_wconf 85' lang='lat' dir='ltr'><strong>esse</strong></span> <span class='ocrx_word' id='word_1_356' title='bbox 1519 4581 1705 4639; x_wconf 81' lang='lat' dir='ltr'><strong>existi-</strong></span> 
     </span>
    </p>
   </div>
   <div class='ocr_carea' id='block_1_48' title="bbox 165 4671 1706 4746">
    <p class='ocr_par' dir='ltr' id='par_1_48' title="bbox 165 4671 1706 4746">
     <span class='ocr_line' id='line_1_48' title="bbox 165 4671 1706 4746; baseline 0.004 -22"><span class='ocrx_word' id='word_1_357' title='bbox 165 4671 389 4728; x_wconf 79' lang='lat' dir='ltr'><strong>tno.Nam</strong></span> <span class='ocrx_word' id='word_1_358' title='bbox 413 4683 467 4729; x_wconf 89' lang='lat' dir='ltr'><strong>et</strong></span> <span class='ocrx_word' id='word_1_359' title='bbox 503 4672 628 4727; x_wconf 87' lang='lat' dir='ltr'><strong>illud</strong></span> <span class='ocrx_word' id='word_1_360' title='bbox 658 4673 907 4728; x_wconf 81' lang='lat' dir='ltr'><strong>usitatum</strong></span> <span class='ocrx_word' id='word_1_361' title='bbox 949 4682 1272 4744; x_wconf 68' lang='lat' dir='ltr'><strong>praeceptum</strong></span> <span class='ocrx_word' id='word_1_362' title='bbox 1292 4684 1394 4738; x_wconf 88' lang='lat' dir='ltr'><strong>est,</strong></span> <span class='ocrx_word' id='word_1_363' title='bbox 1427 4683 1482 4728; x_wconf 91' lang='lat' dir='ltr'><strong>ut</strong></span> <span class='ocrx_word' id='word_1_364' title='bbox 1509 4675 1706 4746; x_wconf 77' lang='lat' dir='ltr'><strong>pnudi-</strong></span> 
     </span>
    </p>
   </div>
   <div class='ocr_carea' id='block_1_49' title="bbox 169 4762 1705 4837">
    <p class='ocr_par' dir='ltr' id='par_1_49' title="bbox 169 4762 1705 4837">
     <span class='ocr_line' id='line_1_49' title="bbox 169 4762 1705 4837; baseline 0.004 -23"><span class='ocrx_word' id='word_1_365' title='bbox 169 4762 298 4817; x_wconf 77' lang='lat' dir='ltr'><strong>catori</strong></span> <span class='ocrx_word' id='word_1_366' title='bbox 317 4764 460 4819; x_wconf 85' lang='lat' dir='ltr'><strong>verbi</strong></span> <span class='ocrx_word' id='word_1_367' title='bbox 506 4762 596 4819; x_wconf 88' lang='lat' dir='ltr'><strong>Dei</strong></span> <span class='ocrx_word' id='word_1_368' title='bbox 624 4763 852 4834; x_wconf 66' lang='lat' dir='ltr'><strong>praebeat</strong></span> <span class='ocrx_word' id='word_1_369' title='bbox 884 4764 1207 4832; x_wconf 79' lang='lat' dir='ltr'><strong>necessaria,</strong></span> <span class='ocrx_word' id='word_1_370' title='bbox 1242 4764 1327 4819; x_wconf 88' lang='lat' dir='ltr'><strong>cui</strong></span> <span class='ocrx_word' id='word_1_371' title='bbox 1369 4764 1705 4837; x_wconf 69' lang='lat' dir='ltr'><strong>praedicatur.</strong></span> 
     </span>
    </p>
   </div>
   <div class='ocr_carea' id='block_1_50' title="bbox 173 4853 1707 4930">
    <p class='ocr_par' dir='ltr' id='par_1_50' title="bbox 173 4853 1707 4930">
     <span class='ocr_line' id='line_1_50' title="bbox 173 4853 1707 4930; baseline 0.004 -22"><span class='ocrx_word' id='word_1_372' title='bbox 173 4853 232 4909; x_wconf 82' lang='lat' dir='ltr'><strong>Ad</strong></span> <span class='ocrx_word' id='word_1_373' title='bbox 255 4855 370 4912; x_wconf 85' lang='lat' dir='ltr'><strong>bona</strong></span> <span class='ocrx_word' id='word_1_374' title='bbox 390 4859 534 4913; x_wconf 90' lang='lat' dir='ltr'><strong>enim</strong></span> <span class='ocrx_word' id='word_1_375' title='bbox 563 4872 724 4926; x_wconf 84' lang='lat' dir='ltr'><strong>opera</strong></span> <span class='ocrx_word' id='word_1_376' title='bbox 754 4856 997 4912; x_wconf 84' lang='lat' dir='ltr'><strong>hortandi</strong></span> <span class='ocrx_word' id='word_1_377' title='bbox 1025 4868 1198 4923; x_wconf 87' lang='lat' dir='ltr'><strong>erant,</strong></span> <span class='ocrx_word' id='word_1_378' title='bbox 1231 4866 1288 4913; x_wconf 86' lang='lat' dir='ltr'><strong>ut</strong></span> <span class='ocrx_word' id='word_1_379' title='bbox 1334 4857 1493 4912; x_wconf 87' lang='lat' dir='ltr'><strong>etiam</strong></span> <span class='ocrx_word' id='word_1_380' title='bbox 1532 4859 1707 4930; x_wconf 79' lang='lat' dir='ltr'><strong>egenti</strong></span> 
     </span>
    </p>
   </div>
   <div class='ocr_carea' id='block_1_51' title="bbox 171 4941 1706 5020">
    <p class='ocr_par' dir='ltr' id='par_1_51' title="bbox 171 4941 1706 5020">
     <span class='ocr_line' id='line_1_51' title="bbox 171 4941 1706 5020; baseline 0.005 -23"><span class='ocrx_word' id='word_1_381' title='bbox 171 4941 342 5002; x_wconf 83' lang='lat' dir='ltr'><strong>Christo</strong></span> <span class='ocrx_word' id='word_1_382' title='bbox 363 4948 746 5014; x_wconf 82' lang='lat' dir='ltr'><strong>ministrarent,</strong></span> <span class='ocrx_word' id='word_1_383' title='bbox 776 4947 964 5002; x_wconf 86' lang='lat' dir='ltr'><strong>staturi</strong></span> <span class='ocrx_word' id='word_1_384' title='bbox 992 4946 1059 5002; x_wconf 86' lang='lat' dir='ltr'><strong>ad</strong></span> <span class='ocrx_word' id='word_1_385' title='bbox 1089 4949 1364 5004; x_wconf 81' lang='lat' dir='ltr'><strong>dexteram</strong></span> <span class='ocrx_word' id='word_1_386' title='bbox 1385 4965 1506 5004; x_wconf 87' lang='lat' dir='ltr'><strong>cum</strong></span> <span class='ocrx_word' id='word_1_387' title='bbox 1533 4949 1706 5020; x_wconf 89' lang='lat' dir='ltr'><strong>agnis;</strong></span> 
     </span>
    </p>
   </div>
   <div class='ocr_carea' id='block_1_52' title="bbox 175 5040 1708 5115">
    <p class='ocr_par' dir='ltr' id='par_1_52' title="bbox 175 5040 1708 5115">
     <span class='ocr_line' id='line_1_52' title="bbox 175 5040 1708 5115; baseline 0 -17"><span class='ocrx_word' id='word_1_388' title='bbox 175 5048 216 5088; x_wconf 70' lang='grc' dir='ltr'><strong>ει</strong></span> <span class='ocrx_word' id='word_1_389' title='bbox 249 5040 348 5113; x_wconf 77' lang='lat' dir='ltr'><strong>plus</strong></span> <span class='ocrx_word' id='word_1_390' title='bbox 387 5043 439 5098; x_wconf 92' lang='lat' dir='ltr'><strong>in</strong></span> <span class='ocrx_word' id='word_1_391' title='bbox 466 5043 545 5098; x_wconf 88' lang='lat' dir='ltr'><strong>eis</strong></span> <span class='ocrx_word' id='word_1_392' title='bbox 598 5051 910 5114; x_wconf 79' lang='lat' dir='ltr'><strong>operaretur</strong></span> <span class='ocrx_word' id='word_1_393' title='bbox 947 5041 1160 5098; x_wconf 86' lang='lat' dir='ltr'><strong>dilectio</strong></span> <span class='ocrx_word' id='word_1_394' title='bbox 1195 5044 1336 5108; x_wconf 86' lang='lat' dir='ltr'><strong>lidei,</strong></span> <span class='ocrx_word' id='word_1_395' title='bbox 1364 5059 1522 5115; x_wconf 89' lang='lat' dir='ltr'><strong>quam</strong></span> <span class='ocrx_word' id='word_1_396' title='bbox 1555 5043 1708 5115; x_wconf 83' lang='lat' dir='ltr'><strong>Legis</strong></span> 
     </span>
    </p>
   </div>
   <div class='ocr_carea' id='block_1_53' title="bbox 177 5133 1710 5205">
    <p class='ocr_par' dir='ltr' id='par_1_53' title="bbox 177 5133 1710 5205">
     <span class='ocr_line' id='line_1_53' title="bbox 177 5133 1710 5205; baseline 0 -15"><span class='ocrx_word' id='word_1_397' title='bbox 177 5135 310 5190; x_wconf 64' lang='lat' dir='ltr'><strong>Muci</strong></span> <span class='ocrx_word' id='word_1_398' title='bbox 323 5133 496 5189; x_wconf 89' lang='lat' dir='ltr'><strong>timor.</strong></span> <span class='ocrx_word' id='word_1_399' title='bbox 513 5133 693 5205; x_wconf 81' lang='lat' dir='ltr'><strong>Neque</strong></span> <span class='ocrx_word' id='word_1_400' title='bbox 710 5135 810 5188; x_wconf 88' lang='lat' dir='ltr'><strong>hoc</strong></span> <span class='ocrx_word' id='word_1_401' title='bbox 825 5135 1103 5203; x_wconf 78' lang='lat' dir='ltr'><strong>quisquam</strong></span> <span class='ocrx_word' id='word_1_402' title='bbox 1124 5134 1325 5204; x_wconf 84' lang='lat' dir='ltr'><strong>majore</strong></span> <span class='ocrx_word' id='word_1_403' title='bbox 1345 5134 1531 5190; x_wconf 78' lang='lat' dir='ltr'><strong>fiducia</strong></span> <span class='ocrx_word' id='word_1_404' title='bbox 1553 5135 1710 5191; x_wconf 79' lang='lat' dir='ltr'><strong>debet</strong></span> 
     </span>
    </p>
   </div>
   <div class='ocr_carea' id='block_1_54' title="bbox 176 5225 1710 5298">
    <p class='ocr_par' dir='ltr' id='par_1_54' title="bbox 176 5225 1710 5298">
     <span class='ocr_line' id='line_1_54' title="bbox 176 5225 1710 5298; baseline 0.002 -17"><span class='ocrx_word' id='word_1_405' title='bbox 176 5225 444 5295; x_wconf 48' lang='lat' dir='ltr'><strong>&quot;ccipere,</strong></span> <span class='ocrx_word' id='word_1_406' title='bbox 479 5241 638 5298; x_wconf 82' lang='lat' dir='ltr'><strong>quam</strong></span> <span class='ocrx_word' id='word_1_407' title='bbox 688 5227 774 5283; x_wconf 86' lang='lat' dir='ltr'><strong>hic</strong></span> <span class='ocrx_word' id='word_1_408' title='bbox 820 5227 1126 5297; x_wconf 64' lang='lat' dir='ltr'><strong>armstolus.</strong></span> <span class='ocrx_word' id='word_1_409' title='bbox 1176 5228 1264 5296; x_wconf 83' lang='lat' dir='ltr'><strong>qui</strong></span> <span class='ocrx_word' id='word_1_410' title='bbox 1319 5227 1561 5281; x_wconf 69' lang='lat' dir='ltr'><strong>manibus</strong></span> <span class='ocrx_word' id='word_1_411' title='bbox 1600 5229 1710 5284; x_wconf 89' lang='lat' dir='ltr'><strong>suis</strong></span> 
     </span>
    </p>
   </div>
   <div class='ocr_carea' id='block_1_55' title="bbox 171 5305 1706 5389">
    <p class='ocr_par' dir='ltr' id='par_1_55' title="bbox 171 5305 1706 5389">
     <span class='ocr_line' id='line_1_55' title="bbox 171 5305 1706 5389; baseline 0.003 -21"><span class='ocrx_word' id='word_1_412' title='bbox 171 5305 324 5371; x_wconf 76' lang='lat' dir='ltr'><strong>&#39;ictutn</strong></span> <span class='ocrx_word' id='word_1_413' title='bbox 348 5318 644 5389; x_wconf 75' lang='lat' dir='ltr'><strong>transigcns</strong></span> <span class='ocrx_word' id='word_1_414' title='bbox 675 5317 808 5389; x_wconf 79' lang='lat' dir='ltr'><strong>(Act.</strong></span> <span class='ocrx_word' id='word_1_415' title='bbox 832 5333 983 5381; x_wconf 82' lang='lat' dir='ltr'><strong>xvttt,</strong></span> <span class='ocrx_word' id='word_1_416' title='bbox 1005 5317 1068 5381; x_wconf 83' lang='lat'><strong>5;</strong></span> <span class='ocrx_word' id='word_1_417' title='bbox 1092 5333 1187 5380; x_wconf 87' lang='lat' dir='ltr'><strong>xx,</strong></span> <span class='ocrx_word' id='word_1_418' title='bbox 1210 5317 1299 5381; x_wconf 64' lang='grc' dir='ltr'><strong>ὄις</strong></span> <span class='ocrx_word' id='word_1_419' title='bbox 1331 5317 1346 5369; x_wconf 94' lang='grc' dir='ltr'><strong>Ι</strong></span> <span class='ocrx_word' id='word_1_420' title='bbox 1373 5317 1488 5370; x_wconf 75' lang='lat' dir='ltr'><strong>Cor.</strong></span> <span class='ocrx_word' id='word_1_421' title='bbox 1510 5333 1582 5383; x_wconf 84' lang='lat' dir='ltr'><strong>tv,</strong></span> <span class='ocrx_word' id='word_1_422' title='bbox 1607 5317 1706 5382; x_wconf 69' lang='grc' dir='ltr'><strong>ης</strong></span> 
     </span>
    </p>
   </div>
   <div class='ocr_carea' id='block_1_56' title="bbox 70 5392 1706 5488">
    <p class='ocr_par' dir='ltr' id='par_1_56' title="bbox 70 5392 1706 5488">
     <span class='ocr_line' id='line_1_56' title="bbox 70 5392 1706 5488; baseline -0.003 -17"><span class='ocrx_word' id='word_1_423' title='bbox 70 5437 72 5440; x_wconf 94' lang='grc'>·</span> <span class='ocrx_word' id='word_1_424' title='bbox 171 5392 350 5471; x_wconf 71' lang='grc' dir='ltr'><strong>Ιτιω.</strong></span> <span class='ocrx_word' id='word_1_425' title='bbox 373 5431 424 5477; x_wconf 90' lang='grc' dir='ltr'>ιι.</span> <span class='ocrx_word' id='word_1_426' title='bbox 457 5415 524 5476; x_wconf 83' lang='grc'><strong>9;</strong></span> <span class='ocrx_word' id='word_1_427' title='bbox 545 5415 586 5472; x_wconf 93' lang='grc' dir='ltr'><strong>ΙΙ</strong></span> <span class='ocrx_word' id='word_1_428' title='bbox 611 5413 788 5472; x_wconf 78' lang='lat' dir='ltr'><strong>Thess.</strong></span> <span class='ocrx_word' id='word_1_429' title='bbox 813 5431 888 5483; x_wconf 86' lang='lat' dir='ltr'><strong>Ill,</strong></span> <span class='ocrx_word' id='word_1_430' title='bbox 917 5415 995 5488; x_wconf 86' lang='lat'><strong>8),</strong></span> <span class='ocrx_word' id='word_1_431' title='bbox 1029 5413 1143 5468; x_wconf 62' lang='grc' dir='ltr'>ιιι-ο</span> <span class='ocrx_word' id='word_1_432' title='bbox 1171 5415 1221 5467; x_wconf 82' lang='grc' dir='ltr'>ἰιι</span> <span class='ocrx_word' id='word_1_433' title='bbox 1254 5429 1310 5467; x_wconf 85' lang='lat' dir='ltr'><strong>se</strong></span> <span class='ocrx_word' id='word_1_434' title='bbox 1339 5412 1706 5476; x_wconf 81' lang='lat' dir='ltr'><strong>nolehntlicri,</strong></span> 
     </span>
    </p>
   </div>
   <div class='ocr_carea' id='block_1_57' title="bbox 60 5499 1709 5580">
    <p class='ocr_par' dir='ltr' id='par_1_57' title="bbox 60 5499 1709 5580">
     <span class='ocr_line' id='line_1_57' title="bbox 60 5499 1709 5580; baseline -0.004 -12"><span class='ocrx_word' id='word_1_435' title='bbox 162 5499 218 5552; x_wconf 64' lang='grc' dir='ltr'>ιι</span> <span class='ocrx_word' id='word_1_436' title='bbox 241 5510 407 5578; x_wconf 81' lang='lat' dir='ltr'><strong>majore</strong></span> <span class='ocrx_word' id='word_1_437' title='bbox 447 5509 704 5580; x_wconf 89' lang='lat' dir='ltr'><strong>pondere,</strong></span> <span class='ocrx_word' id='word_1_438' title='bbox 750 5520 966 5580; x_wconf 85' lang='lat' dir='ltr'><strong>propter</strong></span> <span class='ocrx_word' id='word_1_439' title='bbox 995 5523 1179 5565; x_wconf 88' lang='lat' dir='ltr'><strong>eormn</strong></span> <span class='ocrx_word' id='word_1_440' title='bbox 1218 5507 1383 5578; x_wconf 83' lang='lat' dir='ltr'><strong>magis</strong></span> <span class='ocrx_word' id='word_1_441' title='bbox 1431 5507 1709 5561; x_wconf 72' lang='lat' dir='ltr'><strong>utilimmm</strong></span> 
     </span>
    </p>
   </div>
   <div class='ocr_carea' id='block_1_58' title="bbox 58 5588 1711 5676">
    <p class='ocr_par' dir='ltr' id='par_1_58' title="bbox 58 5588 1711 5676">
     <span class='ocr_line' id='line_1_58' title="bbox 58 5588 1711 5676; baseline -0.001 -23"><span class='ocrx_word' id='word_1_442' title='bbox 134 5591 694 5676; x_wconf 39' lang='lat' dir='ltr'><strong>Ifihihccexhiberent,</strong></span> <span class='ocrx_word' id='word_1_443' title='bbox 715 5616 873 5673; x_wconf 91' lang='lat' dir='ltr'><strong>quam</strong></span> <span class='ocrx_word' id='word_1_444' title='bbox 901 5607 1119 5672; x_wconf 87' lang='lat' dir='ltr'><strong>propter</strong></span> <span class='ocrx_word' id='word_1_445' title='bbox 1133 5614 1318 5655; x_wconf 88' lang='lat' dir='ltr'><strong>eorum</strong></span> <span class='ocrx_word' id='word_1_446' title='bbox 1342 5597 1536 5669; x_wconf 86' lang='lat' dir='ltr'><strong>quibus</strong></span> <span class='ocrx_word' id='word_1_447' title='bbox 1561 5595 1711 5652; x_wconf 77' lang='lat' dir='ltr'><strong>exhi-</strong></span> 
     </span>
    </p>
   </div>
   <div class='ocr_carea' id='block_1_59' title="bbox 52 5663 1447 5763">
    <p class='ocr_par' dir='ltr' id='par_1_59' title="bbox 52 5663 1447 5763">
     <span class='ocr_line' id='line_1_59' title="bbox 52 5663 1447 5763; baseline -0.003 -13"><span class='ocrx_word' id='word_1_448' title='bbox 129 5663 326 5751; x_wconf 63' lang='lat' dir='ltr'><strong>il’Qteut</strong></span> <span class='ocrx_word' id='word_1_449' title='bbox 346 5709 426 5763; x_wconf 88' lang='lat' dir='ltr'><strong>ea,</strong></span> <span class='ocrx_word' id='word_1_450' title='bbox 451 5663 750 5752; x_wconf 73' lang='lat' dir='ltr'><strong>semonere</strong></span> <span class='ocrx_word' id='word_1_451' title='bbox 760 5663 1016 5751; x_wconf 37' lang='lat' dir='ltr'><strong>omnibus.</strong></span> <span class='ocrx_word' id='word_1_452' title='bbox 1034 5663 1447 5750; x_wconf 73' lang='lat' dir='ltr'><strong>demonstraret.</strong></span> 
     </span>
    </p>
   </div>
   <div class='ocr_carea' id='block_1_60' title="bbox 239 5781 1709 5862">
    <p class='ocr_par' dir='ltr' id='par_1_60' title="bbox 239 5781 1709 5862">
     <span class='ocr_line' id='line_1_60' title="bbox 239 5781 1709 5862; baseline -0.003 -16"><span class='ocrx_word' id='word_1_453' title='bbox 239 5783 302 5846; x_wconf 73' lang='lat' dir='ltr'><strong>il.</strong></span> <span class='ocrx_word' id='word_1_454' title='bbox 323 5783 417 5861; x_wconf 77' lang='lat' dir='ltr'><strong>(Ib.</strong></span> <span class='ocrx_word' id='word_1_455' title='bbox 441 5801 520 5854; x_wconf 70' lang='grc' dir='ltr'>τι,</span> <span class='ocrx_word' id='word_1_456' title='bbox 549 5784 727 5862; x_wconf 68' lang='grc' dir='ltr'><strong>Μαι</strong></span> <span class='ocrx_word' id='word_1_457' title='bbox 748 5784 903 5856; x_wconf 81' lang='lat' dir='ltr'><strong>Quod</strong></span> <span class='ocrx_word' id='word_1_458' title='bbox 937 5793 1116 5845; x_wconf 85' lang='lat' dir='ltr'><strong>autem</strong></span> <span class='ocrx_word' id='word_1_459' title='bbox 1154 5783 1352 5846; x_wconf 63' lang='lat' dir='ltr'><strong>deiide</strong></span> <span class='ocrx_word' id='word_1_460' title='bbox 1395 5781 1661 5856; x_wconf 78' lang='lat' dir='ltr'><strong>subiungit</strong></span> <span class='ocrx_word' id='word_1_461' title='bbox 1688 5820 1709 5854; x_wconf 83' lang='lat'><strong>,</strong></span> 
     </span>
    </p>
   </div>
   <div class='ocr_carea' id='block_1_61' title="bbox 1585 5953 1620 5966">
    <p class='ocr_par' dir='ltr' id='par_1_61' title="bbox 1585 5953 1620 5966">
     <span class='ocr_line' id='line_1_61' title="bbox 1585 5953 1620 5966; baseline 0 -2"><span class='ocrx_word' id='word_1_462' title='bbox 1585 5953 1620 5966; x_wconf 63' lang='grc' dir='ltr'><em>Α</em></span> 
     </span>
    </p>
   </div>
   <div class='ocr_carea' id='block_1_62' title="bbox 1290 328 2241 393">
    <p class='ocr_par' dir='ltr' id='par_1_62' title="bbox 1290 328 2241 393">
     <span class='ocr_line' id='line_1_62' title="bbox 1290 328 2241 393; baseline -0.004 0"><span class='ocrx_word' id='word_1_463' title='bbox 1290 328 1763 393; x_wconf 74' lang='lat' dir='ltr'><strong>EXPOSITIONIS</strong></span> <span class='ocrx_word' id='word_1_464' title='bbox 1799 329 2003 391; x_wconf 82' lang='lat' dir='ltr'><strong>LIBER</strong></span> <span class='ocrx_word' id='word_1_465' title='bbox 2041 331 2241 391; x_wconf 83' lang='lat' dir='ltr'><strong>UNUS.</strong></span> 
     </span>
    </p>
   </div>
   <div class='ocr_carea' id='block_1_63' title="bbox 1441 419 3413 532">
    <p class='ocr_par' dir='ltr' id='par_1_63' title="bbox 1441 419 3413 532">
     <span class='ocr_line' id='line_1_63' title="bbox 1441 419 3413 532; baseline 0.006 -22"><span class='ocrx_word' id='word_1_466' title='bbox 1441 419 1710 519; x_wconf 66' lang='lat' dir='ltr'><strong>iacccdis,</strong></span> <span class='ocrx_word' id='word_1_467' title='bbox 1801 446 2000 508; x_wconf 79' lang='lat' dir='ltr'><strong>Nolite</strong></span> <span class='ocrx_word' id='word_1_468' title='bbox 2021 469 2211 518; x_wconf 87' lang='lat' dir='ltr'><strong>errare,</strong></span> <span class='ocrx_word' id='word_1_469' title='bbox 2238 453 2380 511; x_wconf 88' lang='lat' dir='ltr'><strong>Deus</strong></span> <span class='ocrx_word' id='word_1_470' title='bbox 2407 470 2509 511; x_wconf 85' lang='lat' dir='ltr'><strong>non</strong></span> <span class='ocrx_word' id='word_1_471' title='bbox 2525 457 2865 514; x_wconf 84' lang='lat' dir='ltr'><strong>subsannatur</strong></span> <span class='ocrx_word' id='word_1_472' title='bbox 2887 472 2906 515; x_wconf 90' lang='lat'><strong><em>:</em></strong></span> <span class='ocrx_word' id='word_1_473' title='bbox 2927 460 3066 532; x_wconf 75' lang='lat' dir='ltr'><strong>quod</strong></span> <span class='ocrx_word' id='word_1_474' title='bbox 3099 462 3232 518; x_wconf 77' lang='lat' dir='ltr'><strong>enim</strong></span> 
     </span>
    </p>
   </div>
   <div class='ocr_carea' id='block_1_64' title="bbox 3268 336 3413 399">
    <p class='ocr_par' dir='ltr' id='par_1_64' title="bbox 3268 336 3413 399">
     <span class='ocr_line' id='line_1_64' title="bbox 3268 336 3413 399; baseline 0.021 -3"><span class='ocrx_word' id='word_1_475' title='bbox 3268 336 3413 399; x_wconf 68' lang='lat' dir='ltr'><strong>2M6</strong></span> 
     </span>
    </p>
   </div>
   <div class='ocr_carea' id='block_1_65' title="bbox 1820 545 3406 626">
    <p class='ocr_par' dir='ltr' id='par_1_65' title="bbox 1820 545 3406 626">
     <span class='ocr_line' id='line_1_65' title="bbox 1820 545 3406 626; baseline 0.009 -28"><span class='ocrx_word' id='word_1_476' title='bbox 1820 546 2009 599; x_wconf 74' lang='lat' dir='ltr'><strong>noverit</strong></span> <span class='ocrx_word' id='word_1_477' title='bbox 2039 545 2209 612; x_wconf 83' lang='lat' dir='ltr'><strong>homo,</strong></span> <span class='ocrx_word' id='word_1_478' title='bbox 2231 546 2325 601; x_wconf 80' lang='lat' dir='ltr'><strong>hoc</strong></span> <span class='ocrx_word' id='word_1_479' title='bbox 2343 556 2391 603; x_wconf 89' lang='lat' dir='ltr'><strong>et</strong></span> <span class='ocrx_word' id='word_1_480' title='bbox 2411 557 2586 613; x_wconf 83' lang='lat' dir='ltr'><strong>metet;</strong></span> <span class='ocrx_word' id='word_1_481' title='bbox 2615 549 2758 607; x_wconf 89' lang='lat' dir='ltr'><strong>novit</strong></span> <span class='ocrx_word' id='word_1_482' title='bbox 2783 551 2923 607; x_wconf 87' lang='lat' dir='ltr'><strong>inter</strong></span> <span class='ocrx_word' id='word_1_483' title='bbox 2947 569 3064 624; x_wconf 68' lang='lat' dir='ltr'><strong>quae</strong></span> <span class='ocrx_word' id='word_1_484' title='bbox 3089 556 3248 611; x_wconf 87' lang='lat' dir='ltr'><strong>verba</strong></span> <span class='ocrx_word' id='word_1_485' title='bbox 3283 571 3406 626; x_wconf 77' lang='lat' dir='ltr'><strong>per-</strong></span> 
     </span>
    </p>
   </div>
   <div class='ocr_carea' id='block_1_66' title="bbox 1819 634 3405 716">
    <p class='ocr_par' dir='ltr' id='par_1_66' title="bbox 1819 634 3405 716">
     <span class='ocr_line' id='line_1_66' title="bbox 1819 634 3405 716; baseline 0.009 -25"><span class='ocrx_word' id='word_1_486' title='bbox 1819 634 2052 693; x_wconf 86' lang='lat' dir='ltr'><strong>ditorum</strong></span> <span class='ocrx_word' id='word_1_487' title='bbox 2085 637 2357 696; x_wconf 87' lang='lat' dir='ltr'><strong>hominum</strong></span> <span class='ocrx_word' id='word_1_488' title='bbox 2387 639 2651 708; x_wconf 87' lang='lat' dir='ltr'><strong>laborent,</strong></span> <span class='ocrx_word' id='word_1_489' title='bbox 2680 643 2771 716; x_wconf 89' lang='lat' dir='ltr'><strong>qui</strong></span> <span class='ocrx_word' id='word_1_490' title='bbox 2796 645 3188 704; x_wconf 84' lang='lat' dir='ltr'><strong>constituuntur</strong></span> <span class='ocrx_word' id='word_1_491' title='bbox 3217 651 3269 704; x_wconf 89' lang='lat' dir='ltr'><strong>in</strong></span> <span class='ocrx_word' id='word_1_492' title='bbox 3299 650 3405 707; x_wconf 84' lang='lat' dir='ltr'><strong>lide</strong></span> 
     </span>
    </p>
   </div>
   <div class='ocr_carea' id='block_1_67' title="bbox 1819 734 3405 803">
    <p class='ocr_par' dir='ltr' id='par_1_67' title="bbox 1819 734 3405 803">
     <span class='ocr_line' id='line_1_67' title="bbox 1819 734 3405 803; baseline 0.011 -19"><span class='ocrx_word' id='word_1_493' title='bbox 1819 744 2004 786; x_wconf 89' lang='lat' dir='ltr'><strong>rerum</strong></span> <span class='ocrx_word' id='word_1_494' title='bbox 2032 745 2216 787; x_wconf 87' lang='lat' dir='ltr'><strong>earum</strong></span> <span class='ocrx_word' id='word_1_495' title='bbox 2241 747 2374 803; x_wconf 87' lang='lat' dir='ltr'><strong>quas</strong></span> <span class='ocrx_word' id='word_1_496' title='bbox 2401 746 2508 790; x_wconf 89' lang='lat' dir='ltr'><strong>non</strong></span> <span class='ocrx_word' id='word_1_497' title='bbox 2537 734 2737 791; x_wconf 88' lang='lat' dir='ltr'><strong>vident.</strong></span> <span class='ocrx_word' id='word_1_498' title='bbox 2774 736 2964 794; x_wconf 83' lang='lat' dir='ltr'><strong>Vident</strong></span> <span class='ocrx_word' id='word_1_499' title='bbox 2993 739 3136 796; x_wconf 90' lang='lat' dir='ltr'><strong>enim</strong></span> <span class='ocrx_word' id='word_1_500' title='bbox 3165 743 3405 800; x_wconf 85' lang='lat' dir='ltr'><strong>semina-</strong></span> 
     </span>
    </p>
   </div>
   <div class='ocr_carea' id='block_1_68' title="bbox 1822 820 3408 895">
    <p class='ocr_par' dir='ltr' id='par_1_68' title="bbox 1822 820 3408 895">
     <span class='ocr_line' id='line_1_68' title="bbox 1822 820 3408 895; baseline 0.01 -18"><span class='ocrx_word' id='word_1_501' title='bbox 1822 820 2020 878; x_wconf 88' lang='lat' dir='ltr'><strong>tionem</strong></span> <span class='ocrx_word' id='word_1_502' title='bbox 2046 837 2270 895; x_wconf 90' lang='lat' dir='ltr'><strong>operum</strong></span> <span class='ocrx_word' id='word_1_503' title='bbox 2296 839 2536 891; x_wconf 85' lang='lat' dir='ltr'><strong>suorum,</strong></span> <span class='ocrx_word' id='word_1_504' title='bbox 2557 827 2653 884; x_wconf 85' lang='lat' dir='ltr'><strong>sed</strong></span> <span class='ocrx_word' id='word_1_505' title='bbox 2683 843 2913 885; x_wconf 88' lang='lat' dir='ltr'><strong>messem</strong></span> <span class='ocrx_word' id='word_1_506' title='bbox 2945 847 3052 888; x_wconf 90' lang='lat' dir='ltr'><strong>non</strong></span> <span class='ocrx_word' id='word_1_507' title='bbox 3078 833 3278 890; x_wconf 87' lang='lat' dir='ltr'><strong>vident.</strong></span> <span class='ocrx_word' id='word_1_508' title='bbox 3297 834 3408 893; x_wconf 85' lang='lat' dir='ltr'><strong>Nec</strong></span> 
     </span>
    </p>
   </div>
   <div class='ocr_carea' id='block_1_69' title="bbox 1820 913 3408 997">
    <p class='ocr_par' dir='ltr' id='par_1_69' title="bbox 1820 913 3408 997">
     <span class='ocr_line' id='line_1_69' title="bbox 1820 913 3408 997; baseline 0.009 -29"><span class='ocrx_word' id='word_1_509' title='bbox 1820 913 1940 970; x_wconf 87' lang='lat' dir='ltr'><strong>talis</strong></span> <span class='ocrx_word' id='word_1_510' title='bbox 1966 915 2047 972; x_wconf 82' lang='lat' dir='ltr'><strong>eis</strong></span> <span class='ocrx_word' id='word_1_511' title='bbox 2071 917 2262 972; x_wconf 86' lang='lat' dir='ltr'><strong>messis</strong></span> <span class='ocrx_word' id='word_1_512' title='bbox 2289 917 2646 989; x_wconf 85' lang='lat' dir='ltr'><strong>promittitur,</strong></span> <span class='ocrx_word' id='word_1_513' title='bbox 2696 922 2870 992; x_wconf 88' lang='lat' dir='ltr'><strong>qualis</strong></span> <span class='ocrx_word' id='word_1_514' title='bbox 2915 921 3001 979; x_wconf 91' lang='lat' dir='ltr'><strong>hic</strong></span> <span class='ocrx_word' id='word_1_515' title='bbox 3047 924 3194 981; x_wconf 87' lang='lat' dir='ltr'><strong>reddi</strong></span> <span class='ocrx_word' id='word_1_516' title='bbox 3231 927 3408 997; x_wconf 86' lang='lat' dir='ltr'><strong>solet;</strong></span> 
     </span>
    </p>
   </div>
   <div class='ocr_carea' id='block_1_70' title="bbox 1819 1005 3411 1089">
    <p class='ocr_par' dir='ltr' id='par_1_70' title="bbox 1819 1005 3411 1089">
     <span class='ocr_line' id='line_1_70' title="bbox 1819 1005 3411 1089; baseline 0.01 -30"><span class='ocrx_word' id='word_1_517' title='bbox 1819 1006 1940 1076; x_wconf 87' lang='lat' dir='ltr'><strong>quia</strong></span> <span class='ocrx_word' id='word_1_518' title='bbox 1959 1005 2137 1077; x_wconf 88' lang='lat' dir='ltr'><strong>justus</strong></span> <span class='ocrx_word' id='word_1_519' title='bbox 2154 1024 2222 1065; x_wconf 92' lang='lat' dir='ltr'><strong>ex</strong></span> <span class='ocrx_word' id='word_1_520' title='bbox 2251 1008 2355 1066; x_wconf 85' lang='lat' dir='ltr'><strong>tide</strong></span> <span class='ocrx_word' id='word_1_521' title='bbox 2385 1009 2512 1065; x_wconf 89' lang='lat' dir='ltr'><strong>vivit</strong></span> <span class='ocrx_word' id='word_1_522' title='bbox 2540 1009 2763 1080; x_wconf 82' lang='lat' dir='ltr'><strong>(Habac.</strong></span> <span class='ocrx_word' id='word_1_523' title='bbox 2792 1029 2850 1079; x_wconf 87' lang='grc' dir='ltr'>ιι,</span> <span class='ocrx_word' id='word_1_524' title='bbox 2871 1015 2951 1086; x_wconf 69' lang='grc'><strong>4).</strong></span> <span class='ocrx_word' id='word_1_525' title='bbox 2981 1017 3117 1083; x_wconf 87' lang='lat' dir='ltr'><strong>Quia</strong></span> <span class='ocrx_word' id='word_1_526' title='bbox 3138 1019 3226 1089; x_wconf 84' lang='lat' dir='ltr'><strong>qui</strong></span> <span class='ocrx_word' id='word_1_527' title='bbox 3253 1021 3411 1075; x_wconf 83' lang='lat' dir='ltr'><strong>semi-</strong></span> 
     </span>
    </p>
   </div>
   <div class='ocr_carea' id='block_1_71' title="bbox 1819 1099 3406 1184">
    <p class='ocr_par' dir='ltr' id='par_1_71' title="bbox 1819 1099 3406 1184">
     <span class='ocr_line' id='line_1_71' title="bbox 1819 1099 3406 1184; baseline 0.009 -30"><span class='ocrx_word' id='word_1_528' title='bbox 1819 1099 2033 1165; x_wconf 86' lang='lat' dir='ltr'><strong>naverit,</strong></span> <span class='ocrx_word' id='word_1_529' title='bbox 2058 1101 2248 1173; x_wconf 88' lang='lat' dir='ltr'><strong>inquit,</strong></span> <span class='ocrx_word' id='word_1_530' title='bbox 2275 1103 2330 1158; x_wconf 88' lang='lat' dir='ltr'><strong>in</strong></span> <span class='ocrx_word' id='word_1_531' title='bbox 2356 1118 2510 1159; x_wconf 82' lang='lat' dir='ltr'><strong>carne</strong></span> <span class='ocrx_word' id='word_1_532' title='bbox 2527 1120 2641 1172; x_wconf 84' lang='lat' dir='ltr'><strong>sua,</strong></span> <span class='ocrx_word' id='word_1_533' title='bbox 2672 1123 2737 1162; x_wconf 78' lang='lat' dir='ltr'><strong>ea:</strong></span> <span class='ocrx_word' id='word_1_534' title='bbox 2758 1121 2910 1164; x_wconf 88' lang='lat' dir='ltr'><strong>carne</strong></span> <span class='ocrx_word' id='word_1_535' title='bbox 2937 1119 3084 1166; x_wconf 82' lang='lat' dir='ltr'><strong>metet</strong></span> <span class='ocrx_word' id='word_1_536' title='bbox 3121 1113 3406 1184; x_wconf 86' lang='lat' dir='ltr'><strong>corruptio-</strong></span> 
     </span>
    </p>
   </div>
   <div class='ocr_carea' id='block_1_72' title="bbox 1817 1191 3406 1275">
    <p class='ocr_par' dir='ltr' id='par_1_72' title="bbox 1817 1191 3406 1275">
     <span class='ocr_line' id='line_1_72' title="bbox 1817 1191 3406 1275; baseline 0.01 -30"><span class='ocrx_word' id='word_1_537' title='bbox 1817 1206 1950 1246; x_wconf 86' lang='lat' dir='ltr'><strong>nem.</strong></span> <span class='ocrx_word' id='word_1_538' title='bbox 1983 1191 2097 1248; x_wconf 87' lang='lat' dir='ltr'><strong>Hoc</strong></span> <span class='ocrx_word' id='word_1_539' title='bbox 2118 1192 2248 1248; x_wconf 89' lang='lat' dir='ltr'><strong>dicit</strong></span> <span class='ocrx_word' id='word_1_540' title='bbox 2270 1193 2340 1250; x_wconf 91' lang='lat' dir='ltr'><strong>de</strong></span> <span class='ocrx_word' id='word_1_541' title='bbox 2367 1194 2699 1252; x_wconf 85' lang='lat' dir='ltr'><strong>amatoribus</strong></span> <span class='ocrx_word' id='word_1_542' title='bbox 2715 1197 3045 1269; x_wconf 87' lang='lat' dir='ltr'><strong>voluptatum</strong></span> <span class='ocrx_word' id='word_1_543' title='bbox 3062 1203 3232 1273; x_wconf 87' lang='lat' dir='ltr'><strong>magis</strong></span> <span class='ocrx_word' id='word_1_544' title='bbox 3245 1219 3406 1275; x_wconf 89' lang='lat' dir='ltr'><strong>quam</strong></span> 
     </span>
    </p>
   </div>
   <div class='ocr_carea' id='block_1_73' title="bbox 1818 1280 3400 1364">
    <p class='ocr_par' dir='ltr' id='par_1_73' title="bbox 1818 1280 3400 1364">
     <span class='ocr_line' id='line_1_73' title="bbox 1818 1280 3400 1364; baseline 0.008 -26"><span class='ocrx_word' id='word_1_545' title='bbox 1818 1280 1938 1338; x_wconf 87' lang='lat' dir='ltr'><strong>Dei.</strong></span> <span class='ocrx_word' id='word_1_546' title='bbox 1969 1281 2026 1338; x_wconf 85' lang='lat' dir='ltr'><strong>In</strong></span> <span class='ocrx_word' id='word_1_547' title='bbox 2050 1297 2213 1339; x_wconf 89' lang='lat' dir='ltr'><strong>carne</strong></span> <span class='ocrx_word' id='word_1_548' title='bbox 2237 1285 2380 1340; x_wconf 90' lang='lat' dir='ltr'><strong>enim</strong></span> <span class='ocrx_word' id='word_1_549' title='bbox 2407 1299 2505 1341; x_wconf 84' lang='lat' dir='ltr'><strong>sua</strong></span> <span class='ocrx_word' id='word_1_550' title='bbox 2528 1288 2775 1354; x_wconf 84' lang='lat' dir='ltr'><strong>seminat,</strong></span> <span class='ocrx_word' id='word_1_551' title='bbox 2799 1289 2887 1360; x_wconf 88' lang='lat' dir='ltr'><strong>qui</strong></span> <span class='ocrx_word' id='word_1_552' title='bbox 2914 1289 3092 1347; x_wconf 89' lang='lat' dir='ltr'><strong>omnia</strong></span> <span class='ocrx_word' id='word_1_553' title='bbox 3116 1309 3236 1364; x_wconf 70' lang='lat' dir='ltr'><strong>qua:</strong></span> <span class='ocrx_word' id='word_1_554' title='bbox 3256 1293 3400 1362; x_wconf 82' lang='lat' dir='ltr'><strong>facit,</strong></span> 
     </span>
    </p>
   </div>
   <div class='ocr_carea' id='block_1_74' title="bbox 1818 1370 3408 1451">
    <p class='ocr_par' dir='ltr' id='par_1_74' title="bbox 1818 1370 3408 1451">
     <span class='ocr_line' id='line_1_74' title="bbox 1818 1370 3408 1451; baseline 0.009 -25"><span class='ocrx_word' id='word_1_555' title='bbox 1818 1370 2028 1426; x_wconf 90' lang='lat' dir='ltr'><strong>etiamsi</strong></span> <span class='ocrx_word' id='word_1_556' title='bbox 2059 1370 2196 1427; x_wconf 90' lang='lat' dir='ltr'><strong>bona</strong></span> <span class='ocrx_word' id='word_1_557' title='bbox 2227 1372 2506 1431; x_wconf 87' lang='lat' dir='ltr'><strong>videantur</strong></span> <span class='ocrx_word' id='word_1_558' title='bbox 2526 1415 2544 1442; x_wconf 95' lang='lat'><strong>,</strong></span> <span class='ocrx_word' id='word_1_559' title='bbox 2590 1386 2871 1448; x_wconf 80' lang='lat' dir='ltr'><strong>propterea</strong></span> <span class='ocrx_word' id='word_1_560' title='bbox 2920 1388 3094 1436; x_wconf 88' lang='lat' dir='ltr'><strong>tamen</strong></span> <span class='ocrx_word' id='word_1_561' title='bbox 3143 1383 3304 1451; x_wconf 81' lang='lat' dir='ltr'><strong>facit,</strong></span> <span class='ocrx_word' id='word_1_562' title='bbox 3349 1396 3408 1442; x_wconf 88' lang='lat' dir='ltr'><strong>ut</strong></span> 
     </span>
    </p>
   </div>
   <div class='ocr_carea' id='block_1_75' title="bbox 1816 1462 3399 1547">
    <p class='ocr_par' dir='ltr' id='par_1_75' title="bbox 1816 1462 3399 1547">
     <span class='ocr_line' id='line_1_75' title="bbox 1816 1462 3399 1547; baseline 0.009 -28"><span class='ocrx_word' id='word_1_563' title='bbox 1816 1462 2102 1520; x_wconf 85' lang='lat' dir='ltr'><strong>carnaliter</strong></span> <span class='ocrx_word' id='word_1_564' title='bbox 2129 1463 2183 1522; x_wconf 89' lang='lat' dir='ltr'><strong>ei</strong></span> <span class='ocrx_word' id='word_1_565' title='bbox 2211 1465 2349 1522; x_wconf 84' lang='lat' dir='ltr'><strong>bene</strong></span> <span class='ocrx_word' id='word_1_566' title='bbox 2363 1466 2452 1522; x_wconf 89' lang='lat' dir='ltr'><strong>sit.</strong></span> <span class='ocrx_word' id='word_1_567' title='bbox 2469 1468 2575 1534; x_wconf 81' lang='lat' dir='ltr'><strong>Qui</strong></span> <span class='ocrx_word' id='word_1_568' title='bbox 2586 1479 2754 1525; x_wconf 87' lang='lat' dir='ltr'><strong>autem</strong></span> <span class='ocrx_word' id='word_1_569' title='bbox 2777 1472 3091 1529; x_wconf 80' lang='lat' dir='ltr'><strong>seminaverit</strong></span> <span class='ocrx_word' id='word_1_570' title='bbox 3117 1476 3171 1531; x_wconf 89' lang='lat' dir='ltr'><strong>in</strong></span> <span class='ocrx_word' id='word_1_571' title='bbox 3199 1478 3399 1547; x_wconf 82' lang='lat' dir='ltr'><strong>spiritu,</strong></span> 
     </span>
    </p>
   </div>
   <div class='ocr_carea' id='block_1_76' title="bbox 1818 1555 3403 1642">
    <p class='ocr_par' dir='ltr' id='par_1_76' title="bbox 1818 1555 3403 1642">
     <span class='ocr_line' id='line_1_76' title="bbox 1818 1555 3403 1642; baseline 0.011 -30"><span class='ocrx_word' id='word_1_572' title='bbox 1818 1555 1884 1612; x_wconf 81' lang='lat' dir='ltr'><strong>de</strong></span> <span class='ocrx_word' id='word_1_573' title='bbox 1909 1558 2092 1629; x_wconf 81' lang='lat' dir='ltr'><strong>spiritu</strong></span> <span class='ocrx_word' id='word_1_574' title='bbox 2133 1569 2280 1616; x_wconf 86' lang='lat' dir='ltr'><strong>metet</strong></span> <span class='ocrx_word' id='word_1_575' title='bbox 2309 1562 2462 1617; x_wconf 83' lang='lat' dir='ltr'><strong>vitam</strong></span> <span class='ocrx_word' id='word_1_576' title='bbox 2484 1573 2744 1621; x_wconf 70' lang='lat' dir='ltr'><strong>(sternam.</strong></span> <span class='ocrx_word' id='word_1_577' title='bbox 2788 1566 3081 1624; x_wconf 87' lang='lat' dir='ltr'><strong>Seminatio</strong></span> <span class='ocrx_word' id='word_1_578' title='bbox 3123 1570 3177 1626; x_wconf 92' lang='lat' dir='ltr'><strong>in</strong></span> <span class='ocrx_word' id='word_1_579' title='bbox 3213 1572 3403 1642; x_wconf 85' lang='lat' dir='ltr'><strong>spiritu</strong></span> 
     </span>
    </p>
   </div>
   <div class='ocr_carea' id='block_1_77' title="bbox 1817 1648 3403 1728">
    <p class='ocr_par' dir='ltr' id='par_1_77' title="bbox 1817 1648 3403 1728">
     <span class='ocr_line' id='line_1_77' title="bbox 1817 1648 3403 1728; baseline 0.011 -27"><span class='ocrx_word' id='word_1_580' title='bbox 1817 1654 1934 1714; x_wconf 88' lang='lat' dir='ltr'><strong>est,</strong></span> <span class='ocrx_word' id='word_1_581' title='bbox 1964 1663 2030 1703; x_wconf 80' lang='lat' dir='ltr'><strong>ex</strong></span> <span class='ocrx_word' id='word_1_582' title='bbox 2061 1648 2164 1705; x_wconf 90' lang='lat' dir='ltr'><strong>lide</strong></span> <span class='ocrx_word' id='word_1_583' title='bbox 2202 1665 2324 1706; x_wconf 91' lang='lat' dir='ltr'><strong>cum</strong></span> <span class='ocrx_word' id='word_1_584' title='bbox 2367 1651 2627 1710; x_wconf 88' lang='lat' dir='ltr'><strong>charitate</strong></span> <span class='ocrx_word' id='word_1_585' title='bbox 2665 1656 2868 1712; x_wconf 87' lang='lat' dir='ltr'><strong>servire</strong></span> <span class='ocrx_word' id='word_1_586' title='bbox 2899 1657 3151 1728; x_wconf 66' lang='lat' dir='ltr'><strong>iustitiae,</strong></span> <span class='ocrx_word' id='word_1_587' title='bbox 3199 1671 3252 1716; x_wconf 82' lang='lat' dir='ltr'><strong>et</strong></span> <span class='ocrx_word' id='word_1_588' title='bbox 3297 1678 3403 1719; x_wconf 86' lang='lat' dir='ltr'><strong>non</strong></span> 
     </span>
    </p>
   </div>
   <div class='ocr_carea' id='block_1_78' title="bbox 1816 1735 3403 1816">
    <p class='ocr_par' dir='ltr' id='par_1_78' title="bbox 1816 1735 3403 1816">
     <span class='ocr_line' id='line_1_78' title="bbox 1816 1735 3403 1816; baseline 0.013 -25"><span class='ocrx_word' id='word_1_589' title='bbox 1816 1735 2072 1794; x_wconf 88' lang='lat' dir='ltr'><strong>obaudire</strong></span> <span class='ocrx_word' id='word_1_590' title='bbox 2095 1739 2377 1799; x_wconf 87' lang='lat' dir='ltr'><strong>desideriis</strong></span> <span class='ocrx_word' id='word_1_591' title='bbox 2406 1745 2628 1814; x_wconf 86' lang='lat' dir='ltr'><strong>peccati,</strong></span> <span class='ocrx_word' id='word_1_592' title='bbox 2655 1747 2898 1816; x_wconf 75' lang='lat' dir='ltr'><strong>quamvis</strong></span> <span class='ocrx_word' id='word_1_593' title='bbox 2917 1749 2984 1805; x_wconf 88' lang='lat' dir='ltr'><strong>de</strong></span> <span class='ocrx_word' id='word_1_594' title='bbox 3005 1752 3213 1807; x_wconf 74' lang='lat' dir='ltr'><strong>intortali</strong></span> <span class='ocrx_word' id='word_1_595' title='bbox 3240 1768 3403 1812; x_wconf 83' lang='lat' dir='ltr'><strong>carne</strong></span> 
     </span>
    </p>
   </div>
   <div class='ocr_carea' id='block_1_79' title="bbox 1815 1831 3404 1904">
    <p class='ocr_par' dir='ltr' id='par_1_79' title="bbox 1815 1831 3404 1904">
     <span class='ocr_line' id='line_1_79' title="bbox 1815 1831 3404 1904; baseline 0.011 -18"><span class='ocrx_word' id='word_1_596' title='bbox 1815 1831 2186 1890; x_wconf 79' lang='lat' dir='ltr'><strong>existentibus.</strong></span> <span class='ocrx_word' id='word_1_597' title='bbox 2218 1834 2406 1892; x_wconf 76' lang='lat' dir='ltr'><strong>Messis</strong></span> <span class='ocrx_word' id='word_1_598' title='bbox 2431 1847 2608 1895; x_wconf 88' lang='lat' dir='ltr'><strong>autem</strong></span> <span class='ocrx_word' id='word_1_599' title='bbox 2637 1839 2759 1896; x_wconf 76' lang='lat' dir='ltr'><strong>vita:</strong></span> <span class='ocrx_word' id='word_1_600' title='bbox 2782 1850 3000 1898; x_wconf 65' lang='lat' dir='ltr'><strong>aeterna:</strong></span> <span class='ocrx_word' id='word_1_601' title='bbox 3037 1858 3159 1900; x_wconf 88' lang='lat' dir='ltr'><strong>cum</strong></span> <span class='ocrx_word' id='word_1_602' title='bbox 3190 1845 3404 1904; x_wconf 82' lang='lat' dir='ltr'><strong>inimica</strong></span> 
     </span>
    </p>
   </div>
   <div class='ocr_carea' id='block_1_80' title="bbox 1817 1923 3405 1998">
    <p class='ocr_par' dir='ltr' id='par_1_80' title="bbox 1817 1923 3405 1998">
     <span class='ocr_line' id='line_1_80' title="bbox 1817 1923 3405 1998; baseline 0.01 -20"><span class='ocrx_word' id='word_1_603' title='bbox 1817 1923 2107 1980; x_wconf 88' lang='lat' dir='ltr'><strong>novissima</strong></span> <span class='ocrx_word' id='word_1_604' title='bbox 2150 1924 2460 1984; x_wconf 87' lang='lat' dir='ltr'><strong>destruetur</strong></span> <span class='ocrx_word' id='word_1_605' title='bbox 2493 1946 2661 1998; x_wconf 89' lang='lat' dir='ltr'><strong>mors,</strong></span> <span class='ocrx_word' id='word_1_606' title='bbox 2689 1940 2746 1988; x_wconf 89' lang='lat' dir='ltr'><strong>et</strong></span> <span class='ocrx_word' id='word_1_607' title='bbox 2772 1932 3143 1990; x_wconf 88' lang='lat' dir='ltr'><strong>absorbebitur</strong></span> <span class='ocrx_word' id='word_1_608' title='bbox 3179 1939 3405 1996; x_wconf 85' lang='lat' dir='ltr'><strong>mortale</strong></span> 
     </span>
    </p>
   </div>
   <div class='ocr_carea' id='block_1_81' title="bbox 1817 2016 3404 2099">
    <p class='ocr_par' dir='ltr' id='par_1_81' title="bbox 1817 2016 3404 2099">
     <span class='ocr_line' id='line_1_81' title="bbox 1817 2016 3404 2099; baseline 0.012 -30"><span class='ocrx_word' id='word_1_609' title='bbox 1817 2029 1848 2070; x_wconf 94' lang='lat' dir='ltr'><strong>a</strong></span> <span class='ocrx_word' id='word_1_610' title='bbox 1878 2016 2007 2082; x_wconf 90' lang='lat' dir='ltr'><strong>vita,</strong></span> <span class='ocrx_word' id='word_1_611' title='bbox 2035 2025 2092 2073; x_wconf 88' lang='lat' dir='ltr'><strong>et</strong></span> <span class='ocrx_word' id='word_1_612' title='bbox 2115 2019 2459 2090; x_wconf 87' lang='lat' dir='ltr'><strong>corruptibile</strong></span> <span class='ocrx_word' id='word_1_613' title='bbox 2495 2021 2596 2078; x_wconf 89' lang='lat' dir='ltr'><strong>hoc</strong></span> <span class='ocrx_word' id='word_1_614' title='bbox 2622 2021 2807 2080; x_wconf 88' lang='lat' dir='ltr'><strong>induet</strong></span> <span class='ocrx_word' id='word_1_615' title='bbox 2834 2026 3305 2099; x_wconf 80' lang='lat' dir='ltr'><strong>incorruptionem.</strong></span> <span class='ocrx_word' id='word_1_616' title='bbox 3343 2031 3404 2088; x_wconf 87' lang='lat' dir='ltr'><strong>In</strong></span> 
     </span>
    </p>
   </div>
   <div class='ocr_carea' id='block_1_82' title="bbox 1817 2103 3398 2186">
    <p class='ocr_par' dir='ltr' id='par_1_82' title="bbox 1817 2103 3398 2186">
     <span class='ocr_line' id='line_1_82' title="bbox 1817 2103 3398 2186; baseline 0.01 -25"><span class='ocrx_word' id='word_1_617' title='bbox 1817 2103 1922 2162; x_wconf 89' lang='lat' dir='ltr'><strong>hoc</strong></span> <span class='ocrx_word' id='word_1_618' title='bbox 1951 2121 2083 2178; x_wconf 77' lang='lat' dir='ltr'><strong>ergo</strong></span> <span class='ocrx_word' id='word_1_619' title='bbox 2107 2109 2269 2165; x_wconf 91' lang='lat' dir='ltr'><strong>tertio</strong></span> <span class='ocrx_word' id='word_1_620' title='bbox 2293 2110 2484 2181; x_wconf 89' lang='lat' dir='ltr'><strong>gradu,</strong></span> <span class='ocrx_word' id='word_1_621' title='bbox 2511 2128 2620 2182; x_wconf 91' lang='lat' dir='ltr'><strong>quo</strong></span> <span class='ocrx_word' id='word_1_622' title='bbox 2648 2113 2750 2168; x_wconf 89' lang='lat' dir='ltr'><strong>sub</strong></span> <span class='ocrx_word' id='word_1_623' title='bbox 2773 2117 2944 2186; x_wconf 85' lang='lat' dir='ltr'><strong>gratia</strong></span> <span class='ocrx_word' id='word_1_624' title='bbox 2983 2133 3188 2186; x_wconf 89' lang='lat' dir='ltr'><strong>sumus,</strong></span> <span class='ocrx_word' id='word_1_625' title='bbox 3235 2121 3398 2178; x_wconf 87' lang='lat' dir='ltr'><strong>semi-</strong></span> 
     </span>
    </p>
   </div>
   <div class='ocr_carea' id='block_1_83' title="bbox 1815 2199 3405 2273">
    <p class='ocr_par' dir='ltr' id='par_1_83' title="bbox 1815 2199 3405 2273">
     <span class='ocr_line' id='line_1_83' title="bbox 1815 2199 3405 2273; baseline 0.011 -22"><span class='ocrx_word' id='word_1_626' title='bbox 1815 2211 2009 2253; x_wconf 89' lang='lat' dir='ltr'><strong>namus</strong></span> <span class='ocrx_word' id='word_1_627' title='bbox 2035 2199 2086 2254; x_wconf 92' lang='lat' dir='ltr'><strong>iu</strong></span> <span class='ocrx_word' id='word_1_628' title='bbox 2114 2199 2388 2273; x_wconf 86' lang='lat' dir='ltr'><strong>lacrymis,</strong></span> <span class='ocrx_word' id='word_1_629' title='bbox 2403 2215 2526 2257; x_wconf 89' lang='lat' dir='ltr'><strong>cum</strong></span> <span class='ocrx_word' id='word_1_630' title='bbox 2542 2203 2780 2260; x_wconf 86' lang='lat' dir='ltr'><strong>existunt</strong></span> <span class='ocrx_word' id='word_1_631' title='bbox 2798 2204 3063 2263; x_wconf 86' lang='lat' dir='ltr'><strong>desideria</strong></span> <span class='ocrx_word' id='word_1_632' title='bbox 3093 2208 3163 2265; x_wconf 90' lang='lat' dir='ltr'><strong>de</strong></span> <span class='ocrx_word' id='word_1_633' title='bbox 3187 2209 3405 2268; x_wconf 89' lang='lat' dir='ltr'><strong>animali</strong></span> 
     </span>
    </p>
   </div>
   <div class='ocr_carea' id='block_1_84' title="bbox 1815 2289 3405 2365">
    <p class='ocr_par' dir='ltr' id='par_1_84' title="bbox 1815 2289 3405 2365">
     <span class='ocr_line' id='line_1_84' title="bbox 1815 2289 3405 2365; baseline 0.01 -23"><span class='ocrx_word' id='word_1_634' title='bbox 1815 2300 2071 2358; x_wconf 87' lang='lat' dir='ltr'><strong>corpore;</strong></span> <span class='ocrx_word' id='word_1_635' title='bbox 2099 2289 2292 2361; x_wconf 90' lang='lat' dir='ltr'><strong>quibus</strong></span> <span class='ocrx_word' id='word_1_636' title='bbox 2321 2305 2430 2348; x_wconf 90' lang='lat' dir='ltr'><strong>non</strong></span> <span class='ocrx_word' id='word_1_637' title='bbox 2457 2292 2844 2351; x_wconf 86' lang='lat' dir='ltr'><strong>consentiendo</strong></span> <span class='ocrx_word' id='word_1_638' title='bbox 2879 2297 3165 2354; x_wconf 91' lang='lat' dir='ltr'><strong>reuitimur</strong></span> <span class='ocrx_word' id='word_1_639' title='bbox 3186 2341 3202 2365; x_wconf 93' lang='lat'><strong>,</strong></span> <span class='ocrx_word' id='word_1_640' title='bbox 3248 2309 3307 2356; x_wconf 91' lang='lat' dir='ltr'><strong>ut</strong></span> <span class='ocrx_word' id='word_1_641' title='bbox 3347 2301 3405 2358; x_wconf 89' lang='lat' dir='ltr'><strong>in</strong></span> 
     </span>
    </p>
   </div>
   <div class='ocr_carea' id='block_1_85' title="bbox 1819 2379 3403 2461">
    <p class='ocr_par' dir='ltr' id='par_1_85' title="bbox 1819 2379 3403 2461">
     <span class='ocr_line' id='line_1_85' title="bbox 1819 2379 3403 2461; baseline 0.012 -30"><span class='ocrx_word' id='word_1_642' title='bbox 1819 2379 2017 2450; x_wconf 82' lang='lat' dir='ltr'><strong>gaudio</strong></span> <span class='ocrx_word' id='word_1_643' title='bbox 2060 2391 2322 2438; x_wconf 86' lang='lat' dir='ltr'><strong>metamus</strong></span> <span class='ocrx_word' id='word_1_644' title='bbox 2341 2423 2358 2449; x_wconf 93' lang='lat'><strong>,</strong></span> <span class='ocrx_word' id='word_1_645' title='bbox 2386 2398 2510 2440; x_wconf 92' lang='lat' dir='ltr'><strong>cum</strong></span> <span class='ocrx_word' id='word_1_646' title='bbox 2539 2385 2698 2441; x_wconf 88' lang='lat' dir='ltr'><strong>etiam</strong></span> <span class='ocrx_word' id='word_1_647' title='bbox 2728 2386 3016 2442; x_wconf 75' lang='lat' dir='ltr'><strong>reformato</strong></span> <span class='ocrx_word' id='word_1_648' title='bbox 3047 2404 3304 2461; x_wconf 89' lang='lat' dir='ltr'><strong>corpore,</strong></span> <span class='ocrx_word' id='word_1_649' title='bbox 3335 2407 3403 2450; x_wconf 78' lang='lat' dir='ltr'><strong>ex</strong></span> 
     </span>
    </p>
   </div>
   <div class='ocr_carea' id='block_1_86' title="bbox 1815 2473 3402 2543">
    <p class='ocr_par' dir='ltr' id='par_1_86' title="bbox 1815 2473 3402 2543">
     <span class='ocr_line' id='line_1_86' title="bbox 1815 2473 3402 2543; baseline 0.009 -17"><span class='ocrx_word' id='word_1_650' title='bbox 1815 2473 1961 2528; x_wconf 91' lang='lat' dir='ltr'><strong>nulla</strong></span> <span class='ocrx_word' id='word_1_651' title='bbox 2007 2483 2158 2543; x_wconf 87' lang='lat' dir='ltr'><strong>parte</strong></span> <span class='ocrx_word' id='word_1_652' title='bbox 2208 2474 2460 2543; x_wconf 88' lang='lat' dir='ltr'><strong>hominis,</strong></span> <span class='ocrx_word' id='word_1_653' title='bbox 2509 2477 2617 2533; x_wconf 86' lang='lat' dir='ltr'><strong>ulla</strong></span> <span class='ocrx_word' id='word_1_654' title='bbox 2668 2493 2768 2534; x_wconf 88' lang='lat' dir='ltr'><strong>nos</strong></span> <span class='ocrx_word' id='word_1_655' title='bbox 2810 2478 3115 2537; x_wconf 87' lang='lat' dir='ltr'><strong>sollicitabit</strong></span> <span class='ocrx_word' id='word_1_656' title='bbox 3161 2483 3402 2540; x_wconf 87' lang='lat' dir='ltr'><strong>molestia</strong></span> 
     </span>
    </p>
   </div>
   <div class='ocr_carea' id='block_1_87' title="bbox 1814 2564 3402 2644">
    <p class='ocr_par' dir='ltr' id='par_1_87' title="bbox 1814 2564 3402 2644">
     <span class='ocr_line' id='line_1_87' title="bbox 1814 2564 3402 2644; baseline 0.008 -24"><span class='ocrx_word' id='word_1_657' title='bbox 1814 2564 2050 2622; x_wconf 88' lang='lat' dir='ltr'><strong>ullumve</strong></span> <span class='ocrx_word' id='word_1_658' title='bbox 2076 2567 2380 2624; x_wconf 90' lang='lat' dir='ltr'><strong>tentationis</strong></span> <span class='ocrx_word' id='word_1_659' title='bbox 2405 2569 2716 2639; x_wconf 85' lang='lat' dir='ltr'><strong>periculum.</strong></span> <span class='ocrx_word' id='word_1_660' title='bbox 2748 2571 2880 2628; x_wconf 84' lang='lat' dir='ltr'><strong>Nam</strong></span> <span class='ocrx_word' id='word_1_661' title='bbox 2907 2577 3069 2629; x_wconf 88' lang='lat' dir='ltr'><strong>etiam</strong></span> <span class='ocrx_word' id='word_1_662' title='bbox 3094 2575 3266 2644; x_wconf 90' lang='lat' dir='ltr'><strong>ipsum</strong></span> <span class='ocrx_word' id='word_1_663' title='bbox 3292 2576 3402 2633; x_wconf 83' lang='lat' dir='ltr'><strong>ani-</strong></span> 
     </span>
    </p>
   </div>
   <div class='ocr_carea' id='block_1_88' title="bbox 1814 2658 3398 2734">
    <p class='ocr_par' dir='ltr' id='par_1_88' title="bbox 1814 2658 3398 2734">
     <span class='ocr_line' id='line_1_88' title="bbox 1814 2658 3398 2734; baseline 0.009 -20"><span class='ocrx_word' id='word_1_664' title='bbox 1814 2658 1958 2714; x_wconf 88' lang='lat' dir='ltr'><strong>male</strong></span> <span class='ocrx_word' id='word_1_665' title='bbox 1983 2674 2180 2734; x_wconf 82' lang='lat' dir='ltr'><strong>corpus</strong></span> <span class='ocrx_word' id='word_1_666' title='bbox 2207 2659 2490 2734; x_wconf 87' lang='lat' dir='ltr'><strong>deputatur</strong></span> <span class='ocrx_word' id='word_1_667' title='bbox 2537 2662 2590 2717; x_wconf 91' lang='lat' dir='ltr'><strong>iu</strong></span> <span class='ocrx_word' id='word_1_668' title='bbox 2640 2665 2865 2721; x_wconf 88' lang='lat' dir='ltr'><strong>semine.</strong></span> <span class='ocrx_word' id='word_1_669' title='bbox 2915 2665 3209 2722; x_wconf 81' lang='lat' dir='ltr'><strong>Seminatur</strong></span> <span class='ocrx_word' id='word_1_670' title='bbox 3253 2669 3398 2728; x_wconf 88' lang='lat' dir='ltr'><strong>enim</strong></span> 
     </span>
    </p>
   </div>
   <div class='ocr_carea' id='block_1_89' title="bbox 1811 2753 3400 2832">
    <p class='ocr_par' dir='ltr' id='par_1_89' title="bbox 1811 2753 3400 2832">
     <span class='ocr_line' id='line_1_89' title="bbox 1811 2753 3400 2832; baseline 0.011 -28"><span class='ocrx_word' id='word_1_671' title='bbox 1811 2766 1998 2821; x_wconf 78' lang='lat' dir='ltr'><strong>corpus</strong></span> <span class='ocrx_word' id='word_1_672' title='bbox 2021 2753 2262 2820; x_wconf 81' lang='lat' dir='ltr'><strong>animale,</strong></span> <span class='ocrx_word' id='word_1_673' title='bbox 2291 2755 2368 2810; x_wconf 88' lang='lat' dir='ltr'><strong>ait</strong></span> <span class='ocrx_word' id='word_1_674' title='bbox 2390 2755 2499 2810; x_wconf 90' lang='lat' dir='ltr'><strong>alio</strong></span> <span class='ocrx_word' id='word_1_675' title='bbox 2523 2755 2678 2822; x_wconf 81' lang='lat' dir='ltr'><strong>loco;</strong></span> <span class='ocrx_word' id='word_1_676' title='bbox 2705 2766 2762 2812; x_wconf 95' lang='lat' dir='ltr'><strong>ut</strong></span> <span class='ocrx_word' id='word_1_677' title='bbox 2786 2758 2854 2814; x_wconf 89' lang='lat' dir='ltr'><strong>ad</strong></span> <span class='ocrx_word' id='word_1_678' title='bbox 2879 2774 3110 2818; x_wconf 72' lang='lat' dir='ltr'><strong>messem</strong></span> <span class='ocrx_word' id='word_1_679' title='bbox 3136 2762 3400 2832; x_wconf 86' lang='lat' dir='ltr'><strong>pertineat</strong></span> 
     </span>
    </p>
   </div>
   <div class='ocr_carea' id='block_1_90' title="bbox 1812 2841 3390 2924">
    <p class='ocr_par' dir='ltr' id='par_1_90' title="bbox 1812 2841 3390 2924">
     <span class='ocr_line' id='line_1_90' title="bbox 1812 2841 3390 2924; baseline 0.008 -28"><span class='ocrx_word' id='word_1_680' title='bbox 1812 2841 1954 2912; x_wconf 88' lang='lat' dir='ltr'><strong>quod</strong></span> <span class='ocrx_word' id='word_1_681' title='bbox 1978 2843 2239 2913; x_wconf 80' lang='lat' dir='ltr'><strong>adjuuxit,</strong></span> <span class='ocrx_word' id='word_1_682' title='bbox 2267 2856 2436 2918; x_wconf 83' lang='lat' dir='ltr'><strong>surget</strong></span> <span class='ocrx_word' id='word_1_683' title='bbox 2460 2863 2642 2919; x_wconf 81' lang='lat' dir='ltr'><strong>corpus</strong></span> <span class='ocrx_word' id='word_1_684' title='bbox 2669 2849 2932 2919; x_wconf 84' lang='lat' dir='ltr'><strong>spirituale</strong></span> <span class='ocrx_word' id='word_1_685' title='bbox 2956 2851 3007 2923; x_wconf 91' lang='grc' dir='ltr'><strong>(Ι</strong></span> <span class='ocrx_word' id='word_1_686' title='bbox 3036 2852 3154 2909; x_wconf 85' lang='lat' dir='ltr'><strong>Cor.</strong></span> <span class='ocrx_word' id='word_1_687' title='bbox 3185 2871 3268 2919; x_wconf 81' lang='lat' dir='ltr'><strong>xv,</strong></span> <span class='ocrx_word' id='word_1_688' title='bbox 3295 2855 3390 2924; x_wconf 71' lang='lat'><strong>26,</strong></span> 
     </span>
    </p>
   </div>
   <div class='ocr_carea' id='block_1_91' title="bbox 1810 2933 3396 3014">
    <p class='ocr_par' dir='ltr' id='par_1_91' title="bbox 1810 2933 3396 3014">
     <span class='ocr_line' id='line_1_91' title="bbox 1810 2933 3396 3014; baseline 0.007 -24"><span class='ocrx_word' id='word_1_689' title='bbox 1810 2933 1924 3004; x_wconf 68' lang='lat' dir='ltr'><strong>ﬂ).</strong></span> <span class='ocrx_word' id='word_1_690' title='bbox 1974 2934 2108 2990; x_wconf 84' lang='lat' dir='ltr'><strong>Huic</strong></span> <span class='ocrx_word' id='word_1_691' title='bbox 2141 2951 2274 3007; x_wconf 85' lang='lat' dir='ltr'><strong>ergo</strong></span> <span class='ocrx_word' id='word_1_692' title='bbox 2313 2938 2592 2995; x_wconf 74' lang='lat' dir='ltr'><strong>sententia:</strong></span> <span class='ocrx_word' id='word_1_693' title='bbox 2621 2941 2876 3011; x_wconf 82' lang='lat' dir='ltr'><strong>propheta</strong></span> <span class='ocrx_word' id='word_1_694' title='bbox 2906 2943 3157 3012; x_wconf 89' lang='lat' dir='ltr'><strong>concinit,</strong></span> <span class='ocrx_word' id='word_1_695' title='bbox 3188 2945 3396 3014; x_wconf 86' lang='lat' dir='ltr'><strong>dicens,</strong></span> 
     </span>
    </p>
   </div>
   <div class='ocr_carea' id='block_1_92' title="bbox 1813 3021 3394 3105">
    <p class='ocr_par' dir='ltr' id='par_1_92' title="bbox 1813 3021 3394 3105">
     <span class='ocr_line' id='line_1_92' title="bbox 1813 3021 3394 3105; baseline 0.01 -29"><span class='ocrx_word' id='word_1_696' title='bbox 1813 3021 1917 3088; x_wconf 82' lang='lat' dir='ltr'><strong>Qui</strong></span> <span class='ocrx_word' id='word_1_697' title='bbox 1963 3027 2173 3081; x_wconf 81' lang='lat' dir='ltr'><strong>seminat</strong></span> <span class='ocrx_word' id='word_1_698' title='bbox 2200 3027 2252 3082; x_wconf 86' lang='lat' dir='ltr'><strong>in</strong></span> <span class='ocrx_word' id='word_1_699' title='bbox 2278 3029 2536 3098; x_wconf 70' lang='lat' dir='ltr'><strong>lacrumis,</strong></span> <span class='ocrx_word' id='word_1_700' title='bbox 2566 3030 2618 3083; x_wconf 88' lang='lat' dir='ltr'><strong>in</strong></span> <span class='ocrx_word' id='word_1_701' title='bbox 2641 3031 2828 3101; x_wconf 81' lang='lat' dir='ltr'><strong>gaudia</strong></span> <span class='ocrx_word' id='word_1_702' title='bbox 2855 3043 3003 3088; x_wconf 86' lang='lat' dir='ltr'><strong>metet</strong></span> <span class='ocrx_word' id='word_1_703' title='bbox 3031 3033 3209 3105; x_wconf 80' lang='lat' dir='ltr'><strong>(Psal.</strong></span> <span class='ocrx_word' id='word_1_704' title='bbox 3234 3053 3394 3104; x_wconf 84' lang='lat' dir='ltr'><strong>cxxv,</strong></span> 
     </span>
    </p>
   </div>
   <div class='ocr_carea' id='block_1_93' title="bbox 1811 3113 3400 3198">
    <p class='ocr_par' dir='ltr' id='par_1_93' title="bbox 1811 3113 3400 3198">
     <span class='ocr_line' id='line_1_93' title="bbox 1811 3113 3400 3198; baseline 0.01 -28"><span class='ocrx_word' id='word_1_705' title='bbox 1811 3113 1890 3185; x_wconf 82' lang='grc'><strong>5).</strong></span> <span class='ocrx_word' id='word_1_706' title='bbox 1912 3115 2058 3172; x_wconf 86' lang='lat' dir='ltr'><strong>Bene</strong></span> <span class='ocrx_word' id='word_1_707' title='bbox 2081 3127 2260 3174; x_wconf 87' lang='lat' dir='ltr'><strong>autem</strong></span> <span class='ocrx_word' id='word_1_708' title='bbox 2291 3121 2577 3189; x_wconf 87' lang='lat' dir='ltr'><strong>seminare,</strong></span> <span class='ocrx_word' id='word_1_709' title='bbox 2607 3122 2660 3178; x_wconf 90' lang='lat' dir='ltr'><strong>id</strong></span> <span class='ocrx_word' id='word_1_710' title='bbox 2685 3133 2787 3190; x_wconf 87' lang='lat' dir='ltr'><strong>est,</strong></span> <span class='ocrx_word' id='word_1_711' title='bbox 2826 3125 2963 3182; x_wconf 82' lang='lat' dir='ltr'><strong>bene</strong></span> <span class='ocrx_word' id='word_1_712' title='bbox 2999 3131 3230 3198; x_wconf 88' lang='lat' dir='ltr'><strong>operari,</strong></span> <span class='ocrx_word' id='word_1_713' title='bbox 3272 3131 3400 3187; x_wconf 80' lang='lat' dir='ltr'><strong>laci-</strong></span> 
     </span>
    </p>
   </div>
   <div class='ocr_carea' id='block_1_94' title="bbox 1811 3207 3395 3285">
    <p class='ocr_par' dir='ltr' id='par_1_94' title="bbox 1811 3207 3395 3285">
     <span class='ocr_line' id='line_1_94' title="bbox 1811 3207 3395 3285; baseline 0.012 -24"><span class='ocrx_word' id='word_1_714' title='bbox 1811 3207 1914 3262; x_wconf 88' lang='lat' dir='ltr'><strong>lins</strong></span> <span class='ocrx_word' id='word_1_715' title='bbox 1937 3217 2039 3274; x_wconf 82' lang='lat' dir='ltr'><strong>est,</strong></span> <span class='ocrx_word' id='word_1_716' title='bbox 2072 3225 2232 3281; x_wconf 90' lang='lat' dir='ltr'><strong>quam</strong></span> <span class='ocrx_word' id='word_1_717' title='bbox 2265 3213 2318 3267; x_wconf 92' lang='lat' dir='ltr'><strong>in</strong></span> <span class='ocrx_word' id='word_1_718' title='bbox 2338 3228 2405 3270; x_wconf 91' lang='lat' dir='ltr'><strong>eo</strong></span> <span class='ocrx_word' id='word_1_719' title='bbox 2430 3229 2795 3285; x_wconf 87' lang='lat' dir='ltr'><strong>perseverare.</strong></span> <span class='ocrx_word' id='word_1_720' title='bbox 2826 3217 3050 3277; x_wconf 80' lang='lat' dir='ltr'><strong>Fructus</strong></span> <span class='ocrx_word' id='word_1_721' title='bbox 3077 3224 3218 3278; x_wconf 90' lang='lat' dir='ltr'><strong>enim</strong></span> <span class='ocrx_word' id='word_1_722' title='bbox 3259 3225 3395 3280; x_wconf 87' lang='lat' dir='ltr'><strong>solet</strong></span> 
     </span>
    </p>
   </div>
   <div class='ocr_carea' id='block_1_95' title="bbox 1810 3301 3402 3387">
    <p class='ocr_par' dir='ltr' id='par_1_95' title="bbox 1810 3301 3402 3387">
     <span class='ocr_line' id='line_1_95' title="bbox 1810 3301 3402 3387; baseline 0.011 -31"><span class='ocrx_word' id='word_1_723' title='bbox 1810 3301 2046 3357; x_wconf 89' lang='lat' dir='ltr'><strong>laborem</strong></span> <span class='ocrx_word' id='word_1_724' title='bbox 2082 3304 2348 3361; x_wconf 91' lang='lat' dir='ltr'><strong>consolari</strong></span> <span class='ocrx_word' id='word_1_725' title='bbox 2374 3324 2387 3360; x_wconf 93' lang='lat'><strong>:</strong></span> <span class='ocrx_word' id='word_1_726' title='bbox 2411 3309 2602 3364; x_wconf 88' lang='lat' dir='ltr'><strong>messis</strong></span> <span class='ocrx_word' id='word_1_727' title='bbox 2624 3320 2801 3366; x_wconf 85' lang='lat' dir='ltr'><strong>autem</strong></span> <span class='ocrx_word' id='word_1_728' title='bbox 2832 3320 3014 3368; x_wconf 85' lang='lat' dir='ltr'><strong>nostra</strong></span> <span class='ocrx_word' id='word_1_729' title='bbox 3042 3314 3094 3369; x_wconf 91' lang='lat' dir='ltr'><strong>in</strong></span> <span class='ocrx_word' id='word_1_730' title='bbox 3127 3316 3232 3371; x_wconf 78' lang='lat' dir='ltr'><strong>line</strong></span> <span class='ocrx_word' id='word_1_731' title='bbox 3275 3332 3402 3387; x_wconf 85' lang='lat' dir='ltr'><strong>pro-</strong></span> 
     </span>
    </p>
   </div>
   <div class='ocr_carea' id='block_1_96' title="bbox 1809 3393 3397 3474">
    <p class='ocr_par' dir='ltr' id='par_1_96' title="bbox 1809 3393 3397 3474">
     <span class='ocr_line' id='line_1_96' title="bbox 1809 3393 3397 3474; baseline 0.011 -26"><span class='ocrx_word' id='word_1_732' title='bbox 1809 3393 2066 3459; x_wconf 83' lang='lat' dir='ltr'><strong>mittitur;</strong></span> <span class='ocrx_word' id='word_1_733' title='bbox 2094 3406 2148 3452; x_wconf 91' lang='lat' dir='ltr'><strong>et</strong></span> <span class='ocrx_word' id='word_1_734' title='bbox 2194 3397 2314 3454; x_wconf 85' lang='lat' dir='ltr'><strong>ideo</strong></span> <span class='ocrx_word' id='word_1_735' title='bbox 2356 3404 2751 3470; x_wconf 84' lang='lat' dir='ltr'><strong>perseverantia</strong></span> <span class='ocrx_word' id='word_1_736' title='bbox 2794 3421 2930 3474; x_wconf 88' lang='lat' dir='ltr'><strong>opus</strong></span> <span class='ocrx_word' id='word_1_737' title='bbox 2974 3415 3075 3462; x_wconf 85' lang='lat' dir='ltr'><strong>est.</strong></span> <span class='ocrx_word' id='word_1_738' title='bbox 3128 3408 3231 3474; x_wconf 80' lang='lat' dir='ltr'><strong>Qui</strong></span> <span class='ocrx_word' id='word_1_739' title='bbox 3254 3411 3397 3466; x_wconf 87' lang='lat' dir='ltr'><strong>enim</strong></span> 
     </span>
    </p>
   </div>
   <div class='ocr_carea' id='block_1_97' title="bbox 1810 3491 3396 3574">
    <p class='ocr_par' dir='ltr' id='par_1_97' title="bbox 1810 3491 3396 3574">
     <span class='ocr_line' id='line_1_97' title="bbox 1810 3491 3396 3574; baseline 0.013 -33"><span class='ocrx_word' id='word_1_740' title='bbox 1810 3491 2194 3556; x_wconf 82' lang='lat' dir='ltr'><strong>perseverath</strong></span> <span class='ocrx_word' id='word_1_741' title='bbox 2214 3506 2371 3564; x_wconf 84' lang='lat' dir='ltr'><strong>usque</strong></span> <span class='ocrx_word' id='word_1_742' title='bbox 2393 3493 2447 3548; x_wconf 90' lang='lat' dir='ltr'><strong>in</strong></span> <span class='ocrx_word' id='word_1_743' title='bbox 2473 3496 2648 3564; x_wconf 79' lang='lat' dir='ltr'><strong>liuent,</strong></span> <span class='ocrx_word' id='word_1_744' title='bbox 2681 3497 2762 3552; x_wconf 89' lang='lat' dir='ltr'><strong>ltic</strong></span> <span class='ocrx_word' id='word_1_745' title='bbox 2780 3499 2950 3555; x_wconf 78' lang='lat' dir='ltr'><strong>salt-us</strong></span> <span class='ocrx_word' id='word_1_746' title='bbox 2973 3503 3067 3556; x_wconf 87' lang='lat' dir='ltr'><strong>erit</strong></span> <span class='ocrx_word' id='word_1_747' title='bbox 3087 3502 3106 3571; x_wconf 94' lang='lat'><strong>(</strong></span> <span class='ocrx_word' id='word_1_748' title='bbox 3126 3501 3311 3560; x_wconf 73' lang='lat' dir='ltr'><strong>Matth.</strong></span> <span class='ocrx_word' id='word_1_749' title='bbox 3341 3522 3396 3574; x_wconf 72' lang='grc' dir='ltr'>κ,</span> 
     </span>
    </p>
   </div>
   <div class='ocr_carea' id='block_1_98' title="bbox 1808 3577 3402 3659">
    <p class='ocr_par' dir='ltr' id='par_1_98' title="bbox 1808 3577 3402 3659">
     <span class='ocr_line' id='line_1_98' title="bbox 1808 3577 3402 3659; baseline 0.013 -27"><span class='ocrx_word' id='word_1_750' title='bbox 1808 3577 1905 3647; x_wconf 71' lang='lat'><strong>22)</strong></span> <span class='ocrx_word' id='word_1_751' title='bbox 1937 3596 1951 3632; x_wconf 89' lang='lat'><strong>:</strong></span> <span class='ocrx_word' id='word_1_752' title='bbox 1979 3588 2034 3635; x_wconf 86' lang='lat' dir='ltr'><strong>et</strong></span> <span class='ocrx_word' id='word_1_753' title='bbox 2076 3582 2333 3654; x_wconf 86' lang='lat' dir='ltr'><strong>propheta</strong></span> <span class='ocrx_word' id='word_1_754' title='bbox 2362 3585 2589 3652; x_wconf 88' lang='lat' dir='ltr'><strong>clamat,</strong></span> <span class='ocrx_word' id='word_1_755' title='bbox 2631 3587 2839 3645; x_wconf 82' lang='lat' dir='ltr'><strong>Sustine</strong></span> <span class='ocrx_word' id='word_1_756' title='bbox 2870 3592 3161 3659; x_wconf 82' lang='lat' dir='ltr'><strong>Dominum,</strong></span> <span class='ocrx_word' id='word_1_757' title='bbox 3192 3597 3402 3653; x_wconf 86' lang='lat' dir='ltr'><strong>viriliter</strong></span> 
     </span>
    </p>
   </div>
   <div class='ocr_carea' id='block_1_99' title="bbox 1809 3677 3400 3745">
    <p class='ocr_par' dir='ltr' id='par_1_99' title="bbox 1809 3677 3400 3745">
     <span class='ocr_line' id='line_1_99' title="bbox 1809 3677 3400 3745; baseline 0.013 -23"><span class='ocrx_word' id='word_1_758' title='bbox 1809 3684 1938 3740; x_wconf 84' lang='lat' dir='ltr'><strong>age;</strong></span> <span class='ocrx_word' id='word_1_759' title='bbox 1979 3681 2027 3724; x_wconf 90' lang='lat' dir='ltr'><strong>et</strong></span> <span class='ocrx_word' id='word_1_760' title='bbox 2071 3677 2383 3743; x_wconf 78' lang='lat' dir='ltr'><strong>confortetur</strong></span> <span class='ocrx_word' id='word_1_761' title='bbox 2425 3693 2514 3730; x_wconf 89' lang='lat' dir='ltr'><strong>cor</strong></span> <span class='ocrx_word' id='word_1_762' title='bbox 2567 3688 2733 3745; x_wconf 79' lang='lat' dir='ltr'><strong>tuum,</strong></span> <span class='ocrx_word' id='word_1_763' title='bbox 2791 3690 2838 3736; x_wconf 86' lang='lat' dir='ltr'><strong>et</strong></span> <span class='ocrx_word' id='word_1_764' title='bbox 2888 3685 3078 3738; x_wconf 82' lang='lat' dir='ltr'><strong>sustine</strong></span> <span class='ocrx_word' id='word_1_765' title='bbox 3123 3684 3400 3743; x_wconf 87' lang='lat' dir='ltr'><strong>Dominum</strong></span> 
     </span>
    </p>
   </div>
   <div class='ocr_carea' id='block_1_100' title="bbox 1811 3756 3398 3842">
    <p class='ocr_par' dir='ltr' id='par_1_100' title="bbox 1811 3756 3398 3842">
     <span class='ocr_line' id='line_1_100' title="bbox 1811 3756 3398 3842; baseline 0.016 -32"><span class='ocrx_word' id='word_1_766' title='bbox 1811 3756 1983 3831; x_wconf 87' lang='lat' dir='ltr'><strong>(Psal.</strong></span> <span class='ocrx_word' id='word_1_767' title='bbox 2015 3776 2166 3829; x_wconf 79' lang='lat' dir='ltr'><strong>xxvi,</strong></span> <span class='ocrx_word' id='word_1_768' title='bbox 2195 3763 2306 3834; x_wconf 80' lang='grc' dir='ltr'><strong>ιι).</strong></span> <span class='ocrx_word' id='word_1_769' title='bbox 2341 3766 2495 3833; x_wconf 88' lang='lat' dir='ltr'><strong>Quod</strong></span> <span class='ocrx_word' id='word_1_770' title='bbox 2537 3783 2678 3824; x_wconf 91' lang='lat' dir='ltr'><strong>nunc</strong></span> <span class='ocrx_word' id='word_1_771' title='bbox 2718 3773 3004 3842; x_wconf 80' lang='lat' dir='ltr'><strong>Apostolus</strong></span> <span class='ocrx_word' id='word_1_772' title='bbox 3041 3776 3152 3841; x_wconf 90' lang='lat' dir='ltr'><strong>ait,</strong></span> <span class='ocrx_word' id='word_1_773' title='bbox 3198 3776 3398 3835; x_wconf 77' lang='lat' dir='ltr'><strong>Bonum</strong></span> 
     </span>
    </p>
   </div>
   <div class='ocr_carea' id='block_1_101' title="bbox 1809 3850 3400 3940">
    <p class='ocr_par' dir='ltr' id='par_1_101' title="bbox 1809 3850 3400 3940">
     <span class='ocr_line' id='line_1_101' title="bbox 1809 3850 3400 3940; baseline 0.016 -37"><span class='ocrx_word' id='word_1_774' title='bbox 1809 3850 1977 3905; x_wconf 75' lang='lat' dir='ltr'><strong>autem</strong></span> <span class='ocrx_word' id='word_1_775' title='bbox 2005 3854 2263 3922; x_wconf 81' lang='lat' dir='ltr'><strong>facientes,</strong></span> <span class='ocrx_word' id='word_1_776' title='bbox 2295 3855 2483 3928; x_wconf 89' lang='lat' dir='ltr'><strong>inquit,</strong></span> <span class='ocrx_word' id='word_1_777' title='bbox 2513 3877 2613 3916; x_wconf 86' lang='lat' dir='ltr'><strong>non</strong></span> <span class='ocrx_word' id='word_1_778' title='bbox 2641 3863 2956 3933; x_wconf 81' lang='lat' dir='ltr'><strong>inﬁrmemur</strong></span> <span class='ocrx_word' id='word_1_779' title='bbox 2986 3884 3004 3922; x_wconf 89' lang='lat'><strong><em>:</em></strong></span> <span class='ocrx_word' id='word_1_780' title='bbox 3033 3872 3242 3940; x_wconf 81' lang='lat' dir='ltr'><strong>proprio</strong></span> <span class='ocrx_word' id='word_1_781' title='bbox 3266 3874 3400 3928; x_wconf 83' lang='lat' dir='ltr'><strong>enim</strong></span> 
     </span>
    </p>
   </div>
   <div class='ocr_carea' id='block_1_102' title="bbox 1811 3949 3395 4034">
    <p class='ocr_par' dir='ltr' id='par_1_102' title="bbox 1811 3949 3395 4034">
     <span class='ocr_line' id='line_1_102' title="bbox 1811 3949 3395 4034; baseline 0.015 -38"><span class='ocrx_word' id='word_1_782' title='bbox 1811 3951 2034 4034; x_wconf 81' lang='lat' dir='ltr'><strong>tempore</strong></span> <span class='ocrx_word' id='word_1_783' title='bbox 2059 3955 2301 4002; x_wconf 79' lang='lat' dir='ltr'><strong>metemus</strong></span> <span class='ocrx_word' id='word_1_784' title='bbox 2327 3949 2686 4021; x_wconf 80' lang='lat' dir='ltr'><strong>infatigabiles.</strong></span> <span class='ocrx_word' id='word_1_785' title='bbox 2715 3953 2897 4027; x_wconf 81' lang='lat' dir='ltr'><strong>Itaque</strong></span> <span class='ocrx_word' id='word_1_786' title='bbox 2922 3961 3044 4014; x_wconf 81' lang='lat' dir='ltr'><strong>dum</strong></span> <span class='ocrx_word' id='word_1_787' title='bbox 3077 3970 3271 4034; x_wconf 87' lang='lat' dir='ltr'><strong>tempus</strong></span> <span class='ocrx_word' id='word_1_788' title='bbox 3296 3965 3395 4019; x_wconf 79' lang='lat' dir='ltr'><strong>Ita-</strong></span> 
     </span>
    </p>
   </div>
   <div class='ocr_carea' id='block_1_103' title="bbox 1811 4033 3396 4109">
    <p class='ocr_par' dir='ltr' id='par_1_103' title="bbox 1811 4033 3396 4109">
     <span class='ocr_line' id='line_1_103' title="bbox 1811 4033 3396 4109; baseline 0.014 -22"><span class='ocrx_word' id='word_1_789' title='bbox 1811 4033 1982 4090; x_wconf 81' lang='lat' dir='ltr'><strong>bemus</strong></span> <span class='ocrx_word' id='word_1_790' title='bbox 2003 4076 2018 4100; x_wconf 95' lang='lat'><strong>,</strong></span> <span class='ocrx_word' id='word_1_791' title='bbox 2063 4052 2328 4106; x_wconf 85' lang='lat' dir='ltr'><strong>aperemur</strong></span> <span class='ocrx_word' id='word_1_792' title='bbox 2365 4038 2550 4094; x_wconf 87' lang='lat' dir='ltr'><strong>bonum</strong></span> <span class='ocrx_word' id='word_1_793' title='bbox 2577 4043 2647 4096; x_wconf 86' lang='lat' dir='ltr'><strong>ad</strong></span> <span class='ocrx_word' id='word_1_794' title='bbox 2674 4061 2862 4109; x_wconf 78' lang='lat' dir='ltr'><strong>ontnes,</strong></span> <span class='ocrx_word' id='word_1_795' title='bbox 2893 4050 3111 4104; x_wconf 75' lang='lat' dir='ltr'><strong>maxime</strong></span> <span class='ocrx_word' id='word_1_796' title='bbox 3135 4033 3298 4105; x_wconf 79' lang='lat' dir='ltr'><strong>autem</strong></span> <span class='ocrx_word' id='word_1_797' title='bbox 3327 4055 3396 4108; x_wconf 78' lang='lat' dir='ltr'><strong>ad</strong></span> 
     </span>
    </p>
   </div>
   <div class='ocr_carea' id='block_1_104' title="bbox 1811 4125 3399 4206">
    <p class='ocr_par' dir='ltr' id='par_1_104' title="bbox 1811 4125 3399 4206">
     <span class='ocr_line' id='line_1_104' title="bbox 1811 4125 3399 4206; baseline 0.014 -28"><span class='ocrx_word' id='word_1_798' title='bbox 1811 4125 2107 4182; x_wconf 82' lang='lat' dir='ltr'><strong>domesticas</strong></span> <span class='ocrx_word' id='word_1_799' title='bbox 2129 4127 2268 4197; x_wconf 76' lang='lat' dir='ltr'><strong>ﬁdei.</strong></span> <span class='ocrx_word' id='word_1_800' title='bbox 2291 4129 2435 4198; x_wconf 85' lang='lat' dir='ltr'><strong>Quos</strong></span> <span class='ocrx_word' id='word_1_801' title='bbox 2457 4148 2578 4187; x_wconf 90' lang='lat' dir='ltr'><strong>cum</strong></span> <span class='ocrx_word' id='word_1_802' title='bbox 2599 4134 2923 4192; x_wconf 86' lang='lat' dir='ltr'><strong>credendum</strong></span> <span class='ocrx_word' id='word_1_803' title='bbox 2951 4149 3052 4206; x_wconf 88' lang='lat' dir='ltr'><strong>est,</strong></span> <span class='ocrx_word' id='word_1_804' title='bbox 3100 4142 3199 4196; x_wconf 90' lang='lat' dir='ltr'><strong>nisi</strong></span> <span class='ocrx_word' id='word_1_805' title='bbox 3243 4144 3399 4201; x_wconf 81' lang='lat' dir='ltr'><strong>Citri-</strong></span> 
     </span>
    </p>
   </div>
   <div class='ocr_carea' id='block_1_105' title="bbox 1811 4217 3395 4298">
    <p class='ocr_par' dir='ltr' id='par_1_105' title="bbox 1811 4217 3395 4298">
     <span class='ocr_line' id='line_1_105' title="bbox 1811 4217 3395 4298; baseline 0.013 -27"><span class='ocrx_word' id='word_1_806' title='bbox 1811 4217 2015 4273; x_wconf 87' lang='lat' dir='ltr'><strong>stianos</strong></span> <span class='ocrx_word' id='word_1_807' title='bbox 2037 4218 2376 4290; x_wconf 78' lang='lat' dir='ltr'><strong>signiﬁcare?</strong></span> <span class='ocrx_word' id='word_1_808' title='bbox 2397 4223 2657 4280; x_wconf 89' lang='lat' dir='ltr'><strong>Omnibus</strong></span> <span class='ocrx_word' id='word_1_809' title='bbox 2677 4226 2818 4280; x_wconf 88' lang='lat' dir='ltr'><strong>enim</strong></span> <span class='ocrx_word' id='word_1_810' title='bbox 2843 4229 2953 4298; x_wconf 86' lang='lat' dir='ltr'><strong>pari</strong></span> <span class='ocrx_word' id='word_1_811' title='bbox 2978 4229 3262 4287; x_wconf 83' lang='lat' dir='ltr'><strong>dilectione</strong></span> <span class='ocrx_word' id='word_1_812' title='bbox 3291 4236 3395 4292; x_wconf 84' lang='lat' dir='ltr'><strong>vita</strong></span> 
     </span>
    </p>
   </div>
   <div class='ocr_carea' id='block_1_106' title="bbox 1811 4310 3398 4394">
    <p class='ocr_par' dir='ltr' id='par_1_106' title="bbox 1811 4310 3398 4394">
     <span class='ocr_line' id='line_1_106' title="bbox 1811 4310 3398 4394; baseline 0.013 -31"><span class='ocrx_word' id='word_1_813' title='bbox 1811 4317 2009 4365; x_wconf 64' lang='lat' dir='ltr'><strong>aeterna</strong></span> <span class='ocrx_word' id='word_1_814' title='bbox 2041 4310 2271 4380; x_wconf 87' lang='lat' dir='ltr'><strong>optanda</strong></span> <span class='ocrx_word' id='word_1_815' title='bbox 2293 4322 2406 4379; x_wconf 76' lang='lat' dir='ltr'><strong>est;</strong></span> <span class='ocrx_word' id='word_1_816' title='bbox 2434 4313 2528 4369; x_wconf 76' lang='lat' dir='ltr'><strong>sed</strong></span> <span class='ocrx_word' id='word_1_817' title='bbox 2556 4331 2662 4371; x_wconf 92' lang='lat' dir='ltr'><strong>non</strong></span> <span class='ocrx_word' id='word_1_818' title='bbox 2693 4318 2938 4376; x_wconf 90' lang='lat' dir='ltr'><strong>omnibus</strong></span> <span class='ocrx_word' id='word_1_819' title='bbox 2955 4321 3141 4378; x_wconf 86' lang='lat' dir='ltr'><strong>eadem</strong></span> <span class='ocrx_word' id='word_1_820' title='bbox 3176 4339 3398 4394; x_wconf 74' lang='lat' dir='ltr'><strong>possunt.</strong></span> 
     </span>
    </p>
   </div>
   <div class='ocr_carea' id='block_1_107' title="bbox 1811 4401 3434 4532">
    <p class='ocr_par' dir='ltr' id='par_1_107' title="bbox 1811 4401 3434 4532">
     <span class='ocr_line' id='line_1_107' title="bbox 1811 4401 3434 4532; baseline 0.014 -77"><span class='ocrx_word' id='word_1_821' title='bbox 1811 4401 2050 4458; x_wconf 72' lang='lat' dir='ltr'><strong>exhiberi</strong></span> <span class='ocrx_word' id='word_1_822' title='bbox 2076 4403 2376 4460; x_wconf 84' lang='lat' dir='ltr'><strong>dilectionis</strong></span> <span class='ocrx_word' id='word_1_823' title='bbox 2400 4407 2592 4466; x_wconf 84' lang='lat' dir='ltr'><strong>olllcia.</strong></span> 
     </span>
     <span class='ocr_line' id='line_1_108' title="bbox 1881 4492 3385 4532; baseline 0 0"><span class='ocrx_word' id='word_1_824' title='bbox 1881 4492 1952 4532; x_wconf 68' lang='lat' dir='ltr'><strong>RQ</strong></span> <span class='ocrx_word' id='word_1_825' title='bbox 2010 4493 2090 4532; x_wconf 70' lang='lat' dir='ltr'><strong>I&#39;Ih</strong></span> <span class='ocrx_word' id='word_1_826' title='bbox 2143 4511 2196 4532; x_wconf 65' lang='lat' dir='ltr'><strong>an</strong></span> <span class='ocrx_word' id='word_1_827' title='bbox 2263 4498 2418 4532; x_wconf 73' lang='lat' dir='ltr'><strong>IIJI</strong></span> <span class='ocrx_word' id='word_1_828' title='bbox 2448 4498 2468 4532; x_wconf 76' lang='grc'>1</span> <span class='ocrx_word' id='word_1_829' title='bbox 2515 4500 2713 4532; x_wconf 54' lang='lat' dir='ltr'><strong>nat“)-</strong></span> <span class='ocrx_word' id='word_1_830' title='bbox 2745 4518 2864 4532; x_wconf 66' lang='grc' dir='ltr'><strong>η...-</strong></span> <span class='ocrx_word' id='word_1_831' title='bbox 2915 4506 3178 4532; x_wconf 62' lang='lat' dir='ltr'><strong>4-.-.-a---.</strong></span> <span class='ocrx_word' id='word_1_832' title='bbox 3236 4526 3385 4532; x_wconf 47' lang='grc' dir='ltr'><strong>..-μμ</strong></span> 
     </span>
    </p>
   </div>
   <div class='ocr_carea' id='block_1_108' title="bbox 1881 4492 3422 4582">
    <p class='ocr_par' dir='ltr' id='par_1_108' title="bbox 1881 4492 3422 4582">
     <span class='ocr_line' id='line_1_109' title="bbox 1881 4492 3422 4582; baseline 0.01 -34"><span class='ocrx_word' id='word_1_833' title='bbox 1881 4492 1970 4548; x_wconf 72' lang='lat' dir='ltr'><strong>es.</strong></span> <span class='ocrx_word' id='word_1_834' title='bbox 2010 4493 2110 4567; x_wconf 70' lang='grc' dir='ltr'><strong>[ιδ.</strong></span> <span class='ocrx_word' id='word_1_835' title='bbox 2143 4511 2215 4562; x_wconf 76' lang='grc' dir='ltr'>νι,</span> <span class='ocrx_word' id='word_1_836' title='bbox 2263 4498 2468 4574; x_wconf 78' lang='grc' dir='ltr'>ιι-ιι.]</span> <span class='ocrx_word' id='word_1_837' title='bbox 2515 4500 2713 4558; x_wconf 88' lang='lat' dir='ltr'><strong>Deinde</strong></span> <span class='ocrx_word' id='word_1_838' title='bbox 2744 4518 2866 4560; x_wconf 88' lang='lat' dir='ltr'><strong>cum</strong></span> <span class='ocrx_word' id='word_1_839' title='bbox 2911 4506 3203 4577; x_wconf 84' lang='lat' dir='ltr'><strong>docuisset,</strong></span> <span class='ocrx_word' id='word_1_840' title='bbox 3231 4492 3422 4582; x_wconf 47' lang='lat' dir='ltr'><strong>opera!</strong></span> 
     </span>
    </p>
   </div>
   <div class='ocr_carea' id='block_1_109' title="bbox 1813 4584 3393 4676">
    <p class='ocr_par' dir='ltr' id='par_1_109' title="bbox 1813 4584 3393 4676">
     <span class='ocr_line' id='line_1_110' title="bbox 1813 4584 3393 4676; baseline 0.014 -37"><span class='ocrx_word' id='word_1_841' title='bbox 1813 4584 1923 4655; x_wconf 87' lang='lat' dir='ltr'><strong>ipsa</strong></span> <span class='ocrx_word' id='word_1_842' title='bbox 1953 4585 2128 4655; x_wconf 81' lang='lat' dir='ltr'><strong>Legis,</strong></span> <span class='ocrx_word' id='word_1_843' title='bbox 2158 4605 2279 4660; x_wconf 81' lang='lat' dir='ltr'><strong>qua:</strong></span> <span class='ocrx_word' id='word_1_844' title='bbox 2305 4599 2432 4647; x_wconf 85' lang='lat' dir='ltr'><strong>sunt</strong></span> <span class='ocrx_word' id='word_1_845' title='bbox 2455 4593 2685 4650; x_wconf 87' lang='lat' dir='ltr'><strong>salubria</strong></span> <span class='ocrx_word' id='word_1_846' title='bbox 2711 4605 2765 4652; x_wconf 89' lang='lat' dir='ltr'><strong>et</strong></span> <span class='ocrx_word' id='word_1_847' title='bbox 2788 4597 2854 4653; x_wconf 89' lang='lat' dir='ltr'><strong>ad</strong></span> <span class='ocrx_word' id='word_1_848' title='bbox 2883 4598 3050 4655; x_wconf 85' lang='lat' dir='ltr'><strong>bonos</strong></span> <span class='ocrx_word' id='word_1_849' title='bbox 3070 4618 3248 4658; x_wconf 88' lang='lat' dir='ltr'><strong>mores</strong></span> <span class='ocrx_word' id='word_1_850' title='bbox 3271 4621 3393 4676; x_wconf 88' lang='lat' dir='ltr'><strong>per-</strong></span> 
     </span>
    </p>
   </div>
   <div class='ocr_carea' id='block_1_110' title="bbox 1814 4679 3391 4766">
    <p class='ocr_par' dir='ltr' id='par_1_110' title="bbox 1814 4679 3391 4766">
     <span class='ocr_line' id='line_1_111' title="bbox 1814 4679 3391 4766; baseline 0.013 -34"><span class='ocrx_word' id='word_1_851' title='bbox 1814 4679 2004 4745; x_wconf 78' lang='lat' dir='ltr'><strong>tinent,</strong></span> <span class='ocrx_word' id='word_1_852' title='bbox 2021 4681 2308 4738; x_wconf 89' lang='lat' dir='ltr'><strong>dilectione</strong></span> <span class='ocrx_word' id='word_1_853' title='bbox 2326 4683 2444 4739; x_wconf 89' lang='lat' dir='ltr'><strong>lidei</strong></span> <span class='ocrx_word' id='word_1_854' title='bbox 2466 4700 2624 4755; x_wconf 83' lang='lat' dir='ltr'><strong>posse</strong></span> <span class='ocrx_word' id='word_1_855' title='bbox 2643 4691 3010 4746; x_wconf 88' lang='lat' dir='ltr'><strong>tantummodo</strong></span> <span class='ocrx_word' id='word_1_856' title='bbox 3032 4693 3260 4766; x_wconf 88' lang='lat' dir='ltr'><strong>impleri,</strong></span> <span class='ocrx_word' id='word_1_857' title='bbox 3287 4713 3391 4752; x_wconf 82' lang='lat' dir='ltr'><strong>non</strong></span> 
     </span>
    </p>
   </div>
   <div class='ocr_carea' id='block_1_111' title="bbox 1811 4770 3395 4858">
    <p class='ocr_par' dir='ltr' id='par_1_111' title="bbox 1811 4770 3395 4858">
     <span class='ocr_line' id='line_1_112' title="bbox 1811 4770 3395 4858; baseline 0.011 -33"><span class='ocrx_word' id='word_1_858' title='bbox 1811 4770 2004 4826; x_wconf 82' lang='lat' dir='ltr'><strong>tiumre</strong></span> <span class='ocrx_word' id='word_1_859' title='bbox 2029 4771 2212 4828; x_wconf 87' lang='lat' dir='ltr'><strong>servili</strong></span> <span class='ocrx_word' id='word_1_860' title='bbox 2236 4789 2252 4836; x_wconf 85' lang='lat'><strong>;</strong></span> <span class='ocrx_word' id='word_1_861' title='bbox 2284 4773 2423 4830; x_wconf 89' lang='lat' dir='ltr'><strong>redit</strong></span> <span class='ocrx_word' id='word_1_862' title='bbox 2445 4774 2514 4830; x_wconf 89' lang='lat' dir='ltr'><strong>ad</strong></span> <span class='ocrx_word' id='word_1_863' title='bbox 2540 4776 2668 4832; x_wconf 88' lang='lat' dir='ltr'><strong>illud</strong></span> <span class='ocrx_word' id='word_1_864' title='bbox 2697 4778 2836 4836; x_wconf 90' lang='lat' dir='ltr'><strong>unde</strong></span> <span class='ocrx_word' id='word_1_865' title='bbox 2861 4789 2968 4836; x_wconf 88' lang='lat' dir='ltr'><strong>tota</strong></span> <span class='ocrx_word' id='word_1_866' title='bbox 2997 4799 3155 4839; x_wconf 84' lang='lat' dir='ltr'><strong>causa</strong></span> <span class='ocrx_word' id='word_1_867' title='bbox 3185 4787 3395 4858; x_wconf 78' lang='lat' dir='ltr'><strong>agitur:</strong></span> 
     </span>
    </p>
   </div>
   <div class='ocr_carea' id='block_1_112' title="bbox 1828 4860 3397 4944">
    <p class='ocr_par' dir='ltr' id='par_1_112' title="bbox 1828 4860 3397 4944">
     <span class='ocr_line' id='line_1_113' title="bbox 1828 4860 3397 4944; baseline 0.011 -31"><span class='ocrx_word' id='word_1_868' title='bbox 1828 4860 2049 4926; x_wconf 80' lang='lat' dir='ltr'><strong>Vidistis,</strong></span> <span class='ocrx_word' id='word_1_869' title='bbox 2095 4862 2284 4934; x_wconf 89' lang='lat' dir='ltr'><strong>inquit,</strong></span> <span class='ocrx_word' id='word_1_870' title='bbox 2334 4865 2566 4936; x_wconf 79' lang='lat' dir='ltr'><strong>qualibus</strong></span> <span class='ocrx_word' id='word_1_871' title='bbox 2614 4867 2792 4924; x_wconf 87' lang='lat' dir='ltr'><strong>litteris</strong></span> <span class='ocrx_word' id='word_1_872' title='bbox 2840 4870 2976 4927; x_wconf 80' lang='lat' dir='ltr'><strong>vobis</strong></span> <span class='ocrx_word' id='word_1_873' title='bbox 3019 4874 3202 4944; x_wconf 81' lang='lat' dir='ltr'><strong>scripsi</strong></span> <span class='ocrx_word' id='word_1_874' title='bbox 3243 4893 3397 4932; x_wconf 88' lang='lat' dir='ltr'><strong>manu</strong></span> 
     </span>
    </p>
   </div>
   <div class='ocr_carea' id='block_1_113' title="bbox 1815 4952 3393 5040">
    <p class='ocr_par' dir='ltr' id='par_1_113' title="bbox 1815 4952 3393 5040">
     <span class='ocr_line' id='line_1_114' title="bbox 1815 4952 3393 5040; baseline 0.012 -34"><span class='ocrx_word' id='word_1_875' title='bbox 1815 4971 1943 5007; x_wconf 84' lang='lat' dir='ltr'><strong>mea.</strong></span> <span class='ocrx_word' id='word_1_876' title='bbox 1989 4952 2154 5010; x_wconf 89' lang='lat' dir='ltr'><strong>Cavet</strong></span> <span class='ocrx_word' id='word_1_877' title='bbox 2189 4970 2258 5011; x_wconf 87' lang='lat' dir='ltr'><strong>ne</strong></span> <span class='ocrx_word' id='word_1_878' title='bbox 2285 4957 2562 5029; x_wconf 89' lang='lat' dir='ltr'><strong>quisquam</strong></span> <span class='ocrx_word' id='word_1_879' title='bbox 2589 4959 2688 5016; x_wconf 90' lang='lat' dir='ltr'><strong>sub</strong></span> <span class='ocrx_word' id='word_1_880' title='bbox 2721 4962 2936 5019; x_wconf 89' lang='lat' dir='ltr'><strong>nomine</strong></span> <span class='ocrx_word' id='word_1_881' title='bbox 2977 4964 3228 5036; x_wconf 78' lang='lat' dir='ltr'><strong>Epistola:</strong></span> <span class='ocrx_word' id='word_1_882' title='bbox 3274 4968 3393 5040; x_wconf 86' lang='lat' dir='ltr'><strong>ejus</strong></span> 
     </span>
    </p>
   </div>
   <div class='ocr_carea' id='block_1_114' title="bbox 1815 5045 3395 5126">
    <p class='ocr_par' dir='ltr' id='par_1_114' title="bbox 1815 5045 3395 5126">
     <span class='ocr_line' id='line_1_115' title="bbox 1815 5045 3395 5126; baseline 0.011 -28"><span class='ocrx_word' id='word_1_883' title='bbox 1815 5045 1960 5099; x_wconf 80' lang='lat' dir='ltr'><strong>fallat</strong></span> <span class='ocrx_word' id='word_1_884' title='bbox 1995 5047 2254 5102; x_wconf 87' lang='lat' dir='ltr'><strong>incautos.</strong></span> <span class='ocrx_word' id='word_1_885' title='bbox 2287 5046 2387 5113; x_wconf 79' lang='lat' dir='ltr'><strong>Qui</strong></span> <span class='ocrx_word' id='word_1_886' title='bbox 2412 5049 2604 5117; x_wconf 85' lang='lat' dir='ltr'><strong>volunt,</strong></span> <span class='ocrx_word' id='word_1_887' title='bbox 2634 5050 2822 5121; x_wconf 91' lang='lat' dir='ltr'><strong>inquit,</strong></span> <span class='ocrx_word' id='word_1_888' title='bbox 2851 5053 3049 5122; x_wconf 82' lang='lat' dir='ltr'><strong>placere</strong></span> <span class='ocrx_word' id='word_1_889' title='bbox 3072 5055 3125 5110; x_wconf 87' lang='lat' dir='ltr'><strong>in</strong></span> <span class='ocrx_word' id='word_1_890' title='bbox 3144 5074 3315 5126; x_wconf 88' lang='lat' dir='ltr'><strong>carne,</strong></span> <span class='ocrx_word' id='word_1_891' title='bbox 3339 5061 3395 5115; x_wconf 78' lang='lat' dir='ltr'><strong>lii</strong></span> 
     </span>
    </p>
   </div>
   <div class='ocr_carea' id='block_1_115' title="bbox 1814 5139 3399 5222">
    <p class='ocr_par' dir='ltr' id='par_1_115' title="bbox 1814 5139 3399 5222">
     <span class='ocr_line' id='line_1_116' title="bbox 1814 5139 3399 5222; baseline 0.01 -31"><span class='ocrx_word' id='word_1_892' title='bbox 1814 5147 1996 5206; x_wconf 75' lang='lat' dir='ltr'><strong>cogunt</strong></span> <span class='ocrx_word' id='word_1_893' title='bbox 2021 5155 2108 5193; x_wconf 82' lang='lat' dir='ltr'><strong>vos</strong></span> <span class='ocrx_word' id='word_1_894' title='bbox 2132 5139 2423 5194; x_wconf 79' lang='lat' dir='ltr'><strong>circumcidi</strong></span> <span class='ocrx_word' id='word_1_895' title='bbox 2444 5181 2460 5204; x_wconf 94' lang='lat'><strong>,</strong></span> <span class='ocrx_word' id='word_1_896' title='bbox 2498 5150 2696 5197; x_wconf 84' lang='lat' dir='ltr'><strong>tantum</strong></span> <span class='ocrx_word' id='word_1_897' title='bbox 2732 5152 2786 5197; x_wconf 85' lang='lat' dir='ltr'><strong>ut</strong></span> <span class='ocrx_word' id='word_1_898' title='bbox 2808 5143 2861 5199; x_wconf 85' lang='lat' dir='ltr'><strong>in</strong></span> <span class='ocrx_word' id='word_1_899' title='bbox 2886 5162 3034 5202; x_wconf 82' lang='lat' dir='ltr'><strong>cruce</strong></span> <span class='ocrx_word' id='word_1_900' title='bbox 3062 5146 3252 5205; x_wconf 74' lang='lat' dir='ltr'><strong>Christi</strong></span> <span class='ocrx_word' id='word_1_901' title='bbox 3278 5169 3399 5222; x_wconf 86' lang='lat' dir='ltr'><strong>per-</strong></span> 
     </span>
    </p>
   </div>
   <div class='ocr_carea' id='block_1_116' title="bbox 1813 5231 3400 5312">
    <p class='ocr_par' dir='ltr' id='par_1_116' title="bbox 1813 5231 3400 5312">
     <span class='ocr_line' id='line_1_117' title="bbox 1813 5231 3400 5312; baseline 0.01 -29"><span class='ocrx_word' id='word_1_902' title='bbox 1813 5231 2115 5285; x_wconf 77' lang='lat' dir='ltr'><strong>secutionem</strong></span> <span class='ocrx_word' id='word_1_903' title='bbox 2144 5248 2243 5285; x_wconf 86' lang='lat' dir='ltr'><strong>non</strong></span> <span class='ocrx_word' id='word_1_904' title='bbox 2261 5234 2536 5302; x_wconf 81' lang='lat' dir='ltr'><strong>patiantur.</strong></span> <span class='ocrx_word' id='word_1_905' title='bbox 2549 5232 2767 5289; x_wconf 74' lang='lat' dir='ltr'><strong>Multum</strong></span> <span class='ocrx_word' id='word_1_906' title='bbox 2783 5235 2924 5291; x_wconf 89' lang='lat' dir='ltr'><strong>enim</strong></span> <span class='ocrx_word' id='word_1_907' title='bbox 2943 5243 3400 5312; x_wconf 85' lang='lat' dir='ltr'><strong>persequebantur</strong></span> 
     </span>
    </p>
   </div>
   <div class='ocr_carea' id='block_1_117' title="bbox 1814 5321 3393 5400">
    <p class='ocr_par' dir='ltr' id='par_1_117' title="bbox 1814 5321 3393 5400">
     <span class='ocr_line' id='line_1_118' title="bbox 1814 5321 3393 5400; baseline 0.007 -24"><span class='ocrx_word' id='word_1_908' title='bbox 1814 5321 1982 5377; x_wconf 83' lang='lat' dir='ltr'><strong>Juda-i</strong></span> <span class='ocrx_word' id='word_1_909' title='bbox 2008 5338 2101 5376; x_wconf 80' lang='lat' dir='ltr'><strong>eos</strong></span> <span class='ocrx_word' id='word_1_910' title='bbox 2120 5323 2210 5393; x_wconf 88' lang='lat' dir='ltr'><strong>qui</strong></span> <span class='ocrx_word' id='word_1_911' title='bbox 2233 5322 2546 5379; x_wconf 70' lang='lat' dir='ltr'><strong>videbantur</strong></span> <span class='ocrx_word' id='word_1_912' title='bbox 2567 5323 2819 5383; x_wconf 88' lang='lat' dir='ltr'><strong>deserere</strong></span> <span class='ocrx_word' id='word_1_913' title='bbox 2847 5327 3068 5384; x_wconf 85' lang='lat' dir='ltr'><strong>traditas</strong></span> <span class='ocrx_word' id='word_1_914' title='bbox 3091 5329 3393 5400; x_wconf 75' lang='lat' dir='ltr'><strong>huiusmodi</strong></span> 
     </span>
    </p>
   </div>
   <div class='ocr_carea' id='block_1_118' title="bbox 1815 5413 3394 5488">
    <p class='ocr_par' dir='ltr' id='par_1_118' title="bbox 1815 5413 3394 5488">
     <span class='ocr_line' id='line_1_119' title="bbox 1815 5413 3394 5488; baseline 0.007 -21"><span class='ocrx_word' id='word_1_915' title='bbox 1815 5413 2214 5470; x_wconf 83' lang='lat' dir='ltr'><strong>observationes</strong></span> <span class='ocrx_word' id='word_1_916' title='bbox 2232 5433 2244 5468; x_wconf 92' lang='lat'><strong>:</strong></span> <span class='ocrx_word' id='word_1_917' title='bbox 2270 5429 2403 5486; x_wconf 85' lang='lat' dir='ltr'><strong>quos</strong></span> <span class='ocrx_word' id='word_1_918' title='bbox 2432 5436 2440 5469; x_wconf 63' lang='grc' dir='ltr'><em>ξ</em></span> <span class='ocrx_word' id='word_1_919' title='bbox 2447 5432 2539 5488; x_wconf 84' lang='lat' dir='ltr'><strong>pse</strong></span> <span class='ocrx_word' id='word_1_920' title='bbox 2562 5433 2718 5486; x_wconf 88' lang='lat' dir='ltr'><strong>quam</strong></span> <span class='ocrx_word' id='word_1_921' title='bbox 2739 5435 2844 5476; x_wconf 88' lang='lat' dir='ltr'><strong>non</strong></span> <span class='ocrx_word' id='word_1_922' title='bbox 2867 5421 3049 5477; x_wconf 86' lang='lat' dir='ltr'><strong>timeat</strong></span> <span class='ocrx_word' id='word_1_923' title='bbox 3064 5424 3196 5478; x_wconf 82' lang='lat' dir='ltr'><strong>satis</strong></span> <span class='ocrx_word' id='word_1_924' title='bbox 3211 5431 3394 5478; x_wconf 82' lang='lat' dir='ltr'><strong>osten-</strong></span> 
     </span>
    </p>
   </div>
   <div class='ocr_carea' id='block_1_119' title="bbox 1813 5503 3394 5571">
    <p class='ocr_par' dir='ltr' id='par_1_119' title="bbox 1813 5503 3394 5571">
     <span class='ocr_line' id='line_1_120' title="bbox 1813 5503 3394 5571; baseline 0.008 -14"><span class='ocrx_word' id='word_1_925' title='bbox 1813 5503 1908 5571; x_wconf 82' lang='lat' dir='ltr'><strong>dit,</strong></span> <span class='ocrx_word' id='word_1_926' title='bbox 1937 5519 2058 5560; x_wconf 92' lang='lat' dir='ltr'><strong>cum</strong></span> <span class='ocrx_word' id='word_1_927' title='bbox 2087 5505 2217 5561; x_wconf 61' lang='lat' dir='ltr'><strong>tales</strong></span> <span class='ocrx_word' id='word_1_928' title='bbox 2243 5506 2446 5562; x_wconf 72' lang='lat' dir='ltr'><strong>littems</strong></span> <span class='ocrx_word' id='word_1_929' title='bbox 2469 5507 2629 5563; x_wconf 86' lang='lat' dir='ltr'><strong>etiam</strong></span> <span class='ocrx_word' id='word_1_930' title='bbox 2650 5525 2745 5564; x_wconf 83' lang='lat' dir='ltr'><strong>sua</strong></span> <span class='ocrx_word' id='word_1_931' title='bbox 2766 5525 2926 5566; x_wconf 86' lang='lat' dir='ltr'><strong>manu</strong></span> <span class='ocrx_word' id='word_1_932' title='bbox 2945 5511 3184 5567; x_wconf 89' lang='lat' dir='ltr'><strong>scribere</strong></span> <span class='ocrx_word' id='word_1_933' title='bbox 3207 5511 3394 5570; x_wconf 88' lang='lat' dir='ltr'><strong>voluit.</strong></span> 
     </span>
    </p>
   </div>
   <div class='ocr_carea' id='block_1_120' title="bbox 1817 5597 3396 5677">
    <p class='ocr_par' dir='ltr' id='par_1_120' title="bbox 1817 5597 3396 5677">
     <span class='ocr_line' id='line_1_121' title="bbox 1817 5597 3396 5677; baseline 0.006 -25"><span class='ocrx_word' id='word_1_934' title='bbox 1817 5597 1979 5654; x_wconf 78' lang='lat' dir='ltr'><strong>Docet</strong></span> <span class='ocrx_word' id='word_1_935' title='bbox 2004 5614 2135 5670; x_wconf 85' lang='lat' dir='ltr'><strong>ergo</strong></span> <span class='ocrx_word' id='word_1_936' title='bbox 2165 5599 2408 5657; x_wconf 88' lang='lat' dir='ltr'><strong>timorem</strong></span> <span class='ocrx_word' id='word_1_937' title='bbox 2439 5602 2612 5658; x_wconf 87' lang='lat' dir='ltr'><strong>adhuc</strong></span> <span class='ocrx_word' id='word_1_938' title='bbox 2649 5605 2700 5659; x_wconf 89' lang='lat' dir='ltr'><strong>in</strong></span> <span class='ocrx_word' id='word_1_939' title='bbox 2743 5603 2860 5658; x_wconf 87' lang='lat' dir='ltr'><strong>istis</strong></span> <span class='ocrx_word' id='word_1_940' title='bbox 2881 5603 3112 5674; x_wconf 86' lang='lat' dir='ltr'><strong>operari,</strong></span> <span class='ocrx_word' id='word_1_941' title='bbox 3143 5613 3396 5677; x_wconf 87' lang='lat' dir='ltr'><strong>tanquam</strong></span> 
     </span>
    </p>
   </div>
   <div class='ocr_carea' id='block_1_121' title="bbox 1813 5690 3400 5767">
    <p class='ocr_par' dir='ltr' id='par_1_121' title="bbox 1813 5690 3400 5767">
     <span class='ocr_line' id='line_1_122' title="bbox 1813 5690 3400 5767; baseline 0.005 -20"><span class='ocrx_word' id='word_1_942' title='bbox 1813 5690 1918 5748; x_wconf 86' lang='lat' dir='ltr'><strong>sub</strong></span> <span class='ocrx_word' id='word_1_943' title='bbox 1951 5691 2093 5765; x_wconf 85' lang='lat' dir='ltr'><strong>Lege</strong></span> <span class='ocrx_word' id='word_1_944' title='bbox 2132 5694 2468 5763; x_wconf 88' lang='lat' dir='ltr'><strong>constitutis,</strong></span> <span class='ocrx_word' id='word_1_945' title='bbox 2493 5695 2586 5767; x_wconf 87' lang='lat' dir='ltr'><strong>qui</strong></span> <span class='ocrx_word' id='word_1_946' title='bbox 2609 5695 2675 5750; x_wconf 85' lang='lat' dir='ltr'><strong>ad</strong></span> <span class='ocrx_word' id='word_1_947' title='bbox 2703 5694 3162 5754; x_wconf 88' lang='lat' dir='ltr'><strong>circumcisiouem</strong></span> <span class='ocrx_word' id='word_1_948' title='bbox 3195 5695 3400 5755; x_wconf 81' lang='lat' dir='ltr'><strong>Getttes</strong></span> 
     </span>
    </p>
   </div>
   <div class='ocr_carea' id='block_1_122' title="bbox 1757 5783 3398 5874">
    <p class='ocr_par' dir='ltr' id='par_1_122' title="bbox 1757 5783 3398 5874">
     <span class='ocr_line' id='line_1_123' title="bbox 1757 5783 3398 5874; baseline 0.012 -32"><span class='ocrx_word' id='word_1_949' title='bbox 1757 5819 1766 5824; x_wconf 82' lang='lat'><strong><em>-</em></strong></span> <span class='ocrx_word' id='word_1_950' title='bbox 1811 5794 2088 5856; x_wconf 72' lang='lat' dir='ltr'><strong>cogerem.</strong></span> <span class='ocrx_word' id='word_1_951' title='bbox 2133 5784 2313 5859; x_wconf 80' lang='lat' dir='ltr'><strong>Neque</strong></span> <span class='ocrx_word' id='word_1_952' title='bbox 2335 5787 2469 5860; x_wconf 80' lang='lat' dir='ltr'><strong>enim</strong></span> <span class='ocrx_word' id='word_1_953' title='bbox 2495 5786 2582 5860; x_wconf 88' lang='lat' dir='ltr'><strong>qui</strong></span> <span class='ocrx_word' id='word_1_954' title='bbox 2919 5795 3076 5858; x_wconf 80' lang='lat' dir='ltr'><strong>sunt,</strong></span> <span class='ocrx_word' id='word_1_955' title='bbox 3120 5787 3177 5873; x_wconf 40' lang='lat'><strong>55.</strong></span> <span class='ocrx_word' id='word_1_956' title='bbox 3209 5787 3398 5861; x_wconf 70' lang='grc' dir='ltr'><strong>ιοσοη·</strong></span> 
     </span>
    </p>
   </div>
   <div class='ocr_carea' id='block_1_123' title="bbox 1997 5910 2490 5933">
    <p class='ocr_par' dir='ltr' id='par_1_123' title="bbox 1997 5910 2490 5933">
     <span class='ocr_line' id='line_1_124' title="bbox 1997 5910 2490 5933; baseline 0.012 -8"><span class='ocrx_word' id='word_1_957' title='bbox 1997 5911 2101 5926; x_wconf 59' lang='lat' dir='ltr'><strong>“una.</strong></span> <span class='ocrx_word' id='word_1_958' title='bbox 2130 5921 2142 5928; x_wconf 65' lang='grc' dir='ltr'>ν</span> <span class='ocrx_word' id='word_1_959' title='bbox 2165 5914 2282 5926; x_wconf 57' lang='grc' dir='ltr'><strong>,αλια-ν-</strong></span> <span class='ocrx_word' id='word_1_960' title='bbox 2323 5910 2395 5933; x_wconf 56' lang='lat' dir='ltr'><strong>et&quot;.</strong></span> <span class='ocrx_word' id='word_1_961' title='bbox 2435 5917 2490 5932; x_wconf 69' lang='grc' dir='ltr'>,οι-</span> 
     </span>
    </p>
   </div>
   <div class='ocr_carea' id='block_1_124' title="bbox 1795 5945 1988 5967">
    <p class='ocr_par' dir='ltr' id='par_1_124' title="bbox 1795 5945 1988 5967">
     <span class='ocr_line' id='line_1_125' title="bbox 1795 5945 1988 5967; baseline -0.005 -3"><span class='ocrx_word' id='word_1_962' title='bbox 1795 5945 1818 5956; x_wconf 57' lang='lat'><em>.’</em></span> <span class='ocrx_word' id='word_1_963' title='bbox 1834 5948 1903 5965; x_wconf 52' lang='grc' dir='ltr'><strong>’δν</strong></span> <span class='ocrx_word' id='word_1_964' title='bbox 1928 5955 1988 5967; x_wconf 54' lang='grc'><strong>..⁵.</strong></span> 
     </span>
    </p>
   </div>
  </div>
