3956 6358
180 372 325 430 135⁸1

181 500 242 548 ιι
264 489 453 544 iterum
477 483 752 553 sabbatum
773 482 827 553 ln
850 482 991 553 Lege
1008 480 1262 536 violatum
1287 487 1642 553 monstraret,
1668 490 1761 531 ve-

180 574 303 614 rum
333 556 491 612 etiam
518 551 898 609 sacerdotalem
926 550 1113 621 panem
1137 553 1252 621 ipso
1275 550 1551 606 sacerdote
1567 561 1761 605 conce-

184 627 343 704 dente
363 632 740 704 prtesutnptutn
768 620 979 703 illicite;
1010 629 1077 704 et.
1102 620 1246 704 quod
1274 621 1447 703 majus
1473 630 1555 704 est
1574 662 1588 686 ,
1612 634 1641 704 ιι
1670 632 1761 704 su-

184 699 330 754 blimi
357 689 669 753 auctoritate
706 692 864 763 Legis
893 706 1002 763 sua:
1029 689 1176 746 viris.
1207 689 1418 747 Primus
1441 692 1582 763 enim
1610 689 1764 745 Jesus

183 768 331 825 Nave
357 765 534 821 divino
575 761 844 833 praecepto
879 761 1160 833 sabbatum
1207 777 1313 833 non
1356 761 1616 833 servavit;
1652 774 1764 833 quo

185 838 325 895 facto
346 836 479 892 muri
504 829 720 905 Iericho
747 829 885 905 ultro
912 832 1216 887 ceciderunt
1244 829 1424 905 (Iosue
1444 848 1516 898 vt,
1546 830 1759 905 15-20).

185 913 446 975 Quantum
495 903 691 975 pmfnit
734 901 1008 975 sabbatum
1044 917 1162 975 non
1207 901 1531 975 custodisse,
1566 901 1763 975 sedil-

186 973 347 1035 detu?
386 976 452 1031 Et
473 973 761 1030 Machabari
783 1014 797 1032 .
825 988 944 1026 cum
981 973 1123 1035 prius
1146 974 1269 1027 etcsi
1297 973 1518 1028 fuissent
1535 1014 1550 1035 ,
1575 973 1764 1028 sabba-

186 1050 259 1105 tis
275 1047 673 1108 dimicaveruut,
691 1054 743 1099 et
763 1042 833 1114 de
858 1041 1095 1114 hostibus
1112 1043 1567 1114 triumphaverunt
1590 1043 1631 1114 (1
1652 1043 1765 1096 Μα-

188 1117 333 1173 rhab.
365 1133 432 1181 ιι,
461 1116 529 1170 38
548 1155 563 1178 ,
594 1114 714 1185 41)ἶ
743 1113 807 1168 Ει
835 1113 1138 1185 sacerdotes
1162 1122 1217 1167 ιιι
1235 1112 1516 1170 dominicis
1538 1112 1766 1185 cerimo-

189 1190 292 1245 niis
316 1182 675 1248 inservirent,
702 1184 755 1238 in
799 1183 993 1251 templo
1031 1182 1304 1237 sabbatum
1331 1184 1760 1239 contemnebamt.

192 1258 350 1314 David
391 1266 565 1310 autem
604 1254 713 1323 jam
746 1262 943 1323 unctus
982 1253 1034 1307 in
1082 1267 1311 1323 regem,
1340 1265 1617 1323 postquam
1669 1253 1761 1309 Dei

189 1330 379 1390 virtute
425 1322 757 1395 interfectum
817 1322 979 1395 armis
1028 1322 1351 1395 exspoliavit’
1385 1322 1759 1395 Allophylutn,

192 1398 247 1454 it.
285 1398 465 1452 itinere
495 1394 726 1463 positus,
774 1393 1143 1464 necessitatem
1186 1392 1340 1464 famis
1366 1392 1643 1464 passus,'a
1672 1409 1761 1448 sa-

196 1469 404 1522 cerdote
429 1461 615 1535 panem
641 1464 843 1533 accepit
869 1461 910 1535 (I
935 1461 1061 1534 Reg.
1093 1479 1212 1528 XXI,
1239 1462 1319 1535 6).
1348 1461 1503 1535 quem
1543 1481 1646 1519 non
1690 1464 1760 1518 illi

191 1537 378 1593 licebat
406 1535 725 1590 manducare
754 1552 767 1588 :
799 1534 892 1589 sed
916 1542 1136 1602 excepta
1166 1534 1485 1590 necessitate
1507 1551 1609 1589 non
1637 1535 1764 1589 lice-

193 1607 308 1670 bat;
337 1607 529 1661 licitum
555 1614 740 1676 autem
761 1613 905 1668 erat,
937 1602 983 1657 si
1026 1603 1313 1676 necessitas
1341 1606 1624 1676 exegisset.
1657 1607 1761 1660 De-

191 1679 347 1746 nique
385 1674 635 1746 sacerdos
656 1673 843 1729 videns
870 1674 1234 1746 necessitatem
1254 1715 1269 1735 .
1297 1690 1401 1730 non
1430 1673 1664 1746 negavit;
1682 1720 1691 1735 .
1709 1685 1763 1730 et

198 1743 353 1802 David
391 1761 420 1798 a
460 1745 569 1801 Deo
592 1745 825 1817 electus,
854 1743 971 1798 sine
1011 1744 1345 1801 cunctatione
1368 1743 1572 1817 accepit
1602 1764 1614 1801 :
1645 1746 1762 1801 talis

193 1831 345 1873 causa
372 1823 451 1871 est
475 1825 529 1868 et
568 1813 809 1878 sabbati,
837 1827 1002 1883 quare
1028 1822 1083 1867 et
1123 1815 1425 1871 c'rCnmcidi
1460 1813 1513 1871 in
1544 1817 1762 1872 sabbato

197 1903 298 1942 non
321 1885 645 1955 prohibetur.
678 1883 803 1955 llaec
824 1883 968 1939 enim
995 1898 1115 1953 quae
1144 1885 1440 1951 periculosa
1469 1902 1573 1941 non
1602 1896 1722 1941 sunt
1743 1929 1759 1954 ,

194 1958 270 2012 sic
295 1953 546 2011 scrvanda
568 1953 812 2009 mandata
834 1962 977 2018 sunt,
1003 1963 1059 2006 nt
1086 1968 1191 2007 non
1220 1955 1388 2018 obsit,
1416 1957 1459 2010 si
1481 1973 1543 2012 ex
1575 1972 1761 2012 neces-

193 2029 345 2083 sitate
370 2025 562 2082 fuerint
586 2024 815 2078 admissa
847 2039 860 2075 :
889 2022 1138 2093 quianon
1163 2024 1229 2078 ad
1256 2027 1478 2080 salutem
1499 2069 1515 2093 ,
1561 2028 1653 2082 sed
1695 2026 1763 2082 ad

191 2096 537 2153 reverentiam
569 2093 815 2149 mandata
842 2102 984 2166 sunt.
1012 2091 1143 2147 Illttd
1172 2106 1346 2149 autem
1382 2091 1519 2166 quod
1544 2099 1763 2152 omnino

190 2183 295 2221 non
338 2166 489 2231 licet,
531 2178 745 2234 semper
770 2179 874 2218 non
903 2162 1057 2227 licet,
1089 2178 1202 2234 nec
1243 2162 1415 2234 aliqua
1447 2169 1763 2223 necessitate

190 2237 476 2307 mitigatur,
507 2242 563 2289 ut
586 2232 876 2307 admissum
917 2249 1021 2307 non
1050 2233 1211 2307 obsit.
1256 2232 1347 2289 Est
1373 2239 1513 2292 enim
1552 2252 1764 2306 semper

192 2302 422 2377 illicitum
444 2347 460 2367 ,
489 2303 630 2377 quod
672 2303 874 2372 legibus
904 2303 1025 2377 quia
1056 2302 1399 2377 criminosum
1427 2317 1509 2363 est
1532 2350 1545 2369 .
1579 2302 1763 2377 probi-

190 2375 358 2455 betur.
398 2373 683 2455 superiora
708 2382 885 2455 autern
916 2373 1039 2454 illa,
1075 2388 1193 2455 qua;
1220 2373 1454 2455 diximus
1482 2373 1764 2455 aliq'naudo

193 2444 378 2510 licere,
410 2442 531 2500 talia
556 2452 715 2510 sunt,
744 2443 925 2516 qualia
943 2442 1141 2512 jejunio
1171 2443 1434 2513 legitima,
1457 2442 1650 2516 quaiin
1674 2465 1766 2502 ue-

193 2517 433 2571 cessitate
457 2516 659 2578 soluta,
693 2529 796 2567 non
830 2513 1027 2568 faciunt
1057 2528 1213 2577 reos,
1246 2516 1288 2569 si
1320 2513 1576 2571 stomachi
1610 2518 1765 2572 fuerit

192 2600 345 2640 causa
365 2595 455 2640 aut
479 2583 756 2639 infirmitas
786 2583 1028 2638 febrium.
1055 2582 1178 2637 llaec
1201 2585 1359 2653 igitur
1386 2589 1643 2653 scientes,
1665 2589 1765 2642 do-

192 2655 304 2713 lose
345 2655 513 2711 Judaei
560 2653 1242 2724 discipulosaccusabant,
1290 2656 1441 2724 quasi
1489 2658 1766 2713 sabbatum

195 2727 473 2789 violarent,
500 2725 637 2779 sicut
661 2738 818 2792 supra
846 2722 1044 2777 dictum
1073 2732 1175 2777 est.
1208 2722 1451 2780 Salvator
1464 2737 1640 2782 autem
1664 2745 1765 2783 no-

196 2796 292 2851 luit
333 2796 435 2850 illis
476 2794 542 2849 de
586 2793 1092 2865 teuqmreitnpleue
1120 2793 1273 2865 Lg-gis
1297 2797 1670 2865 pra-judicare,
1701 2817 1768 2855 ne

196 2866 313 2937 plus
340 2866 404 2918 ad
432 2864 687 2937 insaniam
717 2863 1054 2937 prosilirent;
1083 2862 1176 2917 sed
1201 2862 1268 2937 de
1298 2862 1565 2935 prat'terito
1585 2908 1600 2931 ,
1626 2862 1767 2926 unde

196 2933 468 2992 sabbatum
495 2934 864 2990 vindicandnn't
892 2933 1058 3002 magis
1088 2933 1370 3003 putabant,
1411 2939 1767 2995 calmnniosos

192 3006 311 3063 illos
335 3005 607 3061 ostendit:
637 3013 689 3058 et
730 3019 832 3059 non
872 3004 1043 3058 solum
1091 3004 1144 3057 in
1189 3004 1390 3060 sabbati
1435 3024 1629 3070 causa.
1672 3011 1767 3067 sed

188 3079 351 3133 etiam
381 3077 432 3130 in
462 3074 773 3130 sacerdotali
814 3089 948 3145 pane
982 3074 1185 3129 confusi
1225 3085 1378 3142 sunt,
1430 3079 1568 3134 sicut
1608 3094 1767 3151 supra

185 3157 460 3203 ostensum
487 3154 587 3200 est.
1511 3192 1515 3195 τ

260 3217 340 3290 (ᾳ)
368 3215 549 3290 an_ttil_
566 3215 807 3290 Salvator
821 3216 889 3271 de
918 3225 1154 3290 tempore
1179 3217 1376 3287 impleti
1403 3219 1604 3290 sabbati
1636 3235 1770 3290 prte-

178 3285 426 3358 judicat'e
449 3285 665 3358 .Iudwis.
696 3288 894 3358 Aperte
917 3285 1058 3358 enim
1087 3285 1273 3345 audire
1300 3289 1438 3356 quod
1466 3285 1650 3344 verunt
1665 3299 1766 3357 est,

183 3356 461 3437 hon__illos
488 3357 673 3437 dignos
713 3356 996 3437 judicavit,
1043 3368 1222 3437 utpote
1242 3359 1502 3437 “inlideles
1533 3378 1546 3413 :
1578 3360 1672 3437 sed
1700 3356 1771 3416 de

184 3442 255 3498 eo
284 3426 596 3498 illosnvoluit
635 3426 985 3498 convincere,
1034 3426 1176 3497 quOd
1212 3430 1309 3485 sibi
1342 3430 1767 3498 pta-sumebant,

187 3497 241 3552 id
270 3505 353 3551 est
391 3495 459 3551 de
487 3505 724 3565 tempore
748 3512 854 3565 quo
895 3495 1069 3553 adhuc
1113 3495 1386 3557 sabbatum
1418 3501 1577 3552 rolmr
1615 3515 1768 3554 suum

188 3576 379 3637 tenere
407 3565 698 3637 νίιιιιιιιιιιιιι,
728 3580 848 3621 cum
874 3579 1178 3622 accusarent
1201 3568 1485 3637 discipulos
1522 3585 1618 3623 cur
1641 3569 1767 3623 sab-

189 3634 331 3707 batis
360 3638 535 3707 spicas
565 3635 854 3707 vellerent,
896 3646 950 3690 et
974 3634 1595 3693 confricautes'manilms
1622 3655 1773 3693 man-

191 3705 471 3771 durareiu,
492 3716 546 3760 et
565 3705 674 3774 jam
696 3705 897 3761 sabbati
927 3710 1172 3761 servandi
1199 3717 1404 3775 tempus
1423 3718 1564 3762 esset
1587 3708 1773 3776 imple-

194 3787 322 3832 tum.
377 3777 741 3832 Prmtermisso
803 3778 902 3832 hoc
948 3778 1178 3831 ostendit
1236 3778 1378 3840 illis,
1429 3779 1586 3831 etiam
1648 3788 1772 3833 tunc

192 3846 627 3916 quandosabbati
648 3845 822 3901 adhuc
846 3846 929 3900 lex
959 3848 1225 3913 manebat,
1255 3848 1585 3902 necessitatis
1613 3863 1770 3903 causa

185 3915 474 3973 sabbatum
520 3915 682 3971 fuisse
730 3917 978 3970 violatum
1014 3934 1027 3971 :
1059 3918 1198 3986 qttod
1239 3919 1379 3973 enim
1412 3933 1514 3971 non
1545 3918 1768 3983 licebat,

178 3988 311 4045 fecit
332 3985 546 4050 David;
568 3997 620 4040 ct
642 3985 783 4056 quod
811 3985 1131 4056 prohibitum
1154 3998 1267 4042 erat
1293 3987 1411 4041 fecit
1430 3986 1586 4042 .lesns
1605 3987 1768 4054 Nave,

179 4056 411 4138 quando
447 4071 630 4138 muros
656 4056 870 4138 Iericho
898 4065 1100 4138 snptetn
1136 4057 1324 4138 diebus
1353 4067 1589 4138 antttatos
1614 4057 1774 4125 jussit

184 4126 508 4198 circumire;
535 4134 587 4198 et
614 4126 752 4198 quod
780 4126 1115 4198 interdictum
1136 4138 1253 4198 erat
1280 4126 1563 4198 Machahtei
1593 4143 1775 4198 gesse-

185 4208 305 4255 runt
325 4238 344 4262 ,
377 4195 616 4266 sabbatis
636 4211 693 4249 ευ
719 4195 1096 4259 defendentes;
1125 4195 1193 4249 Et
1230 4199 1283 4250 in
1313 4197 1527 4266 tentplo,
1570 4195 1767 4266 inquit,

182 4268 479 4325 sacerdotes
507 4264 766 4319 sabbatum
806 4266 990 4320 violant
1013 4307 1026 4327 .
1057 4276 1104 4319 et
1131 4267 1239 4320 sine
1272 4265 1481 4320 crimine
1510 4264 1653 4320 sunt.
1672 4268 1775 4322 Per

182 4336 292 4397 ἢ.υο
330 4352 475 4406 ergo
504 4336 771 4406 ostendit,
802 4335 1169 4406 malevolentia
1199 4336 1363 4406 magis
1391 4351 1547 4406 quam
1590 4352 1773 4392 errore

175 4405 435 4468 accusari
483 4405 766 4476 discipulos
807 4420 835 4458 a
894 4405 1124 4476 Iudaeis:
1177 4405 1387 4476 quando
1439 4405 1551 4459 btec
1595 4406 1772 4460 omnia

170 4486 427 4539 sciemes
452 4491 482 4530 a
514 4475 810 4530 Valentihus
834 4475 1064 4529 sabbatis
1088 4486 1232 4540 gesta
1252 4518 1266 4535 .
1295 4486 1349 4532 et
1370 4491 1399 4529 a
1426 4476 1624 4532 sanctis
1657 4477 1774 4545 qui-

167 4550 299 4609 dem
320 4592 343 4614 ,
373 4545 696 4600 accusabant
727 4547 1052 4600 innocentes.
1079 4545 1165 4601 Sic
1189 4547 1329 4600 enim
1370 4546 1671 4600 mandatum
1692 4555 1775 4601 est

162 4623 474 4679 sabbatum
520 4614 801 4682 custodiri,
845 4624 901 4669 ut
942 4615 988 4669 si
1047 4616 1331 4670 necessitas
1382 4626 1553 4671 tamen
1601 4625 1770 4679 es~et,

158 4705 304 4748 reus
343 4701 459 4741 non
493 4684 641 4740 fieret
663 4686 751 4752 qui
778 4684 1052 4739 sabbatum
1096 4686 1361 4740 violasset.
1394 4684 1516 4740 ldc-o
1541 4686 1773 4740 sabbatis

154 4755 503 4819 circumcidi
545 4769 647 4809 non
688 4764 769 4809 est
815 4754 1131 4822 prohibitum
1156 4796 1172 4820 ,
1198 4757 1316 4824 quia
1348 4757 1634 4811 necessitas
1661 4766 1775 4811 erat

155 4847 213 4890 ut
249 4831 457 4885 fieret.
489 4824 641 4881 Unde
680 4834 734 4878 et
774 4824 1014 4892 discipuli
1053 4826 1348 4879 esurientes
1390 4827 1564 4891 spicas
1606 4827 1772 4881 velle-

153 4902 339 4961 δοίη,
367 4896 514 4965 quod
545 4911 648 4949 tton
678 4894 867 4965 licebat
889 4895 1175 4949 secundum
1203 4897 1522 4963 przcteritum
1546 4904 1770 4963 tempus,

154 4971 266 5030 sed
307 4962 639 5021 necessitate
664 4964 816 5018 fatuis
842 4962 1033 5019 factum
1063 4975 1144 5019 est
1170 4964 1365 5019 licitum
1393 4986 1405 5019 :
1434 4967 1565 5020 sicut
1592 4973 1647 5019 et
1673 4965 1775 5019 Da-

155 5043 263 5098 vid
334 5034 467 5104 fecit
510 5035 650 5104 quod
696 5050 798 5088 non
840 5032 1029 5104 licebat
1063 5049 1180 5089 cum
1217 5036 1470 5094 esuriret.
1514 5045 1567 5089 et
1600 5036 1772 5089 sciens

160 5114 396 5169 fantem
426 5102 815 5175 Itoc‘excusare.
846 5102 1123 5175 Talisluec
1158 5120 1311 5159 causa
1340 5116 1446 5169 est,
1476 5106 1643 5175 qualis
1682 5105 1775 5175 ho-

163 5186 267 5240 die
306 5178 367 5230 in
411 5174 627 5243 jejnniis
664 5172 929 5244 legitimis.
959 5173 1290 5244 Nllll‘ltlllitlisl
1314 5177 1437 5244 quis
1481 5172 1620 5244 :i-ger
1640 5174 1775 5244 jeju-

170 5253 347 5310 nium
374 5245 703 5312 corruperit,
724 5243 858 5298 rens
883 5243 1255 5298 constituitur?
1283 5243 1396 5297 Non
1429 5243 1625 5313 utique,
1646 5243 1774 5311 quia

190 5335 300 5377 ,οη
346 5323 436 5370 est
477 5314 789 5384 periculum.
823 5313 932 5368 Hoc
960 5314 1100 5384 enim
1131 5313 1410 5384 aliquando
1448 5315 1598 5378 liCct,
1640 5316 1777 5368 sient

182 5387 483 5455 :abbatntn
514 5384 651 5455 apud
680 5392 904 5439 veteres.
929 5383 1077 5450 Quod
1101 5383 1241 5455 enim
1270 5397 1480 5452 semper
1500 5399 1605 5437 non
1628 5384 1771 5451 licet,

184 5474 308 5517 non
340 5454 504 5510 habet
529 5452 922 5509 excusationem
951 5452 1297 5507 necessitatis.

271 5524 438 5584 LXII.
468 5554 543 5566 —
568 5524 703 5592 Quid
746 5533 832 5580 est
877 5532 933 5578 ut
956 5523 1144 5578 occisis
1171 5523 1292 5578 filiis
1334 5522 1443 5578 Liae
1464 5564 1478 5590 ,
1508 5523 1597 5593 qui
1625 5532 1777 5578 erant

294 5722 345 5787 α)
381 5722 589 5782 Quaest»
611 5720 783 5771 eadem
806 5732 870 5769 ex
893 5726 996 5787 uss.
1033 5716 1231 5787 secundi
1267 5717 1484 5787 generis,
1509 5718 1640 5772 inter
1672 5725 1782 5783 post

294 5756 345 5787 ..ι
381 5756 589 5782 γυιων
611 5756 783 5771 νων...
806 5756 870 5769 νη
893 5756 996 5769 μω...
1033 5756 1231 5768 ..ην-...η
1267 5756 1437 5779 οων..

200 5756 433 5848 inlusus
454 5796 518 5833 es
538 5795 661 5833 novo
682 5788 811 5831 't‘est.
832 5781 1001 5829 ordine
1020 5780 1256 5843 vigesima
1276 5778 1437 5827 tertia.

1621 355 1986 416 APPENDIX.

1870 486 1932 526 ex
1963 473 2099 528 tribu
2127 474 2289 536 Juda,
2350 474 2550 531 Rachel
2596 474 2733 530 ﬁlios
2768 488 2893 531 suos
2944 477 3199 548 plangere
3241 475 3454 534 dicatur

1870 541 2081 611 (Matth.
2125 560 2198 610 tt,
2231 541 2366 611 18)?
2971 583 2975 588 ε

1957 552 2081 596 atth.
2125 560 2198 610 ιι,
2231 552 2319 610 ιδ)
2341 552 2366 598 γ
2971 583 2975 588 -

1938 612 2201 686 Quantum
2239 612 2307 686 ad
2336 614 2906 686 historiamipertinet,
2941 615 3137 670 Rachel
3186 616 3278 672 filii
3325 626 3452 672 sunt

1872 682 2037 758 tribus
2063 683 2356 758 Bettjatnin.
2386 684 2554 758 Porro
2580 682 2708 758 olim
2756 699 2852 754 pro
2882 686 3150 741 maleficiis
3181 688 3406 758 propriis
3427 728 3446 755 ,

1869 753 2121 833 operibus
2163 753 2385 833 scilicet_
2407 753 2835 833 Sodomitarnm,
2878 765 2935 812 et
2970 765 3158 833 stuprn
3185 753 3365 833 'qnod
3394 753 3448 812 in

1868 824 2214 896 concubinam
2242 824 2337 877 viri
2356 823 2557 896 Levita:
2577 835 2850 896 gesserant
2870 867 2886 892 ,
2911 841 2940 879 a
2968 823 3187 896 reliquis
3210 823 3450 883 tribubus

1867 894 2121 965 exstincti
2150 904 2198 948 et
2230 895 2368 948 erasi
2396 904 2520 949 sunt
2556 893 2753 965 (ludio.
2788 911 2896 956 six.
2939 895 3052 965 xx).
3087 893 3449 965 Quamobrem

1867 963 2284 1018 eottsolationem
2313 966 2550 1034 recipere
2569 963 2725 1019 velle
2766 963 3020 1031 negatur.
3047 963 3225 1021 sciens
3249 968 3447 1022 nullam

1867 1046 2017 1103 spem
2044 1048 2228 1088 eorum
2267 1034 2354 1103 qtti
2387 1034 2606 1103 periisse
2637 1046 2943 1090 noscuntur.
2974 1034 3090 1090 Filii
3117 1046 3292 1092 autem
3338 1037 3448 1091 Litt!

1866 1100 1920 1154 in
1968 1104 2232 1165 prima-vis
2273 1100 2459 1165 annis.
2492 1104 2544 1159 in
2582 1103 2870 1160 Salvatoris
2896 1119 3055 1159 cau~a
3098 1107 3258 1161 oet-isi
3303 1114 3447 1161 sunt.

1866 1169 2017 1245 Unde
2042 1188 2226 1227 eorum
2250 1188 2465 1229 causam
2495 1175 2725 1243 planctui
2750 1191 2852 1228 non
2884 1175 2994 1228 vult
3022 1176 3250 1231 adscribi
3275 1192 3290 1240 ;
3324 1176 3446 1245 quia

1866 1249 1923 1315 c_t
1949 1241 2254 1315 innocentes
2290 1245 2449 1299 occisi
2492 1241 2651 1310 Sunt,
2693 1253 2747 1299 et
2776 1253 2992 1313 propter
3021 1245 3226 1315 Dcttm,
3267 1260 3296 1299 a
3340 1241 3448 1315 quo

1866 1311 1980 1383 sine
2002 1312 2184 1378 dubio,
2213 1315 2472 1368 mercedis
2507 1316 2707 1383 gratia,
2736 1311 2935 1368 aiterua
2964 1315 3066 1367 vita
3092 1314 3271 1369 donati
3299 1311 3445 1370 sunt.

1869 1380 2200 1454 Qnaprnpter
2237 1380 2740 1454 planctum'ltachel
2784 1384 2905 1438 filiis
2940 1383 3068 1438 dicit
3107 1393 3443 1454 competere,

1865 1450 1954 1520 qui
1984 1461 2037 1506 et
2063 1451 2114 1505 in
2152 1450 2395 1521 pra'seuti
2422 1463 2473 1508 et
2503 1454 2554 1506 in
2586 1452 2761 1508 futuro
2788 1454 2926 1509 erasi
2965 1462 3107 1508 sunt.
3157 1450 3246 1508 llli'
3269 1463 3446 1508 autem

1865 1521 2152 1592 carnaliter
2190 1523 2417 1592 plancti.
2462 1524 2806 1592 spiritualiter
2832 1524 3093 1579 conSolati
3134 1531 3278 1577 sunt.
3321 1522 3445 1577 Filii

1866 1600 2043 1664 autem
2075 1591 2271 1645 ltachel
2295 1591 2578 1664 carnaliter
2597 1594 2912 1654 convrrsati,
2928 1594 3170 1664 ﬂammis
3191 1592 3443 1664 spiritua-

1866 1659 2004 1714 libns
2041 1672 2437 1716 consumentur.
2471 1661 2670 1716 Idcirco
2705 1674 2881 1715 autent
2927 1662 3034 1716 Litt:
3083 1659 3443 1717 filiis'occisis

1865 1730 2209 1799 adimpletum
2240 1731 2505 1798 planclun‘.
2526 1732 2788 1802 Allachclis
2819 1731 3149 1802 Evangelista
3195 1739 3443 1802 testatur,

1864 1802 1986 1871 quia
2026 1810 2156 1872 tunc
2198 1802 2444 1872 plange_re
2472 1802 2487 1833 ¹
2516 1800 2649 1856 filios
2674 1816 2801 1872 suos
2836 1800 3027 1870 coepit,
3061 1801 3272 1872 quando
3311 1801 3448 1856 filios

1866 1866 2067 1924 sororis
2102 1866 2215 1925 sua?
2257 1866 2441 1925 in'tali
2483 1885 2641 1927 causa
2681 1871 2810 1925 vidit
2847 1866 3095 1935 occisos;
3134 1881 3193 1925 ut
3234 1881 3449 1925 aeterna:

1866 1940 1987 1994 vita:
2023 1939 2593 2011 hmredcscsisterent.
2627 1941 2723 1995 Cui
2763 1941 2907 2011 enim
2943 1940 3136 2011 aliquid
3165 1939 3447 2011 adversum

1865 2009 2107 2134 pdve‘uit,
2154 2025 2221 2066 es
2268 2009 2516 2065 felicitate
2542 2011 2796 2079 alterius,
2829 2009 3052 2066 infausta
3083 2025 3177 2065 sua
3201 2009 3449 2066 miserius

1888 2095 1985 2134 uec
2016 2120 2027 2131 .

1888 2088 2027 2133 υαρι.

1920 2095 2135 2204 sitim.
2178 2179 2250 2189 -
2281 2150 2393 2217 Qua
2440 2150 2644 2205 rat'one
2690 2150 2822 2219 Magi
2864 2150 3086 2206 chaldaei
3137 2165 3231 2217 per
3275 2148 3446 2219 stellae

1867 2220 2227 2289 apparentiam
2253 2219 2520 2276 Christum
2556 2236 2731 2289 regem
2751 2217 3054 2274 Judzcornm
3076 2228 3254 2274 natum
3294 2217 3451 2289 intel-

1869 2288 2289 2361 lCXCl‘llnchulll
2330 2289 2483 2361 stella
2510 2288 2682 2347 indice
2711 2291 3015 2361 temporalis
3039 2304 3131 2345 rex
3161 2289 3328 2344 soleat
3354 2288 3449 2343 de.

1865 2360 2061 2430 signari
2078 2358 2292 2430 (Matt/ft.
2322 2376 2378 2430 ιι,
2405 2360 2455 2420 l.
2477 2361 2569 2429 2)?
2823 2358 2835 2361 ἡ
3292 2388 3299 2397 -

1942 2430 2003 2482 lli
2044 2428 2175 2495 uagi
2215 2428 2434 2484 chalda-i
2478 2445 2585 2485 non
2626 2431 2993 2485 malevolentia
3028 2438 3292 2484 astrorum
3322 2443 3446 2483 cur-

1867 2514 1983 2553 sum
1998 2542 2013 2563 ,
2039 2499 2132 2554 scd
2160 2514 2336 2554 rerum
2361 2500 2663 2554 curiositate
2684 2501 3107 2567 speculabantur.
3131 2498 3281 2554 Sicut
3305 2498 3450 2559 enim

1868 2569 2023 2623 datur
2057 2569 2302 2639 intelligi,
2332 2569 2665 2624 traditionem
2694 2569 2904 2624 Balaam
2938 2568 3294 2639 scqnebantur
3321 2584 3335 2620 :
3358 2568 3450 2636 qtti

1867 2653 1988 2692 cum
2009 2640 2295 2693 accersitus
2323 2650 2461 2694 esset
2485 2654 2515 2694 a
2543 2640 2731 2693 Balach
2748 2638 2812 2692 ad
2831 2638 3247 2694 maledice-udum
3274 2652 3445 2706 popu-

1868 2708 1977 2763 lum
1999 2709 2105 2766 Dei.
2139 2708 2317 2763 divino
2344 2719 2469 2762 nutu
2499 2709 2812 2764 benedicere
2833 2710 3013 2778 coepit.
3046 2709 3117 2763 Ex
3150 2707 3305 2778 hujus
3323 2720 3450 2778 ergo

1868 2779 2124 2833 relatione
2134 2787 2461 2847 compertum
2476 2778 2756 2840 habebant.
2772 2776 2999 2834 futurum
3016 2778 3107 2833 Dei
3121 2776 3451 2847 providentia

1869 2847 2127 2919 eeracob
2160 2850 2247 2917 qui
2287 2858 2550 2919 regnaret.
2580 2848 2711 2903 Hinc
2740 2850 2881 2904 enim
2902 2891 2917 2915 ,
2948 2848 3087 2919 quod
3118 2863 3221 2919 nnn
3246 2857 3327 2919 est
3359 2861 3452 2901 oc-

1869 2918 2090 2987 cultum,
2112 2916 2444 2987 prephetzivit
2461 2919 2665 2983 dicens,
2688 2919 2889 2973 Urietur
2906 2916 3053 2973 stella
3071 2934 3133 2972 ea;
3150 2916 3329 2987 Iacob,
3342 2924 3449 2971 et'c.

1875 2986 2070 3058 (Num,
2092 2986 2254 3053 sxnt,
2287 2988 2451 3057 sstv).
2489 2988 2646 3043 Istam
2676 3004 2802 3057 ergo
2834 2986 3328 3058 traditionemblagi
3359 3001 3452 3041 se—

1870 3057 1978 3112 cuti
1992 3099 2007 3122 ,
2026 3057 2264 3112 videntes
2283 3059 2487 3113 stt-llam
2511 3068 2659 3112 extra
2680 3059 2919 3115 ordinem
2947 3057 3148 3123 mundi,
3181 3057 3316 3111 hanc
3330 3070 3451 3111 esse

1873 3128 2249 3197 intellexerunt
2269 3144 2425 3193 quam
2456 3127 2666 3181 Balaam
2699 3128 2925 3183 fututam
2952 3126 3179 3183 indicem
3207 3126 3345 3197 regis
3364 3124 3451 3180 Ju-

1871 3196 2111 3251 d:rorum
2148 3197 2570 3267 prophetavcrat.
2602 3198 2752 3264 Quod
2783 3198 2997 3266 quidem
3026 3197 3220 3251 factum
3262 3196 3451 3267 centra

1872 3267 2117 3323 inimicos
2140 3265 2407 3337 religionis
2430 3275 2531 3321 est.
2557 3268 2680 3321 Inde
2699 3265 2839 3322 enim
2863 3267 3221 3322 testimonium
3244 3265 3452 3334 accepit

1874 3337 2013 3418 unde
2040 3337 2180 3393 solet
2204 3338 2508 3406 improbari.
2532 3338 2797 3408 Astrologi
2824 3339 2964 3394 enim
2993 3336 3188 3393 inimici
3217 3344 3343 3390 sunt
3361 3349 3455 3390 ve-

1873 3418 2063 3462 fllallS.

1946 3476 2021 3547 (τι)
2054 3476 2113 3530 lli
2136 3476 2266 3547 Magi
2291 3476 2511 3531 chaldtei
2540 3491 2642 3530 non
2688 3476 3082 3547 malevolentia,
3102 3485 3207 3532 etc.
3241 3474 3447 3547 Orietur

1873 3544 2022 3600 stella
2039 3564 2103 3600 ex
2127 3544 2286 3615 Jacob
2301 3587 2316 3610 ,
2342 3558 2388 3601 et
2408 3556 2636 3615 exsurget
2664 3547 2812 3601 homo
2830 3547 2894 3600 de
2921 3545 3085 3600 Israel
3103 3545 3454 3615 .netncoufriu-

1908 3626 1953 3667 et
1981 3617 2131 3669 duces
2153 3613 2324 3682 Moab,
2350 3625 2395 3669 et
2416 3613 2721 3684 pra'dobitur
2743 3632 2913 3670 omnes
2944 3615 3079 3683 ﬁlios
3103 3613 3227 3684 Seth
3246 3654 3262 3679 ,
3290 3613 3333 3667 et
3356 3614 3454 3667 erit

1925 3685 2041 3737 dant
2077 3685 2341 3739 ltwreditus
2397 3682 2538 3754 ejus,
2587 3694 2689 3739 etc.
2732 3685 2855 3740 Haec
2895 3682 3020 3754 ergo
3062 3682 3333 3752 prophetia
3368 3691 3457 3737 est

1874 3753 2107 3817 Balaam,
2129 3768 2232 3806 non
2258 3756 2380 3823 quia
2404 3753 2502 3807 fttit
2530 3754 2805 3822 prOplteta,
2837 3754 2928 3808 sed
2959 3753 3096 3807 Deus
3119 3766 3333 3807 oausam
3354 3766 3451 3822 po-

1878 3822 1983 3891 puli
2011 3823 2090 3876 sui
2112 3824 2211 3892 egit
2240 3822 2334 3892 per
2360 3823 2525 3883 illum.
2556 3840 2659 3877 non
2684 3823 3040 3892 voluntarium
3063 3822 3156 3876 sed
3186 3823 3405 3876 invitum
3430 3838 3447 3892 ξ

1875 3890 2012 3947 Sicut
2042 3890 2385 3961 proplte'tasse
2415 3892 2749 3947 inveniuntur
2778 3894 2923 3947 missi
2961 3908 2992 3947 a
3021 3891 3149 3948 Sat'tl
3184 3892 3252 3947 ad
3288 3890 3452 3961 David

1874 3959 2188 4030 capiendum
2206 4003 2220 4020 .
2249 3972 2301 4017 et
2329 3965 2465 4017 sicut
2489 3963 2600 4030 ipse
2625 3962 2749 4017 Sat'd
2776 3979 2895 4016 cum
2920 3963 3117 4017 dictum
3143 3970 3255 4023 est.
3277 3959 3448 4013 Num-

1874 4032 1996 4100 quid
2015 4042 2061 4085 et
2089 4031 2220 4087 Sm‘tl
2239 4034 2366 4085 inter
2397 4030 2747 4102 Prophetas“
2772 4032 2899 4102 Reg.
2922 4047 3009 4085 ιιι
3028 4072 3044 4094 ,
3069 4030 3291 4102 20-24)]
3319 4030 3451 4102 llinc

1875 4098 2017 4157 enim
2045 4103 2265 4169 probare
2291 4102 2454 4155 voluit
2489 4101 2629 4155 Deus
2654 4098 2865 4170 quanta'
2879 4101 2947 4156 sit
2972 4101 3219 4167 majestas
3242 4098 3335 4170 Dci
3356 4098 3448 4154 Ju-

1875 4168 2109 4242 dzcornm
2129 4212 2145 4233 ,
2180 4173 2268 4242 qui
2297 4187 2416 4242 cum
2454 4168 2766 4242 maledicere
2797 4178 3010 4225 venerat
3026 4211 3051 4242 ,ν
3067 4168 3361 4242 convertit1
3370 4177 3452 4242 _ut

1875 4240 2073 4295 bonum
2122 4238 2213 4295 illi'
2240 4241 2505 4295 videretttr
2543 4240 2856 4295 benedicere
2897 4240 3147 4309 populum
3194 4238 3305 4292 Dei.
3341 4238 3451 4294 Nec

1876 4312 2016 4367 enim
2047 4311 2380 4366 maledictum
2410 4310 2524 4379 ejus
2562 4319 2767 4379 poterat
2804 4309 2988 4364 timere
3007 4350 3024 4374 ,
3054 4309 3204 4376 cujus
3227 4309 3446 4379 corlla-

1876 4380 2037 4435 bcbat
2067 4381 2119 4434 in
2149 4378 2607 4449 potestateJlunc
2639 4395 2766 4449 ergo
2796 4379 3109 4450 prephetam
3146 4379 3280 4432 hanc
3322 4378 3447 4450 inti:

1878 4465 2053 4504 masse
2093 4448 2308 4521 cellegis
2354 4450 2463 4504 suis
2504 4450 2659 4503 datur
2702 4448 2949 4521 intelligi,
2979 4450 3066 4517 qui
3107 4464 3229 4521 cum
3256 4448 3451 4521 curiosi

1877 4528 2000 4574 sunt
2026 4521 2163 4574 circa
2192 4516 2327 4574 astra
2344 4561 2359 4584 ,
2387 4520 2626 4575 videntes
2669 4516 2893 4574 stellam—
2914 4516 3230 4588 incognitam
3252 4558 3267 4581 ,
3294 4528 3350 4572 et
3375 4516 3456 4571 ni-

1877 4591 1980 4643 mia
2016 4590 2255 4646 claritate
2289 4590 2573 4658 fulgentem
2595 4629 2608 4649 .
2638 4590 2707 4643 ita
2733 4599 2792 4644 ttt
2815 4590 2983 4645 solem
3019 4588 3138 4643 luce
3178 4595 3456 4657 superaret

1878 4659 2182 4731 (videbatur
2206 4661 2346 4731 enim
2378 4676 2472 4729 per
2486 4658 2672 4731 diem).
2690 4660 3022 4731 conferentes
3038 4660 3174 4712 inter
3188 4659 3455 4731 se,_anim-

1876 4727 2218 4852 ﬁdperterunt
2247 4727 2389 4785 hanc
2412 4744 2531 4785 esse
2554 4727 2759 4784 stellam
2797 4746 2955 4801 quam
2989 4728 3216 4783 futuram
3243 4727 3454 4782 dixerat

1922 4815 1948 4851 a
1974 4815 2111 4852 aam.

1922 4815 2111 4852 ataam.

1949 4868 2131 4923 LXIV.
2153 4899 2223 4909 —
2239 4867 2515 4934 Quomodo
2537 4867 2790 4938 probatur
2802 4875 2921 4938 post
2941 4875 3050 4938 tres
3068 4865 3183 4921 dies
3197 4874 3251 4920 et
3267 4873 3453 4921 noctes

1878 4939 2235 4993 resurrexisse
2260 4937 2584 4992 Salvatoretn
2610 4952 2673 4991 es
2699 4937 2957 4992 mortuis?

1953 5009 2007 5062 In
2029 5008 2129 5063 hac
2156 5024 2314 5062 causa
2338 5008 2382 5061 si
2409 5021 2682 5062 numerum
2730 5006 2935 5060 dierum
2982 5020 3045 5059 ac
3087 5005 3319 5060 nocti-tm
3359 5019 3456 5073 per

1878 5078 2119 5133 ordinem
2148 5078 2396 5146 requiris.
2423 5076 2667 5146 eﬂ'ectutn
2695 5074 3052 5146 intelligentia:
3077 5092 3181 5128 non
3211 5074 3451 5129 habebis.

1882 5148 2013 5215 Quia
2060 5158 2113 5202 et
2155 5144 2746 5218 Mtiysesiqutnlraginta
2787 5144 2974 5218 diebus
3013 5154 3071 5200 et
3109 5146 3453 5215 quadraginta

1878 5214 2121 5273 noctibus
2158 5214 2435 5287 jejunavit'
2682 5230 2869 5278 XXXIV,
2904 5215 3018 5287 28),
3052 5224 3104 5287 et
3130 5226 3305 5270 tamen
3328 5229 3452 5287 __non

1880 5288 2082 5355 integer
2121 5282 2370 5341 numerus
2416 5282 2712 5355 invenitur:
2739 5286 2953 5354 quando
2982 5282 3130 5339 enim
3178 5299 3272 5353 per
3307 5282 3453 5336 diem

1880 5353 2146 5420 ascendit,
2173 5367 2225 5411 et
2265 5372 2359 5426 per
2381 5356 2519 5410 diem
2556 5353 2860 5426 descendit,
2889 5370 3101 5426 omnem
3132 5364 3311 5419 utique
3349 5366 3453 5404 nu-

1880 5443 2086 5483 merum
2110 5444 2211 5482 non
2241 5424 2477 5495 implevit
2504 5444 2516 5479 :
2543 5424 2635 5480 sed
2663 5425 2782 5495 quia
2812 5426 2898 5479 ubi
2928 5424 3039 5478 dies
3052 5431 3149 5495 est
3175 5430 3454 5490 computa-

1881 5509 1968 5555 tur
1994 5513 2119 5561 nox,
2147 5506 2201 5552 et
2229 5491 2447 5551 ubi'nos
2475 5504 2557 5552 est
2583 5491 2910 5566 computatur
2938 5501 2993 5547 et
3013 5491 3145 5554 dies,
3170 5500 3281 5545 uta
3307 5500 3456 5560 parte

1946 5658 1964 5689 ι
1986 5664 2089 5706 Mss.
2114 5654 2311 5704 secundi
2331 5653 2549 5715 generis,
2564 5650 2672 5715 plus
2693 5648 2931 5715 plangere.

1965 5718 2019 5779 α)
2039 5715 2243 5777 quaestio
2266 5707 2439 5767 eadem
2468 5707 2545 5762 δι’
2934 5707 3151 5773 generls,
3188 5709 3319 5759 inter
3349 5713 3453 5768 post

1965 5786 2105 5835 satas
2124 5790 2190 5827 ex
2203 5784 2331 5828 Novo
2345 5779 2479 5823 't‘est.
2493 5772 2742 5835 trigesima
2761 5782 2904 5819 nona.
