3968 6390
954 338 1012 347 ’.υ

185 372 360 434 2'56!

192 496 317 553 Dei
350 493 581 566 potentia
607 490 961 566 conﬁrmavit,
991 488 1128 566 quia
1150 486 1216 542 ad
1238 482 1658 566 majestatissuae
1687 480 1809 566 uni:-

192 554 794 636 cam'magnitu'dinem
824 554 1217 636 protestandam
1238 600 1254 623 ,
1297 556 1469 636 facere
1497 554 1805 636 disponeret

192 654 343 710 qum
368 622 709 710 ittipossibilia
750 622 1076 710 et'inandita
1119 639 1242 684 sunt
1268 625 1502 710 mundo,
1532 622 1804 710 quo-facto

194 695 524 765 estenderet
548 721 609 762 se
634 706 917 761 Dominum
941 707 1295 777 creaturm,_et
1317 707 1555 777 creatura
1573 695 1806 777 subjice-

194 789 301 835 ret
333 795 390 834 se
416 778 487 841 ei,
510 778 661 845 cujus
697 789 832 844 epus
858 774 1064 847 czrteris
1093 770 1344 847 omnibus
1370 766 1694 847 impossibile
1706 766 1804 847 .γί-

195 850 433 906 deretur
450 835 717 915 {quorum
737 835 1107 901 incredulitate
1129 842 1244 915 plus
1269 835 1583 915 subliniatur
1604 835 1802 891 ﬁdelis-

196 922 388 976 simus
407 910 694 974 Abraham.
723 916 882 973 Fides
903 916 1043 969 enim
1066 910 1203 979 ejus,
1226 910 1619 979 incredulornm
1649 921 1804 979 ptena

198 1001 297 1047 est
327 989 759 1049 :J'ncredulorum
786 986 1027 1060 perfidia,
1053 978 1219 1055 gloria
1233 984 1361 1060 ejus
1384 988 1494 1060 est;
1513 978 1645 1060 l‘lam
1676 978 1804 1060 tide-

196 1061 346 1118 lium
383 1069 464 1117 est
503 1072 687 1131 pater,
707 1067 760 1114 et
789 1049 1103 1131 inﬁdelium
1121 1064 1202 1109 est
1226 1053 1428 1131 judex,
1451 1049 1619 1131 Hujus
1659 1049 1802 1131 enim

197 1133 474 1200 exemplo
494 1120 546 1186 et
569 1120 694 1186 boni
721 1138 916 1184 aeterna
945 1128 1046 1200 vita
1073 1120 1354 1200 donantur,
1382 1130 1437 1176 et
1459 1120 1613 1175 malis
1641 1129 1802 1174 mter-

196 1220 279 1275 na
313 1197 583 1275 dabuntur
598 1200 864 1275 supplicia
886 1200 924 1252 ³.
947 1198 1046 1275 illo
1065 1197 1206 1252 enim
1245 1200 1481 1275 tempore
1509 1206 1615 1262 quo
1643 1206 1802 1275 mnu-

196 1274 316 1330 dus
339 1274 515 1329 adhuc
535 1261 755 1329 scientia
780 1269 1030 1340 parvulus
1058 1275 1191 1340 erat,
1216 1280 1314 1320 nec
1343 1261 1514 1340 signis
1529 1277 1591 1316 ac
1620 1261 1802 1331 prodi-

196 1346 316 1417 giis
341 1361 463 1416 qua:
488 1344 553 1399 ad
583 1343 739 1417 fidem
765 1334 1105 1417 attraherent
1129 1334 1448 1417 illustratus,
1484 1334 1591 1417 Deo
1619 1341 1803 1417 contra

198 1405 497 1472 scientiam
528 1430 679 1469 suam
712 1412 871 1467 fidem
909 1427 1032 1485 non_
1054 1410 1351 1485 denegavit:
1381 1405 1804 1485 Sanctusnigitnr

197 1486 487 1542 Abraham
515 1486 818 1554 exemplum
853 1483 1035 1554 generi
1063 1474 1292 1534 humano
1316 1478 1470 1532 datus
1497 1484 1577 1530 est
1603 1474 1804 1554 fidelis:

197 1559 408 1613 simus.
435 1558 487 1612 In
515 1559 629 1625 ipso
647 1543 1160 1627 enimpr'aaflguratze
1180 1559 1303 1604 sunt
1323 1562 1506 1627 omnes
1529 1543 1803 1627 gentesad

196 1630 443 1684 salutem
467 1618 649 1683 venire
675 1642 767 1695 per
789 1618 945 1680 fidem
963 1618 986 1687 Ξ
1007 1623 1158 1692 cujus
1183 1631 1241 1676 ut
1264 1618 1701 1695 superabundans
1721 1618 1803 1695 in-

197 1709 548 1755 crementum
579 1684 697 1753 fidei
737 1684 1089 1758 nosceretur;
1108 1684 1361 1755 tentatur,
1393 1705 1455 1744 ac
1495 1688 1710 1758 jubetur
1737 1684 1801 1738 ft-

201 1769 344 1825 lium
379 1785 533 1842 suum
563 1770 671 1823 Deo
696 1768 1006 1842 immolare;
1035 1763 1176 1842 quod
1206 1762 1398 1818 factum
1428 1774 1536 1842 non
1565 1767 1803 1842 erat‘un-

243 1857 377 1895 nam
411 1841 497 1910 (et
528 1855 627 1895 nec
665 1838 743 1894 rei
772 1839 1021 1910 novitate
1055 1832 1317 1910 turbatur,
1353 1849 1450 1887 nec
1474 1832 1719 1910 disputat
1735 1842 1803 1909 an

243 1857 377 1895 nam
411 1855 497 1910 (el
528 1855 627 1895 nec
665 1855 743 1894 ret
788 1855 1021 1893 novuate
1056 1855 1317 1896 turbatur,
1353 1855 1450 1887 nec
1474 1855 1708 1898 Ulspttwt
1735 1855 1802 1909 il."

198 1855 328 1966 ﬁeri
362 1912 584 1966 deberet
631 1910 737 1965 Deo
761 1908 984 1978 jubente
1025 1905 1361 1978 parricidium
1388 1946 1433 1978 ,Α
1448 1901 1536 1978 qui
1580 1899 1802 1978 homici-

199 1980 364 2037 dium
397 1999 465 2036 ne
506 1982 657 2037 ﬁeret
680 1972 1041 2035 comminatus
1059 1985 1160 2033 est.
1197 1975 1286 2032 Sic
1311 1975 1378 2030 de
1406 1972 1495 2028 Dei
1535 1972 1804 2026 voluntate

199 2053 516 2122 intrepidus
543 2062 599 2107 et
631 2066 849 2107 securus
868 2091 883 2114 ,
930 2065 1035 2105 non
1060 2055 1352 2122 cunctatur
1381 2044 1655 2122 providum
1685 2055 1804 2096 esse

199 2117 376 2193 quod'
385 2126 535 2195 jubet
568 2123 734 2192 Deus)
760 2139 775 2177 :
805 2122 1020 2177 ethunc
1048 2120 1212 2195 filium
1239 2132 1395 2195 quem
1423 2117 1530 2195 duo
1555 2127 1710 2195 senes
1738 2127 1802 2166 ex

202 2188 579 2277 promissione
590 2188 977 2276 “susceperant,
1016 2190 1289 2277 praemium
1306 2188 1458 2277 fidei,
1474 2188 1802 2277 meriturum

204 2254 476 2331 indicem,
506 2274 558 2321 et
589 2265 639 2318 in
675 2254 781 2334 quo
820 2254 996 2317 omnis
1018 2254 1143 2332 spes
1171 2259 1618 2334 expromissione
1646 2254 1804 2334 futuri

202 2337 444 2409 seminis
464 2326 781 2409 habebatur.
807 2334 958 2409 Quod
984 2326 1210 2409 ut'omni
1232 2326 1513 2409 devotione
1535 2326 1800 2409 impleret,

203 2408 379 2461 matri
399 2409 517 2477 ejus
536 2422 640 2460 non
669 2398 944 2467 indicavit;
969 2420 1037 2477 ne
1058 2398 1613 2477 quodAtliattioniuejus
1634 2398 1803 2464 impe-

202 2471 516 2532 dimentum
544 2477 778 2542 aﬂ'erret,
801 2476 975 2531 sciens
995 2471 1133 2530 circa
1162 2472 1405 2527 affectum
1429 2471 1655 2542 filiorum
1684 2481 1806 2537 pro-

203 2548 470 2603 cliviores
496 2551 548 2602 in
577 2541 771 2603 amore
792 2561 911 2602 esse
940 2556 1166 2608 matres;
1196 2543 1419 2613 ideoque
1446 2541 1636 2597 celavit
1664 2554 1799 2613 eam,

204 2634 320 2673 non
349 2619 630 2690 ambigens
648 2617 853 2687 impleri
884 2617 1082 2690 debere
1101 2616 1246 2690 quod
1261 2610 1408 2690 jubet
1436 2615 1596 2673 Deus.
1623 2618 1694 2690 ut.
1707 2610 1806 2664 hoc

203 2690 474 2758 exemplo
499 2681 856 2754 doceremur,
886 2689 1029 2742 omni
1060 2681 1183 2758 cura
1216 2685 1305 2740 Dei
1335 2684 1508 2737 facere
1539 2681 1803 2758 inundata.

204 2761 262 2816 Si
296 2754 454 2816 enim
486 2760 823 2816 fidelissimus
854 2759 1118 2814 Abraham
1151 2756 1203 2810 in
1236 2772 1292 2810 re
1324 2765 1427 2810 tam
1464 2754 1610 2824 gravi
1642 2762 1809 2824 etas-

202 2846 345 2914 ρεξτε
378 2831 977 2914 obediensinvcnitur;
1018 2838 1216 2914 quanto
1251 2827 1426 2914 magis“
1458 2823 1808 2914 t‘i‘tisn,lq_tt_i'bus

203 2894 298 2956 illa
354 2902 738 2972 prtecipiuntur
775 2918 893 2972 qua:
941 2894 1160 2972 possunt
1188 2894 1426 2969 portari?
1464 2898 1508 2950 Ο
1539 2894 1807 2972 lides‘Deo

204 2965 395 3028 dicnta
420 3013 438 3040 ,
473 2965 537 3028 et'
566 2987 689 3043 spes
730 2965 1256 3043 iit-Dominoﬁﬁrm'a,
1285 2984 1403 3043 qua!
1432 2977 1535 3043 tam
1566 2965 1725 3021 chara
1754 2973 1810 3020 et

205 3043 402 3099 suavis
423 3038 527 3107 est,
549 3038 610 3097 ut
633 3052 907 3113 parentum
930 3058 992 3097 ac
1011 3042 1238 3113 filiorum
1281 3038 1556 3113 allectibns
1596 3050 1807 3113 praepo-

206 3123 413 3180 natur,
445 3108 654 3169 diccute
690 3112 994 3180 Scriptura,
1034 3111 1243 3166 Gustata
1274 3119 1320 3162 et
1351 3108 1509 3163 videte
1527 3149 1552 3180 ,ν
1570 3108 1810 3180 quoniam

206 3131 413 3180 natur,
445 3131 654 3169 otccute
690 3131 803 3170 bcrl
828 3131 994 3179 itura,
1034 3131 1243 3166 uuuale
1274 3131 1319 3162 et
1351 3131 1509 3163 maele
1527 3149 1542 3172 ,
1570 3131 1808 3180 quantum

205 3187 391 3241 suavis
411 3184 754 3261 estliominus
780 3131 960 3261 (beat:
980 3180 1241 3261 XXXIII,.9)
1266 3182 1278 3235 ε
1306 3179 1607 3261 Patriarcha
1631 3189 1808 3261 autem

207 3266 407 3312 noster
433 3256 771 3311 fidelissimus
788 3252 1068 3310 'Abraham
1098 3252 1218 3322 quia
1252 3252 1809 3322 proplteta_erat,rsci-

207 3329 288 3383 vit
317 3326 454 3398 quid
484 3327 635 3396 sequi
661 3325 899 3398 deberet.
927 3325 1053 3398 ideo
1080 3320 1369 3398 secundum
1388 3320 1810 3398 quod_Do_mi_nus

207 3392 364 3454 nunc
389 3398 546 3459 dixit,
566 3392 703 3451 tunc
724 3397 812 3451 ille
841 3396 983 3461 fecit,
1017 3406 1075 3450 ut
1099 3394 1208 3450 ﬁlio
1234 3393 1475 3464 quamvis
1497 3392 1811 3464 charissimo

210 3469 393 3525 Deum
417 3470 469 3522 in
490 3467 772 3523 dilectione
799 3467 1073 3536 praeferret
1101 3462 1311 3521 dicente
1341 3463 1584 3525 Domino,
1618 3462 1678 3517 St
1701 3463 1812 3531 quis

207 3540 389 3610 diligit
420 3548 617 3610 patrent
648 3549 695 3592 et
710 3549 958 3610 manem,
985 3547 1074 3610 unt
1099 3536 1239 3610 ﬁlius
1263 3550 1423 3610 suprq
1450 3550 1561 3596 me,
1584 3550 1701 3610 ζιοη
1725 3543 1812 3610 _est

208 3603 511 3681 me'dignus
537 3607 750 3681 (Matth.
782 3625 831 3674 x,
858 3609 968 3681 3i).
995 3603 1147 3663 Unde
1172 3603 1476 3681 Patriarclta
1498 3613 1561 3681 _ut
1584 3605 1812 3681 Domino

209 3697 332 3753 prae
362 3675 792 3753 caeterisdignus
831 3675 1115 3743 exiéteret,
1161 3678 1319 3732 etiam
1364 3675 1608 3730 occidere
1648 3675 1811 3729 lilium

210 3751 328 3809 non
354 3751 641 3808 recusavit.

912 3836 979 3875 DE
1014 3834 1123 3875 JOB.

285 3892 507 3966 CXVlll
553 3891 650 3966 (a).
690 3921 761 3966 τ-
806 3891 1014 3966 Magua_
1031 3888 1245 3966 dilectio
1297 3895 1380 3942 est
1409 3928 1425 3951 ,
1473 3885 1663 3966 fratres
1726 3885 1812 3940 di-

212 3965 535 4027 lectissimi,
561 3957 947 4033 omnipotentis
989 3962 1079 4033 Dei
1114 3974 1237 4033 erga
1275 3973 1444 4033 genus
1476 3957 1764 4033 humanum
1797 3974 1809 4009 :

212 4053 346 4108 quae
389 4035 652 4108 intellecta
694 4027 1811 4108 quidetn_perd_ucit-ad_regna_coelesti_a;

213 4098 331 4163 non
379 4106 641 4160 intellecta
680 4098 858 4158 autem
900 4098 1117 4157 deducit
1148 4100 1212 4154 ad
1244 4099 1458 4154 inferos.
1495 4099 1636 4153 Deus
1673 4098 1815 4154 enim

212 4176 542 4235 beneficium
574 4190 728 4230 suum
767 4182 974 4246 gratum
1001 4172 1114 4226 vult
1146 4185 1268 4246 esse
1296 4180 1347 4246 et
1376 4168 1728 4246 frt_tctiferuut,
1761 4177 1819 4225 ut

212 4260 274 4307 et
303 4248 461 4303 nobis
491 4240 859 4318 proﬁciatfet
899 4244 1047 4299 illum
1089 4241 1329 4318 misereri
1350 4240 1616 4318 delectet.
1659 4240 1819 4318 igitur

254 4311 507 4376 uoniatn'
531 4318 703 4372 bonus
748 4325 860 4381 est,
911 4325 967 4369 et
993 4326 1181 4369 omnes
1222 4312 1466 4381 homines
1506 4311 1680 4365 salvos
1707 4312 1819 4366 vult

257 4390 348 4447 eri
366 4431 382 4455 ,
411 4388 712 4458 exemplum
743 4379 897 4441 nobis
918 4383 1214 4458 justitiaein
1241 4381 1342 4437 Job
1363 4379 1563 4436 famulo
1599 4396 1696 4458 suo
1719 4382 1817 4458 de:

216 4452 584 4526 monstravit,
602 4460 741 4514 sicut
770 4452 1004 4527 praesens
1029 4453 1191 4527 lectiou
1212 4461 1454 4527 testatur,
1476 4452 1618 4522 quod
1648 4454 1818 4507 secuti

219 4542 282 4590 et
302 4532 447 4587 malo
471 4524 654 4586 car‘ere
678 4538 732 4584 et
759 4524 825 4582 ad
849 4528 1044 4583 bonum
1076 4524 1258 4579 venire.
1287 4524 1600 4593 poterimus,
1632 4532 1686 4577 et
1712 4539 1819 4579 non

220 4604 406 4660 solum
432 4617 461 4655 a
484 4615 640 4672 ptena
663 4599 898 4672 liberari,
923 4598 1017 4672 sed
1040 4605 1105 4672 ct_
1119 4595 1465 4672 remunerari.
1492 4593 1660 4672 Quam
1683 4610 1820 4672 etgo

222 4665 563 4731 admirabilis
591 4680 674 4725 est
691 4670 1059 4725 sanctissimus
1082 4666 1203 4731 Job,
1227 4666 1313 4734 qui
1340 4673 1461 4718 ante
1492 4665 1657 4733 legem
1683 4666 1821 4721 litte-

239 4761 308 4805 λε
327 4745 547 4810 editam,
574 4743 624 4796 in
648 4741 897 4816 operibus
936 4740 1047 4816 suis
1078 4736 1360 4816 exemplar
1389 4735 1776 4816 legisostendit
1803 4755 1817 4816 ξ

230 4816 383 4872 nulla
413 4817 466 4869 in
498 4805 597 4867 hac
620 4805 778 4866 causa
808 4810 1031 4880 alicujus
1057 4808 1373 4880 documenta
1413 4805 1665 4880 addic_eus
1685 4848 1697 4865 .
1726 4807 1819 4861 sed

228 4896 424 4942 natura
453 4886 566 4954 ipsa
594 4884 762 4948 duce,
793 4881 879 4938 cui
900 4876 1059 4954 ‘D'eus
1093 4877 1310 4954 justitite
1339 4876 1541 4954 semina
1556 4877 1821 4954 ’_natura-

232 4960 358 5013 liter
387 4947 564 5011 inesse
590 4947 852 5013 decrevit.
887 4951 1129 5006 Creatori
1169 4947 1519 5002 reverentiam
1546 4947 1630 5016 pia
1658 4950 1824 5001 devo-

232 5034 383 5083 tione
411 5025 689 5082 servavit?
722 5022 925 5090 Quanta
952 5036 1082 5091 ergo
1108 5017 1263 5072 laude
1289 5018 1480 5091 dignus
1502 5025 1603 5091 est,
1629 5025 1683 5071 et
1706 5019 1824 5087 qui-

235 5102 336 5154 bus
366 5098 545 5153 verbis
594 5088 882 5162 facta‘ejus
913 5088 1142 5145 debeant
1175 5088 1391 5152 extolli,
1429 5088 1516 5141 cui
1552 5102 1659 5162 non
1700 5095 1825 5162 ante

235 5171 459 5241 Legem,
483 5182 654 5241 neque
677 5159 1004 5241 postLegem
1034 5175 1213 5241 parem
1242 5173 1524 5241 possumus
1546 5159 1824 5241 invenire?

236 5230 497 5310 Quamvis
521 5230 811 5310 enim'quis
840 5230 1020 5310 posset
1038 5230 1201 5302 gesta
1227 5231 1342 5298 ejus
1368 5230 1580 5310 imitari,
1597 5245 1724 5310 non_
1748 5240 1826 5283 ta-

240 5299 367 5368 men
398 5326 519 5366 cum
565 5323 632 5363 eo
658 5299 1014 5361 conferendus
1048 5299 1163 5369 est,
1204 5315 1377 5369 neque
1413 5299 1462 5353 ei
1491 5301 1681 5355 similis
1704 5301 1825 5370 jure

238 5384 472 5439 dicetur.
508 5379 624 5435 Non
653 5380 796 5433 enim
832 5391 983 5431 suum
1020 5381 1161 5428 esset
1187 5372 1327 5441 quod
1361 5370 1478 5441 talis
1502 5372 1820 5436 exstitisset,

240 5438 366 5525 quia
408 5450 713 5525 exemplum
739 5455 961 5525 secutus
992 5453 1076 5499 est
1100 5438 1349 5524 alienum.
1383 5438 1826 5525 sanctusnautem

240 5511 344 5583 J'ob
372 5539 493 5579 cum
523 5511 651 5577 nihil
685 5520 788 5574 tale
815 5516 1052 5581 vidisset,
1090 5528 1261 5583 neque
1288 5511 1727 5583 involtnninibus
1753 5513 1828 5567 le-

241 5581 505 5661 ctiiasset,
538 5592 698 5648 talem
738 5604 796 5644 se
834 5587 1112 5657 praestitit,
1156 5581 1214 5639 tit
1236 5582 1435 5638 nullius
1463 5581 1660 5652 aliquid
1689 5583 1740 5637 in
1769 5599 1831 5640 se

309 5738 328 5769 ί
348 5743 431 5784 Ms.
455 5729 778 5787 colbertinus,
792 5730 840 5776 et
858 5721 975 5774 mali
984 5725 1174 5794 retenta
1195 5716 1378 5770 dabunt

309 5800 332 5831 ⁸
356 5795 497 5856 mm,
521 5802 700 5858 Μ’
723 5795 852 5849 uss"
1112 5843 1173 5858 με

307 5859 386 5923 (ιι)
409 5846 559 5909 Deest
581 5855 630 5903 in
648 5859 757 5902 Mss.
781 5846 981 5899 secundi
1001 5846 1219 5908 generis.

1603 309 1620 321 ⁸
1680 358 2047 419 APPENDIX.

3355 360 3500 421 2569

1913 474 2164 530 collatum
2192 472 2433 542 haberet,
2457 473 2551 531 sed
2579 475 2696 545 ipse
2718 477 2926 532 caeteris
2953 476 3237 544 conferret,
3268 475 3496 537 formam

1915 548 2159 619 praebens
2199 545 2518 619 mirabilium
2547 556 2828 619 gestorum
2866 548 2933 603 ad
2974 548 3498 619 Deumpromeren-

1911 618 2059 672 dum.
2082 617 2259 684 Quare
2276 626 2330 672 et
2350 616 2879 673 Domini‘testimonio
2892 616 3296 675 commendatur
3314 620 3497 677 dicen-

1911 688 1981 743 tis
2024 705 2038 742 :
2083 687 2493 742 Animadvertiui
2530 689 2599 741 ad
2640 704 2849 755 puerum
2883 705 3047 743 meum
3078 688 3220 747 Job?
3253 689 3377 746 Non
3419 700 3497 748 est

1912 760 2046 846 eis?
2083 758 2687 846 Miseretqueij
2709 759 2855 814 ιεπίε
2878 775 3024 843 vetus
3046 759 3143 846 De
3164 762 3370 846 ςαιξονί
3391 763 3495 818 ὀι

1910 845 1949 895 t,
1976 829 2054 901 8).
2083 830 2214 898 Quis
2245 838 2446 885 tantum
2480 831 2647 901 potuit
2675 831 2986 900 promereri,
3016 832 3099 886 cui
3120 832 3227 888 tale
3253 829 3495 890 testimo-

1911 899 2057 973 nium
2089 901 2342 973 Dominus
2380 899 2700 969 perhiberet,
2745 901 2846 956 nisi
2877 901 2965 956 hic
2992 903 3081 973 qui
3101 917 3221 973 non
3260 902 3496 961 imitator

1911 971 2200 1038 invenitur,
2227 970 2323 1026 sed
2352 981 2536 1027 auctor
2558 986 2744 1028 eorum
2768 987 2889 1042 quae
2913 970 3117 1042 gessit?
3148 971 3302 1030 Unde
3325 984 3380 1029 et
3401 990 3493 1031 ve-

1912 1057 2005 1097 rus
2035 1042 2131 1097 Dei
2157 1042 2332 1097 cultor
2354 1042 2628 1113 asseritur.
2666 1041 2818 1097 Nulla
2853 1041 2994 1098 enim
3030 1052 3204 1113 potest
3228 1044 3494 1101 simulatio

1909 1113 2285 1184 commentitia:
2309 1112 2543 1167 veritatis
2563 1115 2613 1167 in
2639 1127 2705 1169 eo
2736 1112 2927 1184 videri,
2946 1112 3174 1184 quiante
3193 1129 3252 1171 se
3272 1130 3375 1171 non
3398 1113 3496 1171 ha-

1911 1184 1999 1255 bet
2029 1185 2209 1239 talem.
2235 1182 2425 1255 Ominis
2445 1186 2587 1255 enim
2611 1184 2700 1254 qui
2727 1185 2894 1255 tingit,
2917 1182 3018 1240 hoc
3040 1186 3190 1255 fingit
3211 1185 3353 1255 quod
3374 1200 3496 1241 cer-

1904 1254 2054 1327 nitur
2077 1255 2390 1327 ituitnri._lt_;t
2416 1254 2498 1327 his
2523 1264 2700 1327 tamen
2726 1254 2971 1327 omnibus
2992 1254 3195 1327 potiora
3219 1254 3345 1311 sunt
3371 1271 3492 1327 quae

1910 1324 2175 1380 dicuntur.
2205 1324 2261 1379 In
2303 1323 2387 1378 his
2411 1326 2552 1380 enim
2586 1325 2826 1380 laudibus
2855 1323 3004 1380 nulla
3021 1326 3367 1382 nrobamenta
3388 1323 3493 1382 tri-

1910 1394 2241 1451 bulationum
2272 1394 2503 1463 fuerunt,
2534 1395 2625 1451 sed
2655 1396 2983 1466 propositum
3017 1394 3128 1452 Deo
3171 1396 3402 1452 dicatum
3434 1396 3491 1454 in

1910 1467 2163 1539 extercitio
2200 1476 2257 1521 et
2283 1466 2738 1539 observationibus
2776 1467 3122 1522 constitutum
3153 1485 3167 1522 :
3197 1467 3337 1537 quod
3366 1468 3489 1539 quia

1909 1536 1976 1589 ad
2013 1551 2263 1619 coronam
2292 1537 2604 1620 meritorum
2635 1539 2899 1620 tentatori.
2919 1536 3227 1620 nonvisutn
3260 1546 3342 1620 est
3369 1536 3489 1620 ple-

1910 1622 2058 1678 num,
2095 1608 2243 1676 petiit
2270 1615 2330 1661 ut
2356 1608 2753 1678 permitteretur
2772 1607 2821 1662 ei
2850 1607 3074 1664 diversis
3108 1607 3488 1664 tentationibus

1909 1677 2136 1744 probare
2173 1678 2287 1747 ejus
2318 1677 2608 1747 justitiam;
2646 1688 2703 1732 ut
2739 1680 2791 1733 in
2823 1679 3003 1733 multis
3043 1678 3364 1735 constrictus
3391 1678 3490 1747 ali-

1908 1747 2029 1801 cubi
2058 1746 2303 1812 haareret,
2326 1746 2382 1803 et
2409 1756 2587 1818 posset
2606 1749 2817 1803 modum
2839 1749 3118 1805 excedere.
3140 1749 3273 1818 Quia
3298 1749 3365 1804 ad
3388 1746 3490 1806 hoc

1909 1820 2083 1872 solent
2108 1817 2693 1890 peccantibusdiversae
2724 1835 2894 1890 ptenac
2924 1819 3124 1884 inferri,
3158 1817 3218 1874 ut
3243 1821 3364 1890 quia
3391 1834 3486 1875 ne-

1908 1902 1999 1961 mo
2027 1889 2202 1961 omnia
2246 1898 2419 1961 potest
2444 1887 2582 1961 ferre
2611 1887 2892 1961 tormenta,
2922 1890 3119 1961 aliquid
3146 1887 3357 1946 illorum
3393 1889 3491 1946 eli-

1908 1959 2013 2013 ciat
2039 1960 2087 2014 ei
2123 1957 2361 2032 veritatis
2390 1957 2803 2032 confessionem.
2844 1957 3026 2032 Itaque
3053 1962 3369 2032 permissum
3404 1969 3490 2016 est

1909 2031 2156 2102 tentatori
2183 2031 2360 2102 omnia
2390 2030 2504 2099 ejus
2531 2033 2893 2102 exterminare
2916 2030 3018 2093 {et
3046 2030 3287 2102 perdere,
3316 2046 3487 2101 usque

1908 2099 1974 2155 ad
2020 2109 2243 2157 mortem
2283 2099 2509 2155 filiorum
2556 2118 2571 2154 :
2613 2111 2671 2155 ut
2707 2101 2751 2156 si
2791 2099 3060 2157 damnum'
3083 2102 3245 2159 ferret
3283 2099 3444 2158 bouin
3469 2141 3488 2168 ,

1909 2171 2087 2225 ovium
2117 2187 2222 2225 non
2245 2169 2442 2236 ferret;
2474 2178 2565 2225 aut
2588 2172 2631 2226 si
2657 2182 2712 2227 et
2736 2173 2915 2227 ovium
2940 2171 3137 2236 ferret,
3164 2172 3490 2228 camelorum

1909 2242 2249 2297 amissionem
2274 2255 2377 2296 non
2398 2240 2581 2307 ferret,
2595 2257 2769 2311 neque
2787 2256 3061 2297 servorum
3081 2243 3344 2298 auttotius
3366 2243 3493 2298 sub-

1909 2313 2146 2378 stantiae;
2164 2322 2254 2367 aut
2304 2315 2371 2377 si,
2406 2313 2527 2381 quia
2550 2312 2767 2382 grandis
2791 2313 2951 2367 animi
2969 2323 3085 2368 erat
3103 2324 3158 2368 et
3180 2313 3309 2368 satis
3329 2328 3492 2368 inerte

1911 2383 2228 2449 devotionis,
2261 2383 2343 2437 his
2371 2381 2615 2437 omnibus
2646 2398 2751 2438 non
2780 2384 3100 2450 vinceretur,
3122 2392 3270 2441 certe
3295 2384 3378 2439 vel
3406 2381 3488 2438 af-

1908 2452 2051 2508 fectu
2097 2454 2390 2517 charitatis,
2450 2464 2672 2524 cogente
2733 2452 3064 2524 frangeretur
3110 2466 3284 2510 morte
3329 2453 3490 2508 simul

1910 2525 2145 2578 omnium
2174 2524 2420 2579 filiorum.
2450 2522 2553 2579 Sed
2584 2524 2705 2594 quia
2730 2522 3051 2592 ante'legem
3077 2525 3296 2591 editam,
3318 2524 3490 2594 legem

1911 2540 2145 2578 omnium
2174 2540 2420 2579 tutorum.
2451 2540 2553 2579 aeu
2584 2540 2705 2647 quia
2730 2540 2854 2579 ante
2881 2540 3051 2592 legem
3077 2540 3296 2591 emtam,
3319 2540 3490 2594 regem

1911 2594 1963 2649 in
1991 2594 2152 2649 corde
2193 2610 2292 2650 suo
2321 2595 2573 2665 scriptam
2619 2595 2862 2658 tabebat,
2898 2594 3040 2648 nulla
3065 2594 3287 2665 damna,
3320 2610 3490 2665 neque

1908 2665 2164 2720 orbitates
2190 2663 2447 2719 minorem
2473 2666 2618 2719 illum
2645 2665 2698 2719 in
2728 2665 2822 2720 Dei
2849 2665 3131 2721 devotione
3154 2663 3417 2729 fecerunt,
3433 2675 3493 2719 ttt

1910 2733 2135 2807 formam
2164 2735 2315 2807 daret
2338 2737 2401 2790 ad
2427 2736 2592 2791 Deum
2619 2751 2682 2807 ex
2712 2745 2823 2790 toto
2845 2737 3007 2791 corde
3027 2751 3186 2807 super
3210 2735 3492 2807 omnia_di-

1911 2805 2199 2878 ligendutu.
2223 2806 2428 2874 Quanta
2445 2822 2572 2877 ergo
2599 2806 2790 2878 dignus
2815 2814 2899 2862 est
2922 2804 3109 2878 gloria,
3131 2806 3222 2878 qui
3243 2816 3364 2861 ante
3388 2804 3493 2860 Le.

1910 2891 2052 2945 gem,
2084 2876 2280 2947 Legem
2310 2875 2572 2943 servavit,
2601 2875 2792 2932 ut‘Lex
2823 2875 2943 2947 qusi
2971 2875 3293 2932 futttra'erat
3312 2918 3329 2945 ,
3358 2891 3494 2947 quo-

1912 2949 2070 3001 modo
2096 2945 2439 3003 custodienda
2467 2957 2600 3011 erat,
2630 2945 3052 3015 demonstraret,
3079 2962 3184 3002 non
3209 2948 3261 3002 in
3292 2945 3490 3012 verbis,

1914 3018 2005 3073 sed
2047 3029 2234 3073 auctor
2260 3019 2310 3072 in
2343 3018 2530 3074 factis?
2560 3020 2623 3073 Et
2648 3019 2771 3089 quia
2807 3028 3038 3089 tentatur
3062 3019 3360 3073 irreverens
3384 3026 3489 3089 est,

1914 3103 2013 3144 nec
2051 3088 2167 3143 [nec
2195 3090 2359 3159 gloria
2392 3091 2520 3144 satis
2559 3090 2607 3144 ei
2647 3088 2754 3143 visa
2785 3099 2868 3145 est
2895 3088 2959 3143 ad
3000 3089 3365 3159 probationem
3392 3088 3494 3159 viri

1908 3161 2065 3228 justi,
2100 3157 2218 3214 nisi»
2247 3159 2390 3214 aliud
2428 3159 2682 3214 adversus
2719 3174 2842 3213 eum
2882 3157 3308 3224 machinaretnr,
3348 3157 3492 3227 quod

1913 3232 2074 3285 sciret
2108 3230 2177 3284 ab
2218 3230 2434 3286 homine
2463 3228 2588 3283 ferri
2628 3245 2731 3284 non
2779 3245 2967 3299 posse:
3001 3230 3149 3299 petiit
3183 3230 3404 3290 iterum,
3438 3235 3498 3283 ut

1916 3302 2062 3356 illum
2087 3303 2261 3367 ipsum
2288 3316 2432 3355 saevo
2473 3300 2693 3355 vulnere
2721 3308 3024 3370 percuteret
3060 3315 3090 3355 a
3127 3300 3299 3370 capite
3327 3313 3498 3370 usque

1916 3371 1980 3442 ad
2012 3371 2202 3440 pedum
2235 3387 2455 3442 ungues.
2487 3372 2696 3426 Etcum
2724 3369 2827 3426 hoc
2850 3373 3165 3441 permissum
3186 3369 3350 3435 esset,
3372 3369 3496 3442 quia

1917 3438 2049 3497 ﬁdes
2076 3442 2126 3497 ei
2155 3438 2335 3496 haberi
2365 3458 2473 3497 non
2500 3442 2692 3507 debet,
2722 3438 3044 3512 praeceptum
3071 3450 3155 3498 est
3180 3441 3231 3496 ei
3249 3482 3264 3506 ,
3293 3448 3348 3512 ut
3376 3438 3497 3512 ani-

1916 3528 2057 3566 mam
2080 3514 2202 3581 ejus
2228 3522 2466 3567 servaret
2491 3522 2705 3581 propter
2725 3509 3029 3577 arbitrium,
3056 3521 3110 3567 et
3136 3526 3204 3567 ne
3227 3509 3353 3582 quid
3383 3510 3498 3566 vio-

1918 3582 2088 3637 lenter
2114 3583 2333 3637 auderet
2368 3584 2420 3637 in
2452 3598 2604 3646 eum,
2636 3598 2792 3650 quem
2833 3583 3053 3637 rationis
3084 3582 3207 3651 jure
3243 3594 3498 3650 superare

1918 3668 2020 3706 non
2054 3662 2277 3721 poterat.
2326 3653 2552 3720 Accepta
2581 3652 2738 3721 igitur
2766 3660 3045 3720 potestate,
3086 3651 3495 3721 recrudescente

1918 3723 1970 3776 in
1997 3720 2061 3777 se
2082 3723 2410 3776 crudelitatis
2437 3720 2657 3784 saevitia,
2684 3723 2941 3790 percussit
2962 3721 3129 3775 virum
3153 3720 3353 3789 justum
3383 3720 3496 3789 pla-

1915 3807 1979 3862 ga
2006 3807 2194 3861 magna
2223 3792 2409 3855 nimis,
2458 3802 2514 3845 ut
2543 3792 2670 3846 nihil
2696 3801 2833 3862 esset
2863 3794 2915 3845 in
2949 3805 3173 3859 corpore
3208 3791 3351 3862 quod
3391 3792 3494 3843 im-

1918 3861 2078 3916 mune
2105 3873 2245 3917 esset
2271 3878 2300 3915 a
2330 3863 2574 3933 vulnere,
2613 3861 2751 3933 quod
2779 3877 2937 3917 nemo
2960 3862 3231 3933 hominum
3265 3861 3496 3917 tolerare

1920 3943 2132 4002 posset,
2177 3933 2277 3987 nisi
2304 3931 2449 3987 solus
2475 3931 2640 3995 Joh‘,
2676 3934 2764 4002 qui
2796 3932 3008 3987 vincere
3034 3932 3204 4002 potuit
3231 3940 3491 3986 satanam.

1922 4004 2122 4057 Etcum
2148 4018 2247 4057 nec
2273 4004 2349 4057 sic
2379 4003 2609 4072 nequitia
2631 4002 2825 4057 diaboli
2853 4003 3067 4072 aliquod
3094 4017 3336 4072 murmur
3361 4015 3495 4072 con-

1921 4082 1998 4127 tra
2028 4074 2192 4127 Deum
2224 4074 2338 4126 viro
2359 4070 2504 4141 justo
2532 4074 2764 4136 eliceret,
2802 4070 3009 4127 membr
3034 4071 3270 4141 pristina:
3297 4070 3499 4127 callidi-

1923 4145 2041 4198 tatis
2062 4159 2191 4225 sum,
2213 4159 2314 4213 qua
2336 4144 2545 4225 decepit
2572 4143 2980 4225 Adam,.sat_eg_i_t.
2992 4144 3036 4196 si
3066 4152 3245 4224 posset
3255 4150 3319 4225 _et
3337 4141 3496 4225 istum

1924 4230 2017 4285 per
2047 4212 2320 4285 mulierem
2364 4212 2643 4285 decipere;
2685 4214 2808 4282 quia
2846 4213 3194 4285 faciliusquis
3236 4212 3497 4285 decipitur

1922 4281 2017 4354 per
2038 4284 2409 4339 domesdcum.
2445 4281 2511 4338 Et
2534 4285 2584 4336 in
2625 4281 2714 4337 his
2729 4284 2976 4354 omnibus
3002 4281 3132 4337 nihil
3174 4281 3457 4353 proficiens
3479 4322 3495 4346 ,

1923 4353 2029 4410 imo
2056 4355 2438 4410 detrimentum
2478 4353 2675 4409 faciens
2711 4353 3197 4422 impudentissimus
3239 4363 3488 4418 satanas,

1924 4441 2028 4481 non
2053 4427 2224 4481 solum
2254 4425 2576 4479 immobilem
2605 4425 2803 4479 invenit
2832 4425 2924 4479 Dei
2952 4439 3186 4489 servum,
3213 4423 3307 4479 sed
3336 4423 3499 4479 etiam

1924 4499 2254 4567 magistrum.
2288 4495 2343 4550 In
2367 4497 2478 4564 ipsa
2495 4495 2978 4567 enimnecessitate
3006 4496 3225 4564 positus,
3251 4509 3355 4549 non
3379 4503 3497 4548 tan-

1927 4565 2033 4622 tum
2062 4569 2114 4621 iu
2144 4566 2236 4620 Dei
2265 4568 2455 4621 timore
2474 4565 2703 4631 duravit,
2735 4582 2916 4619 verum
2943 4567 3100 4621 etiam
3130 4580 3349 4621 uxorem
3372 4579 3502 4619 con-

1926 4639 2085 4693 traria
2116 4646 2486 4708 suggerentem
2509 4637 2809 4708 increpans,
2830 4637 3028 4703 docuit,
3051 4637 3228 4708 omnia
3250 4651 3368 4708 quae
3392 4636 3500 4708 Deo

1928 4705 2268 4778 permittente
2287 4708 2553 4772 accidunt,
2582 4707 2790 4762 fortiter
2806 4707 3077 4762 toleranda
3101 4705 3222 4777 (Job
3240 4705 3297 4773 tt,
3319 4707 3464 4776 HO)
3484 4724 3498 4761 :

1927 4779 2062 4848 quod
2092 4778 2159 4832 ad
2183 4778 2446 4848 duplicem
2474 4792 2687 4848 pteuam
2719 4779 2945 4846 pertinet
2970 4778 3499 4848 improvidisatanze,

1927 4847 2047 4917 quia
2075 4863 2177 4904 nec
2200 4847 2362 4901 suasit
2386 4847 2527 4916 quod
2548 4849 2735 4913 voluit,
2754 4859 2809 4902 et
2832 4864 2954 4902 cum
2986 4849 3107 4901 huic
3129 4847 3331 4911 invidit,
3362 4847 3500 4902 alios

1929 4919 2051 4972 fecit
2084 4919 2291 4973 discere
2317 4917 2457 4987 quod
2486 4933 2585 4972 nec
2617 4917 2757 4971 hunc
2785 4918 2923 4972 scire
2960 4918 3189 4971 volebat.
3234 4918 3501 4982 Quantum

1928 4991 2069 5044 enim
2108 4988 2273 5056 prosit
2298 4988 2520 5042 tentatio
2546 4987 2642 5041 Dei
2667 4987 2864 5051 servis,
2897 4997 2949 5040 et
2976 4987 3111 5041 obsit
3137 4987 3372 5051 diabolo,
3406 4989 3505 5044 hac

1931 5060 2156 5116 lectione
2197 5059 2401 5128 plenius
2428 5057 2736 5112 edocemur.
2775 5056 2909 5112 Cum
2949 5058 3091 5113 enim
3125 5066 3272 5126 putat
3310 5072 3369 5112 se
3405 5075 3504 5112 no-

1928 5145 2052 5185 cere
2077 5130 2188 5194 eis,
2216 5138 2507 5200 promovet
2532 5143 2659 5195 eos;
2700 5138 2755 5183 et
2783 5142 2901 5200 cum
2932 5145 3105 5200 unum
3151 5130 3503 5199 persequitur,

1930 5202 2125 5257 multos
2163 5199 2501 5255 ad'virtutem
2531 5207 2803 5269 provocat.
2848 5199 3100 5255 Videntes
3126 5201 3267 5255 enim
3296 5200 3505 5254 auxiliis

1934 5273 2035 5326 Dei
2066 5270 2207 5325 hunc
2231 5271 2452 5341 protegi,
2483 5271 2635 5341 multi
2662 5270 2957 5327 imitatores
2980 5271 3095 5341 ejus
3114 5269 3503 5341 existunt._Lu-

1931 5357 2080 5396 crum
2113 5338 2243 5411 ergo
2267 5338 2451 5397 volens
2474 5339 2648 5412 facere
2676 5341 2921 5412 perdidit.
2952 5338 3171 5411 Semper
3197 5340 3339 5395 enim
3359 5338 3510 5395 furor

1932 5414 2049 5483 ejus
2075 5412 2363 5483 damnosus
2382 5420 2464 5466 est
2487 5413 2557 5466 ei.
2579 5411 2709 5467 Nam
2739 5429 2859 5468 cum
2891 5412 3233 5483 persequitur
3241 5411 3414 5479 justus
3441 5425 3510 5466 ne

1935 5482 2298 5547 munerentur,
2328 5482 2595 5553 digniores
2623 5498 2719 5538 eos
2742 5486 2864 5538 facit
2900 5501 2912 5536 :
2938 5492 3132 5536 etcum
3159 5482 3360 5553 zelatur
3385 5496 3510 5535 san-

1934 5565 2077 5610 ctum
2107 5553 2227 5621 Job,
2255 5552 2543 5623 duplicavit
2564 5554 2615 5609 ei
2647 5554 2889 5623 meritum
2915 5553 2968 5606 in
2998 5553 3217 5623 cteloet
3241 5552 3291 5606 in
3325 5561 3465 5607 terra
3493 5568 3510 5617 ;

1935 5626 2055 5696 quia
2078 5634 2132 5681 et
2156 5625 2241 5680 hic
2264 5621 2453 5680 auctus
2477 5632 2579 5691 est,
2602 5632 2654 5678 et
2680 5624 2731 5676 in
2756 5622 2905 5677 cmlis
2924 5638 3045 5677 cum
3070 5621 3343 5679 Salvatore
3361 5638 3513 5679 rece-

2002 5782 2018 5813 ¹
2039 5788 2091 5830 tn
2113 5780 2257 5831 editis
2291 5779 2452 5837 deest,
2475 5776 2579 5837 Job,
2617 5778 2746 5840 quod
2792 5781 3063 5833 restituitur
3106 5794 3167 5835 ex
3198 5791 3275 5836 us.
3315 5782 3514 5837 Colber-
3614 5757 3629 5765 ‘

1938 5841 2059 5893 duo.
