3968 6364
548 317 691 377 2375

548 444 657 500 alta
687 443 781 501 Dei
809 444 967 509 scire,
989 452 1044 501 et
1067 445 1396 501 voluntatem
1420 443 1514 499 Dei
1541 459 1646 516 non
1673 444 1936 513 ignorare,
1965 457 2126 495 unum

549 519 833 590 significat.
865 517 1018 590 Quid
1049 518 1191 574 enim
1212 525 1346 590 _tam
1387 517 1551 590 altum
1595 515 1901 590 niy_steriut_n
1925 554 1938 574 ,
1970 527 2126 582 quam

550 584 796 645 voluntas
822 584 905 644 est
931 589 1025 644 Dei
1044 630 1058 651 .
1088 587 1227 656 quod
1255 589 1522 657 cognitum
1553 596 1633 638 est
1661 584 1877 652 Spiritui
1901 596 2086 657 sancto
2111 624 2126 647 ,

549 660 762 718 exteris
803 665 929 717 vero
957 654 1282 730 incognitum
1323 654 1404 711 est
1444 657 1720 730 omnibus?
1760 654 2128 730 tiontuenduui

549 731 748 802 etenim
776 739 861 786 est
887 724 1377 802 quomododit-tum
1419 729 1520 802 sit,
1553 727 1670 802 quia
1701 743 1862 802 .nemo
1891 724 2128 802 scitquid

549 801 618 857 sit
637 802 692 856 in
721 793 940 867 nomine,
968 801 1065 855 nisi
1089 800 1294 870 spiritus
1323 793 1745 870 licininiquuilin
1775 812 1832 848 eo
1855 805 1923 870 est
1949 795 1990 866 (Ι
2009 793 2127 850 Cor.

552 870 760 954 Il,Lil)_
783 888 802 954 ξ
831 866 1378 954 ερίζὶιιιηιρηἰηξτιω.
1399 868 1708 954 signiﬁcavit
1745 885 1759 947 ξ
1799 866 1947 954 quia!
1973 881 2131 954 nemo

552 935 654 998 scit
672 935 800 1014 quid
826 935 896 999 ait
919 942 1197 1014 inanimo
1240 935 1470 1014 hominis
1488 981 1502 1003 ,
1535 938 1646 1014 nisi_
1674 935 1881 990 animus
1901 935 2128 1014 ejus_qui

553 1022 654 1088 est
677 1008 913 1088 spiritus.
934 1011 1043 1088 ⁸δὶς)
1068 1023 1120 1088 et
1167 1012 1218 1065 in
1247 1011 1565 1088 Deo-nemti
1575 1008 1674 1062 scit
1710 1022 1831 1088 quze
1854 1016 1977 1088 sunt
2003 1008 2096 1088 Del
2114 1052 2132 1074 ,

551 1083 656 1138 nisi
678 1077 908 1151 Spiritus
934 1083 1061 1148 Dei,
1095 1084 1195 1136 hoc
1222 1090 1338 1145 est,
1369 1081 1482 1149 ipse
1532 1079 1690 1133 Deus.
1737 1077 1834 1146 Qui
1858 1077 2021 1151 _euim
2065 1078 2132 1132 de

553 1152 667 1208 Deo
693 1149 778 1208 est
805 1154 823 1186 ¹
845 1196 860 1217 ,
886 1169 990 1208 non
1021 1153 1162 1207 aliud
1193 1152 1510 1221 intelligiturﬁ
1525 1164 1645 1204 esse
1670 1164 1828 1217 quam
1846 1149 1997 1221 Deus
2023 1157 2125 1221 est.

553 1221 955 1294 ldeoiispiritus
986 1224 1077 1278 Dei
1104 1223 1203 1278 scit
1247 1219 1382 1294 quid
1403 1222 1454 1294 in
1489 1220 1598 1274 Deo
1621 1227 1736 1283 est,
1769 1220 1889 1289 quia
1928 1219 1994 1294 de
2025 1219 2133 1294 Deo

552 1299 658 1364 est.
684 1290 816 1350 Nam
866 1297 910 1348 si
950 1290 1294 1364 cogitationes
1320 1293 1588 1346 humilium
1629 1306 1786 1364 nemo
1828 1290 1978 1343 novit
2027 1290 2128 1364 nisi

554 1363 730 1430 Deus;
761 1373 960 1434 quanto
981 1360 1145 1435 magis
1177 1365 1268 1435 Dei
1298 1371 1503 1435 secreta
1531 1369 1584 1414 et
1603 1362 1924 1435 voluntatem
1955 1360 2133 1435 nullus

627 1443 729 1506 test
765 1430 1100 1506 cognoscere
1125 1433 1226 1489 nisi
1255 1435 1330 1506 sit
1355 1433 1420 1506 de
1435 1433 1578 1506 Deo.
1608 1431 1710 1506 hoc
1749 1440 1830 1506 est
1858 1430 1996 1483 idem
2013 1432 2136 1506 ipse

627 1448 729 1489 test
779 1450 1100 1506 cognoscere
1125 1450 1226 1489 nisi
1260 1448 1330 1487 su
1355 1448 1420 1486 ae
1445 1448 1578 1489 ueo.
1608 1448 1710 1484 noc
1749 1448 1830 1483 ρει
1858 1448 1996 1483 idem
2021 1448 2133 1498 ipse

552 1448 737 1561 mus?
765 1504 880 1574 Ipse
907 1515 988 1560 est
1016 1507 1154 1560 enim
1204 1504 1306 1558 sibi
1347 1504 1446 1557 soli
1477 1502 1747 1574 cognitus.
1781 1500 1909 1554 Nam
1951 1503 2133 1574 utique

553 1573 607 1630 in
639 1576 746 1630 Deo
777 1571 882 1630 non
920 1586 1044 1632 sunt
1071 1575 1443 1644 cogitationes.
1472 1571 1580 1644 Nec
1604 1571 1752 1644 enim
1776 1579 1964 1644 tractat
1990 1571 2131 1638 apud

552 1659 613 1700 se
639 1647 764 1717 quid
818 1648 1006 1712 iaciat,
1051 1640 1163 1702 aut"
1191 1645 1314 1715 quid
1355 1642 1672 1717 nonl'aciat.
1723 1640 2130 1717 deliberatisan

555 1711 832 1786 expediat;
862 1711 998 1787 quia
1032 1711 1348 1787 omniaquae
1372 1715 1440 1787 Vin
1475 1713 1582 1765 Deo
1598 1721 1732 1787 _sunt
1771 1713 1884 1787 siue
1920 1711 2132 1787 dubita-

559 1781 702 1843 tione
731 1781 855 1843 suut
876 1781 980 1842 non
1008 1803 1103 1856 per
1127 1781 1494 1842 accidentium,
1519 1781 1613 1836 sed
1643 1799 1736 1856 per
1755 1783 2127 1856 substantiam;

555 1873 655 1914 nec
694 1874 788 1929 per
808 1853 1039 1914 studium
1059 1899 1075 1922 ,
1098 1858 1192 1912 sed
1219 1861 1619 1929 per_natttratn;
1650 1853 1782 1929 quia
1802 1868 1906 1906 non
1936 1854 2132 1906 immu-

555 1924 740 1982 tatur".
773 1931 850 1984 Ac
873 1944 965 1997 per
995 1929 1095 1998 hoc
1135 1941 1238 1980 non
1283 1925 1436 1998 aliter
1465 1924 1611 1998 novit
1648 1925 2131 1998 Spiritussanctus

555 2000 807 2070 mysteria
837 1994 962 2062 Dei,
997 1994 1093 2070 nisi
1127 2011 1219 2065 per
1255 1995 1650 2070 substantiam:
1683 2009 1782 2048 una
1819 1994 1960 2070 enim
1999 1995 2130 2070 sub-

553 2065 746 2124 stantia
792 2085 954 2123 unum
1003 2068 1160 2123 habet
1204 2082 1416 2121 sensum
1459 2075 1512 2120 et
1540 2065 1880 2118 voluntatem.
1922 2065 1994 2119 De
2026 2067 2132 2120 Deo

554 2138 808 2210 loquitur,
840 2142 927 2210 qui
951 2154 1162 2210 semper
1184 2152 1322 2193 unus
1345 2147 1398 2190 et
1418 2135 1758 2210 immutabilis
1784 2144 1902 2210 est,
1933 2137 2045 2210 s_ive
2076 2137 2129 2190 in

555 2205 692 2264 Filio
715 2252 731 2275 ,
759 2205 871 2264 sive
896 2209 948 2264 in
974 2205 1173 2278 Spiritu
1211 2219 1412 2262 sancto.
1443 2205 1606 2278 Quod
1629 2208 1771 2261 enim
1804 2205 1912 2278 vult
1941 2206 2128 2270 Pater,

553 2279 658 2335 hoc
683 2281 797 2335 vult
824 2290 876 2335 et
905 2276 1068 2334 Filius
1091 2296 1106 2344 ;
1138 2289 1192 2334 et
1215 2279 1354 2348 quod
1379 2279 1492 2348 vult
1514 2276 1710 2341 Filius,
1735 2277 1922 2348 eadem
1944 2278 2054 2348 vult
2079 2285 2133 2330 et

553 2348 784 2419 Spiritus
821 2360 1052 2405 sanctus.
1080 2347 1434 2419 Quamobrem
1452 2347 1737 2419 aliquando
1753 2347 1945 2419 dicitur
1967 2347 2132 2415 Spiri-

554 2417 639 2476 tus
673 2422 786 2486 Dei,
817 2421 1096 2491 aliquando
1123 2420 1352 2488 Spiritus
1366 2417 1566 2491 Chrlsti
1590 2435 1602 2470 ε
1625 2418 1771 2483 Quia
1793 2417 1922 2491 Deo,
1941 2419 2126 2486 inquit,

554 2492 815 2563 procedit;
840 2488 922 2553 et,
965 2491 1041 2563 de_
1067 2507 1175 2544 meo
1197 2491 1425 2563 accipiet.
1457 2489 1588 2563 llinc
1623 2488 2132 2563 estundeloiinnes

551 2557 824 2631 apostolus
851 2563 925 2616 ait
956 2580 969 2616 :
994 2559 1078 2614 Ex
1092 2562 1184 2614 hoc
1209 2557 1392 2614 scimus
1408 2557 1684 2631 quiaDeus
1705 2559 1755 2631 iu
1777 2559 1920 2612 nobis
1941 2571 2127 2631 manet,

552 2628 616 2704 de
645 2632 843 2704 Spiritu
871 2650 964 2686 suo
987 2675 1000 2696 ,
1029 2649 1174 2704 quem
1197 2628 1428 2704 deditin‘
1455 2629 1595 2682 nobis
1625 2629 1643 2700 (
1666 2630 1681 2682 |
1707 2628 1862 2683 Joan.
1895 2645 1988 2704 Ill,
2015 2630 2128 2700 24).

551 2701 697 2776 Ergo
721 2705 766 2759 si
807 2703 1009 2776 Spiritu
1032 2701 1131 2776 Dei
1155 2704 1207 2756 in
1231 2701 1381 2776 nobis
1403 2711 1668 2766 manente,
1697 2717 1911 2776 manere
1940 2701 2132 2776 dicitur

552 2773 607 2828 in
630 2771 779 2830 nobis
820 2771 998 2840 Deus,
1029 2775 1167 2828 Deus
1208 2771 1534 2842 signiﬁcatur
1577 2786 1694 2825 esse.
1738 2772 1965 2840 Spiritus
2017 2771 2128 2825 Dei.

551 2843 810 2915 Denique,
841 2844 941 2900 hoc
965 2854 1048 2900 est
1089 2841 1296 2914 signum
1314 2841 1651 2915 credentium
1673 2882 1688 2907 ,
1709 2843 1852 2911 quod
1903 2843 2008 2915 sint
2039 2842 2130 2896 lilii

551 2913 677 2980 Dei,
706 2911 770 2972 'ut
819 2931 940 2973 cum
987 2911 1457 2982 hunc—accipiunt,
1502 2911 1590 2966 Dei
1631 2927 1689 2966 se
1725 2915 1858 2966 Iilios
1902 2913 2132 2967 audeant

549 2987 834 3054 appellare.
863 2985 972 3042 Nisi
998 2987 1140 3042 enim
1178 2986 1383 3054 signum
1425 2984 1636 3038 deitatis
1687 2983 2000 3050 habuerint,
2038 2984 2131 3038 Dei

552 3054 645 3128 illii
688 3058 791 3113 dici
833 3073 938 3112 non
971 3066 1236 3128 poterunt.
1265 3057 1576 3128 Quanquam
1620 3054 1812 3128 aliquis
1839 3069 1994 3128 verus
2037 3055 2130 3108 Dei

552 3125 692 3183 illius
719 3143 822 3182 non
849 3135 933 3184 est
951 3123 985 3193 ,’
1004 3138 1061 3182 ut
1085 3129 1155 3182 sit
1183 3137 1324 3181 totus
1353 3126 1420 3180 de
1439 3123 1552 3178 toto
1574 3165 1587 3187 ,
1620 3123 1758 3179 sicut
1786 3135 1838 3179 et
1865 3123 2126 3180 Christus.

551 3195 654 3267 Per
680 3199 1016 3267 adeptionem
1064 3208 1239 3253 autem
1272 3198 1404 3251 liuut
1431 3197 1521 3249 lilii
1545 3195 1645 3267 γυφὶ
1673 3237 1687 3259 ,
1716 3206 1775 3250 ιιι
1811 3198 2129 3266 accipientes

549 3264 804 3336 Spiritum
833 3268 1028 3323 Christi
1074 3283 1165 3336 per
1207 3267 1378 3336 ipsum
1403 3267 1492 3320 lilii
1539 3265 1628 3318 Dei
1667 3264 1938 3333 dit-antur,
1965 3284 2057 3334 per
2079 3267 2130 3321 id

550 3338 690 3408 quod
721 3339 788 3394 de
819 3339 926 3392 Deo
953 3347 1034 3393 est
1060 3353 1218 3408 quem
1251 3339 1302 3391 in
1335 3351 1394 3391 se
1426 3336 1626 3408 habent
1665 3337 1939 3408 Spiritum.
1979 3336 2035 3390 ln
2067 3340 2129 3390 ti-

549 3407 636 3480 li_is
664 3410 805 3464 enim
826 3450 842 3476 ,
873 3409 1116 3480 quamvis
1148 3407 1438 3480 adoptativi
1463 3409 1601 3473 sint,
1638 3407 1800 3480 patris
1838 3416 2014 3480 tamen
2062 3423 2131 3480 ex

550 3477 724 3550 aliqua
756 3477 905 3551 parte
929 3478 1090 3536 debet
1123 3477 1288 3534 videri
1333 3478 1650 3551 substantia.
1681 3477 1733 3531 ln
1765 3479 1963 3551 mundo
1987 3479 2129 3533 enim

548 3549 670 3619 quia
698 3549 786 3606 res
811 3552 1132 3621 imperfecta:
1159 3559 1318 3614 sunt,
1343 3549 1576 3618 adoptati
1606 3550 1673 3603 ab
1702 3550 2001 3621 hominibus
2039 3551 2128 3605 lilii

547 3622 758 3694 nullum
782 3620 990 3694 pignus,
1015 3621 1109 3676 sed
1137 3621 1306 3694 solum
1344 3635 1537 3694 nomen
1559 3620 1842 3694 accipiunt.
1873 3621 2012 3694 Deus
2037 3637 2130 3694 au-

549 3698 653 3746 tem
678 3690 802 3763 quia
840 3690 1102 3763 perlectus
1131 3701 1233 3757 est,
1259 3693 1377 3762 plus
1402 3691 1522 3744 facit
1541 3732 1555 3755 ,
1589 3701 1642 3745 ut
1671 3690 2128 3763 adoptatisSpiri~

549 3770 658 3816 tum
691 3762 850 3818 Suum
875 3764 1000 3828 det,
1024 3778 1118 3833 per
1141 3778 1298 3833 quem
1319 3763 1549 3833 aliquam
1575 3763 1851 3817 veritatem
1894 3762 2128 3833 adoptati

545 3833 614 3887 ab
628 3848 693 3888 eo
705 3835 980 3890 videantur
996 3832 1209 3898 habere;
1234 3834 1354 3904 quia
1365 3832 1620 3888 voeabula
1641 3833 1757 3887 sine
1779 3833 1937 3887 rebus
1955 3832 2127 3888 inania

547 3912 692 3968 sunt,
723 3906 1012 3972 Apostolus
1038 3914 1216 3958 noster
1241 3905 1377 3958 hanc
1397 3917 1744 3958 assertionem
1775 3914 2012 3958 nostram
2036 3905 2130 3958 ad-

542 3973 724 4043 juvat,
752 3975 934 4032 dicens
955 3995 967 4030 :
990 3973 1036 4032 0
1063 3975 1277 4029 altitudo
1307 3975 1591 4028 divitiarum
1615 3976 1877 4044 sapientia:
1896 3985 1940 4029 et
1967 3977 2128 4030 scien-

657 4045 756 4130 _D“ei
774 4050 791 4100 .’
820 4064 972 4130 quam
991 4046 1335 4130 inseratabitia
1358 4054 1481 4130 sunt
1497 4046 1697 4130 judicia
1725 4047 1831 4116 ejus
1852 4087 1866 4111 ,
1895 4048 2128 4130 ent-inves-

546 4116 773 4190 tigabiles
795 4116 889 4173 vite
911 4120 1019 4190 ejus
1044 4117 1220 4190 (Rom.
1249 4133 1300 4171 xi
1319 4158 1334 4180 ,
1367 4117 1481 4190 55)!
1506 4118 1641 4182 Qtiid
1663 4127 1838 4190 tamen
1867 4117 1963 4172 sibi
1993 4119 2123 4190 vult,

544 4189 685 4257 quod
717 4203 837 4244 cum
869 4187 996 4244 alibi
1025 4187 1168 4243 dicat
1201 4188 1503 4243 scrutabilia
1531 4201 1651 4242 esse
1677 4190 1781 4243 alta
1811 4189 1898 4242 Dei
1921 4231 1936 4251 ,
1969 4187 2020 4242 id
2044 4199 2127 4244 est

544 4269 771 4329 secreta,
796 4261 896 4316 hoc
924 4259 978 4314 in
1002 4259 1120 4315 loco
1135 4258 1384 4329 deneget,
1407 4257 1590 4312 dicens
1611 4260 1967 4316 inscrutabilia
1983 4261 2125 4314 esse?

679 4331 737 4407 in
778 4332 878 4387 hoc
904 4331 1021 4386 loco
1051 4330 1118 4407 de
1146 4326 1734 4407 cretiiu‘ra_dii_iit_,‘quia
1766 4331 2123 4385 inscrutabilia

544 4399 670 4460 sunt
693 4405 742 4460 ei
763 4413 967 4460 secreta
996 4403 1078 4457 vel
1099 4402 1293 4473 judicia
1314 4399 1405 4454 Dei
1432 4400 1682 4473 :Spiritui
1711 4409 1886 4473 autem
1917 4412 2120 4466 sancto,

543 4488 610 4530 eo
635 4475 776 4545 quod
803 4475 980 4528 omnia
1006 4471 1356 4535 Dei'noverit,
1381 4471 1682 4545 scrutabilia
1699 4472 1832 4545 dixit
1856 4488 1975 4526 esse
1995 4487 2126 4525 cuu-

542 4553 626 4598 cta
654 4540 774 4617 quae
803 4547 855 4617 in
883 4545 992 4617 Deo
1035 4553 1196 4606 sunt;
1240 4551 1297 4596 ut
1336 4540 1478 4617 quod
1513 4551 1784 4617 creaturae»
1802 4541 2121 4617 incognitum

545 4624 631 4696 est
649 4612 793 4682 [Dei
821 4615 1075 4696 Spiritum
1101 4621 1305 4696 asserat
1331 4627 1434 4664 non
1466 4612 1726 4696 ignorare.
1743 4612 1845 4696 _Dei
1873 4626 2001 4696 ergo
2024 4629 2122 4696 n_a-

545 4681 662 4739 tura
692 4681 877 4758 negari
901 4701 1004 4738 non
1045 4691 1249 4754 potest,
1279 4697 1397 4758 quae
1444 4681 2123 4758 Cttglljlllln_habelquodni].

543 4752 785 4812 creatura
808 4752 1104 4826 nonpotést
1140 4752 1536 4826 comprehendi.
1561 4752 1658 4820 Qui
1699 4752 2014 4824 degetierein
2043 4753 2124 4807 di-

543 4836 674 4884 cunt
687 4823 944 4898 Spiritum
958 4835 1196 4898 sanctum
1222 4826 1332 4898 D_ei,
1351 4823 1561 4898 pulsant
1573 4823 1917 4892 propositum,
1937 4826 2023 4896 qui
2043 4835 2124 4880 to-

544 4899 644 4955 tius
658 4895 916 4956 creaturis
931 4899 1156 4954 salutem
1175 4897 1224 4951 in
1244 4896 1517 4952 Trinitatis
1532 4895 1804 4954 divinitate
1832 4895 2122 4954 coiis’iStere

543 4969 834 5042 declaravit
867 4970 1026 5042 :quia
1072 4971 1116 5025 si
1145 4968 1758 5042 consubstantivuslnon
1807 4980 1889 5026 est
1918 4973 2026 5026 Deo
2070 4982 2123 5027 et

541 5038 783 5108 Christo,
811 5038 1046 5110 ineptum
1075 5050 1155 5096 est
1194 5053 1392 5110 ponere
1436 5039 1592 5094 istum
1623 5041 1673 5094 iu
1703 5059 1926 5099 numero
1954 5044 2122 5098 Patris

541 5119 596 5166 et
614 5110 742 5185 Filii
763 5121 861 5185 ,Aut
884 5114 1000 5185 sine
1027 5113 1128 5167 hoc
1156 5126 1328 5182 neque
1351 5111 1503 5185 salus
1523 5112 1678 5185 alicui
1707 5113 1808 5177 sit,
1839 5130 2010 5185 neque
2033 5117 2119 5169 di-

537 5182 733 5253 gnitas.
781 5182 836 5238 Si
884 5184 1026 5237 enim
1073 5198 1177 5238 nou
1230 5181 1312 5238 est
1355 5181 1594 5251 ejusdem
1649 5181 1973 5251 divinitatis,
2028 5197 2121 5242 aut

537 5254 718 5317 stulte,
749 5262 840 5310 aut
861 5253 1024 5326 gratis
1047 5253 1291 5326 ellectum
1312 5253 1452 5320 est’;
1479 5253 1620 5324 quod
1649 5256 1803 5311 absit.
1823 5257 1951 5326 Quis
1978 5261 2118 5314 enim

537 5323 884 5397 prudentium
904 5323 1132 5396 deneget
1165 5324 1470 5380 Creatorem
1500 5323 1620 5381 eum
1651 5323 1890 5383 creatura
1920 5344 2122 5385 connu-

536 5399 732 5455 merari
763 5415 868 5454 non
892 5412 1068 5468 posse,
1094 5403 1542 5469 neque_a:ternuui
1565 5413 1684 5452 eum
1707 5415 1772 5454 eo
1790 5401 1879 5469 qui
1903 5401 2002 5455 sub
2023 5403 2122 5456 iui-

537 5469 611 5526 tio
630 5471 702 5526 sit
727 5467 1048 5540 comparari,
1067 5482 1241 5539 neque
1260 5467 1538 5542 Dominum
1568 5485 1688 5524 cuin
1717 5467 1872 5542 servo
1898 5473 2114 5542 mquari,

534 5555 710 5612 neque
755 5538 1026 5613 potentem
1090 5538 1211 5597 cum
1284 5538 1576 5608 impotente
1628 5541 1858 5597 conferri
1881 5584 1896 5610 ,
1943 5538 2117 5616 neque

598 5666 828 5735 εωηωρ
846 5679 960 5723 Deo.
979 5678 1034 5735 At
1054 5679 1139 5722 its.
1159 5671 1395 5735 eolbert.,
1414 5671 1477 5724 de
1501 5680 1618 5725 Deo.

597 5733 716 5794 ms.
738 5731 968 5794 Οοῶει-ιη
989 5732 1316 5786 immutatum.

599 5793 620 5824 ³
643 5801 723 5843 Ms.
746 5793 977 5857 OolberL,
1000 5804 1080 5844 aut
1099 5796 1304 5859 gratiose
1321 5799 1502 5855 factm
1512 5802 1602 5851 est.

1545 314 1992 386 QUIESTIONES
2029 311 2124 370 EX
2164 312 2486 380 UTROQUE
2525 315 2788 374 MIXTIM.

3683 319 3801 378 2376

2239 440 2408 495 scium
2430 457 2550 496 cum
2578 441 2746 496 inscio
2770 437 3049 510 deputari?
3075 435 3182 494 Sed
3199 438 3305 510 jam
3325 447 3511 496 cesset
3540 435 3800 500 calumnia.

2237 510 2449 582 Tertius
2488 514 2628 567 enim
2683 513 2871 566 ordine
2915 519 3027 574 est,
3075 525 3179 565 non
3224 521 3444 575 natura;
3492 513 3688 582 gradu,
3717 533 3800 571 non

2236 581 2770 650 divinitatemersona
2795 625 2810 648 ,
2841 597 2944 636 non
2965 583 3280 652 ignorantia.
3305 582 3462 636 Sicut
3490 581 3633 638 enim
3661 585 3804 644 Filius

2237 653 2330 723 Dei
2361 654 2626 708 secundus
2661 670 2688 706 a
2723 654 2878 709 Patre
2898 664 3000 716 est,
3025 653 3365 708 etdiviuitate
3384 654 3567 708 minor
3593 671 3692 710 non
3719 670 3802 723 est;

2235 722 2307 778 ita
2329 734 2383 778 et
2399 723 2628 792 Spiritus
2657 732 2868 778 sanctus
2897 738 3128 792 sequens
3157 739 3184 776 a
3207 723 3339 778 Filio
3356 735 3477 787 εει,
3504 740 3610 779 non
3640 728 3806 794 impar,

2237 793 2329 848 sed
2359 796 2576 870 aequalis
2603 794 2879 870 divinitate
2913 793 3242 870 substantite.
3284 795 3529 870 Denique
3553 813 3670 867 qua:

2236 879 2356 918 mus
2384 865 2450 919 de
2483 866 2616 919 Filio
2639 866 2761 931 Dei,
2785 865 2968 920 eadem
2994 865 3220 934 legimus
3237 865 3375 920 etde
3397 865 3604 935 Spiritu
3625 865 3802 934 sancio,

2238 935 2354 1003 ipso
2402 936 2553 1006 nobis
2595 945 2841 989 testante.
2883 937 2970 989 Ait
3014 939 3197 989 enim:
3234 935 3445 1006 Rogabo
3503 935 3733 1002 Patrem,
3770 953 3806 994 et

2237 1007 2395 1058 alium
2421 1005 2742 1060 Paracletum
2771 1007 2906 1059 dabit
2935 1007 3091 1069 vobis,
3123 1005 3373 1076 Spiritum
3400 1009 3628 1062 veritatis
3650 1008 3804 1076 (Joan.

2241 1092 2348 1139 xiv,
2375 1077 2486 1142 l6).
2508 1078 2682 1131 Alium
2705 1093 2823 1130 cum
2851 1077 3002 1139 dixit,
3033 1093 3093 1131 se
3125 1077 3462 1131 Paracletum
3495 1077 3804 1144 signiﬁcavit

2237 1146 2386 1219 Quod
2414 1147 2646 1201 Joannes
2671 1147 2938 1219 declarat,
2967 1148 3150 1219 dicens
3175 1152 3298 1216 quia
3321 1148 3498 1202 Filius
3544 1149 3634 1205 Dei
3662 1163 3807 1219 posts-

2239 1217 2309 1270 lat
2336 1235 2425 1284 pro
2452 1219 2667 1287 peccatis
2683 1219 2866 1270 nostris
2886 1221 2901 1286 (
2921 1218 2935 1270 Ι
2957 1217 3112 1272 Joan.
3144 1235 3177 1272 ιι
3199 1260 3214 1282 ,
3241 1219 3276 1272 2
3299 1223 3336 1286 ).
3369 1219 3439 1272 Et
3471 1217 3669 1277 Paulus
3703 1239 3807 1287 apo-

2239 1287 2444 1360 s_tolus:
2481 1287 2505 1340 1
2513 1305 2632 1357 pse,
2670 1288 2874 1358 inquit,
2905 1289 3127 1360 Spiritus
3149 1288 3243 1342 Dei
3275 1290 3508 1358 postulat
3541 1309 3631 1360 pro
3672 1296 3806 1348 nobis.

2240 1356 2379 1412 Ecce
2397 1356 2664 1425 Scriptura
2689 1356 2873 1412 ambos
2889 1359 3172 1415 advocates
3192 1356 3312 1415 esse
3327 1356 3593 1415 ostendit.
3623 1363 3683 1418 Et
3707 1379 3805 1419 cum

2238 1429 2474 1482 veritatis
2506 1430 2651 1482 illtiiii
2683 1429 2820 1484 dixit
2849 1430 3123 1495 Spiritum,
3153 1431 3279 1484 nihil
3309 1431 3466 1484 illum
3494 1446 3524 1484 a
3547 1447 3607 1487 se
3623 1434 3807 1490 dill'erre

2240 1500 2473 1572 ostendit
2492 1542 2506 1563 ,
2531 1501 2653 1572 quia
2681 1501 2843 1572 dixit;
2877 1500 2986 1570 Ego
3015 1518 3127 1554 sum
3147 1502 3326 1555 ueritas
3360 1500 3566 1571 (Joan.
3594 1521 3676 1558 xiv
3699 1548 3709 1562 .
3735 1506 3806 1572 6.)

2237 1568 2458 1624 Missum
2489 1568 2594 1624 sea
2625 1571 2777 1644 Patre
2805 1568 2976 1644 dixii,
3005 1582 3059 1626 et
3087 1571 3198 1642 ipse
3228 1568 3445 1626 mittere
3491 1589 3552 1628 se
3583 1568 3802 1644 Spiritiuu

2238 1653 2478 1695 sanctum
2512 1642 2768 1710 promisit.
2800 1641 2854 1696 Si
2887 1643 2997 1706 ipse
3027 1659 3054 1694 a
3089 1641 3328 1696 mittente
3373 1644 3558 1712 impar
3585 1641 3684 1700 non
3708 1658 3802 1709 est,

2239 1725 2410 1782 neque
2436 1728 2464 1765 a
2493 1714 2736 1766 mittente
2782 1712 2951 1782 impar
2970 1713 3147 1767 abillo
3191 1712 3426 1779 Spiritus
3470 1726 3684 1770 sanctus
3722 1728 3788 1773 es:

2237 1781 2417 1851 Neque
2473 1784 2612 1836 enim
2662 1785 2783 1851 quia
2829 1781 2934 1836 tres
2986 1794 3109 1836 sunt
3158 1784 3388 1852 singuli,
3445 1786 3586 1840 alter
3621 1790 3803 1843 alterius

2237 1854 2474 1906 membra
2505 1862 2646 1913 sunt.
2679 1863 2738 1907 itt
2757 1854 2964 1906 diversa
2998 1855 3221 1923 possint.
3246 1853 3361 1908 Una
3387 1863 3479 1910 est
3507 1858 3647 1911 enim
3674 1859 3802 1914 trium

2237 1925 2470 1992 poti-mia
2496 1964 2508 1982 ,
2558 1933 2610 1976 ut
2651 1925 2779 1977 nihil
2817 1924 2954 1977 desit
2995 1925 3233 1994 singulis.
3269 1925 3366 1979 Hic
3414 1927 3542 1982 linis
3583 1929 3664 1982 sit.
3707 1929 3800 1985 iam

2237 1994 2377 2069 enim
2403 1997 2450 2046 iii
2484 1994 2661 2069 libello
2678 1994 2934 2049 adversus
2955 1997 3203 2049 Arianain
3241 1995 3580 2069 impietatem
3603 1999 3799 2069 digesto.

2236 2064 2437 2140 reliqua
2459 2065 2668 2140 plenius
2693 2075 2910 2140 tractata
2937 2075 3079 2132 sunt,
3107 2082 3225 2136 qua:
3255 2064 3544 2123 Trinitatis
3558 2064 3800 2140 couiplexa

2240 2144 2364 2188 sunt
2386 2135 2722 2188 indiscretum
2758 2136 3036 2190 unitatem.

2484 2221 2550 2259 ne
2591 2222 2656 2260 eo
2693 2222 2781 2270 om
2824 2223 2980 2261 mnsit
3020 2222 3228 2262 cuutsrt
3270 2213 3580 2265 rsncerir'.

2307 2275 2538 2352 CXXVI.
2555 2307 2624 2352 —_-
2643 2278 2908 2352 Scriptum
2927 2289 3028 2342 est,
3054 2279 3183 2352 Quia
3194 2280 3336 2349 justo
3358 2282 3496 2334 nihil
3512 2283 3720 2351 proderit
3721 2285 3797 2352 ja-

2236 2348 2372 2422 stitia
2409 2349 2548 2422 ejus,
2573 2349 2635 2422 _ii_i
2671 2366 2769 2420 qua
2794 2350 2875 2402 die
2912 2351 3148 2403 erraverit
3172 2348 3264 2403 :et
3301 2353 3427 2420 quia
3481 2348 3664 2422 injuste
3697 2348 3798 2407 nihil

2236 2418 2656 2492 oberiljnjustitia
2683 2418 2774 2492 sua
2799 2462 2812 2483 ,
2861 2436 2974 2492 cum
3003 2437 3054 2473 se
3087 2418 3388 2474 converterit
3414 2424 3433 2492 (
3447 2418 3631 2477 Ezech.
3660 2441 3793 2488 xvni,

2235 2488 2459 2561 26,27).
2481 2489 2557 2561 Et
2589 2490 2843 2561 Dominus
2865 2492 2917 2543 in
2943 2491 3244 2561 Evangelia.
3279 2488 3510 2557 Quinou
3535 2496 3793 2560 crediderit,

2238 2559 2570 2640 inquit,jnm
2598 2559 2857 2644 judicatus
2881 2573 2952 2614 est
2996 2559 3186 2644 (John.
3221 2579 3272 2617 Ill
3296 2564 3434 2644 ._l_8)
3469 2583 3482 2619 :
3519 2574 3576 2620 ut
3611 2583 3694 2644 por
3717 2559 3796 2621 hoc

2235 2631 2468 2702 eumqui
2513 2631 2836 2694 crediderit,
2869 2647 2971 2685 non
3007 2631 3205 2702 judicio
3259 2631 3569 2702 subjectum
3611 2631 3674 2690 ad
3699 2653 3796 2690 seu-

2237 2700 2476 2774 leiitiaiii
2503 2703 2867 2774 excipiendam
2914 2700 3274 2774 signiﬁcaret,
3315 2700 3412 2759 sed
3475 2707 3591 2761 lidei
3634 2708 3794 2763 merito

2236 2770 2390 2844 laude
2430 2771 2642 2844 dignum
2677 2772 2926 2826 futurum.
2963 2770 3097 2844 Ergo
3143 2775 3376 2843 cognitio
3428 2778 3526 2832 Dei
3570 2780 3694 2832 hanc
3719 2781 3794 2832 ha-

2236 2841 2324 2895 bet
2350 2842 2769 2915 prierogativam,
2792 2854 2846 2896 ut
2880 2841 3605 2915 peccaturomirouseqiiatur
3631 2851 3790 2904 remis-

2235 2928 2388 2991 sam.‘
2411 2911 2818 2991 Credeusenim
2849 2911 2942 2991 Dei
2989 2932 3106 2991 esse
3149 2917 3342 2991 Filium
3369 2911 3561 2991 lesuin
3583 2963 3596 2982 ,
3631 2922 3788 2991 dignus

2235 2983 2414 3056 existit
2441 2985 2508 3036 ab
2531 2985 2777 3038 omnibus
2806 2987 3016 3040 liberari
3049 2990 3297 3056 peccatis.
3327 2989 3421 3041 Diti
3458 2994 3598 3044 enim
3638 2983 3789 3044 errore

2233 3053 2450 3130 devius.
2480 3070 2600 3130 cum
2627 3071 2719 3125 per
2743 3056 2950 3130 diversa
2979 3053 3288 3128 ignorantia!
3319 3059 3572 3116 ﬂuctibus
3591 3061 3787 3130 jactare-

2238 3134 2341 3199 tur,
2373 3126 2973 3199 illuniinatusveritatis
3003 3126 3446 3184 'cortiscatioiiem
3494 3126 3669 3187 narlus
3691 3142 3785 3199 est,

2236 3195 2414 3270 inqua
2444 3207 2558 3270 post
2603 3197 2790 3252 nimias
2836 3209 3177 3270 tempestates
3217 3203 3520 3270 requiescat
3559 3195 3785 3257 securusi

2234 3267 2318 3319 cui
2344 3269 2592 3342 congruit
2606 3309 2628 3342 ._
2651 3277 2706 3321 ut
2739 3279 2854 3342 post
2879 3269 3233 3338 cognitionem
3268 3267 3601 3342 teinperetse
3641 3273 3700 3328 ab
3734 3273 3786 3327 iis

2234 3352 2353 3414 qua:
2378 3337 2484 3405 jam
2519 3339 2718 3414 pridem
2749 3339 2800 3414 in
2830 3337 3139 3414 ignorantia
3195 3337 3395 3414 positus
3426 3346 3628 3414 agrbat.
3670 3344 3785 3409 Quid

2235 3409 2377 3480 enim
2412 3410 2625 3473 prodest
2646 3409 2899 3478 cognitio,
2932 3413 2975 3464 si
3005 3409 3424 3480 nianetpristina
3449 3409 3785 3470 conversatio?

2234 3477 2370 3532 Hinc
2397 3481 2593 3534 etenim
2628 3477 2746 3549 quis
2767 3480 2972 3556 videtur
3004 3477 3320 3556 cognovisse
3353 3485 3539 3556 Deum,
3569 3486 3612 3556 si
3637 3487 3780 3538 vitam

2236 3559 2440 3624 mutet,
2486 3560 2539 3603 et
2575 3554 3035 3624 conversationem
3077 3554 3226 3607 suam
3270 3555 3510 3624 corrigat.
3547 3555 3776 3624 Cogiiitus

2233 3620 2376 3673 enim
2423 3621 2589 3695 Deus_
2613 3623 2782 3695 timeri
2815 3623 3006 3690 debet,
3033 3625 3154 3693 quia
3188 3620 3517 3693 jtnlicattirus
3555 3620 3783 3695 pucduis-

2237 3698 2415 3765 _tur,_ut
2444 3702 2496 3765 et
2527 3692 2704 3745 lideles
2740 3694 2956 3762 justititc
2993 3692 3102 3747 sua}
3139 3692 3425 3765 percipiant
3465 3692 3676 3751 fructum
3697 3738 3708 3759 ,
3736 3707 3782 3748 et

2235 3760 2410 3829 iiupii,
2445 3761 2502 3839 id‘
2544 3771 2626 3818 est
2670 3760 2957 3839 iii_ercduli_,
2998 3760 3230 3839 perﬁdia:
3262 3760 3369 3820 siizt-
3395 3783 3648 3839 congruas
3683 3782 3780 3836 po:-

2235 3847 2330 3910 ilas
2357 3833 2651 3910 exsolvant.
2692 3833 2958 3910 _C_o:i_ven_it
2999 3833 3138 3890 enim
3179 3837 3351 3906 justos
3380 3841 3430 3892 in
3481 3833 3645 3893 l’iituro
3673 3833 3780 3910 gau-

2232 3901 2378 3975 dere,
2414 3904 2499 3956 tibi
2527 3906 2768 3975 regnabit
2795 3905 3036 3960 Christus
3068 3901 3195 3960 cuni
3217 3910 3321 3962 suis
3355 3928 3369 3964 :
3394 3920 3451 3963 ut
3479 3913 3604 3965 sicut
3626 3901 3779 3965 iu'ss-

2233 3974 2353 4052 culo
2393 3983 2513 4028 sunt
2555 3974 2876 4052 opprobrio,
2920 3989 2974 4052 et
3017 3979 3221 4052 injuriis
3273 3980 3580 4048 subjacent,
3609 3982 3655 4035 in
3693 3995 3779 4052 quo

2234 4046 2478 4112 princeps
2503 4057 2583 4098 est
2611 4046 2850 4101 diabolus
2874 4065 2886 4099 :
2921 4049 2988 4101 ita
3011 4060 3065 4102 et
3095 4051 3143 4102 in
3185 4046 3570 4124 regnoCbristi
3596 4046 3777 4124 gloriosi

2231 4125 2549 4192 appareant,
2577 4127 2791 4192 propter
2815 4133 2972 4187 quem
3003 4121 3427 4192 contemptibiles
3443 4121 3653 4192 judicati
3678 4131 3778 4177 sunt

2231 4200 2258 4237 a
2298 4185 2576 4240 mundanis
2602 4205 2614 4239 :
2643 4185 2865 4256 injustas
2888 4199 3062 4244 autem
3097 4185 3230 4259 quia
3250 4193 3380 4246 l'also
3406 4185 3596 4249 florere
3620 4193 3776 4247 viden-

2232 4262 2320 4334 tur
2343 4272 2497 4334 ,.pe_r
2542 4259 2872 4334 mendacium
2903 4273 3260 4334 repugnantes
3294 4264 3544 4332 veritati,
3573 4267 3620 4319 in
3649 4277 3772 4334 paena

2232 4327 2504 4403 tribulari;
2532 4340 2588 4380 ut
2630 4330 2716 4403 qui
2764 4346 2859 4403 per
2897 4327 3075 4403 fucum
3118 4333 3331 4401 gloriosi
3373 4335 3470 4388 visi
3521 4327 3665 4395 sunt;
3700 4347 3773 4403 per

2230 4413 2412 4475 verum
2451 4397 2681 4474 despccii
2724 4397 3080 4475 ei__liuii'iilia_ti
3122 4397 3278 4458 iiimis
3322 4416 3627 4475 appareant.
3654 4397 3771 4460 Tunc

2229 4469 2368 4545 enim
2389 4469 2516 4545 justi
2538 4486 2596 4545 se
2615 4471 2904 4525 credidisse
2921 4473 3241 4545 gaudebunt,
3265 4469 3636 4545 cum'perlidos
3653 4475 3769 4530 vide-

2231 4540 2336 4616 rint
2361 4541 2584 4616 cruciari
2611 4557 2623 4592 :
2649 4551 2701 4616 et
2723 4558 2820 4616 nec
2835 4543 3108 4611 pteuitebit
3126 4540 3358 4616 perlidos
3387 4540 3494 4602 n'on
3521 4547 3769 4603 credidisse

2230 4610 2329 4688 nisi
2364 4611 2591 4688 viderint
2635 4610 2858 4688 gloriam
2897 4629 3080 4668 eorum
3123 4610 3177 4671 et
3216 4633 3363 4671 suam
3413 4635 3638 4688 poenam,
3665 4629 3768 4688 quos

2229 4681 2347 4751 quia
2379 4681 2718 4758 crediderunt
2763 4685 2966 4758 stultos,
3013 4693 3067 4758 et
3103 4681 3530 4758 contemptibiles
3569 4681 3768 4745 arbitrati

2230 4760 2374 4804 sunt.
2394 4752 2548 4828 Ergo
2576 4771 2638 4828 ex
2666 4769 2740 4828 eo
2756 4754 2896 4828 quod
2925 4756 3200 4824 prolitetur
3231 4775 3289 4813 se
3316 4752 3435 4828 quis
3459 4762 3766 4817 christianum

2229 4837 2366 4896 esse,
2394 4823 2443 4876 id
2473 4824 2687 4879 studere
2712 4826 2866 4881 debet
2895 4823 2960 4881 ne
2998 4838 3196 4896 peccet,
3231 4838 3285 4885 et
3307 4823 3516 4888 armare
3539 4847 3594 4887 se
3615 4842 3765 4885 contra

2230 4893 2357 4971 vitia
2378 4909 2390 4945 :
2416 4903 2469 4971 el
2494 4895 2614 4971 quia
2640 4896 2963 4971 impossibile
2984 4893 3066 4971 est
3085 4915 3300 4971 semper
3320 4901 3552 4969 vincere,
3570 4904 3611 4957 si
3632 4903 3765 4955 rictus

2231 4963 2405 5044 fuerit,
2437 4963 2616 5021 dolere
2647 4963 2726 5021 ne
2753 4968 2940 5044 iterum
2971 4963 3241 5037 vincatur';
3287 4973 3407 5041 quia
3451 4963 3619 5044 quise
3650 4972 3762 5044 dolet

2229 5037 2445 5099 victum,
2477 5047 2686 5112 reparat
2711 5054 2801 5112 se._
2819 5039 2918 5112 Qui
2939 5054 3064 5112 ergo
3096 5037 3369 5112 repugnat,
3397 5037 3552 5101 habet
3577 5043 3697 5099 unde
3717 5055 3762 5094 se

2229 5116 2461 5169 excuset,
2495 5107 2538 5160 si
2576 5108 2744 5162 victus
2780 5109 2953 5164 fuerit.
2981 5107 3392 5168 Ostendit'euim
3417 5130 3478 5172 se
3504 5125 3664 5171 votum
3690 5112 3762 5164 Ita-

2229 5178 2688 5251 buiSse‘vineentli,
2716 5179 2811 5234 sed
2834 5180 3050 5236 miuiine
3076 5185 3433 5251 przcvaluisse.
3465 5187 3539 5244 De
3558 5187 3646 5240 hoc
3665 5196 3761 5251 spes

2227 5256 2308 5302 est
2333 5247 2452 5316 quia
2484 5257 2655 5320 potest
2680 5266 2738 5305 se
2769 5266 3035 5320 reparare,
3067 5247 3123 5307 ut
3147 5255 3355 5308 assidua
3383 5247 3700 5312 meditatione
3719 5253 3758 5305 in

2226 5319 2603 5394 congressione
2649 5319 2864 5388 peritior
2899 5332 2952 5376 et
2990 5322 3179 5379 fortior
3218 5325 3533 5384 inveniatur.
3557 5326 3672 5382 Nam
3691 5323 3760 5394 qui

2226 5390 2290 5442 ad
2340 5390 2440 5444 hoc
2468 5395 2652 5465 surgit,
2683 5403 2738 5445 ut
2780 5403 3001 5465 peccet,
3029 5395 3397 5453 inexcusabilis
3427 5400 3633 5455 ell'ectus
3662 5390 3758 5465 per-

2225 5475 2438 5533 gravem
2472 5462 2630 5518 liabet
2651 5462 2885 5518 causam.
2919 5464 3075 5533 Pejus
3099 5476 3182 5521 est
3205 5469 3346 5522 enim
3377 5471 3478 5525 sub
3509 5471 3589 5524 Dei
3616 5462 3758 5520 vivere

2229 5532 2574 5612 professione,
2598 5543 2654 5612 e_t
2681 5532 3005 5590 voluntatem
3033 5536 3233 5612 habere
3263 5541 3536 5610 peccandi,
3567 5552 3698 5612 quam
3721 5535 3755 5589 si

2227 5604 2434 5674 ignoret
2459 5606 2580 5675 quis
2610 5605 2776 5660 Deum
2819 5615 2873 5661 et
2911 5607 3132 5677 turpiter
3170 5620 3223 5664 et
3245 5604 3593 5668 contaminata
3611 5621 3756 5666 verse«

2250 5804 2264 5817 .
2290 5748 2307 5779 ⁸
2331 5745 2526 5818 quidam
2551 5745 2667 5818 θίὲίιί
2685 5745 2861 5818 addunt
2882 5761 2894 5795 ε
2917 5746 3033 5812 σιτία
3063 5751 3436 5818 mammia
3455 5757 3752 5818 WPW’FW'

2225 5808 2335 5861 tiva:
2353 5808 2521 5860 habent
2545 5809 2609 5859 ad
2626 5808 2832 5874 gratiora
2848 5808 3225 5876 coriseqitendmn
3246 5813 3355 5879 plus
3372 5829 3514 5880 quasi
