3968 6430
1540 273 1947 297 *κάν-Μυο-
1969 272 1993 289 ς»
2017 269 2027 281 ν
2044 268 2101 291 ’κτι-
2123 272 2182 291 ελ..

213 386 361 448 2385

217 571 476 630 recedere
500 590 513 626 :
538 571 656 628 eum
680 573 923 628 halmerit
944 573 1277 628 occasionem
1299 571 1531 636 dicendi,
1552 574 1594 627 si
1619 573 1810 629 scisset

213 647 297 700 sic
309 644 739 708 docendum,nou
760 644 919 699 licere
935 643 1425 713 ludicri-munume
1439 643 1576 713 quod
1595 644 1692 697 sibi
1708 660 1811 700 non

214 718 285 772 sit
309 714 585 781 traditum,
608 716 802 769 docere
822 729 880 768 se
906 730 1010 769 non
1030 730 1184 783 posse
1204 715 1454 769 ostendit.
1487 714 1614 780 Quis
1635 724 1813 771 autem

211 787 606 858 discipulorum
638 786 853 841 doceret
880 782 1037 858 quod
1059 803 1087 839 a
1121 789 1372 858 magistro
1420 782 1667 858 tradiitnti
1706 802 1811 841 non

213 855 465 913 cst?'Ve|
508 857 629 927 quis
658 872 762 910 non
804 857 983 911 audiat
1011 855 1388 927 prmdicautem
1421 874 1433 908 :
1472 855 1599 910 Volo
1642 858 1816 911 adole-

210 929 470 1000 scentulos
496 926 719 1000 nubere,
745 927 878 1000 [ilics
921 926 1184 997 procreare
1214 927 1257 1000 (I
1285 926 1427 1000 Tim.
1460 944 1511 982 v.
1546 928 1680 997 lli)?
1710 928 1815 983 Sed

211 998 359 1054 forte
387 1000 596 1053 dicatur
625 1016 638 1051 :
668 997 724 1053 Si
753 999 868 1054 licet
912 1008 967 1053 et
994 999 1191 1052 bonum
1225 997 1307 1053 est
1343 999 1562 1060 nubere,
1605 1015 1700 1050 cur
1725 1014 1814 1054 sa-

209 1070 530 1125 cerdotibus
556 1086 660 1123 non
692 1071 811 1123 licet
834 1084 1028 1125 uxores
1056 1069 1292 1124 habere?
1317 1068 1368 1123 id
1397 1079 1498 1133 est,
1528 1081 1581 1122 ut
1603 1070 1817 1123 ordina-

210 1141 283 1195 tis
300 1142 415 1208 jam
446 1156 550 1194 non
576 1142 729 1194 liccat
749 1142 1070 1195 convenire?
1099 1141 1225 1206 Quis
1246 1141 1446 1194 neseiat
1473 1140 1814 1209 umnnquod-

207 1227 319 1280 que
372 1227 523 1265 suam
574 1212 740 1277 legem
799 1211 1031 1265 habere?
1070 1211 1165 1265 Est
1211 1213 1351 1266 enim
1403 1212 1542 1279 quod
1597 1212 1816 1267 onmiuo

246 1283 546 1336 eneraliter
586 1281 832 1336 omnilms
862 1298 965 1336 nun
998 1283 1153 1336 liceat
1187 1301 1199 1336 :
1230 1291 1311 1335 est
1354 1282 1478 1334 item
1520 1281 1658 1349 quod
1696 1282 1816 1336 aliis

246 1297 546 1336 enerattler
586 1297 832 1336 omuums
862 1298 965 1336 nun
999 1297 1153 1336 liceat
1187 1301 1199 1336 :
1230 1297 1311 1335 est
1354 1297 1478 1334 nem
1520 1297 1658 1349 quno
1696 1297 1812 1336 atus

207 1297 361 1413 ἥρωι,
395 1362 449 1407 et
481 1353 599 1405 aliis
631 1368 734 1405 non
768 1354 890 1405 licet
918 1371 931 1405 :
962 1361 1016 1407 et
1059 1363 1139 1407 est
1185 1368 1271 1422 qui
1292 1351 1325 1406 d
1357 1351 1639 1417 aliquando
1669 1352 1812 1417 lieet,

207 1431 262 1476 ct
291 1422 589 1492 aliquando
611 1438 715 1478 nou
737 1423 879 1477 licet.
911 1423 1182 1477 Fornieari
1210 1424 1454 1476 omnibus
1476 1438 1688 1490 semper
1711 1440 1815 1477 un

208 1493 344 1567 licet
384 1512 397 1548 :
427 1494 683 1567 negotiari
725 1509 851 1549 vero
880 1494 1163 1567 aliquando
1184 1494 1355 1567 licet?
1395 1492 1679 1567 aliquando
1710 1510 1814 1567 nou

207 1565 341 1620 licet
402 1564 698 1633 Antequam
732 1570 874 1619 enim
901 1565 1294 1619 et‘ClcsiﬂsliCUS
1323 1565 1441 1631 quis
1483 1566 1571 1626 sit,
1621 1564 1739 1618 licet
1766 1564 1816 1621 ei

207 1635 479 1703 negotiari
528 1651 540 1687 :
588 1634 726 1688 facto
749 1635 860 1706 jam
909 1652 1010 1687 non
1063 1636 1206 1689 licet.
1252 1634 1645 1706 Ettihuistiano
1691 1650 1814 1690 cum

205 1721 388 1760 uxore
415 1721 509 1759 sua
539 1704 824 1760 convenire
867 1706 1149 1776 aliquamln
1182 1706 1323 1765 licet,
1355 1704 1641 1772 aliquando
1687 1720 1814 1760 vero

206 1792 318 1831 non
356 1777 503 1831 licet.
550 1776 772 1846 Propter
806 1776 920 1830 dies
962 1778 1104 1830 enim
1133 1776 1488 1846 processionis
1529 1776 1815 1845 aliquando

207 1863 319 1902 non
352 1847 481 1918 licet
506 1848 833 1911 convenire;
861 1848 980 1918 quia
1008 1848 1169 1901 etiam
1199 1864 1227 1899 a
1260 1847 1415 1900 licitis
1439 1846 1813 1918 abstinendum

205 1929 315 1981 est,
341 1925 403 1972 ιιι
429 1916 637 1971 facilius
664 1916 931 1990 impetrari
958 1918 1121 1990 possit
1146 1917 1628 1990 qttod‘lmslul‘atnr.
1660 1916 1815 1974 Unde

204 1989 609 2060 ApOstolus,cs
636 1987 900 2060 consensu
934 1990 1009 2043 ait.
1027 1987 1399 2060 abstinendum
1426 1987 1735 2060 adtetnpns,
1758 1998 1815 2043 ut

203 2057 442 2114 vacetttr
465 2057 884 2125 nrationi(lCor.
916 2076 1006 2119 vu,
1030 2057 1115 2129 5).
1146 2058 1274 2113 Natu
1305 2058 1595 2113 secundum
1620 2057 1813 2128 Legem

205 2131 258 2187 in
285 2129 510 2200 jejunio
524 2131 655 2185 caedi
682 2141 735 2184 et
758 2130 958 2198 jurgari
991 2146 1095 2185 non
1124 2129 1266 2190 licet,
1301 2138 1479 2200 postea
1506 2129 1623 2183 licet
1651 2148 1664 2183 :
1691 2131 1813 2198 quia

203 2199 393 2269 major
440 2201 734 2256 reverentia
762 2201 983 2256 debetur
1011 2201 1099 2256 Dei
1128 2200 1321 2255 causis.
1348 2199 1609 2267 Numquid
1654 2217 1814 2255 otnne

202 2272 355 2342 quod
408 2279 535 2325 ante
576 2279 800 2326 cit-toros
847 2272 1005 2338 licet,
1056 2283 1181 2326 ante
1226 2270 1605 2340 imperatorem
1651 2271 1813 2328 licet?

1678 384 2042 445 APPENDIX.

216 503 369 560 Tunc
409 500 665 572 prmcepit
687 499 974 570 Apostolus
1003 495 1120 556 non
1151 497 1347 572 debere
1388 514 1608 555 uxorem
1635 515 1663 554 a
1689 502 1810 557 viro
1846 554 1853 565 ,

3093 319 3165 337 ..ιν

3358 384 3506 447 2380

1919 502 2129 572 Quanto
2165 498 2334 572 magis
2358 497 2412 556 in
2460 499 2553 557 Dei
2580 500 2796 557 causis?
2843 501 2920 557 Ae
2947 515 3044 572 per
3091 497 3511 560 hoe'antistitem

1916 590 2036 640 ejus
2072 573 2337 645 puriorem
2364 574 2572 645 cafteris
2592 588 2713 628 esse
2738 582 2946 643 Oportet
2972 592 2987 627 :
3017 574 3180 643 ipsius
3206 576 3348 628 enim
3381 590 3513 645 per-

1918 660 2103 700 sonant
2144 644 2340 699 habere
2389 643 2636 708 videtur,
2668 655 2751 698 est
2799 647 2939 698 enim
2988 644 3217 699 viean‘us
3262 643 3423 715 ejus»:
3453 654 3516 703 ut

1918 715 2058 784 quod
2086 716 2294 769 iacteris
2324 716 2465 778 licet,
2499 715 2571 767 illi
2621 731 2724 768 nou
2757 714 2946 781 liceat;
2993 717 3112 784 quia
3145 714 3366 772 necesse
3412 716 3513 772 Ita-

1918 787 2044 842 beat
2070 785 2303 856 quotidie
2329 786 2523 838 Christi
2554 785 2721 840 vicem
2748 800 2927 854 agere,
2971 796 3061 840 aut
3085 801 3240 842 orare
3268 802 3363 856 pro
3409 803 3511 857 po-

1922 860 2065 928 pulo.
2096 865 2187 910 aut
2232 858 2460 928 oll‘crre,
2497 863 2589 910 aut
2627 860 2852 925 tingere.
2910 856 2974 910 Et
3019 872 3124 928 non
3171 859 3340 911 solum
3388 859 3513 913 huic

1919 927 2233 983 Concubitus
2276 943 2378 980 non
2433 927 2570 987 licet,
2618 943 2801 981 verum
2848 928 3007 981 ctiam
3059 927 3300 981 ministro
3351 932 3510 997 ejus:

1919 1000 2037 1069 quia
2080 1000 2192 1067 ipse
2234 998 2659 1052 nnnnlinrdehet
2702 1013 2844 1063 esse,
2874 999 2993 1067 quia
3022 1006 3204 1052 saneta
3245 1009 3513 1068 suntquae

1920 1068 2207 1126 miniStrat.
2254 1069 2383 1122 Nz‘m
2414 1069 2546 1122 sicut
2593 1069 2660 1121 ad
2689 1068 3143 1138 eompaiatiouem
3174 1069 3402 1124 lucernae
3430 1081 3513 1123 te-

1920 1141 2099 1195 nehrte
2145 1155 2248 1193 non
2278 1148 2481 1193 tantum
2510 1139 2771 1203 obscurae,
2799 1139 2892 1192 sed
2924 1140 3083 1192 etiam
3110 1140 3339 1193 sordida-
3365 1147 3513 1205 sunt,

1919 1210 1987 1263 ad
2028 1212 2480 1280 comparationem
2526 1221 2702 1262 autem
2754 1210 3023 1263 stellarum
3076 1209 3289 1263 lucerna
3341 1212 3514 1279 caligo

1919 1293 2019 1340 est.
2066 1280 2132 1335 ad
2181 1282 2309 1334 solis
2353 1297 2479 1335 vero
2518 1280 2967 1348 comparationem
3017 1281 3187 1333 stetl:e
3242 1281 3514 1337 nebulosa:

1920 1362 2065 1417 sunt,
2096 1352 2160 1405 :ul
2192 1352 2281 1405 Dei
2312 1361 2490 1405 autem
2519 1353 2811 1406 claritatem
2840 1352 2917 1404 sui
2951 1366 3051 1404 nox
3077 1359 3156 1404 est
3182 1369 3197 1405 :
3224 1350 3291 1404 ita
3315 1364 3362 1403 et
3387 1366 3509 1420 qua!

1920 1423 1985 1476 ad
2011 1439 2107 1476 nos
2136 1423 2274 1477 licita
2307 1433 2357 1476 et
2384 1423 2577 1476 tttttuda
2612 1431 2754 1486 sunt,
2783 1422 2849 1475 ad
2878 1422 2967 1476 Dei
2995 1435 3170 1476 autem
3198 1422 3513 1490 dignitatem

1919 1494 2068 1563 quasi
2098 1493 2272 1548 illicita
2303 1501 2359 1547 et.
2388 1493 2656 1547 innnumla
2687 1501 2848 1555 sunt;
2877 1508 3177 1562 quanquam
3204 1494 3346 1546 enim
3376 1493 3515 1563 bona

1919 1562 2061 1624 sunt,
2094 1563 2185 1618 Dei
2229 1573 2405 1619 [anteit
2450 1580 2688 1632 persmta:
2737 1580 2841 1617 non
2874 1572 3200 1631 competunt.
3249 1562 3514 1632 Nmnquid

1920 1650 2026 1689 non
2053 1634 2228 1690 tunica
2252 1635 2535 1688 mediocris
2560 1635 2810 1697 hominis,
2828 1632 3070 1702 quamiis
3098 1633 3312 1695 munda,
3345 1635 3517 1703 impe-

1920 1707 2083 1777 ratori
2111 1716 2285 1760 tamen
2304 1705 2522 1777 sordida
2554 1715 2604 1760 et
2638 1704 3229 1777 iltii-itaestbimiliter
3256 1713 3312 1758 ct
3338 1704 3513 1759 ὅτιο-

1919 1776 2053 1831 nicia
2083 1775 2359 1832 senatori?
2390 1780 2464 1829 Ae
2488 1792 2582 1846 per
2602 1777 2703 1829 hoc
2727 1775 2991 1846 antistites
3007 1775 3097 1846 Dei
3126 1777 3368 1843 puriorcs
3390 1790 3515 1831 esse

1917 1849 2115 1902 debent
2138 1861 2294 1916 quam
2321 1844 2524 1911 ceteri,
2547 1848 2667 1917 quia
2689 1857 2736 1901 et
2763 1845 2958 1900 Christi
2986 1844 3187 1917 habent
3206 1862 3513 1917 personam,

1917 1930 1972 1972 et
2008 1915 2282 1972 ministros
2313 1918 2401 1971 Dei
2431 1915 2740 1972 mundiores
2766 1932 2885 1971 esse
2910 1924 3143 1984 oportet.
3177 1915 3344 1971 Nemo
3368 1919 3515 1971 enim

1919 1988 2227 2056 imperatori
2247 1989 2506 2041 ministrat
2532 2006 2636 2043 non
2658 1998 2973 2053 accuratus;
3003 1986 3162 2056 igitur
3182 1988 3516 2043 vestimentis

1917 2059 2077 2114 claris
2104 2069 2158 2115 et
2187 2059 2396 2113 mundis
2428 2059 2593 2113 imluti
2627 2060 2932 2113 ministrant
2963 2075 2977 2110 :
3013 2059 3152 2114 Deus
3176 2067 3352 2113 autem
3389 2059 3519 2128 quia

1919 2144 2106 2185 natura
2149 2131 2479 2184 clarissimus
2509 2141 2613 2195 est,
2661 2130 2936 2199 ministros
2963 2129 3080 2197 ejus
3120 2140 3303 2183 natura
3348 2129 3520 2198 magis

1917 2218 2075 2272 quam
2103 2202 2338 2256 vcstihns
2361 2201 2588 2255 mundos
2613 2214 2734 2255 esse
2754 2209 2998 2270 oportet;
3024 2199 3112 2254 cui
3138 2199 3254 2256 laus
3273 2209 3325 2256 et
3346 2199 3517 2271 gloria

1921 2272 1972 2327 iu
1999 2272 2192 2328 sarcula
2221 2273 2558 2328 smculnrum.
2588 2273 2780 2326 Amen.

534 2457 616 2519 ΙΝ
657 2457 1179 2532 QUIESTIONES
1219 2457 1563 2521 VETERIS
1608 2460 1713 2521 ET
1748 2461 1820 2523 Ni

1925 2462 1946 2522 Ι
1993 2461 2508 2523 TESTAMENTI
2548 2459 2737 2522 POST
2786 2457 3215 2523 VULGATAS

1539 2598 2237 2671 ADMONITIO.

278 2746 478 2806 Habes
518 2747 794 2817 pertisum
821 2748 1087 2819 superiori
1127 2748 1268 2806 libro
1293 2749 1574 2806 elencluun
1598 2751 1863 2821 duplicem
1893 2767 1908 2806 :
1937 2767 2099 2808 unum
2131 2766 2238 2823 quo
2263 2750 2351 2806 illa
2381 2748 2801 2822 prmcedentium
2821 2748 3051 2806 'centum
3081 2748 3263 2821 viginti
3314 2756 3520 2819 septem

206 2840 593 2913 Quaestionum
615 2840 897 2897 exhibetur
915 2841 1185 2911 collectio,
1202 2859 1321 2915 qua:
1346 2844 1414 2898 ab
1435 2847 1727 2915 Augustino
1752 2845 2153 2916 Ratisponensi,
2176 2847 2243 2902 ab
2262 2845 2470 2901 Joanne
2495 2844 2849 2900 Amerbaehio
2872 2853 2928 2901 et
2948 2860 2977 2899 a
3000 2843 3283 2901 Desiderio
3299 2844 3524 2901 Erasmo

207 2935 313 2991 fuit
357 2933 590 3005 primqu
622 2934 832 3006 vulgata
857 2952 872 3001 ;
902 2936 1148 3001 alterum,
1179 2938 1268 3007 qui
1305 2939 1675 2995 collectionem
1703 2954 1808 2994 non
1837 2948 2039 2995 tantum
2066 2938 2330 3009 disparem
2375 2940 2737 3008 Quaestionum
2766 2939 2975 3005 ordine,
3016 2939 3110 2995 sed
3138 2938 3298 2993 etiam
3336 2952 3523 2994 earum

209 3041 459 3083 nuntero
482 3027 773 3081 auctiorem
815 3027 971 3099 lange
999 3038 1366 3098 repraesentat.
1396 3029 1565 3100 Hujus
1595 3046 1755 3101 porro
1778 3032 1999 3088 alterius
2025 3033 2355 3087 callet-tionis
2379 3033 2653 3102 exetnplar
2693 3048 2814 3087 cum
2838 3047 2870 3088 e
2896 3031 3164 3087 Victorino
3195 3030 3522 3088 Bibliotheca

211 3121 457 3191 adeptus
479 3119 664 3174 fuisset
687 3119 915 3176 Jacobus
950 3121 1201 3189 Ilacmer,
1230 3124 1434 3179 curavit
1468 3133 1528 3179 ut
1546 3124 1931 3198 subscquentes
1953 3126 2039 3181 hic
2067 3127 2423 3195 Qua'stioncs,
2450 3143 2581 3197 quas
2604 3126 2854 3183 videlicet
2877 3135 2970 3182 aut
2992 3126 3227 3183 nondum
3257 3127 3520 3199 volgatas,

210 3222 304 3269 aut
333 3219 490 3267 certe
514 3211 634 3266 aliis
661 3212 838 3267 verbis
883 3224 1134 3269 tractatas
1167 3231 1287 3271 esse
1329 3217 1814 3279 animadvertebat.
1846 3219 2121 3290 prodirent
2170 3220 2221 3273 in
2252 3219 2446 3276 lucem.
2481 3219 2777 3276 Fecitvero
2800 3222 2913 3291 ipse
2944 3230 3057 3277 tres
3080 3236 3265 3277 carum
3297 3221 3522 3290 classes,

211 3320 458 3378 quarum
486 3305 654 3376 prima
682 3306 734 3361 in
760 3306 918 3362 editis
945 3307 1274 3373 inscribitur,
1302 3309 1669 3377 Qutesti-mum
1699 3326 1764 3366 ex
1798 3311 1973 3368 Veteri
2002 3312 2348 3367 Testamento
2373 3327 2497 3383 pars
2523 3312 2792 3380 secunda;
2823 3313 2940 3367 alia:
2961 3312 3227 3380 similiter,
3254 3312 3521 3382 Qumstio-

212 3415 352 3457 num
373 3399 494 3454 sive
517 3413 582 3455 ex
612 3397 759 3453 Novo
784 3399 1146 3468 Testamento,
1173 3401 1286 3458 sive
1306 3419 1371 3458 ex
1403 3412 1628 3474 utroque
1655 3404 1882 3473 mixtim,
1910 3419 2033 3475 pars
2058 3403 2292 3461 secunda
2314 3404 2418 3460 diei
2440 3405 2647 3461 solent:
2678 3413 2996 3460 cumtamen
3030 3404 3329 3461 Victorinus
3351 3403 3525 3462 codex

214 3495 426 3565 aliique
447 3495 672 3566 inspecti
688 3511 719 3551 a
745 3496 902 3552 nobis
923 3497 1077 3567 Mss,
1096 3503 1148 3554 tu
1181 3517 1283 3555 una
1300 3510 1353 3555 et
1375 3502 1542 3557 altera
1564 3502 1737 3558 classe
1757 3501 2090 3568 Quaestioues
2108 3517 2314 3569 omnes,
2338 3518 2436 3558 nec
2452 3503 2553 3557 alia
2567 3519 2724 3572 quam
2754 3503 2804 3557 iu
2821 3494 3019 3559 excuso
3035 3504 3281 3573 superius
3296 3502 3526 3559 clencho

212 3592 490 3657 cernitur,
518 3591 727 3646 ratione
752 3600 805 3647 ct
826 3592 1012 3648 ordine
1040 3594 1273 3665 digestas
1298 3597 1738 3664 complectantur.
1769 3595 1910 3651 Nihil
1937 3610 2035 3651 nos
2063 3596 2114 3650 in
2135 3597 2424 3652 constituta
2451 3611 2545 3663 per
2560 3596 2934 3659 llaemereum,
2970 3610 3166 3664 perque
3195 3597 3524 3665 posteriores

214 3685 496 3741 editiones
534 3682 645 3755 jam
686 3684 1001 3741 confirmata
1043 3686 1416 3743 distributione
1468 3689 1780 3744 mutandum
1821 3687 2109 3743 duximus:
2143 3688 2244 3741 nisi
2292 3670 2434 3756 quod
2480 3686 2693 3756 aliquod
2718 3686 2840 3741 inde
2870 3686 3201 3754 Quazstioues
3233 3684 3525 3743 transferre

211 3779 405 3837 visum
430 3787 515 3834 est
561 3780 615 3834 in
643 3780 975 3850 superiorem
1019 3782 1210 3835 librum
1241 3782 1574 3838 collectionis
1603 3783 1775 3851 primo
1801 3781 2063 3852 vulgatae;
2097 3789 2155 3834 ut
2195 3795 2316 3851 qua:
2355 3778 2424 3834 de
2455 3780 2646 3835 eodem
2686 3787 3002 3849 argumento
3057 3786 3239 3848 agunt,
3266 3778 3417 3847 juxta
3463 3793 3524 3834 se

213 3870 532 3936 collocatis,
563 3870 689 3939 quid
711 3872 847 3926 inter
875 3872 990 3927 illas
1012 3873 1304 3929 intercedat
1321 3875 1591 3929 varietatis
1620 3875 1791 3944 primo
1820 3880 2111 3944 conspectu
2132 3871 2536 3942 deprehendas;
2564 3881 2671 3926 tum
2691 3872 2851 3926 etiam
2882 3882 2998 3926 utra
3027 3871 3273 3927 collectio
3302 3872 3353 3926 in
3384 3870 3519 3928 Mss.

213 3966 501 4038 antiquior
525 3975 578 4021 et
610 3966 872 4023 sincerior
899 3967 988 4034 sit,
1033 3969 1119 4024 vel
1171 3970 1346 4040 potius
1370 3985 1436 4024 an
1467 3979 1689 4040 utraque
1718 3967 2111 4040 interpolatoris
2138 3966 2302 4035 inepti
2334 3982 2547 4020 manmn
2577 3964 2795 4033 referat,
2847 3964 3139 4034 dijudicare
3182 3964 3377 4036 possis.
3405 3963 3525 4022 Ca:-

215 4070 405 4119 tcrum
433 4058 505 4116 de
520 4060 862 4131 subseqneuti
884 4077 1046 4131 opere
1089 4062 1231 4118 idem
1272 4062 1414 4133 quod
1453 4062 1523 4118 de
1550 4063 1731 4132 priore
1749 4061 1933 4118 sentiri
1973 4060 2158 4116 volunt
2185 4058 2544 4114 Lovanienses
2573 4056 2830 4127 Thcologi
2850 4074 2862 4110 :
2885 4056 3027 4127 quod
3051 4056 3216 4124 varia,
3250 4054 3519 4126 inquiunt,

216 4154 504 4210 contineat
525 4160 582 4207 et
603 4153 900 4224 Augustino
920 4152 1154 4224 indigna,
1181 4163 1235 4209 et
1254 4169 1285 4208 a
1315 4155 1537 4210 veritate
1561 4155 1755 4211 aliena.
3432 4144 3435 4145 ν

1250 4353 2522 4524 ΟΠᾹΞΞΤΙΟΝΠΜ

718 4590 963 4706 nx
1015 4587 1720 4703 VETERI
1774 4578 3016 4699 TESTAMENTO

1603 4754 1782 4838 rans
1818 4775 2159 4835 SECUNDA.

1939 4925 2100 4984 gnum
2122 4922 2247 4984 esse
2276 4910 2560 4984 persuasit.
2588 4909 2807 4984 Nolunt,
2828 4912 2972 4968 enim
3002 4913 3081 4984 ad
3108 4912 3278 4969 Deum
3327 4912 3521 4969 borum

1937 4980 2137 5052 aliquid
2168 4982 2454 5052 pertinere.
2477 4980 2723 5035 Nonnulli
2746 4982 2881 5052 adeo
2904 4983 3105 5037 scelera
3133 4997 3228 5038 sua
3270 4985 3526 5040 crimina-

1936 5049 2044 5124 que
2089 5049 2375 5124 defendere
2404 5052 2707 5124 cupientes,
2749 5051 2932 5118 Nihil,
2971 5054 3234 5123 inquiunt,
3284 5055 3521 5122 prodest,

1875 5147 1883 5155 -
1938 5122 2075 5178 bene
2103 5138 2169 5176 an
2203 5122 2339 5191 male
2366 5122 2533 5177 vivas.
2558 5122 2740 5191 Neque
2781 5125 2921 5177 enim
2949 5122 3055 5179 ista,
3088 5141 3228 5181 nunc
3254 5126 3369 5182 Deo
3398 5142 3524 5181 cura

1938 5204 2040 5258 est,
2072 5202 2130 5247 ut
2177 5200 2227 5245 te
2276 5190 2631 5265 diversaApro
2658 5190 2921 5248 instituto
2967 5197 3185 5265 proprio
3230 5197 3525 5264 morboque

1938 5272 2214 5335 gerentctn
2242 5261 2469 5335 sollicite
2495 5262 2708 5335 festinet
2735 5261 2995 5335 aspicere,
3022 5261 3081 5322 et.
3109 5267 3266 5322 {tedis
3284 5261 3527 5334 aliquan-r

1939 5333 2009 5390 do
2038 5335 2141 5389 tuis
2169 5333 2377 5387 actibus
2405 5333 2587 5403 oculos
2615 5333 2962 5403 permiscere.
2997 5338 3140 5391 Vana
3173 5346 3297 5391 sunt
3315 5333 3515 5401 omnia,

1939 5412 2138 5477 quirent
2183 5403 2388 5458 libitum
2434 5402 2593 5459 fuerit
2621 5402 2976 5462 celebrantur
3003 5424 3018 5462 :
3049 5408 3093 5461 is
3125 5408 3214 5476 qui
3241 5406 3308 5460 ad
3344 5405 3519 5477 Deum

1938 5476 2192 5548 pertinet,
2212 5482 2449 5548 secretus
2475 5484 2631 5548 estet
2657 5489 2892 5532 remotus
2912 5479 2978 5531 ab
3015 5477 3131 5531 istis
3156 5478 3316 5548 rebus
3340 5476 3499 5532 Imma

1939 5545 2044 5613 ius,
2065 5556 2121 5601 et
2145 5545 2264 5600 ideo
2291 5559 2389 5599 nec
2416 5545 2680 5611 irascitur,
2702 5563 2800 5603 nec
2829 5556 3103 5611 movetur;
3139 5547 3281 5602 nulla
3320 5549 3394 5602 illi
3427 5548 3526 5601 hn-

1938 5631 2218 5674 manarum
2249 5631 2451 5689 rerum,
2473 5618 2617 5671 nulla
2640 5618 2803 5673 nostri
2826 5628 2975 5689 actus
3004 5627 3086 5672 est
3104 5620 3525 5689 contemplatio;

1938 5697 2083 5744 totus
2106 5687 2261 5742 rotati
2287 5689 2470 5744 smcnli
2497 5702 2706 5759 cursus,
2737 5695 2792 5742 et
2818 5688 3057 5759 quzedam
3092 5687 3344 5745 mundani
3377 5690 3528 5746 orbis

1938 5759 2327 5834 inexplicabilis
2378 5757 2652 5834 volutatio,
2704 5757 3109 5834 itacorreptum
3146 5762 3285 5834 mpit
3309 5774 3360 5817 et
3396 5775 3523 5834 prae

1935 5828 2079 5903 jicit,’
2106 5840 2166 5887 ut
2207 5830 2404 5888 stultus
2429 5828 2678 5886 credatur
2705 5828 3056 5903 quisquis'se
3093 5832 3163 5891 ad
3202 5828 3526 5892 curam'ﬂei

216 4260 3520 4284 Μ

224 4942 516 4990 ωνιωυκ
569 4939 668 4982 EOS
720 4938 810 4990 QUI
865 4935 1075 4981 NBGANT
1130 4935 1200 4977 AD
1248 4933 1394 4975 DEDII
1436 4932 1646 4983 Αιιρυω
1697 4930 1830 4970 PER-

924 5008 1148 5049 TINBRE.

299 5073 523 5142 Quas'r.
539 5084 696 5142 retin
711 5069 887 5142 (a).-:-
899 5065 1099 5142 Multis,
1112 5075 1249 5142 quos
1259 5061 1641 5142 smcularisjsta
1663 5060 1835 5129 caligo

222 5131 478 5207 excavit,
508 5131 792 5212 plurimum
805 5131 1171 5212 displicemus,
1180 5134 1246 5212 _si
1276 5133 1490 5212 solliciti
1518 5131 1830 5212 Deiprzcce:

267 5227 321 5270 ta
349 5202 650 5278 serviemus,
676 5211 720 5265 si
742 5202 1059 5278 occasiones
1088 5203 1436 5278 delinquendi
1466 5202 1833 5278 htgiamus,_si

267 5232 321 5270 L1
349 5232 650 5278 εει-ηψπ,
676 5232 720 5265 5|
742 5232 1059 5265 OCC'JSIUIIBS
1088 5232 1436 5274 ucutuluctlut
1466 5232 1750 5271 ιιιδιιιιιιυθ,
1787 5232 1833 5254 δι

224 5232 379 5342 bona
404 5283 587 5340 omnia
632 5280 849 5336 salutari
878 5277 1055 5333 studio
1085 5276 1308 5343 implere
1331 5289 1608 5335 conemur,
1636 5273 1681 5327 si
1718 5273 1833 5327 ille-

224 5357 541 5417 cebrarmn,
566 5353 927 5425 vitiorumque
975 5348 1336 5425 blandimenta
1385 5344 1687 5425 seductor-ia
1738 5358 1831 5425 ne-

224 5415 594 5499 gligamus,isi
624 5422 769 5478 nulla
799 5415 1161 5499 ttosszeculari
1205 5416 1491 5499 dulcedine
1517 5415 1633 5483 capi
1663 5415 1833 5499 patiaf

224 5487 380 5561 iam
412 5499 457 5550 si
480 5502 673 5566 sponte
701 5508 798 5564 pro
827 5492 951 5566 Dei_
974 5490 1207 5566 nomine
1243 5487 1835 5566 cruciatus__p(enasqtte

226 5557 551 5632 subeamus,
583 5564 630 5620 si
678 5557 907 5637 mortem
938 5562 1119 5637 ipsam
1161 5560 1354 5614 virtute
1400 5557 1618 5637 spiritus
1647 5565 1833 5637 conte-

227 5654 505 5698 mnamus.
540 5629 665 5693 Villis
715 5629 975 5708 nimirum
1010 5632 1206 5708 quibus
1241 5643 1400 5708 omne
1425 5629 1829 5708 quodgeritur,

227 5696 429 5769 sensus
458 5711 561 5766 iste
603 5706 847 5764 mortalis
885 5718 984 5760 nec
1015 5696 1171 5759 laude
1208 5715 1310 5758 nec
1331 5696 1722 5770 vituperatiOne
1743 5696 1830 5752 di—

300 5842 376 5907 (α)
398 5847 549 5894 Deest
568 5843 619 5892 in
639 5839 911 5905 Mssprimi
932 5836 1150 5904 generis.
