4170 6188
318 205 472 265 1323

313 337 586 390 XXXVIII.
624 337 771 398 Quod
797 337 890 397 ait,
913 337 1058 387 Sicut
1087 338 1268 400 fulgur
1287 339 1398 388 exit
1428 338 1492 388 ab
1521 341 1739 396 oriente,
1771 343 1818 390 et
1847 355 2026 402 perve-

687 403 773 450 nit
807 417 964 465 usque
993 402 1048 465 in
1081 402 1424 452 occidentem.

313 465 545 515 XXXIX.
630 465 778 521 Quod
813 463 902 522 ait,
933 463 1010 512 At)
1040 465 1228 511 arbore
1255 465 1348 526 ﬁci
1376 465 1569 512 discite
1591 465 2020 514 similitudinem.

311 529 419 577 XL.
629 526 782 584 Quod
813 526 886 575 ait
915 527 978 576 de
1007 525 1160 584 Juda,
1189 525 1388 576 Benum
1411 536 1520 576 erat
1555 527 1638 574 illi
1665 543 1766 576 non
1797 529 1957 577 nasci.

311 590 444 640 XLI.
636 591 785 646 Quod
818 588 1040 650 triginta
1072 589 1340 649 argenteis
1373 591 1622 638 venditus
1655 595 1752 638 est.

313 655 466 702 XLII.
628 652 776 723 Quod
811 650 1034 723 ait,.IJbi
1073 653 1232 713 fuerit
1262 667 1463 714 corpus,
1497 653 1595 700 illo
1633 653 2024 716 congregaban-

315 775 492 827 XLIII.
626 713 1036 849 ἓῗιξιῖίῖὶι
1061 774 1230 825 bibam
1262 777 1444 826 amodo
1476 777 1538 826 de
1559 777 1657 826 hac
1684 779 2023 839 generatione

313 900 490 952 XLIV.
631 845 1070 964 Qtfddsspuerunt
1099 903 1152 952 in
1177 901 1362 952 faciem
1395 903 1529 966 ejus,
1555 907 1605 951 et
1637 902 1878 966 colaphis
1899 917 2022 953 eum

689 971 1088 1028 percusserunt.

315 1025 468 1078 XLV.
631 1025 707 1078 De
738 1030 876 1076 trina
905 1029 1042 1076 Petri
1076 1029 1380 1088 negatione.

313 1089 486 1140 XLVI.
628 1091 778 1150 Quod
810 1104 840 1162 ᾳ
869 1091 1024 1153 longe
1055 1093 1273 1140 secutus
1296 1088 1676 1139 estDominum
1709 1093 1923 1140 euntem
1959 1091 2023 1140 ad

311 1213 504 1270 XLVII.
619 1166 1156 1274 Quldzdblgnﬁglninus
1177 1215 1348 1264 oravit
1371 1216 1682 1278 priusquam
1703 1215 2020 1268 traderetur.

792 1346 950 1384 TITULI
981 1347 1310 1391 eunsnonun
1341 1345 1472 1382 nam
1503 1347 1536 1382 ιι

715 1440 765 1476 1N
795 1439 1108 1475 EVANGELIUM
1141 1437 1398 1474 SECUNDUM
1431 1437 1612 1474 ιυοΑι.

311 1547 353 1598 Ι.
624 1545 774 1604 Quod
795 1543 1086 1618 Xacimrias
1117 1541 1266 1592 audit
1296 1543 1362 1592 ab
1410 1543 1618 1605 angelo,
1653 1543 1920 1593 Exaudite
1951 1548 2024 1594 est

689 1611 862 1657 oratio
894 1611 998 1656 tua.

309 1674 376 1721 ΙΙ.
635 1671 786 1731 Quod
818 1671 883 1720 de
915 1669 1164 1718 navicula
1195 1668 1350 1717 docet
1378 1667 1583 1731 turbas.

313 1735 410 1785 III.
639 1729 898 1806 Quodait
927 1733 1136 1794 leproso
1159 1731 1435 1790 mundata,
1469 1729 1624 1793 Vade,
1647 1729 1857 1780 ostende
1877 1737 1925 1780 te
1943 1744 2024 1780 sa-

313 1859 406 1910 IV.
639 1796 1030 1932 Dgfpggdlvtico
1061 1857 1152 1919 qui
1181 1870 1277 1920 per
1294 1859 1490 1907 tectum
1511 1859 1590 1906 est
1619 1855 1686 1904 ad
1717 1869 1837 1906 eum
1861 1857 2021 1920 depo-

319 1987 379 2033 V.
635 1927 915 2043 033L33de
947 1983 1080 2032 duos
1110 1985 1288 2044 patres
1317 1981 1516 2030 habere
1551 1982 2021 2046 potueritJoseph.

319 2049 398 2098 VI.
629 2049 702 2096 De
727 2045 1066 2110 septuaginta
1097 2049 1299 2110 septem
1332 2045 1786 2106 generationibus.

315 2111 423 2158 VII.
629 2113 701 2159 De
733 2107 801 2158 eo'
825 2107 1198 2172 qui'babebat
1239 2108 1512 2172 dexteram
1545 2119 1764 2172 [nanum
1797 2107 2021 2157 aridam.

319 2173 451 2222 VIII.
627 2172 779 2231 Quod
812 2169 900 2226 ait,
938 2171 1232 2219 Mensuram
1255 2170 1459 2224 bonam,
1489 2169 1794 2231 confertam,
1827 2173 2024 2231 etcoa-

691 2236 938 2299 gitatam,
969 2241 1016 2282 et
1047 2232 1491 2294 sapere/ﬂuentem
1523 2230 1725 2280 dabunt
1769 2229 1822 2280 in
1851 2230 2022 2283 sinum

317 2361 400 2408 1X.
626 2299 1198 2420 quo‘dhati‘tT'Numquid
1213 2357 1378 2419 potest
1409 2368 1567 2420 caecus
1582 2369 1766 2420 casum
1799 2355 1982 2404 dueere
1997 2357 2022 2405 ?

317 2423 382 2472 X.
625 2417 698 2470 De
721 2423 812 2472 illo
830 2417 920 2485 qui
947 2417 1148 2470 fodit'in
1163 2417 1330 2468 altum
1353 2417 1595 2479 etposuit
1611 2417 2022 2470 fundamentum

693 2487 1167 2552 super_petram-___
1274 2546 1282 2552 _
1356 2543 1374 2552 _
1535 2546 1544 2552 ,
1629 2542 1674 2552 ..

315 2547 400 2596 XI.
628 2548 700 2596 De
731 2542 914 2616 pueris
943 2544 1325 2594 edentibusiu
1353 2543 1469 2592 I‘oro
1501 2546 1552 2592 et
1581 2542 1890 2592 adinvicem
1915 2543 2022 2592 cla-

315 2671 425 2720 Xll.
634 2609 1086 2741 Qﬂdniilltéflzlemo
1117 2669 1378 2741 lucernam
1401 2667 1689 2741 accendens
1704 2669 1872 2730 aperit
1901 2681 2020 2717 eam

687 2749 820 2792 vase,
844 2737 935 2781 aut
955 2732 1131 2781 subtus
1163 2733 1350 2782 lectum
1379 2733 1544 2794 ponit.
1597 2793 1606 2800 _

625 2799 698 2864 De
729 2796 900 2864 illoin
931 2811 1038 2864 quo
1069 2801 1180 2864 erat
1211 2797 1786 2864 Iegidtlmmoniorum.

313 2859 444 2906 XIV.
627 2861 700 2907 De
731 2857 1070 2919 septuaginta
1103 2859 1311 2906 duobus
1343 2857 1634 2917 discipulis.

313 2921 423 2970 XV.
627 2921 778 2994 Quod
810 2923 901 2980 ait,
1015 2921 1156 2984 quod
1181 2921 1230 2968 in
1251 2929 1314 2994 Ite
1335 2925 1406 2967 est
1438 2921 1610 2994 tamen
1635 2919 1854 2967 tenellae
1883 2922 2020 2978 sunt,

691 2984 818 3044 ipsze
848 2980 1067 3032 tenebiiae
1099 2987 1303 3047 quantae
1333 2980 1494 3030 sunt?

313 3044 447 3094 XVI.
637 3046 795 3116 Quod
819 3047 908 3116 ait,
939 3045 1094 3116 IVunc
1119 3059 1220 3116 vos,
1249 3043 1516 3116 Pharisaei,
1547 3043 1687 3108 quod
1719 3045 1918 3109 deforis
1949 3047 2022 3093 cst

687 3109 876 3156 colicis
908 3112 960 3157 et
988 3109 1172 3166 catini,
1207 3107 1493 3156 mundatis.

315 3168 464 3216 XVII.
629 3171 700 3220 De
731 3171 896 3230 digito
934 3170 1038 3220 Dei.

312 3231 488 3282 XVIII.
627 3235 698 3284 De
723 3233 931 3298 jejunio
961 3235 1186 3282 ﬁliorum
1219 3233 1419 3294 sponsi.

1166 201 1702 274 QUAESTIONUM
1749 204 2384 284 EVANGELIOIlU-M,
2433 213 2498 272 S.
2543 211 2972 274 AUGUSTINI

3683 225 3838 286 1324

2449 349 2524 412 De
2545 348 2643 412 illo,
2662 349 2758 412 qui
2781 349 3116 399 descendens
3141 352 3205 401 ab
3230 353 3522 403 Jerusalem
3546 357 3600 404 in
3621 357 3836 411 Jericno

2507 411 2698 459 incidit
2721 413 2774 460 in
2809 415 3068 462 latrones.

2129 469 2237 518 XX.
2439 473 2588 545 Quod
2611 474 3048 545 .Ilarthaexcepjt
3068 476 3219 545 illum
3237 479 3288 545 in
3308 479 3529 528 domum
3553 493 3722 545 suam,
3745 486 3837 535 ubi

2507 537 2673 604 Maria
2703 537 2920 604 sedebat
2951 538 3015 587 ad
3048 539 3212 604 pedes
3241 540 3374 604 ejus.

2133 343 2271 396 XIX.

2527 597 2618 646 illo
2635 599 2724 660 qui
2745 599 2918 670 media
2933 595 3089 670 nocte
3109 602 3173 650 ab
3188 595 3355 653 amico
3375 607 3506 666 petit
3525 611 3630 655 tres
3649 621 3828 670 panes.

2131 657 2295 724 XXIII
2444 661 2516 724 De
2549 657 2686 723 pane
2717 665 2768 710 et
2799 661 2943 724 pisce
2975 665 3030 710 et
3059 678 3181 712 ovo.

2131 719 2318 768 XXIII.
2443 719 2590 780 Quod
2623 724 2712 779 ait,
2741 719 2954 772 Taitistis
2991 726 3188 775 clavem
3218 728 3462 777 scientiae.

2445 785 2597 852 Quod
2629 787 2950 852 a_it,_4nima
2977 787 3094 852 plus
3123 793 3196 837 est
3233 805 3386 852 quam
3423 807 3554 842 esca.

2131 844 2287 895 XXV.
2445 847 2706 916 Quodait,
2729 849 2848 898 Sint
2869 844 3034 898 lumbi
3051 853 3216 900 vestri
3236 844 3524 916 precincti,
3549 859 3594 905 et
3617 856 3836 908 lucerna:

2132 969 2314 1021 XXVI.
2433 912 2790 1046 Deildiifdgdi'a
2813 975 3000 1024 trictici
3023 989 3184 1038 quam
3203 977 3291 1026 dat
3312 977 3483 1028 ﬁdelis
3501 981 3839 1044 dispensator

2135 1095 2338 1146 XXVII.
2437 1036 2861 1161 Οιιὶεῗίῗῖἓέῗσαηι
2885 1101 3124 1150 videritis
3153 1101 3336 1152 nubem
3367 1105 3624 1156 orientem
3653 1107 3716 1155 ab
3746 1121 3834 1156 oc-

2506 1177 2643 1212 εαεα.

2135 1222 2368 1273 XXVIII.
2435 1225 2586 1293 Quod
2619 1226 3024 1293 aitdestatura
3063 1229 3300 1290 corporis
3349 1231 3431 1278 cui
3483 1243 3592 1279 non
3627 1231 3837 1293 possint

2507 1288 2707 1352 aliquid
2738 1289 2951 1352 addere.

2133 1347 2306 1396 XXIX.
2460 1347 2608 1409 Quod
2641 1351 2730 1405 ait,
2761 1351 2934 1400 Nolite
2965 1352 3021 1402 in
3049 1352 3273 1402 sublime
3300 1355 3514 1404 extolli.

2131 1410 2289 1458 XXX.
2453 1415 2524 1462 De
2555 1413 2794 1462 invitatis
2818 1415 2883 1463 ad
2916 1428 3144 1464 acnuam.

2131 1472 2312 1522 XXXI.
2463 1478 2534 1524 De
2566 1477 2869 1543 sumptibus
2893 1478 2956 1543 ad
2993 1484 3194 1543 turrem
3215 1477 3602 1536 rediticandam,
3627 1484 3680 1530 et
3709 1495 3835 1543 rege

2507 1540 2596 1600 qui
2624 1539 2793 1602 liabet
2821 1538 3007 1602 viginti
3039 1540 3219 1589 millia.

2131 1597 2342 1666 XXXII_._
2457 1597 2536 1666 De
2561 1597 2964 1666 saleinfatuato
2995 1607 3045 1650 et
3069 1616 3168 1652 ove
3203 1603 3430 1666 perdita.

2131 1660 2363 1712 XXXIII.
2457 1663 2529 1712 De
2562 1663 2770 1729 duobus
2787 1663 2908 1729 filiis
2929 1678 3165 1729 quorum
3185 1660 3370 1728 junior
3389 1667 3659 1729 profectus
3679 1669 3832 1718 estin

2503 1728 2781 1790 regionem
2799 1727 3166 1790 longinquam.

2129 1785 2364 1835 XXXIV.
2443 1785 2714 1899 Quod'taitt,
2743 1785 2917 1840 Facite
2943 1785 3082 1838 vobis
3112 1791 3304 1840 aulicos
3331 1792 3394 1841 de
3424 1806 3718 1842 mammona
3735 1792 3837 1842 ini-

2503 1867 2598 1899 aut
2628 1867 2656 1899 α
2689 1866 2749 1899 τε.

2541 1851 2749 1899 uitatis.

2445 1867 2813 1978 di‘dlgtillféli
2841 1913 2894 1962 in
2923 1913 3089 1964 alieno
3117 1916 3299 1978 ﬁdeles
3317 1931 3422 1966 non
3452 1917 3654 1978 fuistis.

2129 1973 2357 2038 XXXVI:
2437 1975 2589 2032 Quod
2619 1979 2710 2036 ait,
2741 1975 2900 2024 Nemo
2926 1979 3096 2038 potest
3117 1973 3323 2027 duobus
3354 1973 3591 2030 dominis
3619 1979 3837 2030 servire.

2441 2039 2595 2102 Quod
2623 2040 2714 2101 ait,
2749 2036 2969 2102 Regnum
3003 2040 3242 2088 calorum
3273 2042 3374 2090 vim
3402 2043 3631 2102 patitur.

2130 2097 2411 2151 XXXVIII.
2445 2101 2518 2150 De
2548 2097 2710 2151 divite
2733 2101 2800 2151 ad
2814 2097 2989 2164 'cujus
3013 2102 3234 2164 januam
3259 2097 3473 2164 jacebat
3501 2102 3734 2152 Lazarus
3760 2103 3840 2152 ul-

2507 2177 2740 2214 θοι-οευθ.

2129 2223 2356 2275 XXXIX.
2443 2226 2596 2336 Q12);
2617 2227 2857 2276 dixerunt
2886 2225 3133 2289 discipuli
3161 2225 3410 2284 Domino,
3437 2225 3655 2290 Adauge
3685 2227 3834 2276 nobis

2583 2304 2681 2336 6172.

2501 2290 2681 2350 ﬁdem.

2129 2349 2240 2413 XL,
2433 2349 2509 2413 ne
2537 2351 2720 2413 decem
2751 2351 3000 2413 leprosis.

2132 2411 2262 2478 XLI:
2422 2412 2504 2478 pe
2526 2411 2624 2478 illo
2655 2414 2747 2478 qui
2766 2411 2830 2478 in
2865 2417 3006 2462 tecto
3037 2415 3135 2476 est,
3183 2417 3235 2464 et
3262 2426 3390 2464 vasa
3419 2414 3538 2478 ejus
3567 2416 3622 2463 in
3653 2415 3833 2466 domo.

2129 2473 2287 2538 XLII1
2419 2476 2492 2524 De
2522 2475 2610 2524 illo
2641 2473 2732 2538 qui
2763 2476 2818 2524 in
2842 2489 2976 2538 agro
3007 2480 3102 2534 est,
3121 2473 3192 2526 'ut
3223 2489 3330 2526 non
3363 2473 3548 2527 redeat
3580 2481 3742 2528 retro.

2129 2533 2304 2586 XLIII.
2443 2539 2515 2586 De
2548 2533 2709 2587 uxore
2742 2533 2892 2588 Loth;

2129 2597 2302 2648 XLIV.
2443 2600 2516 2649 De
2565 2601 2776 2652 duobus
2823 2603 2878 2651 in
2911 2601 3048 2652 lecto
3091 2605 3144 2651 et
3173 2601 3383 2652 duabus
3417 2602 3748 2653 molentibus
3783 2608 3838 2654 et

2503 2662 2712 2712 duobus
2743 2665 2796 2712 in
2827 2678 2972 2726 agro.

2447 2725 2519 2791 I_)e
2548 2727 2726 2791 judice
2759 2721 2954 2791 iniqvuo
2976 2741 3134 2791 quem
3157 2727 3317 2776 vidua
3345 2727 3734 2789 interpellabat.

2131 2741 2284 2772 ALV.
2447 2741 2519 2774 ue
2576 2741 2726 2775 unice
2759 2741 2944 2790 iniquo
2976 2741 3134 2791 quem
3157 2741 3317 2776 vnuua
3345 2741 3734 2789 interpellabat.

2129 2783 2304 2834 XLVI.
2451 2789 2523 2836 De
2548 2741 2769 2837 lwmine
2795 2789 2956 2838 nobili
2985 2792 3074 2854 qui
3107 2791 3236 2839 abiit
3257 2791 3310 2838 in
3335 2793 3610 2854 regionem
3633 2792 3840 2854 longin-

2471 2865 2658 2916 quam
2691 2854 3052 2916 acciperesibi
3087 2867 3328 2914 regnum.

2132 2911 2334 2976 $1.53!,
2449 2911 2532 2976 De
2559 2917 2760 2962 camelo
2797 2911 2888 2976 per
2921 2911 3171 2964 foramen
3192 2931 3336 2964 acus.

2131 2972 2354 3040 XLVIII.
2451 2975 2522 3040 I)e
2555 2990 2694 3040 cinco
2714 2972 3032 3032 illu'n'iinato,
3059 2993 3178 3026 cum
3199 2979 3582 3040 propinquaret
3603 2978 3834 3030 Jericbo.

2129 3035 2306 3102 XLIX.
2451 3038 2522 3102 De
2554 3039 2674 3102 vita
2693 3047 3024 3102 sanctorum,
3056 3055 3174 3090 cum
3201 3035 3604 3091 resurre'xerint.

2128 3097 2185 3144 L.
2441 3101 2592 3158 Quod
2629 3100 2721 3156 ait,
2756 3101 2909 3150 Orate
2939 3097 3242 3151 ne’intretis
3276 3103 3332 3151 in
3371 3105 3726 3154 tentationem.

2129 3159 2207 3210 LI.
2442 3162 2592 3220 Quod
2623 3165 2878 3225 scriptum
2911 3169 2988 3214 est
3021 3166 3084 3215 de
3121 3165 3366 3222 Domino,
3417 3165 3608 3216 Finxit
3635 3181 3686 3214 se
3715 3167 3837 3214 ton-

2503 3225 2633 3289 gius
2663 3227 2762 3277 ire.

321 3343 3826 3369 Μ

1446 3433 1944 3542 LIBER
2040 3435 2716 3550 PRIMUS.

1330 3581 1664 3641 Quwstioncs
1693 3579 1749 3630 in
1779 3580 2126 3644 Evangelium
2159 3581 2454 3632 secundum
2483 3583 2816 3636 Matthzeum.

1881 3677 2292 3722 -ιιοοΩ-κ

379 3750 603 3812 Quatsr.
643 3753 682 3807 Ι.
717 3753 960 3824 [ΜΑττιι.
995 3771 1040 3809 c.
1073 3771 1152 3824 χι,
1213 3757 1242 3824 ᾖ
1273 3756 1389 3827 27.]
1411 3755 1554 3811 Cum
1587 3755 1822 3824 diceret,
1853 3754 2015 3809 Nemo

307 3839 462 3895 novit
493 3839 696 3896 Filium
720 3841 831 3897 nisi
847 3846 1026 3910 Pater,
1047 3861 1160 3900 non
1181 3844 1344 3900 dixit.
1366 3846 1436 3899 Et
1457 3845 1550 3898 cui
1583 3844 1830 3900 voluerit
1855 3847 2016 3898 Pater

307 3928 563 3985 revelare
587 3933 1256 4002 ;quemadmodumcum
1278 3933 1507 4002 diceret,
1525 3934 1684 3988 Nemo
1725 3935 1874 3987 novit
1903 3935 2014 3986 Ρα-

317 4023 477 4086 trem,
509 4019 623 4075 nisi
647 4021 1088 4092 Fitius,addidit,
1118 4028 1170 4076 et
1193 4025 1284 4077 cui
1309 4022 1541 4078 voluerit
1561 4021 1732 4076 Filius
1754 4021 2011 4076 revelare.

317 4111 478 4176 Quod
511 4127 626 4166 non
659 4111 738 4166 ita
767 4112 1212 4184 intelligendum
1246 4117 1354 4181 est,
1387 4112 1556 4183 quasi
1581 4111 1762 4166 Filius
1791 4129 1823 4166 a
1855 4111 2013 4167 nullo

311 4201 498 4273 possit
527 4202 818 4272 cognosci,
850 4203 964 4260 nisi
995 4221 1029 4259 a
1061 4204 1226 4260 Patre
1257 4203 1420 4272 solo;
1475 4203 1641 4258 Pater
1671 4205 1865 4257 autem
1899 4218 2012 4257 non

309 4292 499 4347 solum
533 4309 566 4348 a
595 4292 760 4361 Filio,
811 4296 913 4350 sed
963 4295 1138 4350 etiam
1187 4294 1256 4349 ab
1306 4294 1392 4350 eis
1433 4294 1648 4366 quibus
1682 4293 2014 4348 revelaverit

309 4382 508 4439 Filius.
538 4383 628 4438 Sic
659 4385 814 4440 enim
847 4386 1040 4458 potius
1073 4387 1292 4442 dictum
1318 4393 1422 4454 est,
1459 4386 1935 4458 utintelligamus
1959 4386 2014 4438 et

309 4474 534 4530 Patrem
567 4476 623 4528 et
651 4474 844 4546 ipsum
895 4475 1107 4532 Filium
1169 4493 1271 4548 per
1319 4476 1532 4532 Filium
1564 4475 1840 4544 revelari;
1875 4473 2015 4546 quia

306 4561 432 4631 ipse
461 4571 544 4619 est
579 4567 754 4622 menti
791 4571 1004 4623 nostra
1033 4567 1268 4624 lumen:
1304 4568 1538 4638 utquod
1564 4571 1765 4638 postea
1793 4563 2010 4634 intulit,

305 4659 354 4706 et
387 4652 478 4707 cui
519 4654 745 4709 voluerit
765 4655 940 4712 Filius
959 4657 1219 4723 revelare,
1246 4673 1361 4713 non
1385 4661 1611 4712 tantum
1636 4657 1887 4724 Patrem,
1911 4654 2012 4709 sed

307 4741 481 4796 etiam
513 4741 722 4798 Filium
756 4745 1008 4817 accipias
1041 4763 1052 4801 :
1089 4747 1158 4800 ad
1183 4749 1370 4801 totum
1399 4747 1550 4801 enim
1576 4746 1731 4816 quod
1755 4743 1917 4813 dixit,
1943 4742 2014 4797 il-

307 4830 488 4887 latum
535 4835 640 4888 est.
697 4831 875 4890 Verbo
920 4837 1074 4891 enim
1125 4853 1227 4892 suo
1279 4836 1404 4906 ipse
1449 4837 1615 4891 Pater
1645 4834 2010 4890 declaratur:

309 4921 547 4977 verbum
579 4925 776 4978 autem
809 4939 921 4979 non
956 4923 1146 4980 solum
1181 4926 1236 4980 id
1271 4927 1423 4996 quod
1457 4941 1554 4996 per
1575 4925 1814 4980 verbum
1837 4920 2016 4978 decla-

311 5017 500 5082 ratur,
533 5013 634 5070 sed
665 5011 842 5069 etiam
877 5015 1136 5086 seipsum
1173 5015 1448 5073 declarat.

385 5103 450 5156 II.
488 5104 590 5174 [lb.
623 5121 723 5172 xu,
761 5105 834 5176 1.]
868 5107 1026 5170 Quod
1053 5107 1318 5177 discipuli
1343 5105 1575 5161 Domini
1598 5114 1877 5176 coeperunt
1902 5105 2012 5161 vet-

313 5191 422 5244 Icre
451 5197 648 5262 spicas,
679 5200 730 5252 et
761 5199 1112 5266 manducare,
1149 5199 1302 5268 quod
1337 5197 1444 5252 nisi
1480 5195 1864 5252 coniricanles
1895 5213 2010 5261 cas,

310 5277 494 5334 facere
525 5297 638 5336 non
670 5292 908 5354 possent
941 5305 953 5355 ;
988 5287 1125 5342 hinc
1157 5290 1266 5352 est,
1314 5285 1632 5357 Mortiﬁcate
1657 5285 1898 5342 membra
1929 5301 2015 5340 ve-

305 5377 443 5436 stra,
468 5387 582 5440 quae
611 5379 740 5426 sunt
769 5391 932 5446 super
959 5383 1166 5434 terram
1196 5395 1213 5434 :
1243 5375 1302 5432 id
1325 5381 1432 5442 est,
1467 5377 1604 5448 quia
1625 5375 1868 5448 quisque
1901 5391 2016 5430 non

305 5458 521 5514 transit
553 5458 609 5513 in
633 5475 842 5529 corpus
873 5465 1108 5536 Christi,
1149 5467 1260 5522 nisi
1301 5465 1631 5521 carnalibus
1655 5462 2016 5534 exspoliatus

311 5548 486 5602 fuerit
515 5548 870 5606 indumentis
897 5570 908 5619 ;
945 5555 1076 5607 hinc
1108 5561 1194 5610 est
1226 5563 1299 5625 et,
1333 5557 1531 5612 Emito
1553 5569 1638 5611 vos
1673 5555 1896 5610 retcrcm
1929 5553 2015 5609 ho-

309 5639 514 5694 minem
558 5639 778 5706 ((101053.
827 5657 910 5706 lli,
969 5643 1130 5710 5-9);
1167 5644 1300 5698 hinc
1339 5653 1422 5700 est
1468 5651 1541 5708 ct,
1595 5643 2014 5701 Circumcisione

2127 3769 2238 3809 non
2265 3757 2582 3824 manu/acta
2607 3758 2660 3810 in
2685 3755 3141 3828 cxspoliutionem
3161 3758 3344 3812 carnis
3373 3757 3595 3826 (Coloss.
3629 3775 3689 3824 ιι,
3725 3759 3833 3828 11).

2203 3844 2300 3898 III.
2335 3843 2436 3915 [1b.
2471 3847 2704 3916 xn,20.]
2729 3849 2790 3901 In
2815 3847 2930 3902 lino
2956 3846 3316 3918 Iumigante‘
3349 3848 3671 3902 notandum
3700 3847 3835 3917 quia

2131 3937 2187 3988 ct
2218 3935 2514 3991 desertum
2547 3935 2768 3992 lumine
2796 3936 2928 3992 facit
2955 3941 3242 4008 putorem.

2200 4022 2292 4075 1V.
2331 4024 2436 4093 Ub.
2469 4041 2568 4094 xu,
2601 4027 2717 4097 22.]
2752 4027 2892 4082 Tunc
2939 4025 3156 4084 oblatus
3183 4035 3262 4083 est
3293 4029 3346 4082 ci
3373 4027 3706 4083 dcemmzium
3729 4026 3837 4082 ha—

2131 4113 2279 4178 bens,
2311 4128 2480 4168 ca’cus
2527 4121 2576 4170 et
2607 4121 2792 4172 mutus
2824 4137 2843 4180 ;
2871 4117 2932 4174 id
2961 4123 3070 4186 est,
3103 4119 3199 4189 qui
3231 4135 3346 4176 non
3375 4119 3578 4184 credit,
3611 4127 3662 4174 et
3693 4118 3836 4174 sub-

2129 4203 2289 4259 ditus
2320 4205 2656 4263 cstdiabolo
2682 4225 2696 4276 ;
2723 4207 2822 4279 qui
2847 4226 2962 4265 non
2986 4209 3278 4281 intelligit,
3304 4217 3357 4265 et
3381 4225 3494 4264 non
3527 4208 3838 4264 conﬁtetur

2128 4293 2316 4362 ipsum
2352 4295 2547 4364 ﬁdem,
2571 4297 2642 4352 de
2674 4315 2790 4368 qua
2821 4299 3038 4352 dictum
3071 4305 3172 4368 esl,
3221 4301 3328 4354 Ore
3356 4305 3538 4352 autem
3569 4295 3834 4363 confessio

2129 4383 2188 4450 ﬁt
2219 4383 2278 4439 in
2309 4385 2543 4440 salutem
2569 4387 2740 4458 (llam.
2775 4402 2833 4456 x,
2865 4385 2951 4458 10)
2979 4406 2995 4456 ;
3036 4385 3124 4442 vel
3175 4385 3274 4457 qui
3307 4402 3420 4441 non
3473 4385 3570 4440 dat
3599 4384 3830 4440 laudem

2129 4471 2264 4528 Deo.

2197 4561 2263 4615 V.
2298 4563 2402 4634 [lb.
2452 4581 2552 4634 xu,
2601 4565 2822 4637 27-29.]
2869 4565 3032 4630 Quod
3081 4564 3246 4634 dixit,
3279 4564 3341 4618 Et
3371 4561 3421 4618 si
3450 4578 3544 4634 ego
3585 4565 3642 4617 in
3675 4565 3833 4618 Beel-

2127 4653 2298 4708 zebub
2329 4655 2492 4722 εἰὶσιό
2520 4655 2815 4722 daemones,
2847 4654 3017 4710 etiam
3050 4654 3374 4710 secundum
3407 4655 3660 4708 vestram
3693 4667 3835 4706 sen—

2127 4741 2368 4798 tentiam
2404 4759 2418 4800 :
2452 4745 2629 4814 igitur
2658 4747 2902 4816 pervenit
2935 4744 2994 4798 in
3025 4759 3114 4800 vos
3159 4758 3388 4812 regnum
3414 4744 3546 4802 Dei;
3572 4740 3711 4813 quia
3742 4757 3834 4798 re-

2130 4849 2308 4902 gnum
2340 4833 2554 4889 diaboli
2588 4843 2736 4890 stare
2759 4851 2872 4890 non
2901 4839 3114 4906 potest,
3147 4833 3297 4906 quod
3331 4834 3642 4888 adversum
3665 4833 3833 4887 sedi-

2129 4923 2316 4978 visum
2349 4941 2476 4980 esse
2535 4925 2821 4980 fatemini.
2875 4925 3136 4996 Regnum
3179 4924 3278 4980 Dei
3331 4939 3478 4979 nunc
3528 4921 3684 4991 dicit,
3719 4937 3832 4992 quo

2129 5012 2486 5068 damnantur
2507 5013 2686 5083 impii,
2711 5021 2764 5069 ct
2784 5031 2814 5068 a
2839 5011 3106 5068 ﬁdelibus
3129 5013 3198 5068 de
3225 5013 3478 5085 peccatis
3505 5009 3624 5066 suis
3655 5007 3830 5077 poeni.

2131 5103 2371 5158 tentiam
2403 5119 2556 5158 nunc
2589 5102 2900 5173 agentibus
2950 5108 3356 5160 secernuntur.
3405 5104 3628 5158 Fortem
3661 5097 3828 5152 illum

2129 5193 2397 5263 appellat,
2431 5191 2564 5262 quia
2587 5192 2708 5263 ipse
2731 5193 2981 5262 tenebat,
3009 5209 3079 5249 ne
3103 5197 3344 5266 possent
3365 5190 3586 5246 viribus
3609 5187 3733 5244 suis
3754 5187 3827 5243 ab

2197 5343 2230 5410 ί.
2251 5340 2306 5386 In
2329 5336 2615 5410 editis-haec
2636 5339 2860 5400 qumstio
2883 5341 2956 5410 sic
2979 5337 3502 5410 incipit.arunctiner_n
3521 5340 3827 5410 quqssatam

2129 5401 2328 5468 Juda’os
2359 5400 2511 5468 dicit,
2547 5399 2757 5462 propter
2790 5404 2936 5468 quod
2965 5413 3012 5453 et
3043 5399 3206 5468 unum
3228 5401 3399 5468 erant,
3429 5403 3476 5446 et
3511 5399 3576 5446 ab
3599 5399 3826 5468 invicem

2133 5462 2498 5532 Itis-crepabunt
2575 5461 2975 5532 tumseqnitur,
3001 5468 3056 5515 In
3089 5466 3202 5532 tino
3231 5463 3543 5532 fumigantc,
3565 5465 3660 5532 etc.
3685 5461 3826 5532 Atin

2132 5526 2255 5574 Mss.
2289 5521 2538 5590 omnibus
2567 5529 2709 5574 caret
2733 5521 2902 5588 prima
2923 5521 3010 5577 illa
3033 5531 3178 5590 parte
3203 5521 3546 5590 {adeoqueiu
3571 5521 3834 5590 091138110:

2131 5601 2260 5652 num
2291 5587 2514 5652 elencho
2535 5581 2885 5652 praenotatur,
2904 5581 3120 5647 noulde
3143 5581 3408 5639 arundine
3423 5587 3678 5648 quassata
3701 5597 3714 5644 ;
3735 5581 3830 5631 sed

2130 5651 2294 5702 hocce
2325 5650 2495 5713 titulo,
2529 5650 2593 5702 de
2623 5651 2732 5703 lino
2765 5653 3078 5714 fumigante.

3625 5881 3862 5996 και.
