4170 6188
351 219 498 278 1325

349 352 442 407 illo
459 370 514 409 se
535 354 804 412 homines
825 371 1046 422 eruere,
1079 357 1181 413 sed
1205 374 1308 429 per
1323 358 1571 430 gratiam
1597 357 1720 413 Dei.
1736 355 1886 413 Vasa
1903 356 2034 426 ejus

343 443 475 497 dicit
505 459 708 500 omnes
740 444 1012 501 inﬁdelis.
1049 447 1170 502 Nisi
1188 449 1343 518 prius
1364 448 1686 517 alligaverit
1708 447 1906 517 fortem
1931 445 2042 500 ξαι-

343 530 598 600 ligaverit
638 533 800 600 dixit,
852 539 1194 606 potestatem
1247 537 1331 591 illi
1373 537 1652 593 ademerit
1677 535 2037 608 impediendi

334 621 688 679 voluntatem
711 622 973 679 ﬁdelium
996 643 1029 680 a
1051 626 1345 696 sequendo
1367 625 1616 693 Christo,
1636 630 1692 683 et
1723 624 2037 682 obtinendo

332 726 511 781 regno
543 712 666 768 Dei.

401 801 498 857 Vl.
553 804 657 874 [1b.
692 821 794 872 χιι,
836 805 950 875 ΒΗ
1001 805 1313 878 Progenies
1360 808 1688 878 viperarum
1747 825 1842 864 eos
1873 808 2033 873 dicit,

331 893 469 965 quia
500 899 554 950 et
583 894 798 951 diaboli
840 896 991 952 ﬁlios
1023 897 1296 969 appellat.
1333 901 1393 954 In
1429 903 1652 956 tantum
1696 900 1851 955 enim
1875 900 2037 972 quis-

330 997 444 1053 que
486 983 641 1041 ﬁlius
681 986 810 1056 ejus
850 989 958 1053 est,
987 986 1048 1041 in
1090 993 1379 1058 quantum
1412 1005 1546 1046 eum
1583 992 1872 1062 peccando
1903 990 2034 1045 imi-

328 1076 506 1128 tatur.

396 1160 519 1218 VII.
556 1163 660 1235 [1b.
694 1181 797 1233 xu,
831 1167 944 1238 40.)
975 1166 1130 1222 Sicut
1149 1170 1296 1224 enim
1323 1171 1431 1240 fuit
1452 1171 1612 1226 Jonas
1637 1170 1697 1224 in
1727 1178 1916 1226 ventre
1932 1172 2040 1227 ceti

327 1253 504 1308 tribus
533 1254 725 1310 diebus
755 1264 804 1312 et
826 1257 1000 1314 tribus
1042 1259 1293 1314 noctibus
1316 1279 1339 1328 ;
1359 1263 1438 1316 sic
1459 1261 1565 1316 erit
1590 1261 1768 1318 Filius
1797 1263 2034 1319 hominis

329 1346 381 1396 in
425 1346 582 1401 corde
627 1357 796 1404 terra:
834 1349 1008 1405 tribus
1058 1349 1243 1407 diebus
1279 1355 1328 1407 et
1359 1351 1533 1407 tribus
1563 1353 1827 1409 noctibus.
1859 1356 2032 1411 Sexta:

327 1433 480 1488 feriae
520 1435 630 1492 diei
678 1441 903 1508 partem
965 1456 1083 1511 qua
1139 1441 1398 1513 sepultus
1447 1446 1536 1497 est
1573 1459 1707 1498 cum
1749 1445 2034 1514 praeterita

330 1530 518 1592 nocte,
551 1543 651 1597 pro
676 1532 844 1584 nocte
873 1535 927 1584 et
948 1529 1042 1585 die
1072 1529 1339 1602 accipias,
1376 1531 1483 1588 hoc
1515 1538 1603 1588 est
1634 1550 1735 1604 pro
1757 1538 1874 1590 toto
1906 1537 2027 1603 die;

326 1613 553 1669 sabbati
585 1619 814 1671 noctem
846 1621 903 1673 et
933 1617 1087 1674 diem
1115 1635 1126 1672 :
1163 1622 1220 1674 et
1250 1623 1480 1676 noctem
1513 1621 1864 1680 dominicam
1899 1642 2030 1681 cum

327 1705 522 1759 eodem
549 1704 643 1761 die
671 1706 1044 1764 illucescente
1079 1726 1182 1768 :ac
1203 1726 1302 1782 per
1324 1711 1431 1766 hoc
1451 1713 1786 1783 accipiendo
1810 1724 2028 1785 partem

329 1810 429 1864 pro
454 1797 593 1862 toto,
628 1795 810 1852 habes
827 1797 1089 1854 triduum
1111 1807 1160 1855 et
1184 1805 1301 1855 tres
1335 1804 1548 1857 noctes.
1584 1805 1742 1868 Quod
1769 1805 1922 1860 enim
1947 1806 2030 1860 di-

323 1891 532 1940 cuntur
553 1887 748 1943 decem
783 1904 1015 1945 menses
1047 1892 1420 1963 praegnantis,
1455 1909 1654 1949 novem
1681 1902 1814 1949 sunt
1839 1896 2026 1966 pleni;

321 1973 414 2027 sed
452 1973 686 2031 initium
720 1977 928 2033 decimi
961 1996 1062 2052 pro
1095 1984 1214 2037 toto
1239 1982 1541 2054 accipitur.
1576 1984 1642 2039 Et
1664 1987 1818 2056 quod
1843 2002 1902 2040 se
1926 1990 2030 2043 Do-

321 2065 510 2120 minus
539 2066 797 2122 ostendit
828 2070 888 2123 in
931 2076 1143 2140 monte,
1177 2075 1308 2142 post
1349 2088 1446 2128 sex
1483 2073 1607 2129 dies
1637 2074 1854 2130 factum
1889 2076 2030 2132 dicit

319 2171 474 2210 unus
526 2156 876 2226 evangelista
934 2158 1143 2230 (Matth.
1186 2178 1327 2230 xvu,
1368 2163 1454 2231 l);
1506 2162 1651 2219 alter
1707 2180 1841 2221 vero
1898 2170 2031 2237 post

318 2249 447 2300 octo
506 2245 632 2300 dies
675 2246 814 2302 dicit
870 2248 1016 2316 (Luc.
1069 2267 1142 2319 ix,
1201 2251 1317 2323 28),
1379 2255 1600 2324 partem
1650 2255 2026 2325 posteriorem

319 2332 489 2404 primi
522 2333 632 2388 diei
656 2333 716 2389 in
760 2352 872 2407 quo
897 2336 1160 2392 futurum
1193 2338 1303 2396 hoc
1333 2340 1617 2398 Dominus
1650 2343 1940 2414 promisit,
1975 2348 2030 2400 et

319 2429 539 2494 partem
573 2423 824 2495 priorem
849 2426 1152 2483 novissimi
1187 2428 1299 2484 diei
1331 2429 1388 2484 in
1423 2446 1537 2501 quo
1569 2432 1921 2503 completum
1942 2438 2031 2490 est

319 2514 475 2584 quod
510 2513 799 2584 promisit,
834 2532 934 2584 pro
962 2517 1094 2573 totis
1127 2524 1302 2590 atque
1331 2518 1575 2591 integris
1605 2522 1809 2578 diebus
1839 2539 2030 2579 annu-

319 2618 555 2657 merans
589 2620 600 2657 :
630 2611 686 2658 ut
727 2604 1019 2677 intelligas
1069 2624 1203 2664 eum
1254 2609 1355 2679 qui
1397 2610 1560 2680 dixit,
1587 2616 1718 2683 post
1757 2629 1856 2667 sex
1887 2613 2029 2681 dies,

320 2690 477 2745 solos
512 2693 730 2749 medios
763 2711 1267 2765 commemorasse,
1304 2698 1404 2770 qui
1436 2716 1565 2757 vere
1596 2702 1698 2757 toti
1732 2706 1902 2772 atque
1934 2701 2031 2758 in—

318 2780 469 2849 tegri
499 2783 770 2853 completi
802 2792 956 2839 sunt.
991 2786 1053 2841 In
1087 2785 1293 2842 Genesi
1325 2787 1480 2844 enim
1518 2807 1549 2846 a
1580 2790 1800 2848 lumine
1823 2792 2032 2864 incipit

321 2870 467 2937 dies,
501 2877 557 2926 et
586 2872 712 2927 ﬁnit
735 2873 804 2928 ad
840 2875 1105 2930 tenebras
1130 2875 1280 2946 (Gen.
1315 2894 1354 2946 ι,
1377 2879 1456 2950 5),
1480 2881 1552 2935 ad
1576 2880 2027 2952 signiﬁcandum

321 2960 548 3030 lapsum
607 2963 858 3019 hominis
883 2980 895 3020 :
923 2982 1076 3021 nunc
1116 2971 1310 3022 autem
1354 2985 1386 3023 a
1418 2969 1668 3026 tenebris
1701 2973 1773 3027 ad
1811 2973 2027 3045 lucem,

326 3052 478 3107 sicut
510 3052 730 3108 dictum
762 3058 872 3125 est,
904 3055 976 3110 De
999 3056 1238 3112 tenebris
1272 3058 1450 3114 lucem
1478 3059 1772 3118 clarescere
1801 3063 1873 3133 (II
1906 3065 2026 3121 Cor.

322 3158 404 3208 ιν,
433 3142 486 3212 6)
521 3157 535 3197 :
571 3141 706 3212 quia
736 3160 769 3198 a
800 3145 1051 3215 peccatis
1102 3145 1273 3203 homo
1319 3146 1616 3220 liberatus,
1667 3153 1920 3222 pervenit
1959 3157 2031 3212 ad

318 3233 513 3288 lucem
538 3233 801 3301 justitire.

396 3323 537 3378 VIII.
557 3324 662 3395 Lib.
688 3342 808 3393 xm,
843 3327 1052 3400 43-45.]
1088 3330 1219 3385 Cum
1246 3332 1476 3403 spiritus
1507 3334 1819 3391 immundus
1835 3337 2034 3395 exierit

319 3413 391 3468 ab
419 3414 636 3470 homine
656 3432 675 3469 :
707 3416 998 3487 signiﬁcat
1029 3421 1309 3490 quosdam
1333 3422 1414 3479 ita
1435 3424 1779 3493 credituros,
1805 3433 1865 3482 ut
1887 3428 2033 3485 ferre

320 3519 439 3559 non
474 3504 698 3574 possint
728 3505 953 3564 labores
997 3510 1386 3578 continentiae,
1411 3517 1468 3569 et
1490 3515 1560 3570 ad
1593 3515 1868 3573 saeculum
1904 3520 2034 3574 red-

315 3591 453 3647 ituri
472 3592 610 3649 sint.
631 3595 788 3660 Quod
815 3594 1032 3654 dictum
1056 3603 1163 3666 est,
1187 3601 1426 3658 Assumit
1443 3619 1621 3659 secum
1642 3605 1782 3662 alios
1808 3615 2033 3679 septem,

316 3683 665 3756 intelligitur
699 3686 839 3757 quia
867 3704 998 3744 cum
1031 3689 1160 3760 quis
1191 3693 1464 3750 ceciderit
1493 3696 1828 3765 dejustitia,
1860 3700 2032 3756 etiam

317 3773 759 3831 simulationem
791 3775 1048 3835 habebit.
1075 3780 1375 3852 Cupiditas
1397 3783 1555 3838 enim
1579 3785 1769 3841 carnis
1792 3787 2034 3858 expulsa

322 3880 424 3933 per
453 3865 857 3934 paenitentiam
889 3885 922 3924 a
952 3870 1248 3927 consuetis
1278 3874 1575 3943 operibus,
1604 3891 1735 3930 cum
1787 3893 1902 3933 non
1944 3877 2034 3934 in-

317 3953 535 4008 venerit
586 3953 642 4010 in
689 3956 904 4026 quibus
927 3958 1410 4018 delectationibus
1432 3965 1881 4036 correquiescat,
1909 3967 2031 4023 avi-

323 4042 460 4096 dius
497 4044 664 4110 redit,
689 4050 744 4101 et
767 4062 968 4104 rursus
991 4055 1234 4120 occupat
1252 4057 1504 4109 mentem
1529 4053 1808 4126 hominis,
1831 4056 1879 4112 si
1897 4073 2031 4112 cum

330 4128 502 4200 pulsa
531 4137 675 4188 esset
710 4137 747 4201 ¹,
771 4135 1120 4208 negligentia
1144 4140 1461 4198 subsecuta
1481 4148 1588 4211 est,
1623 4152 1688 4201 ut
1720 4163 1833 4203 non
1857 4145 2034 4203 intro-

325 4223 635 4278 duceretur
665 4231 943 4298 tanquam
977 4228 1266 4286 habitator
1288 4233 1582 4290 mundata:
1613 4237 1810 4292 domui
1842 4253 2030 4295 sermo

314 4311 422 4367 Dei
474 4330 576 4382 par
615 4332 821 4372 sanam
862 4319 1211 4375 doctrinam.
1247 4322 1315 4378 Et
1351 4325 1627 4394 quoniam
1678 4343 1795 4382 non
1843 4328 2030 4384 solum

316 4400 555 4458 habebit
588 4403 683 4460 illa
714 4410 940 4479 septem
975 4410 1136 4478 vitia,
1170 4428 1294 4482 quae
1326 4418 1542 4484 septem
1561 4416 1876 4473 virtutibus
1908 4419 2030 4490 spi-

318 4490 631 4549 ritualibus
663 4497 684 4529 ³
713 4502 854 4553 sunt
875 4501 1184 4569 contraria,
1218 4503 1317 4558 sed
1340 4503 1510 4560 etiam
1547 4521 1648 4576 per
1676 4506 2029 4577 hypocrisim

315 4595 379 4635 se
403 4579 556 4651 ipsas
587 4583 830 4641 virtutes
860 4585 1075 4644 habere
1103 4589 1406 4647 simulabit
1433 4609 1445 4660 ;
1473 4596 1776 4665 propterea
1797 4612 2028 4652 assum-

316 4669 432 4739 ptis
471 4687 671 4729 secum
706 4680 928 4747 septem
975 4678 1105 4736 aliis
1171 4682 1574 4753 nequioribus,
1607 4684 1716 4741 hoc
1763 4691 1871 4754 est,
1906 4687 2030 4759 ipsa

318 4762 644 4830 septenaria
680 4763 1071 4838 simulatione,
1106 4770 1254 4826 redit
1286 4771 1384 4828 illa
1435 4775 1922 4846 concupiscentia,
1964 4783 2030 4835 ut

315 4847 444 4903 sint
483 4850 794 4909 novissima
825 4855 1080 4913 hominis
1103 4860 1297 4930 pejora
1319 4877 1491 4931 quam
1522 4867 1686 4920 erant
1717 4865 1927 4936 prima.

393 4937 490 4991 IX.
514 4940 618 5007 [ιδ.
653 4959 776 5010 xm,
814 4945 898 5014 13,
920 4946 1007 5000 23.
1041 4947 1059 5018 ]
1096 4950 1254 5014 Quod
1277 4949 1436 5018 dicit,
1462 4953 1628 5008 Aliud
1648 4957 2025 5028 centesimum,

317 5027 480 5082 aliud
533 5034 960 5100 sexagesimum,
992 5037 1148 5092 aliud
1196 5041 1539 5107 trigesimum
1570 5059 1590 5098 :
1639 5027 2025 5106 centesimum

317 5119 669 5186 martyrum,
700 5128 932 5190 propter
948 5123 1270 5181 satietatem
1293 5126 1316 5160 3
1338 5127 1463 5184 vita
1502 5129 1589 5185 vel
1621 5136 2024 5206 contemptum

312 5203 520 5260 mortis
555 5221 567 5259 :
596 5209 1030 5278 sexagesimum
1060 5213 1371 5288 virginum,
1397 5223 1628 5290 propter
1659 5222 1840 5278 otium
1861 5203 2025 5281 inte-

383 5397 412 5477 ξ
595 5397 678 5477 Fr.
705 5403 762 5477 et
789 5402 911 5477 Lor.
947 5407 1028 5477 1sic
1059 5420 1172 5477 cum
1201 5410 1425 5477 expulsa
1453 5421 1582 5460 esset
1607 5413 1832 5474 iustitia,
1865 5415 2030 5477 negli-

312 5459 499 5529 gentia
528 5460 796 5529 subsecuta
821 5475 912 5516 ert.
947 5459 1305 5520 Emendamtts
1339 5473 1403 5522 ad
1435 5459 2033 5529 odiosissi'éi'hti'é’di-

320 5523 525 5589 tionem
563 5524 1033 5589 Ratisponensem.

383 5584 407 5668 ξ
439 5583 565 5668 ἕξις.
599 5583 837 5668 (Αὶρι-Βῆςῑ
865 5593 1218 5668 Sauvictoriui
1243 5597 1368 5653 duo,
1393 5600 1644 5668 uirtutum
1666 5605 1963 5668 spiritibus.

387 5647 408 5681 ³
437 5647 561 5698 Rat.
596 5651 713 5703 Am.
747 5649 833 5704 Er.
867 5661 918 5708 et
949 5662 1067 5709 octo
1097 5659 1244 5720 Mss,
1273 5647 1625 5714 sanctitatem;

1787 218 2014 280 LIBER
2059 217 2486 284 SECUNDUS.

3707 248 3862 306 I396

2144 355 2289 426 rius,
2315 361 2453 431 quia
2475 379 2590 420 non
2614 374 2878 440 pugnant
2899 377 3101 430 contra
3119 380 3600 440 consuetudinem
3625 387 3854 455 carnis;

2147 448 2295 506 solet
2324 454 2481 510 enim
2513 457 2699 514 otium
2731 463 2969 519 concedi
2990 469 3374 538 sexagenariis
3404 477 3532 542 post
3561 474 3851 544 militiam,

2147 537 2233 594 vel
2252 546 2379 610 post
2396 545 2649 604 actiones
2675 550 2937 620 publicas
2960 570 2973 608 :
2996 556 3361 626 trigesimum
3386 537 3853 634 conjugatorum,

2146 629 2286 700 quia
2319 632 2437 687 IIEBC
2469 643 2555 690 est
2604 646 2741 696 astas
2789 642 3212 716 proeliantium;
3263 649 3373 720 ipsi
3433 629 3593 708 enim
3639 629 3856 714 habent

2142 720 2430 778 acriorum
2464 727 2821 799 conﬂictum,
2855 749 2927 788 ne
2957 733 3300 794 libidinibus
3332 747 3697 810 superentur.

2215 813 2287 866 Χ.
2311 813 2589 908 .[Ib._xm,
2617 819 2793 875 25-30.
2828 823 2846 893 ]
2877 823 3076 880 Omnis
3121 827 3502 887 immunditia
3542 832 3602 888 in
3634 839 3846 908 segete,

2143 900 2364 958 zizania
2394 904 2689 963 dicuntur.
2723 913 2882 975 Quod
2905 915 3093 985 primo
3117 923 3378 989 separata
3397 920 3613 979 zizania
3644 924 3851 981 dicun-

2143 991 2240 1079 tur
2272 991 2311 1059 ¹,
2346 992 2480 1061 quia
2511 995 2883 1054 tribulatione
2913 1005 3268 1071 praecedente
3290 1010 3851 1079 separabanturim-

2145 1077 2286 1169 piia
2316 1080 2426 1151 piis
2454 1098 2466 1137 :
2493 1087 2647 1154 quod
2680 1104 2781 1157 per
2802 1089 2985 1147 bonos
3014 1093 3264 1164 Angelos
3308 1077 3652 1169 intelligitur
3682 1101 3802 1157 ﬁeri
3832 1121 3846 1169 ;

2145 1167 2281 1236 quia
2311 1171 2502 1226 ofﬁcia
2532 1174 2798 1232 vindictae
2833 1185 3075 1249 possunt
3107 1184 3348 1255 implere
3371 1167 3690 1246 boni—bono
3721 1167 3845 1246 ani?

2147 1270 2261 1322 mo,
2295 1263 2582 1327 quomodo
2614 1280 2712 1318 rex
2742 1266 2780 1332 ε,
2805 1271 3290 1341 quomodojudex
3319 1296 3332 1344 ;
3367 1275 3559 1333 ofﬁcia
3579 1293 3711 1334 vero
3736 1279 3848 1336 mi-

2144 1345 2468 1403 sericordiae
2499 1351 2634 1407 mali
2665 1353 2910 1426 implere
2942 1375 3056 1414 non
3079 1371 3344 1430 possunt.

2215 1435 2312 1526 XI.
2341 1436 2444 1506 (Ib.
2478 1456 2600 1505 xm,
2633 1443 2747 1514 31.]
2767 1444 3024 1503 Granum
3046 1448 3268 1521 sinapis
3288 1454 3359 1509 ob
3387 1455 3666 1513 fervorem
3690 1459 3844 1526 ﬁdei,

2141 1524 2227 1578 vel
2261 1527 2412 1595 quod
2440 1527 2661 1585 dicatur
2692 1547 2912 1590 venena
2933 1537 3435 1612 expellere,maius
3467 1544 3531 1599 ﬁt
3571 1524 3848 1603 omnibus

2142 1612 2415 1685 oleribus,
2451 1618 2505 1673 id
2531 1626 2618 1676 est
2640 1622 3033 1694 dogmatibus.
3053 1628 3328 1701 Degmata
3351 1638 3544 1690 autem
3567 1643 3705 1693 sunt
3726 1639 3847 1710 pla-

2141 1706 2255 1794 cita
2284 1711 2593 1794 sectarum,
2629 1711 2685 1766 id
2718 1717 2828 1781 est,
2861 1719 3015 1788 quod
3051 1718 3269 1789 placuit
3299 1722 3547 1794 singulis
3578 1706 3774 1783 sectis.

2211 1791 2330 1885 XII.
2363 1795 2472 1862 [[b.
2506 1814 2626 1864 xm,
2671 1800 2785 1872 33.]
2826 1805 3178 1864 Fermentum
3219 1812 3360 1881 quod
3389 1791 3592 1885 accepit
3625 1817 3846 1885 mulier,

2135 1887 2188 1934 et
2218 1881 2494 1941 abscondit
2516 1891 2573 1942 in
2598 1892 2810 1960 farinae
2828 1899 2960 1950 satis
2998 1897 3174 1954 tribus
3203 1917 3221 1953 :
3256 1881 3578 1973 mulierem,
3611 1906 3849 1978 sapien-

2139 1969 2280 2064 tiam
2312 1973 2453 2064 dicit
2487 1993 2500 2030 :
2534 1978 2910 2055 fermentum,
2932 1986 3302 2046 dilectionem
3331 2009 3344 2059 ;
3378 1995 3530 2064 quod
3554 1969 3848 2053 fervefacit

2137 2063 2195 2152 et
2223 2063 2450 2152 excitat.
2478 2069 2540 2122 In
2577 2069 2776 2127 farina:
2809 2078 3005 2132 autem
3048 2080 3194 2134 satis
3241 2063 3450 2152 tribus,
3489 2084 3577 2140 vel
3611 2085 3719 2141 tria
3749 2086 3846 2142 illa

2135 2148 2195 2206 in
2228 2151 2482 2224 homine,
2515 2158 2596 2212 Ex
2643 2168 2752 2217 toto
2791 2165 2966 2233 corde,
2995 2175 3048 2223 et
3086 2185 3154 2223 ea:
3184 2175 3294 2227 tota
3322 2148 3532 2241 anima,
3562 2179 3614 2230 el
3638 2193 3709 2230 ex
3738 2184 3844 2232 tota

2137 2249 2313 2296 mente
2349 2243 2562 2314 (Matth.
2609 2266 2708 2317 xu,
2741 2253 2832 2325 37)
2860 2272 2872 2321 ;
2906 2256 2990 2309 vel
3041 2259 3152 2313 tria
3182 2260 3282 2316 illa
3304 2263 3619 2330 fructifera,
3653 2265 3841 2322 Cente-

2135 2344 2292 2420 num,
2334 2346 2690 2405 sexagenum,
2747 2343 3019 2398 tricenum
3067 2346 3166 2415 (Id.
3202 2364 3324 2414 xm,
3357 2352 3410 2416 8,
3442 2352 3565 2420 23);
3600 2353 3685 2409 vel
3733 2355 3842 2408 tria

2136 2415 2238 2473 illa
2293 2435 2508 2490 genera
2558 2423 2886 2500 hominum,
2929 2431 3058 2503 Noe,
3118 2436 3311 2492 Daniel
3360 2445 3412 2494 et
3467 2415 3563 2496 Joh
3621 2442 3838 2507 (Eucti.

2138 2523 2252 2562 xxv.
2288 2510 2396 2582 14).

2208 2599 2353 2656 ΧΙΙΙ.
2387 2603 2491 2674 [1b.
2525 2623 2648 2674 xm,
2701 2610 3208 2681 l1/1.]Thesaurum
3255 2617 3314 2673 in
3368 2634 3506 2689 agro
3552 2619 3851 2676 abscondi-

2139 2691 2289 2758 tum,
2311 2692 2455 2749 dixit
2477 2696 2592 2752 duo
2614 2698 2988 2758 Testamenta
3010 2704 3156 2777 legis
3179 2707 3234 2763 in
3270 2709 3540 2777 Ecclesia,
3569 2727 3698 2783 quae
3721 2713 3851 2783 quis

2139 2794 2270 2834 cum
2304 2797 2370 2836 ex
2401 2789 2566 2854 parte
2606 2787 2934 2846 intellectus
2967 2795 3245 2868 attigerit,
3279 2799 3453 2854 sentit
3492 2799 3613 2856 illic
3636 2817 3849 2872 magna

2140 2869 2318 2927 latere
2353 2888 2366 2926 :
2400 2878 2457 2928 et
2486 2876 2645 2931 vadit
2669 2883 2718 2934 et
2748 2881 2931 2936 vendit
2963 2887 3152 2940 omnia
3173 2902 3292 2954 sua,
3326 2891 3375 2942 et
3397 2888 3531 2944 emit
3560 2869 3761 2959 agruni
3777 2892 3850 2945 it-

2139 2960 2275 3028 tum,
2299 2960 2356 3017 id
2402 2969 2514 3032 est,
2547 2975 2884 3041 contemptu
2927 2977 3340 3047 temporalium
3393 2983 3692 3051 comparat
3738 2980 3849 3037 sibi

2143 3051 2353 3119 otium,
2381 3058 2446 3109 ut
2473 3054 2547 3111 sit
2568 3056 2730 3114 dives
2762 3061 3092 3133 cognitione
3121 3066 3243 3122 Dei.

2141 3413 2453 3483 Apostolus
2510 3431 2640 3472 cum
2702 3418 2846 3475 dixit
2894 3421 3168 3478 Christum
3216 3425 3313 3480 Dei
3364 3428 3642 3496 Virtutem,
3681 3432 3730 3483 et
3759 3431 3854 3482 Dei

2144 3503 2484 3576 Sapientiam
2513 3507 2532 3576 (
2567 3509 2589 3563 Ι
2622 3508 2742 3564 Cor.
2778 3527 2820 3577 ι,
2846 3512 2979 3584 24);
3022 3513 3290 3568 virtutem
3324 3516 3391 3570 ad
3452 3516 3621 3586 signa
3653 3517 3851 3573 retulit

2144 3595 2644 3666 propterJudaeos,
2665 3599 3015 3670 sapientiam
3059 3605 3252 3656 autem
3277 3603 3346 3659 ad
3373 3603 3693 3661 doctrinam
3719 3622 3851 3678 pro-

2144 3691 2270 3757 pter
2299 3685 2544 3753 Grtecos,
2587 3686 2640 3740 id
2675 3692 2764 3742 est
2797 3688 3029 3746 Gentes.

2214 3776 2333 3829 XV.
2372 3776 2472 3847 [Ib
2499 3794 2610 3844 xiv,
2642 3779 2857 3850 26-33.]
2884 3781 3044 3844 Quod
3068 3783 3339 3841 dixerunt
3360 3786 3631 3859 discipuli
3663 3789 3848 3862 phan-

2142 3866 2332 3920 tasma
2354 3880 2500 3933 esse,
2523 3866 2815 3938 signiﬁcat
2835 3869 2894 3925 id
2925 3872 3083 3940 quod
3104 3873 3442 3948 dictumest,
3468 3883 3660 3947 Putas,
3693 3883 3848 3936 iuve-

2141 3955 2253 4009 niet
2298 3953 2461 4024 ﬁdem
2520 3957 2578 4010 in
2628 3961 2776 4014 terra
2805 3959 2960 4028 (Luc.
2993 3979 3152 4030 xvm,
3185 3966 3278 4035 8)?
3303 3967 3441 4035 quia
3481 3968 3713 4036 quidem
3747 3971 3849 4040 qui

2144 4044 2419 4099 cesserint
2441 4045 2693 4115 diabolo,
2710 4048 2778 4102 de
2791 4047 3001 4104 Christi
3025 4052 3272 4108 adventu
3296 4055 3667 4112 dubitabunt.
3687 4058 3848 4120 Quod

2144 4137 2333 4189 autem
2369 4138 2572 4190 Petrus
2605 4137 2869 4208 implorat
2899 4156 2931 4194 a
2961 4142 3199 4197 Domino
3249 4145 3548 4216 auxilium,
3593 4163 3665 4202 ne
3695 4163 3851 4203 mer-

2139 4227 2333 4292 gatur,
2357 4223 2651 4296 signiﬁcat
2668 4226 3020 4297 quibusdam
3040 4228 3512 4290 tribulationibus
3528 4235 3701 4290 etiam
3718 4242 3850 4307 post

2145 4313 2410 4369 ultimam
2439 4315 2904 4386 persecutionem
2951 4321 3314 4389 purgandum
3355 4338 3477 4378 esse
3507 4323 3844 4379 Ecclesium.

2143 4403 2301 4466 Quod
2334 4407 2389 4458 et
2422 4405 2629 4460 Paulus
2661 4404 2951 4476 signiﬁcat
2999 4409 3197 4464 dicens
3229 4411 3456 4466 :Salvus
3485 4413 3587 4468 erit
3615 4430 3636 4475 ;
3666 4413 3745 4468 sic
3766 4420 3849 4469 ta-

2142 4509 2266 4548 men
2299 4493 2458 4565 quasi
2483 4510 2582 4566 per
2600 4496 2781 4564 ignem
2804 4497 2855 4565 (1
2893 4497 3017 4550 Cor.
3039 4514 3122 4565 ιιι,
3160 4499 3268 4568 15).
3293 4502 3452 4564 Quod
3473 4501 3754 4574 sequitur,
3782 4509 3847 4560 ut

2141 4584 2450 4639 adorantes
2501 4600 2705 4641 omnes
2755 4585 2856 4656 qui
2898 4587 2957 4642 in
3003 4588 3134 4642 navi
3167 4595 3352 4657 erant,
3385 4591 3662 4661 dicerent,
3702 4598 3847 4652 Vere

2140 4676 2316 4735 Filius
2358 4676 2455 4732 Dei
2483 4693 2557 4742 es,
2591 4676 2883 4749 signiﬁcat
2931 4678 3246 4736 claritatem
3273 4682 3398 4751 ejus
3435 4687 3574 4740 tunc
3606 4687 3846 4742 manife-

2140 4773 2290 4824 stam
2325 4768 2607 4838 l’uturam,
2645 4785 2742 4837 per
2788 4768 3039 4841 speciem
3074 4769 3199 4841 jam
3237 4770 3587 4843 videntibus,
3616 4777 3716 4847 qui
3749 4794 3848 4848 per

2136 4857 2314 4912 ﬁdem
2345 4870 2500 4912 nunc
2531 4855 2853 4913 ambulant.

2207 4946 2346 5003 XVI.
2381 4946 2486 5018 [1b.
2511 4963 2603 5014 xv,
2635 4946 2714 5018 5.]
2764 4947 2954 5003 Munus
2991 4949 3362 5024 quodcumque
3389 4957 3466 5009 est
3511 4969 3580 5010 ex
3608 4970 3711 5020 me,
3745 4953 3849 5008 tibi

2135 5035 2421 5110 proderit;
2455 5036 2513 5092 id
2546 5041 2654 5106 est,
2689 5053 2904 5094 munus
2937 5038 3094 5110 quod
3124 5041 3296 5097 offers
3334 5059 3509 5097 causa
3538 5041 3766 5109 mei,ad
3793 5046 3848 5098 te

2130 5128 2257 5199 jam
2288 5125 2631 5199 pertinebit:
2666 5128 2879 5198 quibus
2897 5129 3083 5184 verbis
3106 5129 3697 5202 signiﬁcantﬁliijam
3730 5149 3847 5188 non

2138 5218 2255 5273 sibi
2285 5234 2432 5289 opus
2463 5234 2588 5274 esse
2620 5222 2927 5288 parentum
2961 5236 3062 5291 pro
3102 5235 3165 5276 se
3208 5219 3551 5290 oblationes,
3587 5223 3740 5295 quod
3775 5225 3847 5278 ad

2137 5323 2266 5364 eam
2293 5313 2522 5364 letalem
2555 5309 2977 5380 pervenissent,
3010 5313 3073 5364 ut
3102 5310 3472 5380 possenljam
3502 5311 3615 5383 ipsi
3647 5313 3850 5370 offerre

2139 5416 2242 5474 pro
2275 5415 2352 5457 se.
2385 5400 2448 5456 In
2480 5399 2588 5456 hac
2620 5415 2756 5471 ergo
2790 5401 2954 5454 aetate
2986 5399 3349 5469 constitutos,
3385 5405 3449 5458 ut
3479 5407 3716 5474 possent
3745 5421 3848 5475 pa-

2207 5547 2228 5609 i_
2254 5545 2338 5594 Er.
2371 5544 2534 5604 Lugd.
2567 5542 2717 5609 Ven._
2745 5540 2868 5609 Lov.
2919 5539 3137 5609 habent,
3202 5545 3408 5594 zizania
3454 5546 3670 5595 dicitur.
3705 5547 3851 5609 Quod

2139 5607 2312 5670 primo
2341 5602 2869 5682 separaturhzisania
2899 5602 3134 5678 d‘icitur.’
3154 5672 3166 5682 -
3186 5610 3253 5682 _M.
3436 5671 3466 5682 υ

2208 5669 2229 5704 ³
2255 5669 2338 5718 Sic
2368 5666 2482 5718 Rat.
2517 5671 2570 5720 et
2593 5666 2697 5717 MS.
2731 5667 3110 5724 Cisterciensis.
3139 5672 3206 5726 At
3233 5670 3322 5723 alii
3352 5671 3578 5734 codices,
3609 5673 3717 5726 lex.
