4170 6188
249 248 397 309 1327

241 381 502 438 rentibus
534 379 657 434 suis
678 378 786 432 hoc
808 377 1014 439 dicere,
1037 390 1166 429 cum
1191 374 1301 430 hoc
1323 373 1628 442 dixissent,
1649 372 1937 443 negabant

242 467 508 526 Pharisaei
541 483 664 522 reos
695 482 842 531 esse,
865 463 912 519 si
940 461 1271 534 parentibus
1293 462 1418 518 suis
1449 479 1560 518 non
1599 463 1943 533 praestarent

240 559 538 614 honorem.

307 654 476 712 XVII.
517 653 620 723 [1b.
656 669 746 716 xv,
781 652 889 722 13.]
915 653 1098 707 Omnis
1117 651 1386 722 plantatio
1409 667 1572 720 quam
1593 665 1700 705 non
1721 649 1938 721 plauta-

236 745 312 800 vit
352 745 517 799 Pater
546 758 696 797 meus
733 742 986 807 ccclesiis,
1018 739 1401 796 eradicabitur
1423 757 1440 792 :
1475 739 1531 793 id
1554 745 1663 800 est,
1687 738 1939 794 carnalis

236 840 544 911 cupiditas,
579 839 892 894 secundum
933 854 1103 908 quam
1143 837 1458 892 sentientes
1500 835 1941 891 otfendebantur

235 931 306 986 de
339 929 744 1002 prietermissis
767 945 960 984 rerum
986 927 1189 997 signis,
1211 926 1294 982 vel
1319 927 1487 982 etiam
1526 925 1941 981 traditionibus

235 1022 388 1088 suis;
425 1025 480 1076 et
511 1024 791 1091 praecepta
823 1019 948 1072 vita:
995 1034 1109 1073 non
1159 1018 1458 1082 curabant,
1491 1033 1620 1087 quae
1652 1033 1685 1073 a
1709 1015 1943 1086 cupidi-

242 1117 355 1166 tate
384 1113 650 1166 animum
684 1113 952 1180 purgant.

306 1210 497 1266 XVIII.
532 1208 640 1279 [1b.
677 1225 796 1275 vm,
833 1207 938 1275 13;
974 1224 1063 1274 xv,
1096 1208 1210 1278 28.]
1243 1207 1404 1273 Quod
1434 1214 1487 1261 et
1519 1221 1764 1277 puerum
1790 1205 1937 1261 Cen-

235 1299 505 1366 turionis,
540 1302 597 1353 et
636 1298 816 1352 ﬁliam
867 1297 1204 1352 Chananeus
1254 1295 1517 1352 mulieris
1559 1313 1672 1352 non
1706 1294 1939 1351 veniens

236 1392 302 1447 ad
339 1392 546 1447 domos
574 1407 798 1456 eorum,
834 1389 1018 1445 salvat
1048 1409 1062 1457 ;
1097 1388 1390 1459 signiﬁcat
1419 1389 1656 1458 Gentes,
1688 1388 1759 1442 ad
1792 1404 1941 1458 quas

235 1498 351 1537 non
376 1482 551 1549 venit,
584 1481 774 1536 salvas
806 1481 924 1535 fore
957 1496 1056 1550 per
1085 1480 1324 1534 verbum
1360 1495 1556 1534 suum.
1601 1478 1762 1542 Quod
1797 1477 1940 1548 ipsis

234 1579 571 1650 rogantibus
615 1578 716 1633 ﬁlii
776 1585 1079 1647 sanantur,
1113 1577 1485 1648 intelligenda
1541 1581 1626 1632 est
1673 1574 1940 1631 Ecclesiae

234 1684 500 1738 persona,
542 1685 668 1738 quae
723 1667 832 1722 sibi
876 1671 964 1722 est
1010 1671 1066 1722 et
1113 1670 1296 1721 mater
1328 1671 1384 1720 et
1423 1666 1526 1720 lilii
1563 1681 1733 1720 :nam
1764 1665 1939 1720 simul

232 1775 455 1826 omnes,
479 1757 691 1827 quibus
722 1761 950 1813 constat
998 1756 1275 1823 Ecclesia,
1304 1759 1489 1811 mater
1527 1755 1742 1811 dicitur
1773 1774 1788 1824 ;
1823 1755 1943 1810 sin-

234 1849 356 1918 guli
387 1851 577 1902 autem
619 1847 794 1902 iidem
828 1846 935 1917 ipsi
969 1846 1069 1900 {Ilii
1107 1844 1492 1916 appellantur.

305 1937 456 1992 XIX.
490 1937 599 2007 [1b.
626 1953 719 2001 xv,
751 1936 860 2008 30],
893 1936 1057 1999 Quod
1081 1935 1264 1990 turbis
1314 1934 1654 1990 obtulerunt
1691 1935 1940 1990 Domino

233 2035 456 2093 mutos;
489 2027 587 2096 qui
645 2042 772 2081 eum
831 2043 943 2080 non
994 2025 1260 2091 laudant,
1303 2024 1389 2078 vel
1438 2041 1549 2079 non
1590 2024 1942 2079 confitentur

234 2117 410 2172 fidem
450 2141 465 2186 ;
495 2131 658 2170 careas
680 2133 703 2178 ,-
723 2114 820 2186 qui
853 2131 968 2170 non
1001 2113 1352 2185 intelligunt,
1385 2112 1612 2168 etiamsi
1644 2114 1944 2185 obtempe-

234 2204 729 2276 rantjubentibus
755 2221 768 2258 :
791 2203 985 2259 surdos
1001 2221 1022 2268 ;
1040 2203 1140 2274 qui
1165 2219 1278 2258 non
1293 2204 1691 2273 obtemperant
1712 2204 1940 2260 etiamsi

234 2293 572 2366 intelligunt
606 2309 618 2346 :
653 2291 880 2349 claudos
901 2312 923 2357 ;
956 2293 1057 2363 qui
1085 2298 1369 2364 praecepta
1400 2309 1516 2348 non
1549 2292 1809 2362 implent.

303 2393 424 2448 XX.
459 2392 560 2464 [1b.
594 2409 708 2458 xvr,
741 2392 794 2458 2,
817 2391 892 2462 3.]
923 2392 1082 2457 Quod
1117 2391 1264 2445 dixit
1315 2391 1622 2460 Dominus,
1661 2394 1826 2447 Facto
1863 2408 1938 2447 ve-

242 2498 400 2555 spere
425 2483 630 2549 dicitis,
670 2481 938 2536 Serenum
980 2485 1083 2536 erit
1097 2499 1119 2545 ;
1147 2481 1514 2536 rubicundum
1543 2487 1622 2536 est
1656 2483 1804 2536 enim
1836 2499 1940 2537 cce-

233 2573 388 2634 lum;
415 2571 472 2626 id
506 2578 608 2637 est,
640 2571 921 2642 sanguine
953 2570 1242 2639 passionis
1274 2570 1510 2637 Christi,
1545 2571 1601 2624 in
1627 2571 1810 2639 primo
1835 2572 1938 2626 ad-

230 2665 401 2716 ventu
433 2661 793 2730 indulgentia
827 2664 1193 2730 peccatorum
1239 2660 1430 2714 datur.
1467 2661 1528 2714 Et
1550 2676 1728 2728 mane,
1755 2661 1940 2716 Hodie

233 2752 515 2820 tempestas
543 2765 564 2810 ;
593 2749 747 2802 rubet
768 2747 915 2803 enim
931 2764 1054 2802 cum
1073 2748 1304 2802 tristitia
1320 2750 1514 2802 cretum
1533 2765 1556 2810 ,ο
1574 2749 1630 2802 id
1653 2753 1762 2817 est,
1784 2750 1937 2820 quod

235 2839 490 2894 secundo
523 2838 770 2892 adventu
806 2838 936 2906 igne
967 2839 1324 2908 praecedente
1373 2843 1652 2893 venturus
1684 2845 1794 2894 est.
1827 2842 1935 2895 Fa-

231 2929 370 2983 ciem
399 2943 523 2998 ergo
552 2929 672 2982 recti
691 2926 950 2996 judicare
978 2928 1187 2990 nostis;
1216 2927 1383 2997 signa
1414 2931 1598 2982 autem
1629 2934 1942 2998 temporum

234 3033 345 3072 non
371 3019 594 3088 potestis
617 3020 645 3070 1’
675 3016 851 3084 Signa
910 3025 1230 3085 temporum
1271 3015 1417 3070 dixit
1448 3016 1518 3069 de
1552 3017 1805 3072 adventu
1838 3034 1941 3073 suo

237 3107 322 3161 vel
356 3105 645 3176 passione,
681 3105 771 3159 cui
802 3104 989 3159 simile
1021 3112 1105 3159 est
1137 3120 1369 3159 roseum
1408 3104 1616 3159 ccelum
1649 3122 1889 3176 vespere
1922 3123 1937 3162 :

241 3203 296 3249 et
329 3197 465 3250 item
499 3197 570 3250 de
598 3195 963 3250 tribulatione
995 3199 1127 3250 ante
1158 3196 1470 3251 adventum
1505 3213 1676 3251 suum
1721 3198 1940 3266 futura,

241 3285 331 3340 cui
358 3285 546 3339 simile
567 3294 651 3339 est
683 3301 854 3339 mane
887 3300 1110 3339 roseum
1144 3301 1276 3339 cum
1307 3284 1543 3340 tristitia
1563 3286 1797 3340 cmlum.

317 3385 459 3438 XXI.
496 3383 599 3452 [1b.
634 3398 768 3450 xvu,
809 3386 917 3450 IL]
951 3382 1110 3448 Quod
1143 3381 1290 3435 dixit
1326 3382 1627 3437 Dominus.
1662 3384 1802 3437 Elius
1821 3384 1946 3453 qui-

244 3473 364 3528 dem
384 3478 644 3528 venturus
667 3477 764 3539 est,
781 3480 832 3527 et
857 3475 1100 3527 restituet
1123 3474 1306 3527 omnia
1327 3490 1346 3534 ;
1367 3473 1420 3526 id
1443 3477 1548 3538 est,
1565 3472 1650 3526 vel
1684 3489 1780 3526 eos
1806 3490 1947 3544 quc-

246 3563 568 3635 persecutio
611 3562 952 3618 Antichristi
1003 3562 1425 3618 conturbavcrit
1453 3582 1465 3631 ;
1494 3561 1580 3616 vel
1615 3566 1676 3616 ut
1703 3563 1825 3634 ipsc
1859 3579 1947 3618 res

248 3654 452 3708 stituat
483 3653 783 3708 moriendo
816 3668 942 3722 qum
977 3651 1166 3707 debet.

320 3752 486 3807 XXII.
525 3752 631 3822 [1b.
665 3767 803 3819 xvu,
838 3752 922 3813 14,
957 3751 1066 3822 18.]
1117 3751 1278 3814 Quod
1331 3751 1493 3820 dixit,
1529 3752 1684 3823 Saepe
1712 3752 1860 3807 cadit
1891 3753 1951 3806 in

249 3843 454 3909 ignem,
487 3847 536 3895 et
562 3839 866 3908 aliquando
898 3841 956 3893 in
988 3856 1188 3909 aquam
1221 3858 1240 3893 :
1274 3840 1464 3911 ignem
1491 3842 1559 3895 ad
1597 3843 1766 3909 iram,
1796 3843 1949 3912 quod

253 3932 365 3986 alta
397 3932 556 4000 petat
589 3945 601 3982 :
635 3944 844 3998 aquam
897 3927 970 3981 ad
1006 3928 1336 3998 voluptates
1368 3929 1577 3984 carnis.
1624 3930 1760 3984 Item
1797 3930 1952 4001 quod

254 4021 458 4075 dicunt
488 4015 783 4088 discipuli,
818 4018 997 4084 Quare
1025 4033 1120 4071 nos
1144 4033 1250 4072 non
1274 4021 1553 4087 potuimus
1575 4023 1769 4089 ejicere
1789 4024 1958 4074 eum?

257 4128 326 4166 ne
357 4108 475 4163 illis
524 4106 820 4162 miraculis
877 4105 1156 4162 faciendis
1215 4107 1625 4162 extollerentur
1669 4108 1725 4162 in
1759 4125 1958 4180 super-

255 4200 430 4265 biam,
464 4196 746 4252 admoniti
797 4201 931 4250 sunt
988 4197 1181 4267 potius
1229 4213 1330 4268 per
1378 4196 1763 4253 humilitatem
1801 4198 1959 4268 ﬁdei,

255 4288 414 4360 quasi
448 4303 549 4358 per
578 4285 794 4356 sinapis
833 4301 1104 4357 granum,
1139 4285 1445 4341 elationem
1495 4291 1806 4350 terrenam,
1841 4305 1963 4359 qua!

261 4378 474 4433 mentis
507 4376 740 4432 nomine
773 4377 1093 4446 signiﬁcatu
1128 4381 1234 4443 est,
1266 4393 1468 4432 curare
1495 4381 1558 4432 ut
1593 4378 1886 4432 transiret.

329 4469 526 4524 XXIII.
559 4468 668 4539 [1b.
709 4483 846 4534 xvn,
891 4466 1006 4537 25.]
1039 4466 1196 4530 Quod
1241 4467 1402 4534 dixit,
1446 4468 1580 4539 Ergo
1627 4468 1790 4523 liberi
1835 4476 1964 4524 sunt

261 4558 368 4627 ﬁlii
397 4575 416 4611 ,ο
451 4558 507 4610 in
559 4557 714 4612 omni
760 4572 932 4626 regno
985 4555 1420 4628 intelligendum
1461 4562 1550 4612 est
1594 4557 1805 4614 liberos
1837 4574 1964 4614 esse

266 4645 436 4713 filios,
469 4645 524 4698 id
557 4650 666 4712 est,
702 4661 816 4700 non
850 4661 977 4700 esse
1020 4645 1348 4716 vectigales.
1396 4645 1578 4700 Multo
1612 4661 1741 4717 ergo
1776 4646 1964 4718 magis

265 4734 424 4789 liberi
457 4749 584 4788 esse
617 4732 828 4788 debent
857 4735 914 4788 in
949 4735 1208 4805 quolibet
1258 4749 1434 4806 regno
1470 4743 1692 4790 terreno
1739 4734 1839 4788 filii
1874 4751 1962 4791 re-

269 4821 363 4892 gni
398 4821 556 4876 illius
587 4820 696 4874 sub
729 4836 842 4890 quo
875 4829 1010 4876 sunt
1038 4822 1235 4877 omnia
1266 4838 1440 4892 regna
1469 4827 1719 4876 terrena.

337 4918 527 4974 XXIV.
557 4918 659 4986 [1b.
691 4935 848 4984 xvm,
899 4921 977 4989 6.]
1018 4919 1176 4982 Quod
1225 4921 1502 4975 Dominus
1544 4920 1701 4988 dicit,
1737 4922 1837 4989 Qui
1860 4938 1966 4976 au-

264 5020 374 5064 tem
428 5007 884 5065 scandalizrwerit
940 5024 1114 5062 unum
1145 5008 1210 5064 de
1237 5009 1460 5080 pusillis
1490 5011 1634 5075 istis,
1668 5010 1725 5064 id
1757 5015 1864 5078 est,
1896 5028 1963 5066 ex

267 5097 614 5167 humilibus,
647 5097 842 5168 quales
863 5096 990 5152 vult
1019 5114 1145 5153 esse
1176 5097 1492 5168 discipulos
1524 5117 1681 5168 suos,
1718 5117 1828 5155 non
1862 5099 1963 5153 ob-

265 5189 663 5258 temperando,
696 5185 783 5242 vel
813 5187 985 5242 etiam
1021 5188 1524 5252 contraveniendo,
1557 5189 1708 5243 sicut
1738 5189 1806 5243 de
1837 5189 1964 5243 Ale-

264 5274 486 5328 xandro
544 5277 745 5330 azrario
806 5277 1123 5348 Apostolus
1178 5275 1319 5330 dicit
1378 5277 1472 5347 (lI
1507 5278 1637 5331 Tim.
1701 5295 1776 5343 IV,
1813 5279 1876 5332 14
1907 5278 1963 5348 ):

266 5361 480 5432 expedit
500 5364 552 5416 ei
572 5368 629 5416 ut
661 5367 806 5420 mota
845 5367 1100 5423 asinaria
1133 5366 1495 5437 suspendatur
1544 5368 1678 5422 collo
1727 5368 1863 5438 ejus.
1913 5374 1968 5422 et

265 5452 645 5520 praecipitetur
675 5452 732 5504 in
761 5456 1092 5522 pro/undam
1125 5454 1296 5511 muris
1323 5471 1334 5508 :
1369 5454 1423 5509 id
1467 5460 1572 5523 est,
1617 5457 1884 5524 congruit
1914 5456 1964 5510 ei

269 5540 556 5611 cupiditas
588 5555 775 5595 rerum
811 5543 1242 5613 temporalium,
1275 5545 1363 5603 cui
1404 5544 1569 5603 stulti
1603 5547 1657 5602 et
1689 5545 1821 5602 czeei
1854 5543 1965 5601 col-

1092 243 1627 310 QU/ES'I‘IONUM
1675 239 2312 314 EVANGELIL’IIIUM,
2362 245 2423 303 S.
2473 243 2896 304 AUGUSTINI

3599 250 3753 310 1328

2046 371 2324 444 ligantur,
2355 390 2488 431 cum
2521 376 2851 433 devinctum
2888 379 3140 450 pondere
3171 397 3279 438 suo
3299 383 3551 440 deducat
3566 385 3638 440 ad
3659 383 3756 440 in-

2046 463 2306 521 teritum.

2119 551 2278 609 XXV.
2314 554 2419 625 [1b.
2457 571 2612 619 xvm,
2644 555 2848 627 24-31.]
2883 559 3042 622 Quod
3065 559 3277 616 oblatus
3306 570 3384 617 est
3419 563 3758 618 Dominode-

2049 642 2189 696 bitor
2233 643 2410 698 decem
2437 645 2678 699 millium
2716 646 3070 717 talentorum,
3101 655 3152 704 et
3174 649 3344 720 jussit
3376 667 3500 706 eum
3529 669 3757 708 venum-

2045 729 2188 794 dari,
2218 738 2269 785 et
2301 748 2528 788 uxorem
2559 735 2693 804 ejus,
2722 741 2774 788 et
2803 733 2964 802 ﬁlios,
2998 740 3050 790 et
3077 740 3260 792 omnia
3284 756 3402 810 qua
3419 740 3674 808 habebat,
3707 749 3760 796 et

2053 818 2255 876 reddi:
2285 820 2727 890 intelligendum
2773 827 2861 878 est
2904 824 3101 881 decem
3127 833 3546 900 praeceptorum
3591 830 3758 900 Legis

2049 925 2180 964 eum
2205 911 2384 967 fuisse
2407 911 2728 968 debitorem
2763 931 2778 981 ;
2814 918 2868 968 et
2893 930 2994 985 pro
3024 917 3342 986 cupiditate
3373 925 3546 990 atque
3577 918 3761 989 operi-

2048 998 2158 1055 bus
2190 1001 2335 1068 suis,
2372 1008 2644 1071 tanquam
2688 1016 2862 1058 uxore
2895 1008 2952 1058 et
2984 1003 3143 1070 ﬁliis,
3178 1022 3376 1078 pcenas
3406 1007 3629 1063 solvere
3659 1008 3762 1062 de-

2046 1087 2266 1156 buisse,
2302 1091 2450 1160 quod
2471 1095 2555 1145 est
2579 1090 2827 1160 pretium
2851 1093 2978 1162 ejus
3005 1110 3018 1147 :
3053 1094 3304 1164 pretium
3331 1095 3494 1151 enim
3517 1097 3758 1166 venditi,

2048 1178 2403 1250 supplicium
2455 1180 2716 1236 damnati
2748 1181 3115 1254 intelligitur.
3162 1185 3322 1250 Quod
3366 1185 3530 1252 dixit,
3563 1186 3752 1242 Noluit

2047 1271 2333 1340 ignoscere
2361 1286 2614 1326 conservo
2643 1287 2762 1340 suo,
2789 1272 2879 1327 sed
2909 1273 3048 1328 abiit
3075 1281 3130 1330 et
3152 1274 3302 1330 misit
3331 1292 3458 1332 eum
3480 1278 3540 1332 in
3568 1293 3759 1332 carce-

2049 1375 2181 1426 rem,
2217 1366 2270 1414 et
2305 1360 2569 1430 reliqua;
2639 1360 3106 1432 intelligendum,
3149 1365 3333 1420 tenuit
3379 1368 3582 1422 contra
3626 1383 3760 1424 eum

2049 1448 2206 1504 hunc
2231 1449 2513 1517 animum,
2542 1453 2601 1504 ut
2625 1451 2916 1522 supplicia
2947 1451 3030 1506 illi
3060 1451 3255 1508 vellet.
3275 1454 3758 1512 Conserviautem

2049 1539 2148 1610 qui
2181 1544 2563 1595 narravcrunt
2597 1541 2839 1596 Domino
2871 1558 2996 1613 qua:
3029 1543 3264 1614 ﬁebant,
3319 1549 3509 1616 potest
3545 1544 3759 1602 intelli—

2048 1629 2104 1699 gi
2139 1629 2410 1697 Ecclesia,
2437 1645 2562 1700 quae
2595 1634 2650 1684 et
2684 1628 2848 1684 illum
2875 1630 3064 1698 solvit,
3099 1637 3154 1687 et
3187 1633 3352 1688 illum
3384 1633 3543 1706 ligat.

2121 1718 2326 1773 XXVI.
2369 1718 2475 1789 Ilb.
2511 1735 2626 1783 XIX,
2667 1718 2756 1786 23,
2803 1719 2916 1789 25.]
2952 1720 3114 1784 Quod
3163 1721 3243 1777 ait
3285 1722 3587 1793 Dominus,
3619 1723 3759 1778 divi-

2039 1811 2162 1866 .tem
2195 1823 2306 1861 non
2343 1806 2557 1860 intrare
2589 1806 2646 1860 in
2681 1821 2919 1877 regnum
2952 1807 3089 1879 Dei;
3125 1813 3181 1864 et
3229 1809 3503 1880 discipuli
3533 1811 3755 1877 dicunt,

2050 1896 2177 1963 Quis
2204 1903 2378 1967 potest
2407 1894 2589 1949 salvus
2610 1895 2775 1964 ﬁeri?
2805 1911 2937 1950 cum
2962 1898 3127 1966 pauci
3151 1896 3270 1952 sint
3299 1899 3503 1954 divites
3526 1898 3585 1954 in
3603 1915 3758 1956 com-

2050 1985 2346 2055 paratione
2363 1985 2754 2039 multitudinis
2775 2002 3128 2057 pauperum:
3147 1986 3591 2058 intelligendum
3606 1990 3759 2058 quod

2047 2090 2251 2130 omnes
2274 2073 2373 2144 qui
2396 2073 2536 2128 talia
2558 2075 2821 2144 cupiunt,
2843 2075 2901 2130 in
2925 2092 3122 2132 eorum
3151 2092 3384 2133 numero
3411 2076 3606 2134 haberi
3631 2078 3754 2132 ani-

2053 2162 2490 2219 madverterint.

2118 2250 2344 2306 XXVII.
2372 2250 2476 2319 [1b.
2505 2269 2594 2322 xx,
2625 2251 2734 2320 17.]
2759 2251 2919 2315 Quod
2937 2251 3221 2307 Dominus
3243 2268 3509 2309 seorsum
3531 2269 3591 2310 se
3613 2254 3755 2311 duo-

2047 2339 2158 2394 bus
2189 2337 2491 2409 discipulis
2520 2355 2824 2408 passurum
2850 2339 3022 2395 refert
3053 2340 3147 2411 ta),
3178 2341 3247 2397 ad
3284 2343 3753 2399 conﬁrmandum

2048 2427 2104 2480 in
2140 2432 2440 2498 posterum
2484 2428 2878 2483 testimonium
2901 2428 3070 2484 fecit:
3104 2429 3492 2499 quiadixit,In
3512 2447 3607 2487 ore
3626 2432 3756 2488 duo-

2047 2533 2168 2570 rum
2199 2517 2284 2571 vel
2313 2519 2482 2570 trium
2501 2519 2720 2571 testium
2753 2517 2916 2571 stabit
2935 2533 3092 2574 omne
3113 2519 3333 2574 verbum
3354 2521 3565 2591 (Matth.
3589 2540 3754 2592 xvm,

2045 2607 2160 2674 16).
2197 2605 2267 2661 Ut
2297 2607 2450 2661 enim
2487 2622 2674 2677 neque
2709 2606 3045 2679 vulgaretur
3097 2611 3248 2680 quod
3280 2610 3530 2680 dicebat,
3565 2628 3753 2683 neque

2047 2699 2271 2751 careret
2339 2695 2579 2750 humani
2640 2698 2959 2752 testimonii
3018 2698 3306 2763 ﬁrmitate,
3377 2700 3751 2769 paucioribus

2046 2799 2220 2854 quam
2244 2783 2468 2838 duobus
2500 2783 2688 2839 dicere
2712 2801 2822 2838 non
2855 2785 3061 2856 potuit.
3087 2784 3188 2841 Vel
3222 2788 3292 2842 ad
3323 2793 3751 2843 sacramentum

2046 2872 2351 2928 charitatis
2398 2873 2873 2929 ostendendum:
2933 2875 3130 2930 minus
3189 2875 3346 2932 enim
3398 2893 3568 2946 quam
3602 2877 3754 2934 inter

2048 2963 2196 3015 duos
2243 2962 2493 3016 charitas
2551 2977 2679 3016 esse
2729 2979 2840 3017 non
2875 2968 3080 3034 potest.
3118 2964 3248 3020 Erat
3283 2970 3480 3021 autem
3511 2965 3606 3023 ille
3639 2985 3751 3022 non

2046 3051 2389 3108 necessitate
2419 3051 2594 3106 debiti
2616 3056 2845 3124 propter
2863 3059 3169 3124 peccatum
3194 3071 3387 3123 suum,
3411 3057 3509 3112 sed
3543 3058 3612 3112 ad
3637 3056 3753 3112 sol-

2052 3140 2238 3196 venda
2268 3157 2360 3194 no-
2383 3147 2466 3194 tra
2499 3147 2729 3211 peccata
2754 3144 3036 3199 cbaritate
3069 3161 3367 3214 passurus.

2122 3229 2363 3286 XXVIII.
2408 3230 2513 3301 [11).
2549 3233 2867 3303 κχ,29-34.]
2898 3233 2984 3287 Ab
3041 3233 3274 3289 Jericho
3320 3237 3610 3307 egreditur
3649 3235 3760 3290 Do-

2055 3319 2288 3388 minus;
2315 3321 2439 3389 jam
2465 3323 2534 3376 de
2556 3321 2664 3376 ista
2686 3326 2838 3378 terra
2861 3323 3284 3380 resurrectione
3306 3324 3631 3380 discedens.
3659 3327 3762 3380 Sc-

2056 3415 2468 3480 quuntureum
2505 3411 2685 3466 turbae
2717 3412 2911 3467 multis
2941 3430 2953 3468 :
2989 3414 3234 3468 credunt
3255 3413 3314 3468 in
3337 3430 3464 3469 eum
3486 3416 3681 3486 populi
3705 3421 3761 3471 ct

2057 3497 2273 3560 gentes.
2310 3492 2430 3546 Duo
2454 3498 2646 3548 autem
2681 3494 2814 3548 caeci
2846 3494 3298 3565 sedentesjuxta
3319 3495 3494 3563 viam,
3529 3497 3762 3566 signiti-

2059 3580 2189 3626 cant
2229 3573 2299 3626 de
2333 3581 2576 3643 utroque
2601 3575 2813 3644 populo
2846 3575 3133 3645 quosdam
3156 3578 3273 3646 jam
3292 3575 3646 3632 cohaerentes
3671 3593 3772 3647 per

2063 3662 2237 3717 ﬁdem
2259 3661 2677 3732 dispensationi
2701 3663 3028 3733 temporali,
3054 3666 3377 3719 secundum
3405 3681 3582 3736 quam
3606 3665 3770 3720 Chri-

2062 3756 2188 3807 stus
2209 3751 2295 3804 via
2315 3758 2404 3805 est
2433 3756 2521 3818 ;et
2540 3751 2939 3807 desiderantes
2962 3752 3305 3822 illuminari,
3331 3754 3383 3808 id
3413 3759 3523 3820 est,
3549 3754 3768 3826 aliquid

2064 3840 2133 3894 de
2164 3838 2332 3894 Verbi
2365 3840 2681 3894 aeternitate
2712 3839 3056 3911 intelligere,
3087 3842 3241 3912 quod
3266 3847 3608 3898 transeunte
3628 3843 3771 3899 Jesu

2065 3929 2377 4000 impetrare
2418 3930 2748 3999 cupiebant,
2780 3930 2837 3985 id
2896 3935 3003 3999 est,
3047 3947 3144 4003 per
3189 3933 3464 3989 meritum
3499 3934 3774 4005 ﬁdeique

2067 4019 2318 4074 creditur
2357 4020 2537 4074 Filius
2585 4020 2681 4075 Dei
2730 4023 2785 4075 et
2825 4025 2993 4076 natus
3023 4021 3190 4078 homo
3221 4027 3277 4076 et
3308 4038 3512 4093 passus
3545 4027 3774 4094 prepter

2071 4126 2195 4164 nos.
2230 4114 2335 4164 Per
2365 4109 2517 4163 hanc
2536 4111 2689 4164 enim
2725 4111 3218 4182 dispensationem
3256 4113 3424 4183 quasi
3446 4113 3658 4169 transit
3689 4114 3780 4170 Je-

2068 4215 2192 4267 sus,
2227 4197 2363 4269 quia
2396 4197 2526 4253 talis
2558 4197 2706 4254 actio
2734 4199 3068 4270 temporalis
3098 4205 3206 4255 est.
3241 4203 3555 4272 Oportebat
3584 4209 3776 4256 autem

2071 4290 2134 4340 ut
2190 4291 2417 4340 tantum
2481 4287 2821 4354 clamarent,
2855 4289 3038 4343 donec
3082 4288 3410 4342 resistentis
3454 4287 3563 4341 sibi
3592 4287 3775 4342 turbis

2070 4377 2377 4447 strepitum
2419 4376 2718 4432 vincerent
2751 4395 2764 4445 ;
2799 4377 2856 4432 id
2887 4385 2994 4447 est,
3034 4380 3154 4431 tam
3201 4385 3634 4448 perseveranter
3664 4379 3778 4434 ani-

2073 4483 2234 4522 mum
2267 4466 2636 4522 intenderent
2661 4467 2879 4522 orando
2919 4473 3087 4536 atque
3129 4466 3440 4538 pulsando,
3475 4483 3779 4538 quousque

2072 4555 2982 4612 consuetudinemdesideriorum
2998 4555 3477 4627 carnalium,quae
3498 4560 3778 4627 tanquam

2073 4645 2242 4703 turba
2272 4645 2550 4714 obstrepit
2582 4645 2911 4715 cogitationi
2937 4645 3122 4700 lucem
3151 4644 3412 4700 veritatis
3446 4650 3672 4699 aeternae
3697 4646 3777 4700 vi-

2073 4737 2208 4792 dere
2238 4735 2495 4802 conanti,
2527 4735 2614 4790 vel
2650 4735 2832 4806 ipsam
2860 4734 3163 4790 hominum
3187 4733 3513 4788 carnalium
3543 4733 3775 4790 turbam

2074 4826 2263 4881 studia
2296 4824 2618 4894 spiritualia
2649 4824 3082 4894 impedientem,
3112 4823 3431 4878 fortissima
3462 4822 3780 4880 intentione

2075 4919 2434 4986 superarent.
2471 4915 2667 4984 Itaque
2701 4913 2940 4968 audiens
2965 4912 3135 4968 Jesus
3167 4911 3267 4984 qui
3301 4911 3402 4979 ait,
3438 4914 3654 4968 Petenti
3681 4913 3778 4969 da-

2077 5007 2247 5076 bitur,
2280 5010 2327 5060 et
2359 5021 2606 5076 quaerens
2637 5004 2895 5072 inveniet,
2927 5008 2977 5058 et
2997 5003 3246 5074 pulsanti
3261 5003 3542 5073 aperietur
3570 5003 3776 5074 (Matth.

2076 5103 2175 5153 vn,
2208 5085 2287 5156 7),
2320 5086 2612 5140 venientes
2645 5085 2712 5138 ad
2741 5100 2824 5151 se,
2863 5084 2986 5155 ipsa
3016 5083 3239 5138 scilicet
3269 5083 3541 5138 desiderii
3576 5083 3779 5138 ardore

2079 5177 2478 5247 pervenientes
2510 5175 2579 5230 ad
2605 5174 2661 5229 id
2695 5173 2848 5245 quod
2883 5171 3235 5240 desiderant,
3262 5177 3422 5228 stans
3451 5189 3549 5229 eos
3574 5171 3777 5241 tangit,

2076 5268 2248 5336 atque
2279 5262 2591 5318 illuminat.
2625 5262 2747 5317 Non
2771 5261 2926 5316 enim
2959 5262 3111 5317 sicut
3131 5262 3226 5316 illa
3253 5260 3609 5333 dispensatio
3634 5263 3784 5314 tem-

2081 5354 2313 5423 poralis,
2351 5356 2428 5407 ita
2460 5354 2634 5407 etiam
2673 5351 2836 5406 Verbi
2872 5353 3162 5409 aeternitas
3193 5351 3419 5416 transit,
3446 5366 3573 5419 qua:
3604 5349 3663 5403 in
3695 5365 3782 5405 se-

2081 5441 2207 5510 ipsa
2241 5454 2480 5496 manens
2502 5437 2698 5494 omnia
2723 5439 3132 5511 innovat(Sap.
3158 5453 3254 5500 vn,
3277 5435 3388 5505 27).
3423 5435 3786 5506 Quapropter

2142 5557 2219 5618 (ιι)
2249 5555 2292 5605 11
2325 5555 2552 5606 Retract.
2578 5569 2692 5618 cap.
2729 5554 2803 5604 12.
