4164 6192
362 287 505 345 1229

356 422 487 490 quia
522 423 665 477 ﬁ'les
701 420 1117 475 ἱηοειιιιιειὶἱοιιὶει
1143 419 1474 489 temporalis
1508 422 1575 474 ad
1611 424 1819 474 reterns
1847 421 2059 475 intelli-

348 512 539 580 genda
564 529 672 566 nos
698 516 995 582 praeparat,
1022 515 1355 565 transeunte
1383 510 1518 564 Jesu
1543 511 1813 564 admoniti
1838 516 1972 565 sunt
1997 515 2059 564 ut

344 601 843 669 illuminarentur,
877 609 929 655 et
961 601 1032 655 ab
1063 604 1248 655 stante
1289 598 1601 655 illuminati
1636 604 1791 655 sunt.
1815 601 2057 670 Tempo-

344 692 500 745 ralia
530 691 688 745 enim
720 694 1050 758 transeunt,
1084 692 1296 744 aeterna
1326 693 1501 744 stant.

420 784 613 838 XXIX.
646 785 753 856 Ub.
786 800 900 849 xxr,
930 783 1045 853 21.]
1078 782 1239 845 Quod
1273 781 1556 836 Dominus
1581 782 1720 836 dicit
1751 780 2056 851 discipulis

348 878 502 944 suis,
549 872 746 929 Dicetis
782 872 956 927 monti
982 872 1127 937 huic,
1164 871 1321 936 Tolle,
1354 876 1405 925 et
1427 871 1583 940 jacta
1613 875 1662 924 te
1692 873 1748 923 in
1781 885 1951 938 mare,
1986 871 2055 924 de

349 966 626 1034 superbia
667 963 813 1017 dixit
861 978 987 1031 qum
1031 961 1101 1016 ad
1134 960 1437 1015 saeculares
1481 959 1727 1031 pertinet
1760 977 1771 1015 :
1806 961 1910 1013 hoc
1944 960 2053 1015 sibi

351 1070 558 1110 servus
583 1054 675 1108 Dei
699 1053 886 1106 dicere
914 1050 1101 1115 debet,
1124 1053 1187 1103 ut
1207 1065 1331 1104 eam
1363 1066 1394 1103 ει
1418 1065 1477 1103 se
1502 1048 1763 1119 repellat,
1785 1049 1922 1119 quia
1946 1048 2053 1119 ipsi

350 1162 471 1200 non
519 1141 799 1211 congruit.
834 1139 936 1195 Vel
981 1139 1137 1209 quod
1171 1154 1272 1209 per
1319 1154 1518 1194 eorum
1553 1137 1747 1205 ﬁdem,
1783 1138 1921 1209 quia
1955 1154 2057 1209 per

353 1249 456 1289 eos
491 1229 868 1301 Evangelium
903 1227 1279 1300 praedicatum
1312 1231 1421 1292 est,
1454 1227 1578 1298 ipse
1626 1228 1912 1283 Dominus
1954 1228 2054 1298 qui

352 1338 524 1378 mons
555 1318 877 1391 appellatus
901 1323 988 1373 est
1006 1317 1161 1385 (lsai.
1198 1317 1348 1384 11,2),
1384 1315 1612 1370 ablatus
1634 1320 1722 1370 est
1753 1332 1785 1370 a
1815 1315 2052 1385 Judaeis,

352 1417 417 1467 ut
450 1413 506 1465 in
540 1412 751 1467 Gentes
783 1414 1066 1478 tanquam
1099 1408 1156 1461 in
1192 1422 1350 1461 mare
1382 1422 1550 1476 porro
1574 1407 1882 1475 jaceretur.

430 1500 595 1555 XXX.
629 1500 738 1571 rLib.
771 1515 887 1565 xx1,
921 1497 1033 1567 44.]
1065 1496 1224 1560 Quod
1260 1494 1541 1550 Dominus
1574 1496 1736 1563 dicit,
1766 1496 1833 1549 Et
1864 1498 2059 1567 quire-

347 1590 557 1645 ciderit
578 1605 739 1660 super
766 1586 1004 1659 lapidem
1041 1587 1203 1640 istum
1231 1586 1612 1655 confringetur
1651 1602 1669 1639 :
1707 1602 1870 1656 super
1898 1602 2053 1656 quem

346 1696 476 1736 vero
498 1679 785 1745 ceciderit,
816 1680 1049 1733 conteret
1079 1693 1201 1732 eum
1233 1694 1249 1729 .·
1284 1676 1353 1731 de
1386 1675 1475 1729 his
1506 1676 1644 1730 dicit
1666 1677 1816 1745 quod
1850 1677 2057 1732 cadent

348 1786 530 1841 super
554 1785 709 1837 eum,
744 1767 839 1838 qui
873 1766 1039 1820 illum
1075 1766 1242 1821 modo
1272 1769 1673 1830 contemnunt,
1710 1765 1793 1820 vel
1828 1766 2056 1834 injuriis

350 1861 648 1926 afﬁciunt;
676 1859 802 1914 ideo
825 1858 1082 1913 nondum
1106 1857 1336 1927 penitus
1356 1856 1711 1910 interereunt
1746 1857 1840 1909 sed
1866 1861 2053 1911 tamrn

347 1949 825 2019 confringuntur,
859 1950 919 2001 ut
960 1963 1072 2001 non
1114 1950 1263 2000 recte
1293 1943 1614 1999 ambulent.
1648 1962 1659 1999 :
1706 1962 1879 2016 super
1909 1963 2055 2015 quos

348 2044 552 2095 autem
579 2037 752 2105 cadit,
778 2034 969 2091 veniet
991 2034 1104 2090 illis
1127 2036 1376 2105 desuper
1409 2033 1462 2087 in
1480 2035 1702 2103 judicio
1724 2052 1855 2089 cum
1887 2052 2056 2106 pcena

350 2128 732 2201 perditionis;
778 2128 902 2182 ideo
960 2125 1121 2179 dixit.
1173 2128 1443 2181 Conteret
1486 2140 1605 2189 eos,
1650 2124 1860 2180 utsint
1890 2125 2058 2196 impii

350 2223 638 2287 tanquam
664 2214 874 2286 pulvis,
910 2229 1078 2286 quem
1132 2212 1358 2282 projicit
1408 2216 1614 2267 ventus
1644 2230 1676 2267 a
1722 2213 1864 2267 facie
1895 2218 2060 2269 terra:

348 2308 531 2375 (Psal.
562 2323 605 2374 1,
638 2308 712 2377 4).

424 2395 620 2452 XXXI.
661 2394 762 2467 [1b.
796 2412 937 2460 xx11,
967 2395 1099 2459 2-9.]
1134 2393 1293 2457 Quod
1328 2393 1613 2448 Dominus
1657 2394 1820 2462 dixit,
1865 2395 2060 2451 Simile

348 2495 433 2543 est
468 2501 701 2555 regnum
730 2486 989 2539 caelorum
1010 2484 1223 2538 homini
1252 2486 1375 2554 regi
1405 2484 1498 2553 qui
1525 2485 1657 2552 fecit
1696 2487 1916 2555 nuptias
1941 2484 2058 2553 ﬁlio

346 2592 491 2643 suo;
521 2574 755 2645 nuptias
784 2574 928 2629 dixit
958 2573 1213 2628 Verbum
1246 2572 1640 2639 incarnatum,
1673 2574 1811 2644 quia
1840 2574 1899 2628 in
1930 2573 2057 2645 ipso

348 2664 601 2720 homine
643 2668 912 2735 suscepto
962 2661 1213 2716 Ecclesia
1264 2662 1376 2717 Deo
1437 2662 1693 2731 copulata
1743 2666 1848 2717 est.
1897 2663 2053 2727 Quod

346 2754 521 2817 dixit,
574 2754 735 2808 Tauri
785 2752 894 2807 mei
921 2755 973 2807 et
1011 2750 1200 2806 altilia
1241 2750 1416 2805 occisa
1445 2756 1619 2805 sunt:
1668 2755 1863 2807 tauros
1912 2752 2055 2807 dixit

344 2843 649 2914 principes
674 2842 925 2913 plebium
955 2858 968 2909 ;
991 2840 1175 2896 altilia
1196 2856 1350 2907 vero,
1373 2841 1566 2895 omnia
1586 2842 1868 2911 saginata.
1893 2842 2054 2905 Quod

342 2933 499 2987 dixit
533 2934 831 2999 Dominus,
857 2933 929 2988 (te
953 2931 1022 2986 ad
1051 2934 1235 2987 exitus
1262 2933 1498 2999 viarum,
1528 2940 1579 2986 et
1600 2946 1959 3003 quoscumque
1974 2932 2058 2987 in-

338 3023 619 3087 veneritis,
643 3031 827 3078 vocate
848 3021 917 3077 ad
946 3021 1167 3089 nuptics
1192 3038 1210 3074 :
1233 3020 1332 3077 vite
1356 3019 1767 3091 intelliguntur
1788 3023 2056 3091 dogmata

339 3112 619 3169 Gentium
647 3129 662 3180 ;
688 3112 822 3182 quia
844 3128 913 3167 ex
937 3111 1211 3166 omnibus
1234 3109 1349 3165 illis
1381 3111 1453 3165 ad
1486 3110 1724 3181 nuptias
1753 3117 2050 3182 venerunt,

340 3202 401 3256 id
422 3206 529 3266 est,
566 3200 792 3256 Christo
824 3200 1213 3256 crediderunt.

412 3289 636 3344 XXXII.
671 3289 781 3360 [1b.
824 3305 965 3357 χιιι,
996 3288 1111 3357 25.]
1144 3288 1301 3354 Quod
1351 3289 1649 3345 Sadducazi
1700 3290 1899 3346 dicunt
1937 3292 2049 3347 Do-

334 3381 526 3446 mino,
558 3382 802 3434 Fuerunt
829 3379 981 3449 apud
1002 3394 1101 3433 nos
1131 3385 1328 3448 septem
1359 3379 1580 3448 fratres,
1601 3385 1651 3432 et
1675 3395 1815 3435 unus
1835 3386 2051 3452 accepta

335 3493 526 3532 uxore
556 3476 712 3545 obiit,
744 3481 793 3532 et
832 3476 1118 3543 secundus,
1151 3484 1202 3531 et
1231 3476 1460 3537 exteri;
1502 3476 1913 3545 intelliguntur
1940 3478 2050 3534 ho-

338 3568 537 3625 mines
578 3566 769 3638 impii,
802 3565 897 3637 qui
926 3568 1174 3622 fructum
1204 3566 1442 3636 justitite
1475 3583 1586 3622 non
1622 3570 1933 3638 potuerunt
1963 3570 2049 3623 af-

338 3658 493 3713 ferre
541 3656 602 3711 in
634 3661 788 3710 terra
819 3671 918 3726 per
967 3671 1167 3711 omnes
1199 3661 1413 3724 septem
1442 3655 1645 3710 mundi
1672 3660 1889 3720 aetates,
1916 3657 2048 3727 qui-

340 3748 458 3803 bus
507 3746 614 3801 ista
644 3754 796 3800 terra
844 3744 1158 3801 consistit:
1198 3748 1393 3815 postea
1425 3745 1579 3799 enim
1622 3748 1676 3799 et
1724 3744 1848 3815 ipsa
1897 3749 2047 3802 terra

333 3837 617 3901 transiet,
668 3851 771 3907 per
817 3850 993 3906 quam
1035 3849 1237 3890 omnes
1287 3833 1371 3888 illi
1397 3834 1563 3904 quasi
1596 3839 1815 3906 septem
1852 3835 2045 3891 mariti

338 3924 621 3983 steriliter
648 3924 1029 3981 transierunt.

412 4013 667 4068 XXXIII.
699 4014 718 4085 [
754 4014 838 4068 Ib.
865 4030 1006 4081 χχιι,
1031 4014 1144 4083 4Ο.]
1174 4012 1337 4075 Quod
1365 4013 1648 4069 Dominus
1680 4013 1843 4077 dicit,
1877 4019 1941 4069 In
1962 4014 2046 4069 his

346 4107 564 4162 duobus
591 4108 875 4177 praeceptis
900 4109 1013 4161 tota
1044 4106 1154 4161 Lex
1180 4104 1378 4176 pendet
1403 4110 1454 4160 et
1496 4106 1781 4177 PrOphetee
1802 4124 1822 4171 ;
1845 4108 2042 4178 pendet

346 4195 519 4264 dixit,
554 4195 607 4249 id
639 4200 742 4261 est,
763 4196 866 4250 illo
898 4196 1160 4262 refertur,
1194 4195 1275 4249 ibi
1308 4194 1482 4250 habet
1514 4196 1711 4251 ﬁnem.

409 4293 670 4349 XXXIV.
704 4293 803 4365 Hb.
857 4308 1054 4358 χχχιιι,
1088 4294 1175 4359 17,
1212 4293 1322 4363 19.]
1355 4292 1515 4355 Quod
1564 4293 1848 4350 Dominus
1878 4295 2039 4365 dixit,

335 4384 485 4453 Quid
513 4386 661 4438 enim
690 4383 867 4454 majus
887 4386 984 4452 est,
1012 4400 1233 4450 aurum,
1266 4399 1339 4437 an
1377 4383 1641 4451 templum
1672 4384 1808 4454 quod
1836 4386 2042 4441 sancti-

330 4476 466 4543 ﬁcat
504 4476 820 4527 aurum?et
854 4473 991 4527 item
1034 4472 1200 4541 dixit,
1252 4473 1395 4541 Quid
1423 4472 1569 4528 enim
1603 4477 1777 4546 majus
1805 4480 1898 4545 est,
1942 4476 2036 4531 do-

331 4580 495 4632 num,
518 4580 593 4617 an
613 4563 789 4617 altare
813 4561 952 4632 quod
978 4561 1288 4630 sanctiﬁcat
1318 4562 1520 4617 donum
1537 4566 1565 4617 ?
1594 4563 2036 4635 intelligendum

332 4650 626 4722 templum
646 4655 704 4705 et
724 4649 1109 4721 altareipsum
1133 4650 1463 4721 Christum;
1489 4668 1697 4708 aurum
1720 4658 1775 4710 et
1794 4656 2035 4728 donum,

331 4741 542 4795 laudes
583 4743 640 4795 et
681 4740 966 4795 sacriﬁcia
999 4756 1260 4811 precum,
1306 4756 1428 4810 qum
1460 4741 1521 4797 in
1552 4758 1617 4798 eo
1658 4760 1758 4813 per
1787 4761 1920 4802 eum
1953 4748 2036 4801 of-

335 4829 601 4885 ferimus.
651 4827 776 4885 Non
826 4829 982 4884 enim
1018 4828 1116 4885 ille
1151 4846 1252 4900 per
1282 4830 1425 4899 haec,
1456 4832 1550 4886 sed
1587 4833 1695 4887 ista
1730 4850 1829 4905 per
1870 4836 2034 4891 illum

328 4919 800 4976 sanctiﬁcantur.

402 5020 644 5075 XXXV.
678 5020 787 5089 [Ib.
832 5036 991 5088 χχιιι,
1024 5021 1093 5074 23
1123 5030 1173 5077 et
1201 5022 1317 5091 24.]
1348 5021 1508 5085 Quod
1551 5021 1833 5081 Dominus
1873 5028 2035 5097 dixit,

326 5111 679 5165 Excotantes
718 5111 968 5177 culicem,
1011 5110 1257 5166 refertur
1281 5112 1351 5166 ad
1394 5111 1452 5165 id
1496 5115 1647 5183 quod
1683 5116 1848 5184 dixit,
1883 5118 2035 5172 deci-

322 5216 490 5255 mare
510 5199 640 5255 illos
676 5200 903 5254 minuta
925 5217 1188 5271 quisque.
1217 5201 1497 5256 Camelum
1518 5204 1836 5272 glutientes,
1871 5210 2038 5263 refer-

322 5298 419 5345 tur
450 5290 521 5344 ad
556 5290 613 5343 id
647 5290 797 5359 quod
834 5288 998 5359 dixit,
1034 5291 1347 5346 Praeteritis
1369 5295 1626 5361 graviora
1653 5295 2032 5364 Legis;misc-

319 5382 654 5446 ricordiam,
700 5390 747 5436 et
775 5381 1078 5450 judicium,
1127 5388 1181 5435 et
1210 5381 1371 5450 ﬁdem
1392 5400 1411 5437 :
1440 5387 1503 5437 ut
1548 5384 1653 5439 iste
1685 5387 1760 5441 sit
1802 5404 2029 5457 sensus,

318 5471 575 5526 Minima
594 5470 933 5535 observatis,
959 5471 1210 5524 maxime
1236 5472 1628 5528 contemnitis.
1655 5475 1729 5528 Ex
1752 5475 1856 5529 hac
1874 5480 2026 5531 enim

318 5561 706 5633 perversitate
737 5560 907 5617 etiam
943 5561 1092 5616 illud
1123 5561 1204 5617 eis
1229 5562 1457 5629 accidit,
1493 5579 1607 5633 quo
1643 5571 1888 5636 possunt
1913 5569 2029 5623 haec

316 5668 423 5721 per
487 5649 827 5720 allegoriam
876 5652 1098 5722 referri,
1159 5655 1223 5707 ut
1285 5649 1643 5708 dimitterent
1706 5656 2023 5713 Darabbam

1784 286 2017 346 LIBER
2064 284 2493 349 SECUNDUS.

3712 304 3867 362 1330

2166 424 2374 493 (Matth.
2424 441 2597 489 xxvu,
2646 426 2755 495 20),
2803 428 2940 498 quia
2976 430 3231 487 videlicet
3275 434 3395 504 ipse
3457 454 3569 492 non
3620 440 3866 494 solveret

2168 512 2496 578 sabbatum,
2521 515 2671 583 quod
2701 532 2909 585 magna
2931 519 3228 589 diligentia
3253 525 3562 578 carnaliter
3597 529 3867 581 observa-

2169 602 2344 665 bant;
2390 603 2716 659 occiderent
2758 613 2949 662 autem
2984 609 3293 666 Dominum
3329 614 3712 684 spiritualiter
3734 615 3864 670 sab-

2165 690 2367 745 batum
2393 690 2789 750 insinuantem
2815 712 2915 766 per
2930 697 3388 757 misericordiam
3413 706 3469 758 et
3489 702 3782 772 judicium
3814 707 3871 759 et

2166 779 2358 847 ﬁdem,
2396 798 2519 851 quae
2550 784 2634 837 illi
2668 786 2917 842 maxime
2957 791 3423 846 contemnebant.
3457 795 3603 848 Nam
3636 798 3692 848 et
3721 791 3867 848 culi-

2166 867 2490 924 cisnomine
2509 888 2621 925 non
2646 874 2894 928 absurde
2920 876 3199 946 ﬁguratur
3221 880 3531 938 seditiosus
3554 881 3867 951 homicida,

2167 958 2303 1028 quia
2332 958 2441 1014 hoc
2470 961 2679 1016 animal
2722 970 2773 1018 et
2805 968 3110 1035 strependo
3141 968 3443 1040 inquietat,
3490 977 3548 1027 et
3586 972 3868 1043 sanguine

2166 1047 2486 1103 delectatur
2528 1066 2540 1103 :
2587 1056 2641 1104 et
2674 1053 2876 1107 cameli
2928 1057 3161 1111 nomine
3194 1064 3427 1129 propter
3460 1060 3867 1116 humiliantem

2166 1152 2228 1192 se
2252 1138 2324 1191 ad
2346 1137 2651 1195 subeunda
2673 1157 2848 1197 onera
2870 1145 3362 1215 magnitudinem,
3380 1149 3720 1220 intelligitur
3736 1166 3869 1206 con-

2166 1234 2433 1300 gruenter
2467 1231 2763 1288 Dominus.

2235 1317 2472 1372 XXXVI.
2508 1319 2612 1388 [1b.
2654 1336 2814 1389 χχιιι,
2848 1322 2961 1393 37.]
2996 1326 3154 1388 Quod
3196 1326 3339 1381 dixit
3369 1327 3652 1383 Dominus
3684 1327 3738 1383 id
3771 1327 3865 1383 Je-

2167 1408 2438 1471 rusalem,
2479 1409 2690 1475 Quoties
2724 1411 2870 1465 volui
2895 1428 3223 1481 congregare
3245 1416 3389 1483 filios
3413 1426 3551 1482 tuos,
3592 1418 3866 1487 sicutgal-

2167 1494 2288 1549 lina
2335 1502 2632 1567 congregat
2674 1497 2827 1567 ﬁlios
2875 1516 2998 1555 suos
3043 1503 3142 1555 sub
3191 1503 3327 1568 alas,
3362 1514 3412 1556 rt
3442 1504 3714 1559 noluisti?
3758 1505 3865 1559 hoc

2166 1600 2347 1654 genus
2378 1586 2692 1643 animantis
2718 1605 2992 1660 magnum
3014 1591 3286 1646 affectum
3320 1592 3376 1646 in
3400 1592 3548 1649 ﬁlios
3572 1594 3763 1661 habet,
3789 1594 3867 1647 ita

2166 1679 2230 1729 ut
2278 1691 2475 1730 eorum
2524 1676 2815 1733 inﬁrmata
2879 1679 3085 1734 affecta
3133 1685 3188 1735 et
3243 1681 3372 1753 ipsa
3416 1681 3779 1749 inﬁrmatur;
3813 1686 3869 1736 et

2165 1768 2321 1837 quod
2354 1766 2652 1823 difﬁcilius
2681 1768 2739 1823 in
2772 1770 2988 1824 caateris
3010 1772 3402 1827 animantibus
3435 1772 3718 1837 invenies,
3740 1771 3869 1827 aliis

2166 1857 2285 1911 suis
2304 1857 2450 1911 ﬁlios
2472 1862 2797 1928 protegens,
2824 1865 3019 1915 contra
3034 1860 3271 1916 milvum
3298 1870 3539 1934 pugnet:
3570 1864 3652 1918 sic
3689 1863 3865 1918 etiam

2167 1950 2352 1999 mater
2381 1953 2573 1999 nostra
2603 1947 2897 2017 Sapientia
2928 1949 3047 2013 Dei,
3082 1966 3183 2019 per
3204 1951 3397 2005 carnis
3430 1952 3863 2022 susceptionem

2165 2035 2460 2090 inﬁrmata
2478 2036 3100 2109 quodammodo(unde
3119 2046 3171 2094 et
3196 2041 3506 2111 Apostolus
3530 2041 3692 2107 dicit,
3717 2040 3868 2108 Quod

2167 2125 2451 2193 inﬁrmum
2485 2124 2602 2193 Dei,
2624 2126 2829 2193 fortius
2860 2136 2937 2183 est
2970 2127 3281 2183 hominibus
3314 2130 3356 2193 (Ι
3377 2133 3499 2186 Cor.
3534 2148 3577 2198 1,
3605 2131 3868 2201 25),pro-

2168 2213 2304 2283 tegit
2336 2214 2736 2270 inﬁrmitatem
2765 2222 3043 2284 nostram,
3069 2223 3125 2273 ct
3147 2220 3369 2275 resistit
3390 2220 3641 2288 diabolo,
3669 2236 3739 2274 ne
3760 2235 3867 2274 nos

2166 2302 2372 2371 rapiat.
2405 2305 2464 2357 In
2498 2319 2613 2373 qua
2637 2304 2991 2372 defensione,
3018 2308 3171 2377 quod
3198 2309 3297 2363 illa
3318 2309 3595 2364 adversus
3624 2308 3866 2364 milvum

2166 2396 2412 2447 conatur
2439 2392 2665 2463 aﬁ‘ertu,
2709 2393 2831 2449 haec
2876 2396 3151 2451 adversus
3173 2397 3470 2452 diabolum
3508 2398 3730 2469 perﬁcit
3762 2414 3866 2469 po-

2166 2483 2389 2536 testate.

2238 2570 2512 2626 XXXVII.
2547 2572 2656 2642 [Ib.
2679 2590 2827 2639 xx1v,
2860 2574 2973 2645 20.]
2998 2576 3156 2639 Quod
3190 2576 3472 2631 Dominus
3506 2575 3666 2643 dixit,
3703 2575 3866 2632 Orate

2166 2676 2234 2715 ne
2262 2660 2359 2729 fiat
2378 2663 2512 2733 fuga
2543 2672 2719 2717 vestra
2754 2664 2931 2720 In'eme
2960 2666 3043 2719 vel
3072 2666 3316 2732 sabbato,
3350 2666 3406 2719 id
3439 2669 3547 2734 est,
3581 2682 3651 2719 ne
3682 2665 3869 2735 impe-

2165 2749 2425 2806 dimento
2449 2750 2643 2823 aliquo
2672 2754 3046 2808 detineamini
3071 2771 3082 2807 :
3109 2755 3245 2826 quia
3268 2758 3323 2809 et
3344 2754 3550 2822 hieme,
3577 2754 3866 2810 imbribus

2162 2837 2252 2893 vel
2286 2838 2530 2909 frigore;
2564 2846 2620 2896 et
2650 2842 2910 2910 sabbato,
2944 2842 3001 2896 in
3025 2859 3140 2913 quo
3173 2844 3457 2914 proﬁcisci
3493 2860 3605 2897 non
3630 2844 3861 2910 licebat,

2162 2926 2240 2980 im
2254 2930 2592 2998 pedicbatur
2612 2933 2738 3000 quis
2761 2933 3080 2988 abitinere.
3105 2933 3205 2988 Vel
3240 2933 3417 3004 aliud,
3444 2950 3513 2989 ne
3544 2934 3601 2989 in
3626 2933 3864 2990 tristitia

2164 3021 2265 3071 aut
2295 3017 2490 3074 lmtitia
2518 3036 2711 3075 rerum
2744 3022 3151 3093 temporalium
3185 3024 3312 3094 quis
3344 3022 3674 3078 inveniatur
3702 3040 3735 3078 a
3765 3024 3857 3079 die

2163 3105 2279 3163 illa.

2234 3199 2533 3254 XXXVIII.
2576 3200 2683 3271 [1b.
2727 3218 2879 3267 xx1v,
2919 3202 3128 3272 23-27.]
3169 3203 3327 3269 Quod
3374 3202 3654 3257 Dominus
3701 3202 3857 3272 dicit,

2160 3288 2316 3344 Sicut
2336 3289 2485 3343 enim
2514 3289 2709 3359 fulgur
2734 3291 2850 3345 erit
2880 3293 2948 3344 ab
2977 3294 3205 3355 oriente,
3238 3298 3290 3346 et
3317 3294 3559 3363 pervenit
3589 3307 3759 3361 usque
3786 3290 3855 3345 ad

2160 3380 2489 3435 occidentem
2514 3380 2630 3444 ;ila
2660 3383 2767 3437 erit
2798 3390 2847 3437 et
2869 3382 3126 3437 adventus
3155 3382 3288 3436 Filii
3316 3384 3553 3437 hominis
3573 3399 3594 3448 ;
3618 3382 3859 3437 orientis

2161 3474 2218 3525 et
2249 3469 2567 3526 occidentis
2598 3471 2834 3527 nomine
2865 3476 3052 3527 totum
3084 3472 3282 3526 orbem
3305 3471 3487 3525 voluit
3507 3470 3855 3542 signiﬁcare,

2160 3576 2260 3630 per
2307 3576 2481 3630 quem
2535 3562 2730 3615 futura
2760 3567 2877 3615 erat
2902 3560 3175 3627 Ecclesia,
3208 3559 3521 3627 incipiente
3545 3558 3855 3629 Evangelio

2159 3650 2231 3705 ab
2260 3650 2577 3705 Jerusalem
2630 3650 2780 3719 (Luc.
2814 3666 2963 3717 xxw,
3000 3649 3113 3719 47),
3163 3648 3479 3702 secundum
3528 3646 3685 3702 illum
3719 3664 3857 3702 sen-

2158 3756 2285 3795 sum
2326 3755 2439 3809 quo
2482 3738 2646 3803 dixit,
2693 3739 2891 3794 Amodo
2926 3736 3184 3792 videbitis
3229 3737 3439 3793 Filium
3485 3738 3721 3793 hominis
3769 3754 3855 3793 ve-

2156 3830 2399 3883 nientem
2455 3830 2516 3883 in
2570 3828 2806 3883 nubibus
2853 3826 3061 3898 (Matth.
3095 3842 3245 3891 xxv1,
3302 3826 3856 3897 6.5).Convenienter

2157 3916 2312 3972 enim
2332 3914 2645 3970 Ecclesiam
2673 3916 2687 3949 ¹
2717 3931 2873 3971 nunc
2903 3915 3106 3986 fulgur
3125 3914 3467 3983 nominavit,
3493 3916 3644 3985 quod
3671 3915 3857 3969 maxi—

2157 4022 2247 4062 me
2278 4005 2425 4062 solet
2453 4005 2703 4061 emicare
2733 4006 2803 4061 de
2837 4005 3108 4060 nubibus.
3133 4004 3458 4060 Constituta
3484 4020 3619 4075 ergo
3652 4008 3852 4059 aucto-

2156 4098 2325 4153 ritate
2350 4095 2620 4152 Ecclesia;
2658 4112 2759 4167 per
2788 4096 2986 4151 orbem
3020 4099 3307 4151 terrarum
3339 4093 3494 4149 clara
3521 4098 3692 4165 atque
3726 4111 3856 4149 ma—

2154 4187 2390 4256 nifesta,
2450 4190 2871 4258 consequenter
2939 4184 3253 4256 discipulos
3319 4186 3613 4253 admonet,
3684 4193 3852 4256 atque

2153 4293 2356 4332 omnes
2395 4277 2619 4344 ﬁdeles,
2669 4280 2725 4332 et
2756 4276 2854 4348 qui
2895 4275 2953 4331 in
2995 4290 3129 4331 eum
3162 4276 3394 4330 credere
3434 4274 3739 4339 voluerint,
3782 4290 3854 4329 ne

2153 4366 2544 4424 schismaticis
2575 4371 2749 4438 atque
2781 4366 3064 4421 haereticis
3098 4366 3355 4421 credant.
3378 4362 3851 4434 Unumquodque

2151 4457 2307 4512 enim
2322 4456 2593 4524 schisma,
2610 4464 3039 4528 etunaquseque
3063 4454 3439 4521 htsresis,aut
3458 4453 3648 4508 locum
3674 4469 3849 4509 suum

2152 4546 2323 4603 habet
2370 4547 2431 4602 in
2484 4547 2623 4604 orbe
2669 4552 2979 4613 terrarum,
3035 4550 3255 4617 partem
3304 4544 3557 4616 aliquam
3602 4547 3845 4612 tenens;

2151 4641 2252 4692 aut
2281 4636 2542 4692 obscuris
2563 4640 2737 4709 atque
2753 4635 2996 4692 occultis
3018 4633 3437 4691 conventiculis
3459 4635 3854 4691 curiositatem

2149 4727 2453 4783 hominum
2481 4726 2712 4798 decipit.
2746 4729 2866 4793 Quo
2890 4725 3150 4798 pertinet
3176 4725 3330 4797 quod
3357 4726 3455 4793 ait,
3482 4726 3543 4781 Si
3560 4727 3681 4798 quis
3707 4727 3852 4781 vobis

2145 4818 2373 4887 dixerit,
2406 4820 2533 4875 Ecce
2560 4819 2648 4875 hic
2680 4822 2756 4874 est
2788 4819 3057 4887 Christus,
3079 4822 3173 4873 aut
3208 4815 3344 4884 illic,
3377 4818 3524 4888 quod
3558 4816 3851 4888 signiﬁcat

2146 4911 2432 4965 terrarum
2468 4913 2660 4981 partes
2689 4913 2747 4964 et
2768 4908 3192 4981 provinciarum
3216 4927 3228 4962 :
3257 4910 3349 4963 aut
3368 4909 3427 4961 in
3448 4905 3845 4977 penetralibus,

2145 5001 2245 5052 aut
2275 4999 2333 5051 in
2355 4996 2583 5063 deserto,
2618 4997 2771 5069 quod
2805 4997 3099 5069 signiﬁcat
3128 4996 3376 5052 obscura
3396 4992 3683 5051 etocculta
3708 5005 3844 5043 con-
3916 5006 3919 5011 ν

2147 5084 2437 5142 venticula
2475 5085 2901 5142 haereticorum.
2942 5086 3102 5150 Quod
3146 5101 3281 5155 ergo
3313 5082 3475 5146 dixit,
3508 5082 3577 5134 ab
3624 5077 3845 5133 oriente

2147 5175 2204 5230 in
2236 5177 2593 5233 occidentem
2623 5183 3029 5246 perventurum
3063 5177 3373 5232 adventum
3407 5186 3601 5238 suum,
3642 5175 3846 5224 contra

2144 5265 2275 5322 illos
2297 5267 2448 5322 valet
2469 5269 2565 5339 qui
2594 5285 2693 5340 per
2714 5273 2998 5324 terrarum
3027 5263 3338 5337 particulas
3364 5262 3762 5324 nominantur,
3788 5266 3845 5315 et

2142 5357 2519 5430 dieuntapud
2552 5377 2613 5415 se
2640 5376 2766 5416 esse
2795 5361 3106 5414 Christum.
3141 5354 3301 5418 Quod
3336 5358 3529 5409 autem
3564 5353 3662 5419 ait,
3691 5352 3841 5406 Sicut

2138 5451 2352 5519 fulgur,
2395 5456 2594 5506 contra
2654 5451 2784 5505 illos
2832 5448 2999 5516 valet,
3056 5446 3156 5518 qui
3218 5446 3441 5502 occulte
3489 5451 3837 5513 congregant

2203 5607 2216 5638 ί
2249 5604 2379 5651 Tres
2408 5602 2551 5657 Mss.
2590 5602 2969 5651 Convonicnter
2987 5602 3123 5651 enim
3154 5601 3313 5649 etiam
3340 5612 3491 5647 mune
3519 5598 3714 5661 fulgur,
3739 5599 3835 5645 etc.

2136 5665 2238 5716 Alii
2272 5665 2511 5722 totidem,
2546 5666 2922 5714 Convenienter
2953 5666 3279 5723 elcnimjam
3312 5677 3443 5710 nunc
3464 5662 3657 5723 fulgur,
3693 5664 3789 5706 etc.
