  <div class='ocr_page' id='page_1' title='image "/cluster/home/n/w/nwhite01/storage/ocr_20150623/35/hvd.32044054170956/015.png"; bbox 0 0 4170 6188; ppageno 0'>
   <div class='ocr_carea' id='block_1_1' title="bbox 303 285 449 344">
    <p class='ocr_par' dir='ltr' id='par_1_1' title="bbox 303 285 449 344">
     <span class='ocr_line' id='line_1_1' title="bbox 303 285 449 344; baseline -0.007 0"><span class='ocrx_word' id='word_1_1' title='bbox 303 285 449 344; x_wconf 82' lang='grc'><strong>1331</strong></span> 
     </span>
    </p>
   </div>
   <div class='ocr_carea' id='block_1_2' title="bbox 298 400 1992 488">
    <p class='ocr_par' dir='ltr' id='par_1_2' title="bbox 298 400 1992 488">
     <span class='ocr_line' id='line_1_2' title="bbox 298 400 1992 488; baseline -0.012 -14"><span class='ocrx_word' id='word_1_2' title='bbox 298 422 579 488; x_wconf 86' lang='lat' dir='ltr'>tanquam</span> <span class='ocrx_word' id='word_1_3' title='bbox 626 414 680 469; x_wconf 89' lang='lat' dir='ltr'>in</span> <span class='ocrx_word' id='word_1_4' title='bbox 716 409 1132 484; x_wconf 86' lang='lat' dir='ltr'>penetralibus,</span> <span class='ocrx_word' id='word_1_5' title='bbox 1166 414 1223 462; x_wconf 86' lang='lat' dir='ltr'>et</span> <span class='ocrx_word' id='word_1_6' title='bbox 1256 422 1472 477; x_wconf 83' lang='lat' dir='ltr'>paucos</span> <span class='ocrx_word' id='word_1_7' title='bbox 1495 409 1772 474; x_wconf 88' lang='lat' dir='ltr'>tanquam</span> <span class='ocrx_word' id='word_1_8' title='bbox 1803 400 1860 456; x_wconf 89' lang='lat' dir='ltr'>in</span> <span class='ocrx_word' id='word_1_9' title='bbox 1893 403 1992 453; x_wconf 78' lang='lat' dir='ltr'>dc-</span> 
     </span>
    </p>
   </div>
   <div class='ocr_carea' id='block_1_3' title="bbox 299 493 1995 569">
    <p class='ocr_par' dir='ltr' id='par_1_3' title="bbox 299 493 1995 569">
     <span class='ocr_line' id='line_1_3' title="bbox 299 493 1995 569; baseline -0.011 -5"><span class='ocrx_word' id='word_1_10' title='bbox 299 510 449 563; x_wconf 90' lang='lat' dir='ltr'>serto</span> <span class='ocrx_word' id='word_1_11' title='bbox 474 523 487 561; x_wconf 88' lang='lat'><strong>:</strong></span> <span class='ocrx_word' id='word_1_12' title='bbox 510 505 580 559; x_wconf 90' lang='lat' dir='ltr'>ad</span> <span class='ocrx_word' id='word_1_13' title='bbox 607 500 1133 558; x_wconf 80' lang='lat' dir='ltr'>manifestationem</span> <span class='ocrx_word' id='word_1_14' title='bbox 1158 497 1371 569; x_wconf 82' lang='lat' dir='ltr'>quippe</span> <span class='ocrx_word' id='word_1_15' title='bbox 1392 493 1836 563; x_wconf 87' lang='lat' dir='ltr'>claritatemque</span> <span class='ocrx_word' id='word_1_16' title='bbox 1858 505 1995 562; x_wconf 87' lang='lat' dir='ltr'>per-</span> 
     </span>
    </p>
   </div>
   <div class='ocr_carea' id='block_1_4' title="bbox 297 580 1994 661">
    <p class='ocr_par' dir='ltr' id='par_1_4' title="bbox 297 580 1994 661">
     <span class='ocr_line' id='line_1_4' title="bbox 297 580 1994 661; baseline -0.009 -11"><span class='ocrx_word' id='word_1_17' title='bbox 297 596 445 651; x_wconf 80' lang='lat' dir='ltr'>tinet</span> <span class='ocrx_word' id='word_1_18' title='bbox 499 591 762 648; x_wconf 65' lang='lat' dir='ltr'>Ecclesim</span> <span class='ocrx_word' id='word_1_19' title='bbox 821 587 1067 661; x_wconf 83' lang='lat' dir='ltr'>fulguris</span> <span class='ocrx_word' id='word_1_20' title='bbox 1117 603 1354 651; x_wconf 83' lang='lat' dir='ltr'>nomen,</span> <span class='ocrx_word' id='word_1_21' title='bbox 1426 583 1763 656; x_wconf 80' lang='lat' dir='ltr'>significans</span> <span class='ocrx_word' id='word_1_22' title='bbox 1819 580 1994 636; x_wconf 89' lang='lat' dir='ltr'>etiam</span> 
     </span>
    </p>
   </div>
   <div class='ocr_carea' id='block_1_5' title="bbox 300 667 1996 747">
    <p class='ocr_par' dir='ltr' id='par_1_5' title="bbox 300 667 1996 747">
     <span class='ocr_line' id='line_1_5' title="bbox 300 667 1996 747; baseline -0.009 -9"><span class='ocrx_word' id='word_1_23' title='bbox 300 687 527 738; x_wconf 88' lang='lat' dir='ltr'>noctem</span> <span class='ocrx_word' id='word_1_24' title='bbox 557 680 648 737; x_wconf 94' lang='lat' dir='ltr'>vel</span> <span class='ocrx_word' id='word_1_25' title='bbox 680 678 882 736; x_wconf 90' lang='lat' dir='ltr'>nubila</span> <span class='ocrx_word' id='word_1_26' title='bbox 911 676 1106 734; x_wconf 82' lang='lat' dir='ltr'>saeculi</span> <span class='ocrx_word' id='word_1_27' title='bbox 1136 676 1313 747; x_wconf 89' lang='lat' dir='ltr'>hujus</span> <span class='ocrx_word' id='word_1_28' title='bbox 1340 690 1353 741; x_wconf 89' lang='lat'><strong>;</strong></span> <span class='ocrx_word' id='word_1_29' title='bbox 1387 677 1525 729; x_wconf 89' lang='lat' dir='ltr'>tunc</span> <span class='ocrx_word' id='word_1_30' title='bbox 1563 672 1718 727; x_wconf 90' lang='lat' dir='ltr'>enim</span> <span class='ocrx_word' id='word_1_31' title='bbox 1751 667 1996 741; x_wconf 77' lang='lat' dir='ltr'>fulguris</span> 
     </span>
    </p>
   </div>
   <div class='ocr_carea' id='block_1_6' title="bbox 300 772 797 844">
    <p class='ocr_par' dir='ltr' id='par_1_6' title="bbox 300 772 797 844">
     <span class='ocr_line' id='line_1_6' title="bbox 300 772 797 844; baseline -0.01 -16"><span class='ocrx_word' id='word_1_32' title='bbox 300 772 514 828; x_wconf 89' lang='lat' dir='ltr'>candor</span> <span class='ocrx_word' id='word_1_33' title='bbox 542 773 797 844; x_wconf 78' lang='lat' dir='ltr'>apparet.</span> 
     </span>
    </p>
   </div>
   <div class='ocr_carea' id='block_1_7' title="bbox 369 846 2001 931">
    <p class='ocr_par' dir='ltr' id='par_1_7' title="bbox 369 846 2001 931">
     <span class='ocr_line' id='line_1_7' title="bbox 369 846 2001 931; baseline -0.01 -16"><span class='ocrx_word' id='word_1_34' title='bbox 369 860 632 915; x_wconf 86' lang='lat' dir='ltr'>XXXIX.</span> <span class='ocrx_word' id='word_1_35' title='bbox 658 860 764 931; x_wconf 75' lang='lat' dir='ltr'>[1b.</span> <span class='ocrx_word' id='word_1_36' title='bbox 795 873 946 922; x_wconf 76' lang='lat' dir='ltr'>xxiv,</span> <span class='ocrx_word' id='word_1_37' title='bbox 980 856 1094 927; x_wconf 81' lang='lat'>32.]</span> <span class='ocrx_word' id='word_1_38' title='bbox 1125 854 1285 920; x_wconf 88' lang='lat' dir='ltr'>Quod</span> <span class='ocrx_word' id='word_1_39' title='bbox 1322 851 1601 908; x_wconf 83' lang='lat' dir='ltr'>Dominus</span> <span class='ocrx_word' id='word_1_40' title='bbox 1632 848 1797 919; x_wconf 84' lang='lat' dir='ltr'>dixit,</span> <span class='ocrx_word' id='word_1_41' title='bbox 1818 846 1891 902; x_wconf 81' lang='lat' dir='ltr'>Ab</span> <span class='ocrx_word' id='word_1_42' title='bbox 1911 862 2001 901; x_wconf 86' lang='lat' dir='ltr'>ar-</span> 
     </span>
    </p>
   </div>
   <div class='ocr_carea' id='block_1_8' title="bbox 303 936 1999 1020">
    <p class='ocr_par' dir='ltr' id='par_1_8' title="bbox 303 936 1999 1020">
     <span class='ocr_line' id='line_1_8' title="bbox 303 936 1999 1020; baseline -0.008 -15"><span class='ocrx_word' id='word_1_43' title='bbox 303 952 427 1007; x_wconf 87' lang='lat' dir='ltr'>bore</span> <span class='ocrx_word' id='word_1_44' title='bbox 472 958 661 1007; x_wconf 81' lang='lat' dir='ltr'>autem</span> <span class='ocrx_word' id='word_1_45' title='bbox 699 951 793 1020; x_wconf 81' lang='lat' dir='ltr'>ﬁci</span> <span class='ocrx_word' id='word_1_46' title='bbox 828 936 1022 1004; x_wconf 79' lang='lat' dir='ltr'>discite</span> <span class='ocrx_word' id='word_1_47' title='bbox 1066 944 1540 1005; x_wconf 79' lang='lat' dir='ltr'>similitudinem;</span> <span class='ocrx_word' id='word_1_48' title='bbox 1588 940 1848 997; x_wconf 85' lang='lat' dir='ltr'>arborem</span> <span class='ocrx_word' id='word_1_49' title='bbox 1905 936 1999 992; x_wconf 83' lang='lat' dir='ltr'>ﬁci</span> 
     </span>
    </p>
   </div>
   <div class='ocr_carea' id='block_1_9' title="bbox 304 1036 2001 1114">
    <p class='ocr_par' dir='ltr' id='par_1_9' title="bbox 304 1036 2001 1114">
     <span class='ocr_line' id='line_1_9' title="bbox 304 1036 2001 1114; baseline -0.006 -17"><span class='ocrx_word' id='word_1_50' title='bbox 304 1060 484 1114; x_wconf 84' lang='lat' dir='ltr'>genus</span> <span class='ocrx_word' id='word_1_51' title='bbox 529 1044 848 1098; x_wconf 77' lang='lat' dir='ltr'>humanum</span> <span class='ocrx_word' id='word_1_52' title='bbox 914 1040 1191 1111; x_wconf 81' lang='lat' dir='ltr'>intelligo,</span> <span class='ocrx_word' id='word_1_53' title='bbox 1256 1042 1493 1108; x_wconf 77' lang='lat' dir='ltr'>propter</span> <span class='ocrx_word' id='word_1_54' title='bbox 1539 1036 1827 1107; x_wconf 88' lang='lat' dir='ltr'>pruritum</span> <span class='ocrx_word' id='word_1_55' title='bbox 1877 1047 2001 1088; x_wconf 88' lang='lat' dir='ltr'>car-</span> 
     </span>
    </p>
   </div>
   <div class='ocr_carea' id='block_1_10' title="bbox 306 1125 2002 1200">
    <p class='ocr_par' dir='ltr' id='par_1_10' title="bbox 306 1125 2002 1200">
     <span class='ocr_line' id='line_1_10' title="bbox 306 1125 2002 1200; baseline -0.006 -14"><span class='ocrx_word' id='word_1_56' title='bbox 306 1134 417 1188; x_wconf 87' lang='lat' dir='ltr'>nis.</span> <span class='ocrx_word' id='word_1_57' title='bbox 469 1133 602 1187; x_wconf 81' lang='lat' dir='ltr'>Cum</span> <span class='ocrx_word' id='word_1_58' title='bbox 650 1133 763 1199; x_wconf 77' lang='lat' dir='ltr'>iam</span> <span class='ocrx_word' id='word_1_59' title='bbox 815 1147 1007 1185; x_wconf 72' lang='lat' dir='ltr'>ramus</span> <span class='ocrx_word' id='word_1_60' title='bbox 1036 1130 1154 1200; x_wconf 68' lang='lat' dir='ltr'>ejus</span> <span class='ocrx_word' id='word_1_61' title='bbox 1196 1138 1351 1184; x_wconf 68' lang='lat' dir='ltr'>tener</span> <span class='ocrx_word' id='word_1_62' title='bbox 1379 1127 1587 1195; x_wconf 79' lang='lat' dir='ltr'>fuerit;</span> <span class='ocrx_word' id='word_1_63' title='bbox 1639 1125 1692 1179; x_wconf 92' lang='lat' dir='ltr'>id</span> <span class='ocrx_word' id='word_1_64' title='bbox 1727 1127 1833 1190; x_wconf 89' lang='lat' dir='ltr'>est,</span> <span class='ocrx_word' id='word_1_65' title='bbox 1868 1137 2002 1177; x_wconf 90' lang='lat' dir='ltr'>cum</span> 
     </span>
    </p>
   </div>
   <div class='ocr_carea' id='block_1_11' title="bbox 306 1212 2005 1292">
    <p class='ocr_par' dir='ltr' id='par_1_11' title="bbox 306 1212 2005 1292">
     <span class='ocr_line' id='line_1_11' title="bbox 306 1212 2005 1292; baseline -0.006 -17"><span class='ocrx_word' id='word_1_66' title='bbox 306 1222 410 1276; x_wconf 81' lang='lat' dir='ltr'>lilii</span> <span class='ocrx_word' id='word_1_67' title='bbox 435 1221 741 1275; x_wconf 88' lang='lat' dir='ltr'>hominum</span> <span class='ocrx_word' id='word_1_68' title='bbox 776 1237 875 1292; x_wconf 88' lang='lat' dir='ltr'>per</span> <span class='ocrx_word' id='word_1_69' title='bbox 907 1220 1080 1273; x_wconf 85' lang='lat' dir='ltr'>fidem</span> <span class='ocrx_word' id='word_1_70' title='bbox 1106 1218 1313 1273; x_wconf 87' lang='lat' dir='ltr'>Christi</span> <span class='ocrx_word' id='word_1_71' title='bbox 1340 1219 1408 1270; x_wconf 89' lang='lat' dir='ltr'>ad</span> <span class='ocrx_word' id='word_1_72' title='bbox 1432 1214 1765 1284; x_wconf 88' lang='lat' dir='ltr'>spirituales</span> <span class='ocrx_word' id='word_1_73' title='bbox 1790 1212 2005 1266; x_wconf 86' lang='lat' dir='ltr'>fructus</span> 
     </span>
    </p>
   </div>
   <div class='ocr_carea' id='block_1_12' title="bbox 306 1297 2004 1383">
    <p class='ocr_par' dir='ltr' id='par_1_12' title="bbox 306 1297 2004 1383">
     <span class='ocr_line' id='line_1_12' title="bbox 306 1297 2004 1383; baseline -0.008 -18"><span class='ocrx_word' id='word_1_74' title='bbox 306 1311 674 1383; x_wconf 79' lang='lat' dir='ltr'>profecerim,</span> <span class='ocrx_word' id='word_1_75' title='bbox 723 1315 779 1365; x_wconf 89' lang='lat' dir='ltr'>et</span> <span class='ocrx_word' id='word_1_76' title='bbox 820 1309 875 1362; x_wconf 88' lang='lat' dir='ltr'>in</span> <span class='ocrx_word' id='word_1_77' title='bbox 910 1309 993 1362; x_wconf 81' lang='lat' dir='ltr'>eis</span> <span class='ocrx_word' id='word_1_78' title='bbox 1034 1306 1221 1361; x_wconf 86' lang='lat' dir='ltr'>honor</span> <span class='ocrx_word' id='word_1_79' title='bbox 1260 1304 1587 1377; x_wconf 84' lang='lat' dir='ltr'>adeptionis</span> <span class='ocrx_word' id='word_1_80' title='bbox 1620 1302 1871 1357; x_wconf 81' lang='lat' dir='ltr'>filiorum</span> <span class='ocrx_word' id='word_1_81' title='bbox 1909 1297 2004 1354; x_wconf 83' lang='lat' dir='ltr'>Dei</span> 
     </span>
    </p>
   </div>
   <div class='ocr_carea' id='block_1_13' title="bbox 306 1398 631 1454">
    <p class='ocr_par' dir='ltr' id='par_1_13' title="bbox 306 1398 631 1454">
     <span class='ocr_line' id='line_1_13' title="bbox 306 1398 631 1454; baseline -0.015 0"><span class='ocrx_word' id='word_1_82' title='bbox 306 1398 631 1454; x_wconf 87' lang='lat' dir='ltr'>eminuerit.</span> 
     </span>
    </p>
   </div>
   <div class='ocr_carea' id='block_1_14' title="bbox 377 1477 2009 1558">
    <p class='ocr_par' dir='ltr' id='par_1_14' title="bbox 377 1477 2009 1558">
     <span class='ocr_line' id='line_1_14' title="bbox 377 1477 2009 1558; baseline -0.006 -17"><span class='ocrx_word' id='word_1_83' title='bbox 377 1489 495 1543; x_wconf 87' lang='lat' dir='ltr'>XL.</span> <span class='ocrx_word' id='word_1_84' title='bbox 539 1488 649 1558; x_wconf 83' lang='lat' dir='ltr'>[1b.</span> <span class='ocrx_word' id='word_1_85' title='bbox 682 1503 831 1553; x_wconf 80' lang='lat' dir='ltr'>xxvr,</span> <span class='ocrx_word' id='word_1_86' title='bbox 863 1485 972 1558; x_wconf 64' lang='lat'>26.]</span> <span class='ocrx_word' id='word_1_87' title='bbox 1003 1485 1164 1549; x_wconf 90' lang='lat' dir='ltr'>Quod</span> <span class='ocrx_word' id='word_1_88' title='bbox 1210 1484 1497 1541; x_wconf 83' lang='lat' dir='ltr'>Dominus</span> <span class='ocrx_word' id='word_1_89' title='bbox 1541 1483 1610 1538; x_wconf 88' lang='lat' dir='ltr'>de</span> <span class='ocrx_word' id='word_1_90' title='bbox 1647 1480 1801 1537; x_wconf 89' lang='lat' dir='ltr'>Juda</span> <span class='ocrx_word' id='word_1_91' title='bbox 1842 1477 2009 1546; x_wconf 81' lang='lat' dir='ltr'>dixit,</span> 
     </span>
    </p>
   </div>
   <div class='ocr_carea' id='block_1_15' title="bbox 307 1566 2012 1642">
    <p class='ocr_par' dir='ltr' id='par_1_15' title="bbox 307 1566 2012 1642">
     <span class='ocr_line' id='line_1_15' title="bbox 307 1566 2012 1642; baseline -0.008 -10"><span class='ocrx_word' id='word_1_92' title='bbox 307 1578 523 1631; x_wconf 86' lang='lat' dir='ltr'>Bonum</span> <span class='ocrx_word' id='word_1_93' title='bbox 558 1579 675 1631; x_wconf 83' lang='lat' dir='ltr'>eral</span> <span class='ocrx_word' id='word_1_94' title='bbox 714 1575 806 1629; x_wconf 87' lang='lat' dir='ltr'>illi</span> <span class='ocrx_word' id='word_1_95' title='bbox 834 1591 949 1629; x_wconf 87' lang='lat' dir='ltr'>non</span> <span class='ocrx_word' id='word_1_96' title='bbox 977 1575 1151 1642; x_wconf 86' lang='lat' dir='ltr'>nasci,</span> <span class='ocrx_word' id='word_1_97' title='bbox 1183 1578 1379 1629; x_wconf 91' lang='lat' dir='ltr'>utrum</span> <span class='ocrx_word' id='word_1_98' title='bbox 1413 1573 1472 1629; x_wconf 91' lang='lat' dir='ltr'>in</span> <span class='ocrx_word' id='word_1_99' title='bbox 1516 1571 1665 1627; x_wconf 87' lang='lat' dir='ltr'>hanc</span> <span class='ocrx_word' id='word_1_100' title='bbox 1694 1568 1869 1624; x_wconf 89' lang='lat' dir='ltr'>vitam</span> <span class='ocrx_word' id='word_1_101' title='bbox 1892 1566 1920 1620; x_wconf 85' lang='lat'><strong>?</strong></span> <span class='ocrx_word' id='word_1_102' title='bbox 1951 1571 2012 1620; x_wconf 90' lang='lat' dir='ltr'>ut</span> 
     </span>
    </p>
   </div>
   <div class='ocr_carea' id='block_1_16' title="bbox 310 1655 2010 1735">
    <p class='ocr_par' dir='ltr' id='par_1_16' title="bbox 310 1655 2010 1735">
     <span class='ocr_line' id='line_1_16' title="bbox 310 1655 2010 1735; baseline -0.005 -16"><span class='ocrx_word' id='word_1_103' title='bbox 310 1666 523 1721; x_wconf 80' lang='lat' dir='ltr'>usitate</span> <span class='ocrx_word' id='word_1_104' title='bbox 555 1664 781 1720; x_wconf 91' lang='lat' dir='ltr'>locutus</span> <span class='ocrx_word' id='word_1_105' title='bbox 812 1663 907 1719; x_wconf 89' lang='lat' dir='ltr'>sit.</span> <span class='ocrx_word' id='word_1_106' title='bbox 950 1665 1072 1718; x_wconf 87' lang='lat' dir='ltr'>Non</span> <span class='ocrx_word' id='word_1_107' title='bbox 1104 1662 1255 1718; x_wconf 88' lang='lat' dir='ltr'>enim</span> <span class='ocrx_word' id='word_1_108' title='bbox 1288 1665 1475 1735; x_wconf 90' lang='lat' dir='ltr'>potest</span> <span class='ocrx_word' id='word_1_109' title='bbox 1505 1661 1727 1716; x_wconf 91' lang='lat' dir='ltr'>bonum</span> <span class='ocrx_word' id='word_1_110' title='bbox 1749 1672 1874 1714; x_wconf 89' lang='lat' dir='ltr'>esse</span> <span class='ocrx_word' id='word_1_111' title='bbox 1899 1655 2010 1711; x_wconf 88' lang='lat' dir='ltr'>ali-</span> 
     </span>
    </p>
   </div>
   <div class='ocr_carea' id='block_1_17' title="bbox 311 1746 2011 1826">
    <p class='ocr_par' dir='ltr' id='par_1_17' title="bbox 311 1746 2011 1826">
     <span class='ocr_line' id='line_1_17' title="bbox 311 1746 2011 1826; baseline -0.006 -17"><span class='ocrx_word' id='word_1_112' title='bbox 311 1754 451 1826; x_wconf 89' lang='lat' dir='ltr'>quid</span> <span class='ocrx_word' id='word_1_113' title='bbox 495 1755 569 1823; x_wconf 87' lang='lat' dir='ltr'>ei,</span> <span class='ocrx_word' id='word_1_114' title='bbox 591 1753 692 1825; x_wconf 88' lang='lat' dir='ltr'>qui</span> <span class='ocrx_word' id='word_1_115' title='bbox 734 1768 849 1808; x_wconf 93' lang='lat' dir='ltr'>non</span> <span class='ocrx_word' id='word_1_116' title='bbox 884 1754 988 1808; x_wconf 90' lang='lat' dir='ltr'>est.</span> <span class='ocrx_word' id='word_1_117' title='bbox 1036 1752 1105 1807; x_wconf 89' lang='lat' dir='ltr'>Et</span> <span class='ocrx_word' id='word_1_118' title='bbox 1135 1750 1183 1807; x_wconf 88' lang='lat' dir='ltr'>si</span> <span class='ocrx_word' id='word_1_119' title='bbox 1216 1750 1527 1823; x_wconf 82' lang='lat' dir='ltr'>quisquam</span> <span class='ocrx_word' id='word_1_120' title='bbox 1558 1746 1855 1805; x_wconf 73' lang='lat' dir='ltr'>contendit</span> <span class='ocrx_word' id='word_1_121' title='bbox 1883 1760 2011 1801; x_wconf 85' lang='lat' dir='ltr'>esse</span> 
     </span>
    </p>
   </div>
   <div class='ocr_carea' id='block_1_18' title="bbox 312 1840 2011 1916">
    <p class='ocr_par' dir='ltr' id='par_1_18' title="bbox 312 1840 2011 1916">
     <span class='ocr_line' id='line_1_18' title="bbox 312 1840 2011 1916; baseline -0.006 -16"><span class='ocrx_word' id='word_1_122' title='bbox 312 1842 571 1916; x_wconf 89' lang='lat' dir='ltr'>aliquam</span> <span class='ocrx_word' id='word_1_123' title='bbox 611 1842 789 1898; x_wconf 89' lang='lat' dir='ltr'>vitam</span> <span class='ocrx_word' id='word_1_124' title='bbox 820 1846 957 1898; x_wconf 90' lang='lat' dir='ltr'>ante</span> <span class='ocrx_word' id='word_1_125' title='bbox 979 1842 1177 1909; x_wconf 88' lang='lat' dir='ltr'>istam,</span> <span class='ocrx_word' id='word_1_126' title='bbox 1211 1858 1326 1898; x_wconf 92' lang='lat' dir='ltr'>non</span> <span class='ocrx_word' id='word_1_127' title='bbox 1356 1841 1520 1895; x_wconf 77' lang='lat' dir='ltr'>JUdtB</span> <span class='ocrx_word' id='word_1_128' title='bbox 1551 1841 1782 1895; x_wconf 85' lang='lat' dir='ltr'>tantum</span> <span class='ocrx_word' id='word_1_129' title='bbox 1815 1840 1879 1891; x_wconf 91' lang='lat' dir='ltr'>ut</span> <span class='ocrx_word' id='word_1_130' title='bbox 1909 1851 2011 1890; x_wconf 88' lang='lat' dir='ltr'>na-</span> 
     </span>
    </p>
   </div>
   <div class='ocr_carea' id='block_1_19' title="bbox 313 1922 2013 2002">
    <p class='ocr_par' dir='ltr' id='par_1_19' title="bbox 313 1922 2013 2002">
     <span class='ocr_line' id='line_1_19' title="bbox 313 1922 2013 2002; baseline -0.007 -12"><span class='ocrx_word' id='word_1_131' title='bbox 313 1937 592 1999; x_wconf 81' lang='lat' dir='ltr'>sceretur,</span> <span class='ocrx_word' id='word_1_132' title='bbox 633 1933 733 1988; x_wconf 89' lang='lat' dir='ltr'>sed</span> <span class='ocrx_word' id='word_1_133' title='bbox 767 1931 912 1987; x_wconf 88' lang='lat' dir='ltr'>nulli</span> <span class='ocrx_word' id='word_1_134' title='bbox 943 1931 1210 2002; x_wconf 86' lang='lat' dir='ltr'>expedire</span> <span class='ocrx_word' id='word_1_135' title='bbox 1250 1928 1634 1986; x_wconf 75' lang='lat' dir='ltr'>convincitur.</span> <span class='ocrx_word' id='word_1_136' title='bbox 1665 1929 1752 1982; x_wconf 88' lang='lat' dir='ltr'>An</span> <span class='ocrx_word' id='word_1_137' title='bbox 1784 1922 2013 1981; x_wconf 82' lang='lat' dir='ltr'>diabolo</span> 
     </span>
    </p>
   </div>
   <div class='ocr_carea' id='block_1_20' title="bbox 313 2013 2017 2092">
    <p class='ocr_par' dir='ltr' id='par_1_20' title="bbox 313 2013 2017 2092">
     <span class='ocr_line' id='line_1_20' title="bbox 313 2013 2017 2092; baseline -0.006 -15"><span class='ocrx_word' id='word_1_138' title='bbox 313 2022 452 2078; x_wconf 90' lang='lat' dir='ltr'>dicit</span> <span class='ocrx_word' id='word_1_139' title='bbox 476 2038 587 2077; x_wconf 91' lang='lat' dir='ltr'>non</span> <span class='ocrx_word' id='word_1_140' title='bbox 616 2020 775 2077; x_wconf 87' lang='lat' dir='ltr'>nasci</span> <span class='ocrx_word' id='word_1_141' title='bbox 801 2021 870 2076; x_wconf 90' lang='lat' dir='ltr'>ad</span> <span class='ocrx_word' id='word_1_142' title='bbox 892 2024 1193 2092; x_wconf 87' lang='lat' dir='ltr'>peccatum</span> <span class='ocrx_word' id='word_1_143' title='bbox 1212 2018 1334 2074; x_wconf 83' lang='lat' dir='ltr'>?An</span> <span class='ocrx_word' id='word_1_144' title='bbox 1362 2017 1538 2074; x_wconf 80' lang='lat' dir='ltr'>etiam</span> <span class='ocrx_word' id='word_1_145' title='bbox 1553 2017 1770 2073; x_wconf 85' lang='lat' dir='ltr'>bonum</span> <span class='ocrx_word' id='word_1_146' title='bbox 1795 2013 2017 2069; x_wconf 87' lang='lat' dir='ltr'>illierat</span> 
     </span>
    </p>
   </div>
   <div class='ocr_carea' id='block_1_21' title="bbox 315 2103 2018 2179">
    <p class='ocr_par' dir='ltr' id='par_1_21' title="bbox 315 2103 2018 2179">
     <span class='ocr_line' id='line_1_21' title="bbox 315 2103 2018 2179; baseline -0.006 -13"><span class='ocrx_word' id='word_1_147' title='bbox 315 2116 381 2167; x_wconf 88' lang='lat' dir='ltr'>ut</span> <span class='ocrx_word' id='word_1_148' title='bbox 424 2110 651 2167; x_wconf 84' lang='lat' dir='ltr'>Christo</span> <span class='ocrx_word' id='word_1_149' title='bbox 684 2127 795 2165; x_wconf 90' lang='lat' dir='ltr'>non</span> <span class='ocrx_word' id='word_1_150' title='bbox 839 2112 1177 2165; x_wconf 88' lang='lat' dir='ltr'>nasceretur</span> <span class='ocrx_word' id='word_1_151' title='bbox 1209 2124 1310 2179; x_wconf 89' lang='lat' dir='ltr'>per</span> <span class='ocrx_word' id='word_1_152' title='bbox 1335 2105 1720 2173; x_wconf 88' lang='lat' dir='ltr'>vocationem,</span> <span class='ocrx_word' id='word_1_153' title='bbox 1754 2120 1826 2160; x_wconf 91' lang='lat' dir='ltr'>ne</span> <span class='ocrx_word' id='word_1_154' title='bbox 1863 2103 2018 2158; x_wconf 81' lang='lat' dir='ltr'>esset</span> 
     </span>
    </p>
   </div>
   <div class='ocr_carea' id='block_1_22' title="bbox 316 2199 629 2273">
    <p class='ocr_par' dir='ltr' id='par_1_22' title="bbox 316 2199 629 2273">
     <span class='ocr_line' id='line_1_22' title="bbox 316 2199 629 2273; baseline -0.006 -17"><span class='ocrx_word' id='word_1_155' title='bbox 316 2203 583 2273; x_wconf 87' lang='lat' dir='ltr'>apostata</span> <span class='ocrx_word' id='word_1_156' title='bbox 601 2199 629 2254; x_wconf 86' lang='lat'><strong>?</strong></span> 
     </span>
    </p>
   </div>
   <div class='ocr_carea' id='block_1_23' title="bbox 387 2284 2019 2362">
    <p class='ocr_par' dir='ltr' id='par_1_23' title="bbox 387 2284 2019 2362">
     <span class='ocr_line' id='line_1_23' title="bbox 387 2284 2019 2362; baseline -0.006 -17"><span class='ocrx_word' id='word_1_157' title='bbox 387 2289 527 2345; x_wconf 88' lang='lat' dir='ltr'><strong>XLI.</strong></span> <span class='ocrx_word' id='word_1_158' title='bbox 561 2289 667 2362; x_wconf 88' lang='lat' dir='ltr'>[1b.</span> <span class='ocrx_word' id='word_1_159' title='bbox 702 2304 856 2355; x_wconf 78' lang='lat' dir='ltr'><strong>XXVI,</strong></span> <span class='ocrx_word' id='word_1_160' title='bbox 892 2288 1003 2359; x_wconf 73' lang='lat'>15.]</span> <span class='ocrx_word' id='word_1_161' title='bbox 1028 2287 1190 2354; x_wconf 90' lang='lat' dir='ltr'>Quod</span> <span class='ocrx_word' id='word_1_162' title='bbox 1222 2286 1508 2343; x_wconf 88' lang='lat' dir='ltr'>Dominus</span> <span class='ocrx_word' id='word_1_163' title='bbox 1538 2284 1775 2355; x_wconf 83' lang='lat' dir='ltr'>triginta</span> <span class='ocrx_word' id='word_1_164' title='bbox 1812 2296 2019 2354; x_wconf 88' lang='lat' dir='ltr'>argen-</span> 
     </span>
    </p>
   </div>
   <div class='ocr_carea' id='block_1_24' title="bbox 317 2372 2018 2450">
    <p class='ocr_par' dir='ltr' id='par_1_24' title="bbox 317 2372 2018 2450">
     <span class='ocr_line' id='line_1_24' title="bbox 317 2372 2018 2450; baseline -0.005 -16"><span class='ocrx_word' id='word_1_165' title='bbox 317 2379 430 2436; x_wconf 83' lang='lat' dir='ltr'>teis</span> <span class='ocrx_word' id='word_1_166' title='bbox 446 2379 715 2435; x_wconf 85' lang='lat' dir='ltr'>venditus</span> <span class='ocrx_word' id='word_1_167' title='bbox 734 2386 836 2445; x_wconf 85' lang='lat' dir='ltr'>est,</span> <span class='ocrx_word' id='word_1_168' title='bbox 863 2377 1155 2450; x_wconf 84' lang='lat' dir='ltr'>significat</span> <span class='ocrx_word' id='word_1_169' title='bbox 1175 2394 1273 2448; x_wconf 84' lang='lat' dir='ltr'>per</span> <span class='ocrx_word' id='word_1_170' title='bbox 1288 2376 1500 2432; x_wconf 85' lang='lat' dir='ltr'>Judam</span> <span class='ocrx_word' id='word_1_171' title='bbox 1519 2375 1744 2431; x_wconf 72' lang='lat' dir='ltr'>Iudaeos</span> <span class='ocrx_word' id='word_1_172' title='bbox 1765 2372 2018 2442; x_wconf 89' lang='lat' dir='ltr'>iniquos,</span> 
     </span>
    </p>
   </div>
   <div class='ocr_carea' id='block_1_25' title="bbox 319 2461 2020 2541">
    <p class='ocr_par' dir='ltr' id='par_1_25' title="bbox 319 2461 2020 2541">
     <span class='ocr_line' id='line_1_25' title="bbox 319 2461 2020 2541; baseline -0.005 -17"><span class='ocrx_word' id='word_1_173' title='bbox 319 2469 418 2541; x_wconf 91' lang='lat' dir='ltr'>qui</span> <span class='ocrx_word' id='word_1_174' title='bbox 442 2471 752 2541; x_wconf 85' lang='lat' dir='ltr'>sequentes</span> <span class='ocrx_word' id='word_1_175' title='bbox 772 2466 1031 2523; x_wconf 84' lang='lat' dir='ltr'>carnalia</span> <span class='ocrx_word' id='word_1_176' title='bbox 1061 2471 1116 2523; x_wconf 89' lang='lat' dir='ltr'>et</span> <span class='ocrx_word' id='word_1_177' title='bbox 1137 2464 1501 2535; x_wconf 80' lang='lat' dir='ltr'>temporalia,</span> <span class='ocrx_word' id='word_1_178' title='bbox 1521 2481 1648 2535; x_wconf 62' lang='lat' dir='ltr'>quas</span> <span class='ocrx_word' id='word_1_179' title='bbox 1671 2463 1741 2519; x_wconf 90' lang='lat' dir='ltr'>ad</span> <span class='ocrx_word' id='word_1_180' title='bbox 1766 2461 2020 2533; x_wconf 89' lang='lat' dir='ltr'>quinque</span> 
     </span>
    </p>
   </div>
   <div class='ocr_carea' id='block_1_26' title="bbox 318 2550 2024 2629">
    <p class='ocr_par' dir='ltr' id='par_1_26' title="bbox 318 2550 2024 2629">
     <span class='ocr_line' id='line_1_26' title="bbox 318 2550 2024 2629; baseline -0.006 -13"><span class='ocrx_word' id='word_1_181' title='bbox 318 2575 530 2617; x_wconf 83' lang='lat' dir='ltr'>sensus</span> <span class='ocrx_word' id='word_1_182' title='bbox 579 2558 872 2629; x_wconf 84' lang='lat' dir='ltr'>pertinent</span> <span class='ocrx_word' id='word_1_183' title='bbox 917 2555 1197 2627; x_wconf 82' lang='lat' dir='ltr'>corporis,</span> <span class='ocrx_word' id='word_1_184' title='bbox 1232 2554 1526 2610; x_wconf 86' lang='lat' dir='ltr'>Christum</span> <span class='ocrx_word' id='word_1_185' title='bbox 1583 2553 1797 2609; x_wconf 89' lang='lat' dir='ltr'>habere</span> <span class='ocrx_word' id='word_1_186' title='bbox 1826 2550 2024 2607; x_wconf 90' lang='lat' dir='ltr'>nolue-</span> 
     </span>
    </p>
   </div>
   <div class='ocr_carea' id='block_1_27' title="bbox 322 2641 2025 2718">
    <p class='ocr_par' dir='ltr' id='par_1_27' title="bbox 322 2641 2025 2718">
     <span class='ocr_line' id='line_1_27' title="bbox 322 2641 2025 2718; baseline -0.005 -13"><span class='ocrx_word' id='word_1_187' title='bbox 322 2652 455 2705; x_wconf 89' lang='lat' dir='ltr'>runt</span> <span class='ocrx_word' id='word_1_188' title='bbox 488 2665 502 2702; x_wconf 84' lang='lat'><strong>:</strong></span> <span class='ocrx_word' id='word_1_189' title='bbox 554 2648 704 2718; x_wconf 91' lang='lat' dir='ltr'>quod</span> <span class='ocrx_word' id='word_1_190' title='bbox 750 2645 889 2717; x_wconf 88' lang='lat' dir='ltr'>quia</span> <span class='ocrx_word' id='word_1_191' title='bbox 928 2648 1085 2701; x_wconf 84' lang='lat' dir='ltr'>sexta</span> <span class='ocrx_word' id='word_1_192' title='bbox 1110 2643 1311 2699; x_wconf 90' lang='lat' dir='ltr'>mundi</span> <span class='ocrx_word' id='word_1_193' title='bbox 1341 2647 1511 2699; x_wconf 73' lang='lat' dir='ltr'>mtate</span> <span class='ocrx_word' id='word_1_194' title='bbox 1538 2643 1818 2705; x_wconf 82' lang='lat' dir='ltr'>fecerunt,</span> <span class='ocrx_word' id='word_1_195' title='bbox 1842 2641 2025 2697; x_wconf 89' lang='lat' dir='ltr'>sexies</span> 
     </span>
    </p>
   </div>
   <div class='ocr_carea' id='block_1_28' title="bbox 322 2731 2025 2810">
    <p class='ocr_par' dir='ltr' id='par_1_28' title="bbox 322 2731 2025 2810">
     <span class='ocr_line' id='line_1_28' title="bbox 322 2731 2025 2810; baseline -0.004 -17"><span class='ocrx_word' id='word_1_196' title='bbox 322 2738 532 2810; x_wconf 90' lang='lat' dir='ltr'>quinos</span> <span class='ocrx_word' id='word_1_197' title='bbox 562 2753 660 2796; x_wconf 84' lang='lat' dir='ltr'>eos</span> <span class='ocrx_word' id='word_1_198' title='bbox 693 2739 707 2773; x_wconf 86' lang='grc'>¹</span> <span class='ocrx_word' id='word_1_199' title='bbox 744 2740 1025 2807; x_wconf 89' lang='lat' dir='ltr'>tanquam</span> <span class='ocrx_word' id='word_1_200' title='bbox 1067 2734 1315 2807; x_wconf 89' lang='lat' dir='ltr'>pretium</span> <span class='ocrx_word' id='word_1_201' title='bbox 1346 2733 1566 2790; x_wconf 87' lang='lat' dir='ltr'>venditi</span> <span class='ocrx_word' id='word_1_202' title='bbox 1594 2731 1822 2789; x_wconf 90' lang='lat' dir='ltr'>Domini</span> <span class='ocrx_word' id='word_1_203' title='bbox 1856 2746 2025 2789; x_wconf 89' lang='lat' dir='ltr'>acce-</span> 
     </span>
    </p>
   </div>
   <div class='ocr_carea' id='block_1_29' title="bbox 323 2818 2028 2901">
    <p class='ocr_par' dir='ltr' id='par_1_29' title="bbox 323 2818 2028 2901">
     <span class='ocr_line' id='line_1_29' title="bbox 323 2818 2028 2901; baseline -0.004 -20"><span class='ocrx_word' id='word_1_204' title='bbox 323 2828 479 2901; x_wconf 82' lang='lat' dir='ltr'>pisse</span> <span class='ocrx_word' id='word_1_205' title='bbox 493 2824 888 2897; x_wconf 78' lang='lat' dir='ltr'>significatum</span> <span class='ocrx_word' id='word_1_206' title='bbox 913 2826 1020 2879; x_wconf 87' lang='lat' dir='ltr'>est.</span> <span class='ocrx_word' id='word_1_207' title='bbox 1037 2823 1118 2880; x_wconf 90' lang='lat' dir='ltr'>De</span> <span class='ocrx_word' id='word_1_208' title='bbox 1138 2840 1251 2894; x_wconf 91' lang='lat' dir='ltr'>quo</span> <span class='ocrx_word' id='word_1_209' title='bbox 1274 2828 1531 2893; x_wconf 89' lang='lat' dir='ltr'>tempore</span> <span class='ocrx_word' id='word_1_210' title='bbox 1546 2820 1757 2877; x_wconf 90' lang='lat' dir='ltr'>talibus</span> <span class='ocrx_word' id='word_1_211' title='bbox 1779 2818 2028 2876; x_wconf 86' lang='lat' dir='ltr'>insultat</span> 
     </span>
    </p>
   </div>
   <div class='ocr_carea' id='block_1_30' title="bbox 325 2907 2028 2991">
    <p class='ocr_par' dir='ltr' id='par_1_30' title="bbox 325 2907 2028 2991">
     <span class='ocr_line' id='line_1_30' title="bbox 325 2907 2028 2991; baseline -0.007 -18"><span class='ocrx_word' id='word_1_212' title='bbox 325 2914 611 2991; x_wconf 84' lang='lat' dir='ltr'>propheta</span> <span class='ocrx_word' id='word_1_213' title='bbox 626 2913 917 2980; x_wconf 82' lang='lat' dir='ltr'>dicens,Fi</span> <span class='ocrx_word' id='word_1_214' title='bbox 925 2911 992 2967; x_wconf 88' lang='lat' dir='ltr'>lii</span> <span class='ocrx_word' id='word_1_215' title='bbox 1003 2911 1311 2980; x_wconf 84' lang='lat' dir='ltr'>hominum,</span> <span class='ocrx_word' id='word_1_216' title='bbox 1325 2925 1602 2984; x_wconf 81' lang='lat' dir='ltr'>quousque</span> <span class='ocrx_word' id='word_1_217' title='bbox 1618 2925 1814 2979; x_wconf 78' lang='lat' dir='ltr'>graves</span> <span class='ocrx_word' id='word_1_218' title='bbox 1827 2907 2028 2965; x_wconf 72' lang='lat' dir='ltr'>corde?</span> 
     </span>
    </p>
   </div>
   <div class='ocr_carea' id='block_1_31' title="bbox 324 2999 2026 3080">
    <p class='ocr_par' dir='ltr' id='par_1_31' title="bbox 324 2999 2026 3080">
     <span class='ocr_line' id='line_1_31' title="bbox 324 2999 2026 3080; baseline -0.006 -16"><span class='ocrx_word' id='word_1_219' title='bbox 324 3006 518 3080; x_wconf 77' lang='lat' dir='ltr'>utquid</span> <span class='ocrx_word' id='word_1_220' title='bbox 545 3003 783 3076; x_wconf 75' lang='lat' dir='ltr'>diligitis</span> <span class='ocrx_word' id='word_1_221' title='bbox 810 3005 1132 3071; x_wconf 81' lang='lat' dir='ltr'>vanitatem,</span> <span class='ocrx_word' id='word_1_222' title='bbox 1155 3006 1204 3060; x_wconf 78' lang='lat' dir='ltr'>et</span> <span class='ocrx_word' id='word_1_223' title='bbox 1220 3002 1469 3075; x_wconf 66' lang='lat' dir='ltr'>quau-itis</span> <span class='ocrx_word' id='word_1_224' title='bbox 1490 3001 1832 3059; x_wconf 81' lang='lat' dir='ltr'>mendacium</span> <span class='ocrx_word' id='word_1_225' title='bbox 1854 2999 2026 3071; x_wconf 89' lang='lat' dir='ltr'>(Psal.</span> 
     </span>
    </p>
   </div>
   <div class='ocr_carea' id='block_1_32' title="bbox 326 3088 2027 3167">
    <p class='ocr_par' dir='ltr' id='par_1_32' title="bbox 326 3088 2027 3167">
     <span class='ocr_line' id='line_1_32' title="bbox 326 3088 2027 3167; baseline -0.005 -14"><span class='ocrx_word' id='word_1_226' title='bbox 326 3113 404 3164; x_wconf 82' lang='grc' dir='ltr'>ιν,</span> <span class='ocrx_word' id='word_1_227' title='bbox 430 3095 539 3167; x_wconf 83' lang='lat'>3)?</span> <span class='ocrx_word' id='word_1_228' title='bbox 560 3098 621 3151; x_wconf 89' lang='lat' dir='ltr'>ut</span> <span class='ocrx_word' id='word_1_229' title='bbox 641 3095 687 3150; x_wconf 89' lang='lat' dir='ltr'>si</span> <span class='ocrx_word' id='word_1_230' title='bbox 712 3094 973 3166; x_wconf 90' lang='lat' dir='ltr'>quinque</span> <span class='ocrx_word' id='word_1_231' title='bbox 1003 3092 1271 3148; x_wconf 65' lang='lat' dir='ltr'>aetatibus</span> <span class='ocrx_word' id='word_1_232' title='bbox 1294 3092 1495 3149; x_wconf 82' lang='lat' dir='ltr'>fuisset</span> <span class='ocrx_word' id='word_1_233' title='bbox 1516 3091 1713 3163; x_wconf 88' lang='lat' dir='ltr'>aliqua</span> <span class='ocrx_word' id='word_1_234' title='bbox 1734 3088 2027 3147; x_wconf 80' lang='lat' dir='ltr'>excusatio</span> 
     </span>
    </p>
   </div>
   <div class='ocr_carea' id='block_1_33' title="bbox 328 3180 2030 3258">
    <p class='ocr_par' dir='ltr' id='par_1_33' title="bbox 328 3180 2030 3258">
     <span class='ocr_line' id='line_1_33' title="bbox 328 3180 2030 3258; baseline -0.006 -14"><span class='ocrx_word' id='word_1_235' title='bbox 328 3185 641 3258; x_wconf 64' lang='lat' dir='ltr'>sequendae</span> <span class='ocrx_word' id='word_1_236' title='bbox 660 3183 1056 3253; x_wconf 87' lang='lat' dir='ltr'>vanitatis,vel</span> <span class='ocrx_word' id='word_1_237' title='bbox 1080 3186 1241 3239; x_wconf 83' lang='lat' dir='ltr'>sexta</span> <span class='ocrx_word' id='word_1_238' title='bbox 1254 3180 2030 3255; x_wconf 86' lang='lat' dir='ltr'>comprehenderentverita-</span> 
     </span>
    </p>
   </div>
   <div class='ocr_carea' id='block_1_34' title="bbox 327 3269 2034 3347">
    <p class='ocr_par' dir='ltr' id='par_1_34' title="bbox 327 3269 2034 3347">
     <span class='ocr_line' id='line_1_34' title="bbox 327 3269 2034 3347; baseline -0.005 -16"><span class='ocrx_word' id='word_1_239' title='bbox 327 3280 467 3344; x_wconf 89' lang='lat' dir='ltr'>tem,</span> <span class='ocrx_word' id='word_1_240' title='bbox 502 3291 627 3346; x_wconf 71' lang='lat' dir='ltr'>quin</span> <span class='ocrx_word' id='word_1_241' title='bbox 660 3289 761 3347; x_wconf 84' lang='lat' dir='ltr'>per</span> <span class='ocrx_word' id='word_1_242' title='bbox 781 3273 1093 3329; x_wconf 90' lang='lat' dir='ltr'>Dominum</span> <span class='ocrx_word' id='word_1_243' title='bbox 1118 3276 1380 3328; x_wconf 89' lang='lat' dir='ltr'>nostrum</span> <span class='ocrx_word' id='word_1_244' title='bbox 1402 3270 1840 3343; x_wconf 70' lang='lat' dir='ltr'>praedicabatur,</span> <span class='ocrx_word' id='word_1_245' title='bbox 1869 3272 1924 3325; x_wconf 86' lang='lat' dir='ltr'>et</span> <span class='ocrx_word' id='word_1_246' title='bbox 1944 3269 2034 3324; x_wconf 90' lang='lat' dir='ltr'>dc-</span> 
     </span>
    </p>
   </div>
   <div class='ocr_carea' id='block_1_35' title="bbox 330 3360 2035 3426">
    <p class='ocr_par' dir='ltr' id='par_1_35' title="bbox 330 3360 2035 3426">
     <span class='ocr_line' id='line_1_35' title="bbox 330 3360 2035 3426; baseline -0.005 -3"><span class='ocrx_word' id='word_1_247' title='bbox 330 3366 785 3426; x_wconf 87' lang='lat' dir='ltr'>monstrabatur,</span> <span class='ocrx_word' id='word_1_248' title='bbox 811 3364 960 3421; x_wconf 83' lang='lat' dir='ltr'>sicut</span> <span class='ocrx_word' id='word_1_249' title='bbox 987 3369 1151 3421; x_wconf 74' lang='lat' dir='ltr'>sexta</span> <span class='ocrx_word' id='word_1_250' title='bbox 1169 3364 1259 3420; x_wconf 89' lang='lat' dir='ltr'>die</span> <span class='ocrx_word' id='word_1_251' title='bbox 1283 3364 1458 3421; x_wconf 92' lang='lat' dir='ltr'>homo</span> <span class='ocrx_word' id='word_1_252' title='bbox 1478 3363 1668 3421; x_wconf 80' lang='lat' dir='ltr'>factus</span> <span class='ocrx_word' id='word_1_253' title='bbox 1689 3365 1775 3418; x_wconf 89' lang='lat' dir='ltr'>est</span> <span class='ocrx_word' id='word_1_254' title='bbox 1800 3361 1869 3417; x_wconf 92' lang='lat' dir='ltr'>ad</span> <span class='ocrx_word' id='word_1_255' title='bbox 1894 3360 2035 3415; x_wconf 84' lang='lat' dir='ltr'>ima-</span> 
     </span>
    </p>
   </div>
   <div class='ocr_carea' id='block_1_36' title="bbox 332 3450 2035 3528">
    <p class='ocr_par' dir='ltr' id='par_1_36' title="bbox 332 3450 2035 3528">
     <span class='ocr_line' id='line_1_36' title="bbox 332 3450 2035 3528; baseline -0.004 -17"><span class='ocrx_word' id='word_1_256' title='bbox 332 3456 526 3528; x_wconf 82' lang='lat' dir='ltr'>ginem</span> <span class='ocrx_word' id='word_1_257' title='bbox 558 3455 657 3512; x_wconf 88' lang='lat' dir='ltr'>Dei</span> <span class='ocrx_word' id='word_1_258' title='bbox 691 3455 839 3523; x_wconf 81' lang='lat' dir='ltr'>(Gen.</span> <span class='ocrx_word' id='word_1_259' title='bbox 876 3472 916 3523; x_wconf 84' lang='grc' dir='ltr'>ι,</span> <span class='ocrx_word' id='word_1_260' title='bbox 948 3454 1061 3526; x_wconf 86' lang='lat'>26).</span> <span class='ocrx_word' id='word_1_261' title='bbox 1096 3455 1255 3521; x_wconf 89' lang='lat' dir='ltr'>Quod</span> <span class='ocrx_word' id='word_1_262' title='bbox 1286 3454 1421 3526; x_wconf 84' lang='lat' dir='ltr'>quia</span> <span class='ocrx_word' id='word_1_263' title='bbox 1453 3452 1786 3521; x_wconf 89' lang='lat' dir='ltr'>noluerunt,</span> <span class='ocrx_word' id='word_1_264' title='bbox 1818 3450 2035 3506; x_wconf 91' lang='lat' dir='ltr'>habent</span> 
     </span>
    </p>
   </div>
   <div class='ocr_carea' id='block_1_37' title="bbox 334 3539 2032 3618">
    <p class='ocr_par' dir='ltr' id='par_1_37' title="bbox 334 3539 2032 3618">
     <span class='ocr_line' id='line_1_37' title="bbox 334 3539 2032 3618; baseline -0.006 -14"><span class='ocrx_word' id='word_1_265' title='bbox 334 3546 521 3604; x_wconf 79' lang='lat' dir='ltr'>sexies</span> <span class='ocrx_word' id='word_1_266' title='bbox 559 3544 722 3618; x_wconf 89' lang='lat' dir='ltr'>quini</span> <span class='ocrx_word' id='word_1_267' title='bbox 752 3545 1099 3617; x_wconf 88' lang='lat' dir='ltr'>impressam</span> <span class='ocrx_word' id='word_1_268' title='bbox 1140 3544 1456 3615; x_wconf 79' lang='lat' dir='ltr'>imaginem</span> <span class='ocrx_word' id='word_1_269' title='bbox 1490 3542 1769 3616; x_wconf 88' lang='lat' dir='ltr'>principis</span> <span class='ocrx_word' id='word_1_270' title='bbox 1812 3539 2032 3609; x_wconf 67' lang='lat' dir='ltr'>seaculi,</span> 
     </span>
    </p>
   </div>
   <div class='ocr_carea' id='block_1_38' title="bbox 334 3628 2035 3706">
    <p class='ocr_par' dir='ltr' id='par_1_38' title="bbox 334 3628 2035 3706">
     <span class='ocr_line' id='line_1_38' title="bbox 334 3628 2035 3706; baseline -0.006 -13"><span class='ocrx_word' id='word_1_271' title='bbox 334 3641 391 3693; x_wconf 90' lang='lat' dir='ltr'>et</span> <span class='ocrx_word' id='word_1_272' title='bbox 432 3652 547 3693; x_wconf 91' lang='lat' dir='ltr'>non</span> <span class='ocrx_word' id='word_1_273' title='bbox 586 3635 807 3691; x_wconf 89' lang='lat' dir='ltr'>habent</span> <span class='ocrx_word' id='word_1_274' title='bbox 846 3634 1139 3692; x_wconf 87' lang='lat' dir='ltr'>Christum</span> <span class='ocrx_word' id='word_1_275' title='bbox 1182 3650 1285 3706; x_wconf 88' lang='lat' dir='ltr'>per</span> <span class='ocrx_word' id='word_1_276' title='bbox 1314 3647 1489 3704; x_wconf 84' lang='lat' dir='ltr'>quem</span> <span class='ocrx_word' id='word_1_277' title='bbox 1538 3632 1831 3702; x_wconf 86' lang='lat' dir='ltr'>signatum</span> <span class='ocrx_word' id='word_1_278' title='bbox 1858 3632 1947 3685; x_wconf 88' lang='lat' dir='ltr'>est</span> <span class='ocrx_word' id='word_1_279' title='bbox 1974 3628 2035 3683; x_wconf 89' lang='lat' dir='ltr'>in</span> 
     </span>
    </p>
   </div>
   <div class='ocr_carea' id='block_1_39' title="bbox 337 3718 2040 3792">
    <p class='ocr_par' dir='ltr' id='par_1_39' title="bbox 337 3718 2040 3792">
     <span class='ocr_line' id='line_1_39' title="bbox 337 3718 2040 3792; baseline -0.005 -11"><span class='ocrx_word' id='word_1_280' title='bbox 337 3725 505 3781; x_wconf 86' lang='lat' dir='ltr'>nobis</span> <span class='ocrx_word' id='word_1_281' title='bbox 565 3723 761 3780; x_wconf 88' lang='lat' dir='ltr'>lumen</span> <span class='ocrx_word' id='word_1_282' title='bbox 802 3723 995 3780; x_wconf 87' lang='lat' dir='ltr'>vultus</span> <span class='ocrx_word' id='word_1_283' title='bbox 1043 3723 1149 3790; x_wconf 88' lang='lat' dir='ltr'>tui,</span> <span class='ocrx_word' id='word_1_284' title='bbox 1201 3723 1445 3779; x_wconf 89' lang='lat' dir='ltr'>Domine</span> <span class='ocrx_word' id='word_1_285' title='bbox 1492 3721 1668 3792; x_wconf 84' lang='lat' dir='ltr'>(Psal.</span> <span class='ocrx_word' id='word_1_286' title='bbox 1719 3737 1796 3788; x_wconf 78' lang='grc' dir='ltr'>ιν,</span> <span class='ocrx_word' id='word_1_287' title='bbox 1844 3720 1917 3789; x_wconf 90' lang='lat'>7).</span> <span class='ocrx_word' id='word_1_288' title='bbox 1970 3718 2040 3773; x_wconf 85' lang='lat' dir='ltr'>Et</span> 
     </span>
    </p>
   </div>
   <div class='ocr_carea' id='block_1_40' title="bbox 338 3806 2039 3885">
    <p class='ocr_par' dir='ltr' id='par_1_40' title="bbox 338 3806 2039 3885">
     <span class='ocr_line' id='line_1_40' title="bbox 338 3806 2039 3885; baseline -0.004 -18"><span class='ocrx_word' id='word_1_289' title='bbox 338 3813 476 3885; x_wconf 80' lang='lat' dir='ltr'>quia</span> <span class='ocrx_word' id='word_1_290' title='bbox 508 3811 797 3883; x_wconf 79' lang='lat' dir='ltr'>eloquium</span> <span class='ocrx_word' id='word_1_291' title='bbox 833 3811 1063 3866; x_wconf 90' lang='lat' dir='ltr'>Domini</span> <span class='ocrx_word' id='word_1_292' title='bbox 1094 3816 1394 3880; x_wconf 83' lang='lat' dir='ltr'>argentum</span> <span class='ocrx_word' id='word_1_293' title='bbox 1425 3818 1508 3867; x_wconf 88' lang='lat' dir='ltr'>est</span> <span class='ocrx_word' id='word_1_294' title='bbox 1539 3811 1709 3882; x_wconf 87' lang='lat' dir='ltr'>(Psal.</span> <span class='ocrx_word' id='word_1_295' title='bbox 1741 3826 1820 3877; x_wconf 73' lang='grc' dir='ltr'>ιι,</span> <span class='ocrx_word' id='word_1_296' title='bbox 1854 3809 1929 3879; x_wconf 89' lang='lat'>7),</span> <span class='ocrx_word' id='word_1_297' title='bbox 1952 3806 2039 3862; x_wconf 87' lang='lat' dir='ltr'>illi</span> 
     </span>
    </p>
   </div>
   <div class='ocr_carea' id='block_1_41' title="bbox 339 3898 2041 3971">
    <p class='ocr_par' dir='ltr' id='par_1_41' title="bbox 339 3898 2041 3971">
     <span class='ocr_line' id='line_1_41' title="bbox 339 3898 2041 3971; baseline -0.004 -13"><span class='ocrx_word' id='word_1_298' title='bbox 339 3906 532 3959; x_wconf 87' lang='lat' dir='ltr'>autem</span> <span class='ocrx_word' id='word_1_299' title='bbox 582 3900 759 3956; x_wconf 87' lang='lat' dir='ltr'>etiam</span> <span class='ocrx_word' id='word_1_300' title='bbox 805 3900 995 3971; x_wconf 87' lang='lat' dir='ltr'>ipsam</span> <span class='ocrx_word' id='word_1_301' title='bbox 1041 3900 1223 3969; x_wconf 88' lang='lat' dir='ltr'>legem</span> <span class='ocrx_word' id='word_1_302' title='bbox 1256 3898 1565 3955; x_wconf 87' lang='lat' dir='ltr'>carnaliter</span> <span class='ocrx_word' id='word_1_303' title='bbox 1612 3898 2041 3961; x_wconf 85' lang='lat' dir='ltr'>intellexerunt,</span> 
     </span>
    </p>
   </div>
   <div class='ocr_carea' id='block_1_42' title="bbox 339 3984 2042 4062">
    <p class='ocr_par' dir='ltr' id='par_1_42' title="bbox 339 3984 2042 4062">
     <span class='ocr_line' id='line_1_42' title="bbox 339 3984 2042 4062; baseline -0.004 -17"><span class='ocrx_word' id='word_1_304' title='bbox 339 3994 621 4062; x_wconf 87' lang='lat' dir='ltr'>tanquam</span> <span class='ocrx_word' id='word_1_305' title='bbox 646 3988 703 4044; x_wconf 90' lang='lat' dir='ltr'>in</span> <span class='ocrx_word' id='word_1_306' title='bbox 726 3991 964 4060; x_wconf 89' lang='lat' dir='ltr'>argento</span> <span class='ocrx_word' id='word_1_307' title='bbox 985 3987 1334 4057; x_wconf 89' lang='lat' dir='ltr'>impressam</span> <span class='ocrx_word' id='word_1_308' title='bbox 1361 3984 1655 4041; x_wconf 66' lang='lat' dir='ltr'>saecularis</span> <span class='ocrx_word' id='word_1_309' title='bbox 1681 3985 2042 4057; x_wconf 89' lang='lat' dir='ltr'>principatus</span> 
     </span>
    </p>
   </div>
   <div class='ocr_carea' id='block_1_43' title="bbox 338 4076 1538 4151">
    <p class='ocr_par' dir='ltr' id='par_1_43' title="bbox 338 4076 1538 4151">
     <span class='ocr_line' id='line_1_43' title="bbox 338 4076 1538 4151; baseline -0.003 -16"><span class='ocrx_word' id='word_1_310' title='bbox 338 4079 651 4151; x_wconf 83' lang='lat' dir='ltr'>imaginem</span> <span class='ocrx_word' id='word_1_311' title='bbox 684 4078 901 4134; x_wconf 89' lang='lat' dir='ltr'>amisso</span> <span class='ocrx_word' id='word_1_312' title='bbox 928 4076 1174 4133; x_wconf 91' lang='lat' dir='ltr'>Domino</span> <span class='ocrx_word' id='word_1_313' title='bbox 1205 4079 1538 4132; x_wconf 88' lang='lat' dir='ltr'>tenuerunt.</span> 
     </span>
    </p>
   </div>
   <div class='ocr_carea' id='block_1_44' title="bbox 411 4161 2047 4238">
    <p class='ocr_par' dir='ltr' id='par_1_44' title="bbox 411 4161 2047 4238">
     <span class='ocr_line' id='line_1_44' title="bbox 411 4161 2047 4238; baseline -0.004 -15"><span class='ocrx_word' id='word_1_314' title='bbox 411 4167 576 4223; x_wconf 87' lang='lat' dir='ltr'><strong>XLII.</strong></span> <span class='ocrx_word' id='word_1_315' title='bbox 610 4166 719 4238; x_wconf 86' lang='lat' dir='ltr'>[1b.</span> <span class='ocrx_word' id='word_1_316' title='bbox 752 4182 902 4232; x_wconf 79' lang='lat' dir='ltr'>xxxv,</span> <span class='ocrx_word' id='word_1_317' title='bbox 935 4164 1049 4235; x_wconf 88' lang='lat'>28.]</span> <span class='ocrx_word' id='word_1_318' title='bbox 1073 4164 1234 4230; x_wconf 88' lang='lat' dir='ltr'>Quod</span> <span class='ocrx_word' id='word_1_319' title='bbox 1257 4163 1539 4220; x_wconf 86' lang='lat' dir='ltr'>Dominus</span> <span class='ocrx_word' id='word_1_320' title='bbox 1570 4161 1729 4233; x_wconf 88' lang='lat' dir='ltr'>dicit,</span> <span class='ocrx_word' id='word_1_321' title='bbox 1752 4163 1850 4219; x_wconf 88' lang='lat' dir='ltr'>Ubi</span> <span class='ocrx_word' id='word_1_322' title='bbox 1876 4162 2047 4233; x_wconf 79' lang='lat' dir='ltr'>fuerit</span> 
     </span>
    </p>
   </div>
   <div class='ocr_carea' id='block_1_45' title="bbox 341 4251 2042 4331">
    <p class='ocr_par' dir='ltr' id='par_1_45' title="bbox 341 4251 2042 4331">
     <span class='ocr_line' id='line_1_45' title="bbox 341 4251 2042 4331; baseline -0.005 -17"><span class='ocrx_word' id='word_1_323' title='bbox 341 4274 556 4331; x_wconf 75' lang='lat' dir='ltr'>corpus,</span> <span class='ocrx_word' id='word_1_324' title='bbox 589 4256 686 4313; x_wconf 85' lang='lat' dir='ltr'>illo</span> <span class='ocrx_word' id='word_1_325' title='bbox 716 4254 1203 4327; x_wconf 74' lang='lat' dir='ltr'>congregabantur</span> <span class='ocrx_word' id='word_1_326' title='bbox 1244 4253 1487 4324; x_wconf 69' lang='lat' dir='ltr'>aquilae;</span> <span class='ocrx_word' id='word_1_327' title='bbox 1518 4253 1572 4307; x_wconf 90' lang='lat' dir='ltr'>id</span> <span class='ocrx_word' id='word_1_328' title='bbox 1606 4257 1691 4309; x_wconf 90' lang='lat' dir='ltr'>est</span> <span class='ocrx_word' id='word_1_329' title='bbox 1719 4252 1779 4307; x_wconf 93' lang='lat' dir='ltr'>in</span> <span class='ocrx_word' id='word_1_330' title='bbox 1811 4251 2042 4322; x_wconf 68' lang='lat' dir='ltr'>cretum,</span> 
     </span>
    </p>
   </div>
   <div class='ocr_carea' id='block_1_46' title="bbox 344 4339 2042 4418">
    <p class='ocr_par' dir='ltr' id='par_1_46' title="bbox 344 4339 2042 4418">
     <span class='ocr_line' id='line_1_46' title="bbox 344 4339 2042 4418; baseline -0.004 -16"><span class='ocrx_word' id='word_1_331' title='bbox 344 4362 456 4418; x_wconf 93' lang='lat' dir='ltr'>quo</span> <span class='ocrx_word' id='word_1_332' title='bbox 487 4345 624 4401; x_wconf 91' lang='lat' dir='ltr'>hinc</span> <span class='ocrx_word' id='word_1_333' title='bbox 657 4360 857 4401; x_wconf 81' lang='lat' dir='ltr'>secum</span> <span class='ocrx_word' id='word_1_334' title='bbox 889 4342 1098 4399; x_wconf 87' lang='lat' dir='ltr'>levavit</span> <span class='ocrx_word' id='word_1_335' title='bbox 1128 4357 1341 4412; x_wconf 90' lang='lat' dir='ltr'>corpus</span> <span class='ocrx_word' id='word_1_336' title='bbox 1372 4340 1430 4395; x_wconf 91' lang='lat' dir='ltr'>in</span> <span class='ocrx_word' id='word_1_337' title='bbox 1463 4339 1698 4397; x_wconf 90' lang='lat' dir='ltr'>homine</span> <span class='ocrx_word' id='word_1_338' title='bbox 1729 4342 1996 4411; x_wconf 89' lang='lat' dir='ltr'>suscepto</span> <span class='ocrx_word' id='word_1_339' title='bbox 2028 4356 2042 4395; x_wconf 88' lang='lat'><strong>:</strong></span> 
     </span>
    </p>
   </div>
   <div class='ocr_carea' id='block_1_47' title="bbox 345 4429 2050 4509">
    <p class='ocr_par' dir='ltr' id='par_1_47' title="bbox 345 4429 2050 4509">
     <span class='ocr_line' id='line_1_47' title="bbox 345 4429 2050 4509; baseline -0.005 -16"><span class='ocrx_word' id='word_1_340' title='bbox 345 4437 497 4509; x_wconf 93' lang='lat' dir='ltr'>quod</span> <span class='ocrx_word' id='word_1_341' title='bbox 521 4436 691 4493; x_wconf 84' lang='lat' dir='ltr'>etiam</span> <span class='ocrx_word' id='word_1_342' title='bbox 716 4434 955 4490; x_wconf 81' lang='lat' dir='ltr'>cadaver</span> <span class='ocrx_word' id='word_1_343' title='bbox 976 4432 1103 4488; x_wconf 90' lang='lat' dir='ltr'>ideo</span> <span class='ocrx_word' id='word_1_344' title='bbox 1127 4431 1483 4503; x_wconf 89' lang='lat' dir='ltr'>appellatum</span> <span class='ocrx_word' id='word_1_345' title='bbox 1514 4433 1622 4499; x_wconf 90' lang='lat' dir='ltr'>est,</span> <span class='ocrx_word' id='word_1_346' title='bbox 1646 4429 1785 4502; x_wconf 88' lang='lat' dir='ltr'>quia</span> <span class='ocrx_word' id='word_1_347' title='bbox 1807 4430 2050 4485; x_wconf 90' lang='lat' dir='ltr'>moritu-</span> 
     </span>
    </p>
   </div>
   <div class='ocr_carea' id='block_1_48' title="bbox 347 4518 2050 4595">
    <p class='ocr_par' dir='ltr' id='par_1_48' title="bbox 347 4518 2050 4595">
     <span class='ocr_line' id='line_1_48' title="bbox 347 4518 2050 4595; baseline -0.004 -16"><span class='ocrx_word' id='word_1_348' title='bbox 347 4542 449 4579; x_wconf 90' lang='lat' dir='ltr'>rus</span> <span class='ocrx_word' id='word_1_349' title='bbox 480 4528 601 4580; x_wconf 71' lang='lat' dir='ltr'>hanc</span> <span class='ocrx_word' id='word_1_350' title='bbox 636 4523 1001 4595; x_wconf 87' lang='lat' dir='ltr'>loquebatur.</span> <span class='ocrx_word' id='word_1_351' title='bbox 1056 4521 1153 4577; x_wconf 87' lang='lat' dir='ltr'>lllo</span> <span class='ocrx_word' id='word_1_352' title='bbox 1185 4520 1662 4592; x_wconf 82' lang='lat' dir='ltr'>congregabuntur</span> <span class='ocrx_word' id='word_1_353' title='bbox 1699 4518 1929 4590; x_wconf 63' lang='lat' dir='ltr'>aquilae,</span> <span class='ocrx_word' id='word_1_354' title='bbox 1961 4519 2050 4574; x_wconf 89' lang='lat' dir='ltr'>di-</span> 
     </span>
    </p>
   </div>
   <div class='ocr_carea' id='block_1_49' title="bbox 350 4607 2050 4684">
    <p class='ocr_par' dir='ltr' id='par_1_49' title="bbox 350 4607 2050 4684">
     <span class='ocr_line' id='line_1_49' title="bbox 350 4607 2050 4684; baseline -0.002 -16"><span class='ocrx_word' id='word_1_355' title='bbox 350 4618 507 4669; x_wconf 89' lang='lat' dir='ltr'>ctum</span> <span class='ocrx_word' id='word_1_356' title='bbox 521 4612 685 4667; x_wconf 87' lang='lat' dir='ltr'>estde</span> <span class='ocrx_word' id='word_1_357' title='bbox 705 4611 1131 4684; x_wconf 89' lang='lat' dir='ltr'>spiritualibus,</span> <span class='ocrx_word' id='word_1_358' title='bbox 1148 4610 1247 4683; x_wconf 89' lang='lat' dir='ltr'>qui</span> <span class='ocrx_word' id='word_1_359' title='bbox 1262 4610 1389 4680; x_wconf 83' lang='lat' dir='ltr'>ejus</span> <span class='ocrx_word' id='word_1_360' title='bbox 1406 4611 1733 4681; x_wconf 87' lang='lat' dir='ltr'>passionem</span> <span class='ocrx_word' id='word_1_361' title='bbox 1751 4607 2050 4665; x_wconf 85' lang='lat' dir='ltr'>humilita-</span> 
     </span>
    </p>
   </div>
   <div class='ocr_carea' id='block_1_50' title="bbox 350 4698 2050 4772">
    <p class='ocr_par' dir='ltr' id='par_1_50' title="bbox 350 4698 2050 4772">
     <span class='ocr_line' id='line_1_50' title="bbox 350 4698 2050 4772; baseline -0.002 -16"><span class='ocrx_word' id='word_1_362' title='bbox 350 4706 587 4772; x_wconf 88' lang='lat' dir='ltr'>temque</span> <span class='ocrx_word' id='word_1_363' title='bbox 616 4700 918 4769; x_wconf 90' lang='lat' dir='ltr'>imitando,</span> <span class='ocrx_word' id='word_1_364' title='bbox 942 4703 1220 4770; x_wconf 89' lang='lat' dir='ltr'>tanquam</span> <span class='ocrx_word' id='word_1_365' title='bbox 1255 4698 1324 4754; x_wconf 90' lang='lat' dir='ltr'>de</span> <span class='ocrx_word' id='word_1_366' title='bbox 1364 4700 1487 4769; x_wconf 73' lang='lat' dir='ltr'>ejus</span> <span class='ocrx_word' id='word_1_367' title='bbox 1518 4713 1758 4769; x_wconf 91' lang='lat' dir='ltr'>corpore</span> <span class='ocrx_word' id='word_1_368' title='bbox 1787 4701 2050 4753; x_wconf 87' lang='lat' dir='ltr'>saturan-</span> 
     </span>
    </p>
   </div>
   <div class='ocr_carea' id='block_1_51' title="bbox 352 4787 2054 4861">
    <p class='ocr_par' dir='ltr' id='par_1_51' title="bbox 352 4787 2054 4861">
     <span class='ocr_line' id='line_1_51' title="bbox 352 4787 2054 4861; baseline -0.002 -14"><span class='ocrx_word' id='word_1_369' title='bbox 352 4797 467 4848; x_wconf 87' lang='lat' dir='ltr'>tur.</span> <span class='ocrx_word' id='word_1_370' title='bbox 500 4790 721 4861; x_wconf 88' lang='lat' dir='ltr'>Corpus</span> <span class='ocrx_word' id='word_1_371' title='bbox 745 4790 897 4845; x_wconf 90' lang='lat' dir='ltr'>enim</span> <span class='ocrx_word' id='word_1_372' title='bbox 924 4793 1155 4861; x_wconf 86' lang='lat' dir='ltr'>propter</span> <span class='ocrx_word' id='word_1_373' title='bbox 1184 4788 1575 4844; x_wconf 88' lang='lat' dir='ltr'>humilitatem</span> <span class='ocrx_word' id='word_1_374' title='bbox 1608 4804 1709 4859; x_wconf 91' lang='lat' dir='ltr'>pro</span> <span class='ocrx_word' id='word_1_375' title='bbox 1744 4787 1908 4844; x_wconf 84' lang='lat' dir='ltr'>nobis</span> <span class='ocrx_word' id='word_1_376' title='bbox 1935 4804 2054 4859; x_wconf 27' lang='lat' dir='ltr'>pass</span> 
     </span>
    </p>
   </div>
   <div class='ocr_carea' id='block_1_52' title="bbox 353 4878 994 4953">
    <p class='ocr_par' dir='ltr' id='par_1_52' title="bbox 353 4878 994 4953">
     <span class='ocr_line' id='line_1_52' title="bbox 353 4878 994 4953; baseline -0.006 -15"><span class='ocrx_word' id='word_1_377' title='bbox 353 4883 695 4953; x_wconf 87' lang='lat' dir='ltr'>sionemque</span> <span class='ocrx_word' id='word_1_378' title='bbox 718 4878 994 4949; x_wconf 86' lang='lat' dir='ltr'>suscepit.</span> 
     </span>
    </p>
   </div>
   <div class='ocr_carea' id='block_1_53' title="bbox 424 4969 2060 5046">
    <p class='ocr_par' dir='ltr' id='par_1_53' title="bbox 424 4969 2060 5046">
     <span class='ocr_line' id='line_1_53' title="bbox 424 4969 2060 5046; baseline -0.002 -18"><span class='ocrx_word' id='word_1_379' title='bbox 424 4974 616 5029; x_wconf 80' lang='lat' dir='ltr'><strong>XLIII.</strong></span> <span class='ocrx_word' id='word_1_380' title='bbox 643 4973 749 5046; x_wconf 81' lang='grc' dir='ltr'>[Ιῦ.</span> <span class='ocrx_word' id='word_1_381' title='bbox 773 4986 926 5036; x_wconf 81' lang='lat' dir='ltr'>xxvr,</span> <span class='ocrx_word' id='word_1_382' title='bbox 955 4970 1076 5042; x_wconf 84' lang='lat'>29.]</span> <span class='ocrx_word' id='word_1_383' title='bbox 1101 4971 1260 5037; x_wconf 92' lang='lat' dir='ltr'>Quod</span> <span class='ocrx_word' id='word_1_384' title='bbox 1296 4969 1579 5028; x_wconf 91' lang='lat' dir='ltr'>Dominus</span> <span class='ocrx_word' id='word_1_385' title='bbox 1608 4970 1749 5026; x_wconf 90' lang='lat' dir='ltr'>dicit</span> <span class='ocrx_word' id='word_1_386' title='bbox 1779 4969 1890 5026; x_wconf 89' lang='lat' dir='ltr'>sub</span> <span class='ocrx_word' id='word_1_387' title='bbox 1918 4971 2060 5025; x_wconf 82' lang='lat' dir='ltr'>tem-</span> 
     </span>
    </p>
   </div>
   <div class='ocr_carea' id='block_1_54' title="bbox 358 5058 2061 5137">
    <p class='ocr_par' dir='ltr' id='par_1_54' title="bbox 358 5058 2061 5137">
     <span class='ocr_line' id='line_1_54' title="bbox 358 5058 2061 5137; baseline -0.003 -18"><span class='ocrx_word' id='word_1_388' title='bbox 358 5082 467 5135; x_wconf 90' lang='lat' dir='ltr'>pus</span> <span class='ocrx_word' id='word_1_389' title='bbox 515 5062 802 5137; x_wconf 87' lang='lat' dir='ltr'>passionis</span> <span class='ocrx_word' id='word_1_390' title='bbox 852 5058 1185 5132; x_wconf 86' lang='lat' dir='ltr'>discipulis,</span> <span class='ocrx_word' id='word_1_391' title='bbox 1234 5061 1349 5116; x_wconf 83' lang='lat' dir='ltr'>Non</span> <span class='ocrx_word' id='word_1_392' title='bbox 1401 5060 1583 5117; x_wconf 84' lang='lat' dir='ltr'>bibam</span> <span class='ocrx_word' id='word_1_393' title='bbox 1614 5059 1809 5116; x_wconf 84' lang='lat' dir='ltr'>amodo</span> <span class='ocrx_word' id='word_1_394' title='bbox 1865 5059 1937 5114; x_wconf 84' lang='lat' dir='ltr'>de</span> <span class='ocrx_word' id='word_1_395' title='bbox 1963 5058 2061 5114; x_wconf 80' lang='lat' dir='ltr'>hoc</span> 
     </span>
    </p>
   </div>
   <div class='ocr_carea' id='block_1_55' title="bbox 355 5145 2062 5221">
    <p class='ocr_par' dir='ltr' id='par_1_55' title="bbox 355 5145 2062 5221">
     <span class='ocr_line' id='line_1_55' title="bbox 355 5145 2062 5221; baseline -0.004 -15"><span class='ocrx_word' id='word_1_396' title='bbox 355 5154 634 5221; x_wconf 83' lang='lat' dir='ltr'>geniminc</span> <span class='ocrx_word' id='word_1_397' title='bbox 666 5152 816 5221; x_wconf 80' lang='lat' dir='ltr'>vilis,</span> <span class='ocrx_word' id='word_1_398' title='bbox 847 5164 1017 5221; x_wconf 85' lang='lat' dir='ltr'>usque</span> <span class='ocrx_word' id='word_1_399' title='bbox 1046 5149 1104 5202; x_wconf 88' lang='lat' dir='ltr'>in</span> <span class='ocrx_word' id='word_1_400' title='bbox 1132 5148 1282 5203; x_wconf 81' lang='lat' dir='ltr'>diem</span> <span class='ocrx_word' id='word_1_401' title='bbox 1322 5148 1504 5217; x_wconf 84' lang='lat' dir='ltr'>illum,</span> <span class='ocrx_word' id='word_1_402' title='bbox 1536 5165 1659 5203; x_wconf 86' lang='lat' dir='ltr'>cum</span> <span class='ocrx_word' id='word_1_403' title='bbox 1691 5145 1840 5202; x_wconf 85' lang='lat' dir='ltr'>illud</span> <span class='ocrx_word' id='word_1_404' title='bbox 1880 5145 2062 5200; x_wconf 87' lang='lat' dir='ltr'>bibam</span> 
     </span>
    </p>
   </div>
   <div class='ocr_carea' id='block_1_56' title="bbox 357 5234 2061 5310">
    <p class='ocr_par' dir='ltr' id='par_1_56' title="bbox 357 5234 2061 5310">
     <span class='ocr_line' id='line_1_56' title="bbox 357 5234 2061 5310; baseline -0.002 -17"><span class='ocrx_word' id='word_1_405' title='bbox 357 5240 635 5295; x_wconf 76' lang='lat' dir='ltr'>vobiscum</span> <span class='ocrx_word' id='word_1_406' title='bbox 664 5257 860 5297; x_wconf 85' lang='lat' dir='ltr'>novum</span> <span class='ocrx_word' id='word_1_407' title='bbox 893 5242 951 5295; x_wconf 90' lang='lat' dir='ltr'>in</span> <span class='ocrx_word' id='word_1_408' title='bbox 977 5256 1142 5310; x_wconf 80' lang='lat' dir='ltr'>regno</span> <span class='ocrx_word' id='word_1_409' title='bbox 1170 5237 1357 5293; x_wconf 85' lang='lat' dir='ltr'>Patris</span> <span class='ocrx_word' id='word_1_410' title='bbox 1384 5239 1512 5307; x_wconf 86' lang='lat' dir='ltr'>mei,</span> <span class='ocrx_word' id='word_1_411' title='bbox 1537 5237 1660 5293; x_wconf 87' lang='lat' dir='ltr'>vult</span> <span class='ocrx_word' id='word_1_412' title='bbox 1681 5234 1929 5307; x_wconf 86' lang='lat' dir='ltr'>intelligi</span> <span class='ocrx_word' id='word_1_413' title='bbox 1952 5235 2061 5290; x_wconf 89' lang='lat' dir='ltr'>hoc</span> 
     </span>
    </p>
   </div>
   <div class='ocr_carea' id='block_1_57' title="bbox 358 5325 2064 5399">
    <p class='ocr_par' dir='ltr' id='par_1_57' title="bbox 358 5325 2064 5399">
     <span class='ocr_line' id='line_1_57' title="bbox 358 5325 2064 5399; baseline -0.002 -16"><span class='ocrx_word' id='word_1_414' title='bbox 358 5332 523 5383; x_wconf 87' lang='lat' dir='ltr'>vetus</span> <span class='ocrx_word' id='word_1_415' title='bbox 556 5343 701 5399; x_wconf 89' lang='lat' dir='ltr'>esse,</span> <span class='ocrx_word' id='word_1_416' title='bbox 733 5346 864 5386; x_wconf 88' lang='lat' dir='ltr'>cum</span> <span class='ocrx_word' id='word_1_417' title='bbox 900 5331 1042 5387; x_wconf 85' lang='lat' dir='ltr'>illud</span> <span class='ocrx_word' id='word_1_418' title='bbox 1077 5345 1290 5387; x_wconf 82' lang='lat' dir='ltr'>novum</span> <span class='ocrx_word' id='word_1_419' title='bbox 1315 5327 1475 5384; x_wconf 89' lang='lat' dir='ltr'>dicit.</span> <span class='ocrx_word' id='word_1_420' title='bbox 1511 5327 1658 5391; x_wconf 89' lang='lat' dir='ltr'>Quia</span> <span class='ocrx_word' id='word_1_421' title='bbox 1674 5342 1807 5396; x_wconf 88' lang='lat' dir='ltr'>ergo</span> <span class='ocrx_word' id='word_1_422' title='bbox 1839 5325 1910 5380; x_wconf 88' lang='lat' dir='ltr'>de</span> <span class='ocrx_word' id='word_1_423' title='bbox 1932 5341 2064 5396; x_wconf 89' lang='lat' dir='ltr'>pro-</span> 
     </span>
    </p>
   </div>
   <div class='ocr_carea' id='block_1_58' title="bbox 430 5570 2066 5644">
    <p class='ocr_par' dir='ltr' id='par_1_58' title="bbox 430 5570 2066 5644">
     <span class='ocr_line' id='line_1_58' title="bbox 430 5570 2066 5644; baseline -0.001 -23"><span class='ocrx_word' id='word_1_424' title='bbox 430 5575 445 5609; x_wconf 75' lang='grc'><strong>1</strong></span> <span class='ocrx_word' id='word_1_425' title='bbox 480 5571 651 5644; x_wconf 67' lang='grc' dir='ltr'>ξίἀίιίο</span> <span class='ocrx_word' id='word_1_426' title='bbox 665 5572 799 5635; x_wconf 81' lang='grc' dir='ltr'>Λιη.,</span> <span class='ocrx_word' id='word_1_427' title='bbox 814 5573 983 5623; x_wconf 70' lang='grc' dir='ltr'>εεξῑίω</span> <span class='ocrx_word' id='word_1_428' title='bbox 1000 5570 1265 5644; x_wconf 72' lang='lat' dir='ltr'>quinieos,</span> <span class='ocrx_word' id='word_1_429' title='bbox 1283 5579 1382 5644; x_wconf 59' lang='lat' dir='ltr'>etc:</span> <span class='ocrx_word' id='word_1_430' title='bbox 1397 5574 1480 5624; x_wconf 91' lang='lat' dir='ltr'>Slc</span> <span class='ocrx_word' id='word_1_431' title='bbox 1497 5575 1656 5625; x_wconf 91' lang='lat' dir='ltr'>etiam</span> <span class='ocrx_word' id='word_1_432' title='bbox 1682 5572 1923 5644; x_wconf 76' lang='lat' dir='ltr'>plerique</span> <span class='ocrx_word' id='word_1_433' title='bbox 1941 5571 2066 5644; x_wconf 59' lang='lat' dir='ltr'>Mss:</span> 
     </span>
    </p>
   </div>
   <div class='ocr_carea' id='block_1_59' title="bbox 366 5634 2068 5711">
    <p class='ocr_par' dir='ltr' id='par_1_59' title="bbox 366 5634 2068 5711">
     <span class='ocr_line' id='line_1_59' title="bbox 366 5634 2068 5711; baseline -0.005 -20"><span class='ocrx_word' id='word_1_434' title='bbox 366 5636 659 5711; x_wconf 43' lang='lat' dir='ltr'>apud‘quos.</span> <span class='ocrx_word' id='word_1_435' title='bbox 679 5634 889 5711; x_wconf 69' lang='lat' dir='ltr'>rursum</span> <span class='ocrx_word' id='word_1_436' title='bbox 914 5634 1072 5709; x_wconf 72' lang='lat' dir='ltr'>paulo</span> <span class='ocrx_word' id='word_1_437' title='bbox 1094 5636 1230 5710; x_wconf 74' lang='lat' dir='ltr'>intra</span> <span class='ocrx_word' id='word_1_438' title='bbox 1252 5634 1575 5709; x_wconf 73' lang='lat' dir='ltr'>legebamus,</span> <span class='ocrx_word' id='word_1_439' title='bbox 1595 5634 1923 5711; x_wconf 67' lang='lat' dir='ltr'>seriesquini</span> <span class='ocrx_word' id='word_1_440' title='bbox 1939 5648 1959 5697; x_wconf 87' lang='lat'><strong><em>;</em></strong></span> <span class='ocrx_word' id='word_1_441' title='bbox 1978 5634 2068 5685; x_wconf 90' lang='lat' dir='ltr'>ubi</span> 
     </span>
    </p>
   </div>
   <div class='ocr_carea' id='block_1_60' title="bbox 367 5697 1800 5762">
    <p class='ocr_par' dir='ltr' id='par_1_60' title="bbox 367 5697 1800 5762">
     <span class='ocr_line' id='line_1_60' title="bbox 367 5697 1800 5762; baseline -0.003 -10"><span class='ocrx_word' id='word_1_442' title='bbox 367 5697 419 5752; x_wconf 76' lang='lat' dir='ltr'>in</span> <span class='ocrx_word' id='word_1_443' title='bbox 453 5697 609 5750; x_wconf 76' lang='lat' dir='ltr'>editis</span> <span class='ocrx_word' id='word_1_444' title='bbox 646 5697 890 5756; x_wconf 84' lang='lat' dir='ltr'>habetur,</span> <span class='ocrx_word' id='word_1_445' title='bbox 917 5697 1079 5749; x_wconf 71' lang='lat' dir='ltr'>sexies</span> <span class='ocrx_word' id='word_1_446' title='bbox 1110 5697 1331 5762; x_wconf 75' lang='lat' dir='ltr'>quinque</span> <span class='ocrx_word' id='word_1_447' title='bbox 1354 5700 1677 5762; x_wconf 76' lang='lat' dir='ltr'>impressam,</span> <span class='ocrx_word' id='word_1_448' title='bbox 1703 5697 1800 5748; x_wconf 80' lang='lat' dir='ltr'>etc.</span> 
     </span>
    </p>
   </div>
   <div class='ocr_carea' id='block_1_61' title="bbox 1146 255 2951 342">
    <p class='ocr_par' dir='ltr' id='par_1_61' title="bbox 1146 255 2951 342">
     <span class='ocr_line' id='line_1_61' title="bbox 1146 255 2951 342; baseline -0.011 -9"><span class='ocrx_word' id='word_1_449' title='bbox 1146 265 1679 342; x_wconf 65' lang='lat' dir='ltr'>QUAESTIONUM</span> <span class='ocrx_word' id='word_1_450' title='bbox 1723 259 2361 327; x_wconf 76' lang='lat' dir='ltr'><strong>EVANGELIORUM.</strong></span> <span class='ocrx_word' id='word_1_451' title='bbox 2411 260 2479 323; x_wconf 89' lang='lat' dir='ltr'>S.</span> <span class='ocrx_word' id='word_1_452' title='bbox 2525 255 2951 321; x_wconf 83' lang='lat' dir='ltr'><strong>AUGUSTINI</strong></span> 
     </span>
    </p>
   </div>
   <div class='ocr_carea' id='block_1_62' title="bbox 3656 241 3811 305">
    <p class='ocr_par' dir='ltr' id='par_1_62' title="bbox 3656 241 3811 305">
     <span class='ocr_line' id='line_1_62' title="bbox 3656 241 3811 305; baseline -0.019 0"><span class='ocrx_word' id='word_1_453' title='bbox 3656 241 3811 305; x_wconf 69' lang='lat' dir='ltr'>I332</span> 
     </span>
    </p>
   </div>
   <div class='ocr_carea' id='block_1_63' title="bbox 2107 387 3813 470">
    <p class='ocr_par' dir='ltr' id='par_1_63' title="bbox 2107 387 3813 470">
     <span class='ocr_line' id='line_1_63' title="bbox 2107 387 3813 470; baseline -0.009 -19"><span class='ocrx_word' id='word_1_454' title='bbox 2107 413 2313 470; x_wconf 77' lang='lat' dir='ltr'>pagina</span> <span class='ocrx_word' id='word_1_455' title='bbox 2364 398 2572 467; x_wconf 78' lang='lat' dir='ltr'>Adam,</span> <span class='ocrx_word' id='word_1_456' title='bbox 2616 398 2716 467; x_wconf 89' lang='lat' dir='ltr'>qui</span> <span class='ocrx_word' id='word_1_457' title='bbox 2760 398 2926 449; x_wconf 89' lang='lat' dir='ltr'>vetus</span> <span class='ocrx_word' id='word_1_458' title='bbox 2976 392 3150 447; x_wconf 90' lang='lat' dir='ltr'>homo</span> <span class='ocrx_word' id='word_1_459' title='bbox 3197 387 3545 459; x_wconf 76' lang='lat' dir='ltr'>appellatur,</span> <span class='ocrx_word' id='word_1_460' title='bbox 3597 397 3813 453; x_wconf 84' lang='lat' dir='ltr'>corpus</span> 
     </span>
    </p>
   </div>
   <div class='ocr_carea' id='block_1_64' title="bbox 2105 472 3813 558">
    <p class='ocr_par' dir='ltr' id='par_1_64' title="bbox 2105 472 3813 558">
     <span class='ocr_line' id='line_1_64' title="bbox 2105 472 3813 558; baseline -0.012 -13"><span class='ocrx_word' id='word_1_461' title='bbox 2105 492 2461 558; x_wconf 88' lang='lat' dir='ltr'>susceperat,</span> <span class='ocrx_word' id='word_1_462' title='bbox 2494 486 2648 558; x_wconf 91' lang='lat' dir='ltr'>quod</span> <span class='ocrx_word' id='word_1_463' title='bbox 2691 485 2749 541; x_wconf 92' lang='lat' dir='ltr'>in</span> <span class='ocrx_word' id='word_1_464' title='bbox 2778 482 3048 557; x_wconf 87' lang='lat' dir='ltr'>passione</span> <span class='ocrx_word' id='word_1_465' title='bbox 3091 478 3263 535; x_wconf 89' lang='lat' dir='ltr'>morti</span> <span class='ocrx_word' id='word_1_466' title='bbox 3314 475 3637 532; x_wconf 86' lang='lat' dir='ltr'>traditurus</span> <span class='ocrx_word' id='word_1_467' title='bbox 3687 472 3813 527; x_wconf 83' lang='lat' dir='ltr'>erat</span> 
     </span>
    </p>
   </div>
   <div class='ocr_carea' id='block_1_65' title="bbox 2105 563 3808 648">
    <p class='ocr_par' dir='ltr' id='par_1_65' title="bbox 2105 563 3808 648">
     <span class='ocr_line' id='line_1_65' title="bbox 2105 563 3808 648; baseline -0.011 -16"><span class='ocrx_word' id='word_1_468' title='bbox 2105 577 2286 648; x_wconf 89' lang='lat' dir='ltr'>(unde</span> <span class='ocrx_word' id='word_1_469' title='bbox 2312 576 2482 633; x_wconf 90' lang='lat' dir='ltr'>etiam</span> <span class='ocrx_word' id='word_1_470' title='bbox 2516 591 2618 648; x_wconf 90' lang='lat' dir='ltr'>per</span> <span class='ocrx_word' id='word_1_471' title='bbox 2645 573 2763 630; x_wconf 91' lang='lat' dir='ltr'>vini</span> <span class='ocrx_word' id='word_1_472' title='bbox 2805 572 3233 629; x_wconf 87' lang='lat' dir='ltr'>sacramentum</span> <span class='ocrx_word' id='word_1_473' title='bbox 3266 563 3639 624; x_wconf 88' lang='lat' dir='ltr'>commendat</span> <span class='ocrx_word' id='word_1_474' title='bbox 3668 574 3808 616; x_wconf 85' lang='lat' dir='ltr'>san-</span> 
     </span>
    </p>
   </div>
   <div class='ocr_carea' id='block_1_66' title="bbox 2108 651 3808 737">
    <p class='ocr_par' dir='ltr' id='par_1_66' title="bbox 2108 651 3808 737">
     <span class='ocr_line' id='line_1_66' title="bbox 2108 651 3808 737; baseline -0.011 -16"><span class='ocrx_word' id='word_1_475' title='bbox 2108 665 2345 737; x_wconf 89' lang='lat' dir='ltr'>guinem</span> <span class='ocrx_word' id='word_1_476' title='bbox 2361 664 2580 736; x_wconf 89' lang='lat' dir='ltr'>suum),</span> <span class='ocrx_word' id='word_1_477' title='bbox 2596 662 2735 736; x_wconf 91' lang='lat' dir='ltr'>quid</span> <span class='ocrx_word' id='word_1_478' title='bbox 2756 660 2913 718; x_wconf 90' lang='lat' dir='ltr'>aliud</span> <span class='ocrx_word' id='word_1_479' title='bbox 2928 673 3134 716; x_wconf 90' lang='lat' dir='ltr'>novum</span> <span class='ocrx_word' id='word_1_480' title='bbox 3154 655 3376 720; x_wconf 91' lang='lat' dir='ltr'>vinum,</span> <span class='ocrx_word' id='word_1_481' title='bbox 3391 652 3499 708; x_wconf 84' lang='lat' dir='ltr'>nisi</span> <span class='ocrx_word' id='word_1_482' title='bbox 3514 651 3808 706; x_wconf 90' lang='lat' dir='ltr'>immorta-</span> 
     </span>
    </p>
   </div>
   <div class='ocr_carea' id='block_1_67' title="bbox 2110 734 3803 822">
    <p class='ocr_par' dir='ltr' id='par_1_67' title="bbox 2110 734 3803 822">
     <span class='ocr_line' id='line_1_67' title="bbox 2110 734 3803 822; baseline -0.012 -12"><span class='ocrx_word' id='word_1_483' title='bbox 2110 754 2329 811; x_wconf 90' lang='lat' dir='ltr'>litatem</span> <span class='ocrx_word' id='word_1_484' title='bbox 2354 734 2753 811; x_wconf 72' lang='lat' dir='ltr'>renovaturum</span> <span class='ocrx_word' id='word_1_485' title='bbox 2786 764 3091 822; x_wconf 89' lang='lat' dir='ltr'>corporum</span> <span class='ocrx_word' id='word_1_486' title='bbox 3123 743 3444 815; x_wconf 83' lang='lat' dir='ltr'>intelligere</span> <span class='ocrx_word' id='word_1_487' title='bbox 3473 738 3755 797; x_wconf 87' lang='lat' dir='ltr'>debemus</span> <span class='ocrx_word' id='word_1_488' title='bbox 3775 734 3803 789; x_wconf 68' lang='grc' dir='ltr'><strong><em>τ</em></strong></span> 
     </span>
    </p>
   </div>
   <div class='ocr_carea' id='block_1_68' title="bbox 2111 830 3809 916">
    <p class='ocr_par' dir='ltr' id='par_1_68' title="bbox 2111 830 3809 916">
     <span class='ocr_line' id='line_1_68' title="bbox 2111 830 3809 916; baseline -0.011 -14"><span class='ocrx_word' id='word_1_489' title='bbox 2111 847 2266 916; x_wconf 90' lang='lat' dir='ltr'>quod</span> <span class='ocrx_word' id='word_1_490' title='bbox 2299 861 2431 903; x_wconf 91' lang='lat' dir='ltr'>cum</span> <span class='ocrx_word' id='word_1_491' title='bbox 2447 844 2605 913; x_wconf 90' lang='lat' dir='ltr'>dicit,</span> <span class='ocrx_word' id='word_1_492' title='bbox 2652 842 2931 898; x_wconf 73' lang='lat' dir='ltr'>Vobiscum</span> <span class='ocrx_word' id='word_1_493' title='bbox 2972 838 3172 905; x_wconf 82' lang='lat' dir='ltr'>bibam,</span> <span class='ocrx_word' id='word_1_494' title='bbox 3204 834 3380 892; x_wconf 90' lang='lat' dir='ltr'>etiam</span> <span class='ocrx_word' id='word_1_495' title='bbox 3429 830 3577 904; x_wconf 88' lang='lat' dir='ltr'>ipsis</span> <span class='ocrx_word' id='word_1_496' title='bbox 3609 844 3809 886; x_wconf 84' lang='lat' dir='ltr'>resur-</span> 
     </span>
    </p>
   </div>
   <div class='ocr_carea' id='block_1_69' title="bbox 2113 918 3812 1006">
    <p class='ocr_par' dir='ltr' id='par_1_69' title="bbox 2113 918 3812 1006">
     <span class='ocr_line' id='line_1_69' title="bbox 2113 918 3812 1006; baseline -0.013 -13"><span class='ocrx_word' id='word_1_497' title='bbox 2113 935 2425 992; x_wconf 88' lang='lat' dir='ltr'>rectionem</span> <span class='ocrx_word' id='word_1_498' title='bbox 2456 948 2767 1006; x_wconf 89' lang='lat' dir='ltr'>corporum</span> <span class='ocrx_word' id='word_1_499' title='bbox 2800 930 2872 987; x_wconf 90' lang='lat' dir='ltr'>ad</span> <span class='ocrx_word' id='word_1_500' title='bbox 2914 926 3272 985; x_wconf 79' lang='lat' dir='ltr'>induendum</span> <span class='ocrx_word' id='word_1_501' title='bbox 3305 918 3812 978; x_wconf 87' lang='lat' dir='ltr'>immortalitatem</span> 
     </span>
    </p>
   </div>
   <div class='ocr_carea' id='block_1_70' title="bbox 2112 1006 3818 1096">
    <p class='ocr_par' dir='ltr' id='par_1_70' title="bbox 2112 1006 3818 1096">
     <span class='ocr_line' id='line_1_70' title="bbox 2112 1006 3818 1096; baseline -0.012 -14"><span class='ocrx_word' id='word_1_502' title='bbox 2112 1025 2420 1096; x_wconf 89' lang='lat' dir='ltr'>promittit.</span> <span class='ocrx_word' id='word_1_503' title='bbox 2460 1021 2751 1080; x_wconf 75' lang='lat' dir='ltr'>Vobiscum</span> <span class='ocrx_word' id='word_1_504' title='bbox 2794 1019 2950 1076; x_wconf 90' lang='lat' dir='ltr'>enim</span> <span class='ocrx_word' id='word_1_505' title='bbox 2985 1032 3100 1075; x_wconf 91' lang='lat' dir='ltr'>non</span> <span class='ocrx_word' id='word_1_506' title='bbox 3141 1016 3208 1071; x_wconf 90' lang='lat' dir='ltr'>ad</span> <span class='ocrx_word' id='word_1_507' title='bbox 3242 1013 3397 1069; x_wconf 88' lang='lat' dir='ltr'>idem</span> <span class='ocrx_word' id='word_1_508' title='bbox 3427 1014 3685 1081; x_wconf 86' lang='lat' dir='ltr'>tempus,</span> <span class='ocrx_word' id='word_1_509' title='bbox 3717 1006 3818 1062; x_wconf 89' lang='lat' dir='ltr'>sed</span> 
     </span>
    </p>
   </div>
   <div class='ocr_carea' id='block_1_71' title="bbox 2112 1098 3817 1175">
    <p class='ocr_par' dir='ltr' id='par_1_71' title="bbox 2112 1098 3817 1175">
     <span class='ocr_line' id='line_1_71' title="bbox 2112 1098 3817 1175; baseline -0.013 0"><span class='ocrx_word' id='word_1_510' title='bbox 2112 1120 2179 1175; x_wconf 90' lang='lat' dir='ltr'>ad</span> <span class='ocrx_word' id='word_1_511' title='bbox 2225 1115 2492 1174; x_wconf 88' lang='lat' dir='ltr'>eamdem</span> <span class='ocrx_word' id='word_1_512' title='bbox 2541 1110 2979 1170; x_wconf 89' lang='lat' dir='ltr'>innovationem</span> <span class='ocrx_word' id='word_1_513' title='bbox 3010 1106 3231 1163; x_wconf 89' lang='lat' dir='ltr'>dictum</span> <span class='ocrx_word' id='word_1_514' title='bbox 3276 1098 3682 1173; x_wconf 91' lang='lat' dir='ltr'>accipiendum</span> <span class='ocrx_word' id='word_1_515' title='bbox 3708 1100 3817 1153; x_wconf 88' lang='lat' dir='ltr'>est.</span> 
     </span>
    </p>
   </div>
   <div class='ocr_carea' id='block_1_72' title="bbox 2114 1186 3817 1274">
    <p class='ocr_par' dir='ltr' id='par_1_72' title="bbox 2114 1186 3817 1274">
     <span class='ocr_line' id='line_1_72' title="bbox 2114 1186 3817 1274; baseline -0.014 -10"><span class='ocrx_word' id='word_1_516' title='bbox 2114 1214 2258 1264; x_wconf 90' lang='lat' dir='ltr'>Nam</span> <span class='ocrx_word' id='word_1_517' title='bbox 2289 1211 2347 1262; x_wconf 89' lang='lat' dir='ltr'>et</span> <span class='ocrx_word' id='word_1_518' title='bbox 2377 1221 2483 1261; x_wconf 90' lang='lat' dir='ltr'>nos</span> <span class='ocrx_word' id='word_1_519' title='bbox 2512 1203 2653 1259; x_wconf 89' lang='lat' dir='ltr'>dicit</span> <span class='ocrx_word' id='word_1_520' title='bbox 2680 1199 2991 1274; x_wconf 85' lang='lat' dir='ltr'>Apostolus</span> <span class='ocrx_word' id='word_1_521' title='bbox 3015 1192 3403 1254; x_wconf 82' lang='lat' dir='ltr'>resurrexisse</span> <span class='ocrx_word' id='word_1_522' title='bbox 3433 1204 3566 1246; x_wconf 91' lang='lat' dir='ltr'>cum</span> <span class='ocrx_word' id='word_1_523' title='bbox 3590 1186 3817 1243; x_wconf 88' lang='lat' dir='ltr'>Christo</span> 
     </span>
    </p>
   </div>
   <div class='ocr_carea' id='block_1_73' title="bbox 2118 1280 3811 1367">
    <p class='ocr_par' dir='ltr' id='par_1_73' title="bbox 2118 1280 3811 1367">
     <span class='ocr_line' id='line_1_73' title="bbox 2118 1280 3811 1367; baseline -0.015 -11"><span class='ocrx_word' id='word_1_524' title='bbox 2118 1300 2335 1363; x_wconf 83' lang='lat' dir='ltr'>(Coloss.</span> <span class='ocrx_word' id='word_1_525' title='bbox 2390 1314 2451 1364; x_wconf 84' lang='grc' dir='ltr'>ιι,</span> <span class='ocrx_word' id='word_1_526' title='bbox 2486 1295 2593 1367; x_wconf 84' lang='grc'>12),</span> <span class='ocrx_word' id='word_1_527' title='bbox 2628 1297 2693 1349; x_wconf 92' lang='lat' dir='ltr'>ut</span> <span class='ocrx_word' id='word_1_528' title='bbox 2731 1307 2865 1365; x_wconf 88' lang='lat' dir='ltr'>spes</span> <span class='ocrx_word' id='word_1_529' title='bbox 2915 1290 2998 1347; x_wconf 88' lang='lat' dir='ltr'>rei</span> <span class='ocrx_word' id='word_1_530' title='bbox 3052 1288 3261 1344; x_wconf 72' lang='lat' dir='ltr'>futuris</span> <span class='ocrx_word' id='word_1_531' title='bbox 3306 1283 3421 1355; x_wconf 81' lang='lat' dir='ltr'>iam</span> <span class='ocrx_word' id='word_1_532' title='bbox 3469 1280 3811 1367; x_wconf 67' lang='lat' dir='ltr'>presentem</span> 
     </span>
    </p>
   </div>
   <div class='ocr_carea' id='block_1_74' title="bbox 2117 1366 3816 1450">
    <p class='ocr_par' dir='ltr' id='par_1_74' title="bbox 2117 1366 3816 1450">
     <span class='ocr_line' id='line_1_74' title="bbox 2117 1366 3816 1450; baseline -0.015 -5"><span class='ocrx_word' id='word_1_533' title='bbox 2117 1388 2384 1446; x_wconf 81' lang='lat' dir='ltr'>laetitiam</span> <span class='ocrx_word' id='word_1_534' title='bbox 2433 1386 2654 1441; x_wconf 72' lang='lat' dir='ltr'>afferat.</span> <span class='ocrx_word' id='word_1_535' title='bbox 2679 1382 2839 1450; x_wconf 89' lang='lat' dir='ltr'>Quod</span> <span class='ocrx_word' id='word_1_536' title='bbox 2874 1384 3067 1437; x_wconf 89' lang='lat' dir='ltr'>autem</span> <span class='ocrx_word' id='word_1_537' title='bbox 3100 1377 3173 1433; x_wconf 88' lang='lat' dir='ltr'>de</span> <span class='ocrx_word' id='word_1_538' title='bbox 3222 1375 3333 1430; x_wconf 90' lang='lat' dir='ltr'>hoc</span> <span class='ocrx_word' id='word_1_539' title='bbox 3364 1369 3658 1443; x_wconf 83' lang='lat' dir='ltr'>genimine</span> <span class='ocrx_word' id='word_1_540' title='bbox 3685 1366 3816 1423; x_wconf 88' lang='lat' dir='ltr'>vitis</span> 
     </span>
    </p>
   </div>
   <div class='ocr_carea' id='block_1_75' title="bbox 2118 1459 3820 1540">
    <p class='ocr_par' dir='ltr' id='par_1_75' title="bbox 2118 1459 3820 1540">
     <span class='ocr_line' id='line_1_75' title="bbox 2118 1459 3820 1540; baseline -0.015 -3"><span class='ocrx_word' id='word_1_541' title='bbox 2118 1481 2289 1537; x_wconf 86' lang='lat' dir='ltr'>etiam</span> <span class='ocrx_word' id='word_1_542' title='bbox 2322 1477 2469 1534; x_wconf 90' lang='lat' dir='ltr'>illud</span> <span class='ocrx_word' id='word_1_543' title='bbox 2501 1491 2711 1532; x_wconf 79' lang='lat' dir='ltr'>novum</span> <span class='ocrx_word' id='word_1_544' title='bbox 2745 1488 2870 1530; x_wconf 90' lang='lat' dir='ltr'>esse</span> <span class='ocrx_word' id='word_1_545' title='bbox 2893 1470 3053 1540; x_wconf 89' lang='lat' dir='ltr'>dicit,</span> <span class='ocrx_word' id='word_1_546' title='bbox 3081 1466 3373 1540; x_wconf 86' lang='lat' dir='ltr'>significat</span> <span class='ocrx_word' id='word_1_547' title='bbox 3394 1462 3595 1520; x_wconf 89' lang='lat' dir='ltr'>eadem</span> <span class='ocrx_word' id='word_1_548' title='bbox 3618 1459 3820 1528; x_wconf 85' lang='lat' dir='ltr'>utique</span> 
     </span>
    </p>
   </div>
   <div class='ocr_carea' id='block_1_76' title="bbox 2120 1548 3818 1642">
    <p class='ocr_par' dir='ltr' id='par_1_76' title="bbox 2120 1548 3818 1642">
     <span class='ocr_line' id='line_1_76' title="bbox 2120 1548 3818 1642; baseline -0.015 -15"><span class='ocrx_word' id='word_1_549' title='bbox 2120 1585 2362 1642; x_wconf 89' lang='lat' dir='ltr'>corpora</span> <span class='ocrx_word' id='word_1_550' title='bbox 2392 1567 2785 1624; x_wconf 87' lang='lat' dir='ltr'>resurrectura</span> <span class='ocrx_word' id='word_1_551' title='bbox 2815 1560 3139 1619; x_wconf 88' lang='lat' dir='ltr'>secundum</span> <span class='ocrx_word' id='word_1_552' title='bbox 3171 1553 3605 1612; x_wconf 86' lang='lat' dir='ltr'>innovationem</span> <span class='ocrx_word' id='word_1_553' title='bbox 3644 1548 3818 1604; x_wconf 75' lang='lat' dir='ltr'>crete-</span> 
     </span>
    </p>
   </div>
   <div class='ocr_carea' id='block_1_77' title="bbox 2120 1635 3823 1730">
    <p class='ocr_par' dir='ltr' id='par_1_77' title="bbox 2120 1635 3823 1730">
     <span class='ocr_line' id='line_1_77' title="bbox 2120 1635 3823 1730; baseline -0.015 -14"><span class='ocrx_word' id='word_1_554' title='bbox 2120 1664 2291 1727; x_wconf 90' lang='lat' dir='ltr'>stem,</span> <span class='ocrx_word' id='word_1_555' title='bbox 2308 1673 2438 1730; x_wconf 68' lang='lat' dir='ltr'>quae</span> <span class='ocrx_word' id='word_1_556' title='bbox 2460 1671 2615 1712; x_wconf 90' lang='lat' dir='ltr'>nunc</span> <span class='ocrx_word' id='word_1_557' title='bbox 2637 1653 2957 1710; x_wconf 89' lang='lat' dir='ltr'>secundum</span> <span class='ocrx_word' id='word_1_558' title='bbox 2974 1654 3264 1707; x_wconf 89' lang='lat' dir='ltr'>terrenam</span> <span class='ocrx_word' id='word_1_559' title='bbox 3287 1644 3634 1701; x_wconf 88' lang='lat' dir='ltr'>vetustatem</span> <span class='ocrx_word' id='word_1_560' title='bbox 3656 1635 3823 1694; x_wconf 90' lang='lat' dir='ltr'>mori-</span> 
     </span>
    </p>
   </div>
   <div class='ocr_carea' id='block_1_78' title="bbox 2119 1729 3821 1809">
    <p class='ocr_par' dir='ltr' id='par_1_78' title="bbox 2119 1729 3821 1809">
     <span class='ocr_line' id='line_1_78' title="bbox 2119 1729 3821 1809; baseline -0.015 -3"><span class='ocrx_word' id='word_1_561' title='bbox 2119 1754 2247 1806; x_wconf 91' lang='lat' dir='ltr'>tura</span> <span class='ocrx_word' id='word_1_562' title='bbox 2264 1729 2422 1804; x_wconf 90' lang='lat' dir='ltr'>sunt.</span> <span class='ocrx_word' id='word_1_563' title='bbox 2446 1746 2506 1803; x_wconf 93' lang='lat' dir='ltr'>Si</span> <span class='ocrx_word' id='word_1_564' title='bbox 2528 1748 2722 1802; x_wconf 90' lang='lat' dir='ltr'>autem</span> <span class='ocrx_word' id='word_1_565' title='bbox 2738 1742 2915 1799; x_wconf 87' lang='lat' dir='ltr'>vitem</span> <span class='ocrx_word' id='word_1_566' title='bbox 2933 1740 3004 1797; x_wconf 90' lang='lat' dir='ltr'>de</span> <span class='ocrx_word' id='word_1_567' title='bbox 3021 1738 3191 1809; x_wconf 80' lang='lat' dir='ltr'>cujus</span> <span class='ocrx_word' id='word_1_568' title='bbox 3207 1735 3495 1792; x_wconf 88' lang='lat' dir='ltr'>vetustate</span> <span class='ocrx_word' id='word_1_569' title='bbox 3515 1729 3673 1785; x_wconf 85' lang='lat' dir='ltr'>hunc</span> <span class='ocrx_word' id='word_1_570' title='bbox 3690 1742 3821 1800; x_wconf 90' lang='lat' dir='ltr'>pas-</span> 
     </span>
    </p>
   </div>
   <div class='ocr_carea' id='block_1_79' title="bbox 2123 1814 3824 1904">
    <p class='ocr_par' dir='ltr' id='par_1_79' title="bbox 2123 1814 3824 1904">
     <span class='ocr_line' id='line_1_79' title="bbox 2123 1814 3824 1904; baseline -0.016 -9"><span class='ocrx_word' id='word_1_571' title='bbox 2123 1839 2305 1896; x_wconf 90' lang='lat' dir='ltr'>sionis</span> <span class='ocrx_word' id='word_1_572' title='bbox 2328 1836 2564 1893; x_wconf 88' lang='lat' dir='ltr'>calicem</span> <span class='ocrx_word' id='word_1_573' title='bbox 2587 1832 2930 1904; x_wconf 89' lang='lat' dir='ltr'>bibit,ipsos</span> <span class='ocrx_word' id='word_1_574' title='bbox 2951 1829 3186 1885; x_wconf 87' lang='lat' dir='ltr'>Judaeos</span> <span class='ocrx_word' id='word_1_575' title='bbox 3207 1819 3582 1880; x_wconf 79' lang='lat' dir='ltr'>intellexeris.</span> <span class='ocrx_word' id='word_1_576' title='bbox 3606 1814 3824 1888; x_wconf 78' lang='lat' dir='ltr'>signifi-</span> 
     </span>
    </p>
   </div>
   <div class='ocr_carea' id='block_1_80' title="bbox 2123 1904 3827 1995">
    <p class='ocr_par' dir='ltr' id='par_1_80' title="bbox 2123 1904 3827 1995">
     <span class='ocr_line' id='line_1_80' title="bbox 2123 1904 3827 1995; baseline -0.018 -8"><span class='ocrx_word' id='word_1_577' title='bbox 2123 1934 2319 1987; x_wconf 88' lang='lat' dir='ltr'>catum</span> <span class='ocrx_word' id='word_1_578' title='bbox 2344 1929 2433 1983; x_wconf 89' lang='lat' dir='ltr'>est</span> <span class='ocrx_word' id='word_1_579' title='bbox 2460 1925 2638 1981; x_wconf 86' lang='lat' dir='ltr'>etiam</span> <span class='ocrx_word' id='word_1_580' title='bbox 2662 1923 2852 1995; x_wconf 89' lang='lat' dir='ltr'>ipsam</span> <span class='ocrx_word' id='word_1_581' title='bbox 2876 1922 3099 1991; x_wconf 88' lang='lat' dir='ltr'>gentem</span> <span class='ocrx_word' id='word_1_582' title='bbox 3131 1915 3203 1972; x_wconf 91' lang='lat' dir='ltr'>ad</span> <span class='ocrx_word' id='word_1_583' title='bbox 3235 1927 3447 1984; x_wconf 88' lang='lat' dir='ltr'>corpus</span> <span class='ocrx_word' id='word_1_584' title='bbox 3476 1904 3692 1966; x_wconf 88' lang='lat' dir='ltr'>Christi</span> <span class='ocrx_word' id='word_1_585' title='bbox 3723 1919 3827 1995; x_wconf 83' lang='lat' dir='ltr'>per</span> 
     </span>
    </p>
   </div>
   <div class='ocr_carea' id='block_1_81' title="bbox 2126 1994 3827 2078">
    <p class='ocr_par' dir='ltr' id='par_1_81' title="bbox 2126 1994 3827 2078">
     <span class='ocr_line' id='line_1_81' title="bbox 2126 1994 3827 2078; baseline -0.018 -1"><span class='ocrx_word' id='word_1_586' title='bbox 2126 2018 2436 2078; x_wconf 89' lang='lat' dir='ltr'>novitatem</span> <span class='ocrx_word' id='word_1_587' title='bbox 2461 2014 2588 2071; x_wconf 69' lang='lat' dir='ltr'>vitas</span> <span class='ocrx_word' id='word_1_588' title='bbox 2603 1994 2991 2076; x_wconf 84' lang='lat' dir='ltr'>accessuram,</span> <span class='ocrx_word' id='word_1_589' title='bbox 3007 2021 3166 2075; x_wconf 90' lang='lat' dir='ltr'>cum,</span> <span class='ocrx_word' id='word_1_590' title='bbox 3181 2003 3443 2075; x_wconf 87' lang='lat' dir='ltr'>ingressa</span> <span class='ocrx_word' id='word_1_591' title='bbox 3464 1994 3827 2071; x_wconf 90' lang='lat' dir='ltr'>plenitudine</span> 
     </span>
    </p>
   </div>
   <div class='ocr_carea' id='block_1_82' title="bbox 2127 2086 3664 2174">
    <p class='ocr_par' dir='ltr' id='par_1_82' title="bbox 2127 2086 3664 2174">
     <span class='ocr_line' id='line_1_82' title="bbox 2127 2086 3664 2174; baseline -0.019 -6"><span class='ocrx_word' id='word_1_592' title='bbox 2127 2108 2418 2174; x_wconf 88' lang='lat' dir='ltr'>Gentium,</span> <span class='ocrx_word' id='word_1_593' title='bbox 2452 2102 2844 2161; x_wconf 84' lang='lat' dir='ltr'>omnislsrael</span> <span class='ocrx_word' id='word_1_594' title='bbox 2877 2099 3072 2156; x_wconf 90' lang='lat' dir='ltr'>salvus</span> <span class='ocrx_word' id='word_1_595' title='bbox 3095 2096 3197 2152; x_wconf 82' lang='lat' dir='ltr'>fiet</span> <span class='ocrx_word' id='word_1_596' title='bbox 3235 2093 3408 2165; x_wconf 81' lang='lat' dir='ltr'>(Item.</span> <span class='ocrx_word' id='word_1_597' title='bbox 3438 2105 3518 2155; x_wconf 73' lang='grc' dir='ltr'>ιι,</span> <span class='ocrx_word' id='word_1_598' title='bbox 3549 2086 3664 2158; x_wconf 84' lang='grc'>25).</span> 
     </span>
    </p>
   </div>
   <div class='ocr_carea' id='block_1_83' title="bbox 2196 2177 3827 2267">
    <p class='ocr_par' dir='ltr' id='par_1_83' title="bbox 2196 2177 3827 2267">
     <span class='ocr_line' id='line_1_83' title="bbox 2196 2177 3827 2267; baseline -0.018 -12"><span class='ocrx_word' id='word_1_599' title='bbox 2196 2197 2388 2255; x_wconf 88' lang='lat' dir='ltr'><strong>XLIV.</strong></span> <span class='ocrx_word' id='word_1_600' title='bbox 2423 2196 2530 2267; x_wconf 90' lang='lat' dir='ltr'>[Ib.</span> <span class='ocrx_word' id='word_1_601' title='bbox 2565 2210 2714 2260; x_wconf 76' lang='lat' dir='ltr'>xxvr,</span> <span class='ocrx_word' id='word_1_602' title='bbox 2749 2190 2864 2262; x_wconf 83' lang='lat'>67.]</span> <span class='ocrx_word' id='word_1_603' title='bbox 2897 2187 3059 2255; x_wconf 89' lang='lat' dir='ltr'>Quod</span> <span class='ocrx_word' id='word_1_604' title='bbox 3085 2185 3305 2241; x_wconf 87' lang='lat' dir='ltr'>dictum</span> <span class='ocrx_word' id='word_1_605' title='bbox 3338 2182 3448 2249; x_wconf 89' lang='lat' dir='ltr'>est,</span> <span class='ocrx_word' id='word_1_606' title='bbox 3480 2177 3827 2267; x_wconf 64' lang='lat' dir='ltr'>Exspuerunt</span> 
     </span>
    </p>
   </div>
   <div class='ocr_carea' id='block_1_84' title="bbox 2129 2263 3828 2361">
    <p class='ocr_par' dir='ltr' id='par_1_84' title="bbox 2129 2263 3828 2361">
     <span class='ocr_line' id='line_1_84' title="bbox 2129 2263 3828 2361; baseline -0.018 -14"><span class='ocrx_word' id='word_1_607' title='bbox 2129 2292 2188 2346; x_wconf 85' lang='lat' dir='ltr'>in</span> <span class='ocrx_word' id='word_1_608' title='bbox 2217 2289 2420 2361; x_wconf 81' lang='lat' dir='ltr'>faciem</span> <span class='ocrx_word' id='word_1_609' title='bbox 2446 2286 2585 2357; x_wconf 83' lang='lat' dir='ltr'>ejus,</span> <span class='ocrx_word' id='word_1_610' title='bbox 2634 2279 2975 2353; x_wconf 75' lang='lat' dir='ltr'>significavit</span> <span class='ocrx_word' id='word_1_611' title='bbox 3007 2294 3102 2334; x_wconf 89' lang='lat' dir='ltr'>eos</span> <span class='ocrx_word' id='word_1_612' title='bbox 3149 2273 3247 2347; x_wconf 89' lang='lat' dir='ltr'>qui</span> <span class='ocrx_word' id='word_1_613' title='bbox 3291 2271 3417 2342; x_wconf 86' lang='lat' dir='ltr'>ejus</span> <span class='ocrx_word' id='word_1_614' title='bbox 3462 2263 3828 2340; x_wconf 65' lang='lat' dir='ltr'>praesentiam</span> 
     </span>
    </p>
   </div>
   <div class='ocr_carea' id='block_1_85' title="bbox 2131 2354 3831 2450">
    <p class='ocr_par' dir='ltr' id='par_1_85' title="bbox 2131 2354 3831 2450">
     <span class='ocr_line' id='line_1_85' title="bbox 2131 2354 3831 2450; baseline -0.018 -14"><span class='ocrx_word' id='word_1_615' title='bbox 2131 2354 2322 2450; x_wconf 75' lang='lat' dir='ltr'>gratiis</span> <span class='ocrx_word' id='word_1_616' title='bbox 2346 2354 2646 2448; x_wconf 82' lang='lat' dir='ltr'>respuunt.</span> <span class='ocrx_word' id='word_1_617' title='bbox 2680 2372 2822 2427; x_wconf 88' lang='lat' dir='ltr'>Item</span> <span class='ocrx_word' id='word_1_618' title='bbox 2836 2373 3114 2440; x_wconf 90' lang='lat' dir='ltr'>tanquam</span> <span class='ocrx_word' id='word_1_619' title='bbox 3140 2360 3399 2450; x_wconf 85' lang='lat' dir='ltr'>colaphis</span> <span class='ocrx_word' id='word_1_620' title='bbox 3419 2354 3831 2450; x_wconf 38' lang='lat' dir='ltr'>eumcedu-nt,</span> 
     </span>
    </p>
   </div>
   <div class='ocr_carea' id='block_1_86' title="bbox 2132 2443 3832 2540">
    <p class='ocr_par' dir='ltr' id='par_1_86' title="bbox 2132 2443 3832 2540">
     <span class='ocr_line' id='line_1_86' title="bbox 2132 2443 3832 2540; baseline -0.017 -15"><span class='ocrx_word' id='word_1_621' title='bbox 2132 2468 2233 2540; x_wconf 90' lang='lat' dir='ltr'>qui</span> <span class='ocrx_word' id='word_1_622' title='bbox 2254 2443 2503 2523; x_wconf 80' lang='lat' dir='ltr'>honores</span> <span class='ocrx_word' id='word_1_623' title='bbox 2526 2478 2662 2519; x_wconf 87' lang='lat' dir='ltr'>suos</span> <span class='ocrx_word' id='word_1_624' title='bbox 2683 2460 2732 2518; x_wconf 89' lang='lat' dir='ltr'>ei</span> <span class='ocrx_word' id='word_1_625' title='bbox 2754 2458 3070 2532; x_wconf 68' lang='lat' dir='ltr'>praeferunt</span> <span class='ocrx_word' id='word_1_626' title='bbox 3093 2471 3105 2511; x_wconf 93' lang='lat'>:</span> <span class='ocrx_word' id='word_1_627' title='bbox 3131 2452 3357 2526; x_wconf 88' lang='lat' dir='ltr'>palmas</span> <span class='ocrx_word' id='word_1_628' title='bbox 3376 2448 3435 2505; x_wconf 89' lang='lat' dir='ltr'>in</span> <span class='ocrx_word' id='word_1_629' title='bbox 3471 2445 3677 2503; x_wconf 87' lang='lat' dir='ltr'>faciem</span> <span class='ocrx_word' id='word_1_630' title='bbox 3703 2443 3832 2513; x_wconf 88' lang='lat' dir='ltr'>ejus</span> 
     </span>
    </p>
   </div>
   <div class='ocr_carea' id='block_1_87' title="bbox 2133 2536 3830 2628">
    <p class='ocr_par' dir='ltr' id='par_1_87' title="bbox 2133 2536 3830 2628">
     <span class='ocr_line' id='line_1_87' title="bbox 2133 2536 3830 2628; baseline -0.015 -13"><span class='ocrx_word' id='word_1_631' title='bbox 2133 2536 2294 2625; x_wconf 87' lang='lat' dir='ltr'>dant,</span> <span class='ocrx_word' id='word_1_632' title='bbox 2328 2556 2425 2628; x_wconf 90' lang='lat' dir='ltr'>qui</span> <span class='ocrx_word' id='word_1_633' title='bbox 2457 2552 2694 2627; x_wconf 81' lang='lat' dir='ltr'>perﬁdia</span> <span class='ocrx_word' id='word_1_634' title='bbox 2725 2548 2920 2608; x_wconf 65' lang='lat' dir='ltr'>caecati</span> <span class='ocrx_word' id='word_1_635' title='bbox 2942 2562 3075 2605; x_wconf 89' lang='lat' dir='ltr'>eum</span> <span class='ocrx_word' id='word_1_636' title='bbox 3111 2560 3228 2602; x_wconf 90' lang='lat' dir='ltr'>non</span> <span class='ocrx_word' id='word_1_637' title='bbox 3258 2540 3481 2599; x_wconf 87' lang='lat' dir='ltr'>venisse</span> <span class='ocrx_word' id='word_1_638' title='bbox 3510 2536 3830 2628; x_wconf 86' lang='lat' dir='ltr'>affirmant,</span> 
     </span>
    </p>
   </div>
   <div class='ocr_carea' id='block_1_88' title="bbox 2132 2626 3833 2720">
    <p class='ocr_par' dir='ltr' id='par_1_88' title="bbox 2132 2626 3833 2720">
     <span class='ocr_line' id='line_1_88' title="bbox 2132 2626 3833 2720; baseline -0.016 -14"><span class='ocrx_word' id='word_1_639' title='bbox 2132 2626 2413 2720; x_wconf 83' lang='lat' dir='ltr'>tanquam</span> <span class='ocrx_word' id='word_1_640' title='bbox 2430 2626 2794 2718; x_wconf 60' lang='lat' dir='ltr'>praesentiam</span> <span class='ocrx_word' id='word_1_641' title='bbox 2808 2640 2935 2709; x_wconf 87' lang='lat' dir='ltr'>ejus</span> <span class='ocrx_word' id='word_1_642' title='bbox 2947 2634 3390 2694; x_wconf 88' lang='lat' dir='ltr'>exterminantes</span> <span class='ocrx_word' id='word_1_643' title='bbox 3402 2636 3453 2686; x_wconf 90' lang='lat' dir='ltr'>et</span> <span class='ocrx_word' id='word_1_644' title='bbox 3467 2626 3833 2701; x_wconf 82' lang='lat' dir='ltr'>repellentes.</span> 
     </span>
    </p>
   </div>
   <div class='ocr_carea' id='block_1_89' title="bbox 2204 2715 3838 2809">
    <p class='ocr_par' dir='ltr' id='par_1_89' title="bbox 2204 2715 3838 2809">
     <span class='ocr_line' id='line_1_89' title="bbox 2204 2715 3838 2809; baseline -0.014 -15"><span class='ocrx_word' id='word_1_645' title='bbox 2204 2715 2362 2793; x_wconf 81' lang='lat' dir='ltr'><strong>XLV.</strong></span> <span class='ocrx_word' id='word_1_646' title='bbox 2400 2715 2504 2809; x_wconf 83' lang='lat' dir='ltr'>[Ib.</span> <span class='ocrx_word' id='word_1_647' title='bbox 2537 2748 2690 2801; x_wconf 81' lang='lat' dir='ltr'>xxv1,</span> <span class='ocrx_word' id='word_1_648' title='bbox 2720 2728 2940 2802; x_wconf 73' lang='lat'>69-74.]</span> <span class='ocrx_word' id='word_1_649' title='bbox 2970 2727 3133 2792; x_wconf 87' lang='lat' dir='ltr'>Quod</span> <span class='ocrx_word' id='word_1_650' title='bbox 3163 2727 3372 2781; x_wconf 87' lang='lat' dir='ltr'>Petrus</span> <span class='ocrx_word' id='word_1_651' title='bbox 3411 2719 3662 2809; x_wconf 86' lang='lat' dir='ltr'>necdum</span> <span class='ocrx_word' id='word_1_652' title='bbox 3693 2715 3838 2809; x_wconf 76' lang='lat' dir='ltr'>soli-</span> 
     </span>
    </p>
   </div>
   <div class='ocr_carea' id='block_1_90' title="bbox 2136 2803 3840 2890">
    <p class='ocr_par' dir='ltr' id='par_1_90' title="bbox 2136 2803 3840 2890">
     <span class='ocr_line' id='line_1_90' title="bbox 2136 2803 3840 2890; baseline -0.015 -6"><span class='ocrx_word' id='word_1_653' title='bbox 2136 2828 2308 2883; x_wconf 89' lang='lat' dir='ltr'>datus</span> <span class='ocrx_word' id='word_1_654' title='bbox 2356 2803 2418 2881; x_wconf 81' lang='lat' dir='ltr'>in</span> <span class='ocrx_word' id='word_1_655' title='bbox 2464 2824 2598 2890; x_wconf 84' lang='lat' dir='ltr'>ﬁde,</span> <span class='ocrx_word' id='word_1_656' title='bbox 2659 2823 2837 2877; x_wconf 91' lang='lat' dir='ltr'>Deum</span> <span class='ocrx_word' id='word_1_657' title='bbox 2868 2822 2954 2874; x_wconf 90' lang='lat' dir='ltr'>ter</span> <span class='ocrx_word' id='word_1_658' title='bbox 2985 2814 3236 2887; x_wconf 88' lang='lat' dir='ltr'>negavit,</span> <span class='ocrx_word' id='word_1_659' title='bbox 3267 2810 3494 2867; x_wconf 89' lang='lat' dir='ltr'>videtur</span> <span class='ocrx_word' id='word_1_660' title='bbox 3527 2807 3656 2880; x_wconf 84' lang='lat' dir='ltr'>ipsa</span> <span class='ocrx_word' id='word_1_661' title='bbox 3687 2803 3840 2861; x_wconf 89' lang='lat' dir='ltr'>trina</span> 
     </span>
    </p>
   </div>
   <div class='ocr_carea' id='block_1_91' title="bbox 2137 2895 3842 2986">
    <p class='ocr_par' dir='ltr' id='par_1_91' title="bbox 2137 2895 3842 2986">
     <span class='ocr_line' id='line_1_91' title="bbox 2137 2895 3842 2986; baseline -0.013 -15"><span class='ocrx_word' id='word_1_662' title='bbox 2137 2916 2267 2986; x_wconf 87' lang='lat' dir='ltr'>ejus</span> <span class='ocrx_word' id='word_1_663' title='bbox 2280 2913 2511 2986; x_wconf 88' lang='lat' dir='ltr'>negatio</span> <span class='ocrx_word' id='word_1_664' title='bbox 2526 2925 2765 2984; x_wconf 89' lang='lat' dir='ltr'>pravum</span> <span class='ocrx_word' id='word_1_665' title='bbox 2788 2920 3039 2965; x_wconf 87' lang='lat' dir='ltr'>errorem</span> <span class='ocrx_word' id='word_1_666' title='bbox 3061 2901 3459 2960; x_wconf 72' lang='lat' dir='ltr'>hmreticorum</span> <span class='ocrx_word' id='word_1_667' title='bbox 3483 2895 3842 2967; x_wconf 89' lang='lat' dir='ltr'>designasse.</span> 
     </span>
    </p>
   </div>
   <div class='ocr_carea' id='block_1_92' title="bbox 2140 2982 3844 3061">
    <p class='ocr_par' dir='ltr' id='par_1_92' title="bbox 2140 2982 3844 3061">
     <span class='ocr_line' id='line_1_92' title="bbox 2140 2982 3844 3061; baseline -0.014 -1"><span class='ocrx_word' id='word_1_668' title='bbox 2140 2982 2280 3061; x_wconf 63' lang='lat' dir='ltr'>Nam</span> <span class='ocrx_word' id='word_1_669' title='bbox 2313 2982 2476 3059; x_wconf 64' lang='lat' dir='ltr'>error</span> <span class='ocrx_word' id='word_1_670' title='bbox 2523 2982 2933 3056; x_wconf 67' lang='lat' dir='ltr'>haereticorum</span> <span class='ocrx_word' id='word_1_671' title='bbox 2971 2996 3043 3050; x_wconf 90' lang='lat' dir='ltr'>de</span> <span class='ocrx_word' id='word_1_672' title='bbox 3074 2990 3298 3048; x_wconf 88' lang='lat' dir='ltr'>Christo</span> <span class='ocrx_word' id='word_1_673' title='bbox 3327 2988 3516 3045; x_wconf 89' lang='lat' dir='ltr'>tribus</span> <span class='ocrx_word' id='word_1_674' title='bbox 3540 2982 3844 3054; x_wconf 85' lang='lat' dir='ltr'>generibus</span> 
     </span>
    </p>
   </div>
   <div class='ocr_carea' id='block_1_93' title="bbox 2139 3073 3843 3152">
    <p class='ocr_par' dir='ltr' id='par_1_93' title="bbox 2139 3073 3843 3152">
     <span class='ocr_line' id='line_1_93' title="bbox 2139 3073 3843 3152; baseline -0.015 1"><span class='ocrx_word' id='word_1_675' title='bbox 2139 3095 2486 3152; x_wconf 88' lang='lat' dir='ltr'>terminatur</span> <span class='ocrx_word' id='word_1_676' title='bbox 2512 3109 2525 3148; x_wconf 87' lang='lat'><strong>:</strong></span> <span class='ocrx_word' id='word_1_677' title='bbox 2549 3098 2646 3147; x_wconf 88' lang='lat' dir='ltr'>aut</span> <span class='ocrx_word' id='word_1_678' title='bbox 2666 3090 2820 3146; x_wconf 89' lang='lat' dir='ltr'>enim</span> <span class='ocrx_word' id='word_1_679' title='bbox 2842 3088 2913 3144; x_wconf 89' lang='lat' dir='ltr'>de</span> <span class='ocrx_word' id='word_1_680' title='bbox 2936 3082 3236 3141; x_wconf 89' lang='lat' dir='ltr'>divinitate</span> <span class='ocrx_word' id='word_1_681' title='bbox 3258 3080 3524 3151; x_wconf 86' lang='lat' dir='ltr'>ejus,aut</span> <span class='ocrx_word' id='word_1_682' title='bbox 3543 3076 3614 3131; x_wconf 90' lang='lat' dir='ltr'>de</span> <span class='ocrx_word' id='word_1_683' title='bbox 3630 3073 3843 3129; x_wconf 87' lang='lat' dir='ltr'>huma-</span> 
     </span>
    </p>
   </div>
   <div class='ocr_carea' id='block_1_94' title="bbox 2140 3170 3238 3252">
    <p class='ocr_par' dir='ltr' id='par_1_94' title="bbox 2140 3170 3238 3252">
     <span class='ocr_line' id='line_1_94' title="bbox 2140 3170 3238 3252; baseline -0.015 -11"><span class='ocrx_word' id='word_1_684' title='bbox 2140 3185 2340 3252; x_wconf 85' lang='lat' dir='ltr'>nitate,</span> <span class='ocrx_word' id='word_1_685' title='bbox 2379 3189 2475 3239; x_wconf 85' lang='lat' dir='ltr'>aut</span> <span class='ocrx_word' id='word_1_686' title='bbox 2506 3182 2576 3236; x_wconf 89' lang='lat' dir='ltr'>de</span> <span class='ocrx_word' id='word_1_687' title='bbox 2606 3183 2853 3249; x_wconf 87' lang='lat' dir='ltr'>utroque</span> <span class='ocrx_word' id='word_1_688' title='bbox 2882 3173 3166 3231; x_wconf 86' lang='lat' dir='ltr'>falluntur</span> <span class='ocrx_word' id='word_1_689' title='bbox 3197 3170 3238 3225; x_wconf 76' lang='grc' dir='ltr'>ί.</span> 
     </span>
    </p>
   </div>
   <div class='ocr_carea' id='block_1_95' title="bbox 2208 3255 3843 3343">
    <p class='ocr_par' dir='ltr' id='par_1_95' title="bbox 2208 3255 3843 3343">
     <span class='ocr_line' id='line_1_95' title="bbox 2208 3255 3843 3343; baseline -0.015 -14"><span class='ocrx_word' id='word_1_690' title='bbox 2208 3272 2402 3329; x_wconf 82' lang='lat' dir='ltr'><strong>XLVI.</strong></span> <span class='ocrx_word' id='word_1_691' title='bbox 2443 3270 2547 3343; x_wconf 67' lang='grc' dir='ltr'>[ιδ.</span> <span class='ocrx_word' id='word_1_692' title='bbox 2592 3283 2745 3334; x_wconf 74' lang='lat' dir='ltr'>xxvi,</span> <span class='ocrx_word' id='word_1_693' title='bbox 2788 3265 2904 3335; x_wconf 80' lang='lat'>58.]</span> <span class='ocrx_word' id='word_1_694' title='bbox 2935 3261 3097 3327; x_wconf 90' lang='lat' dir='ltr'>Quod</span> <span class='ocrx_word' id='word_1_695' title='bbox 3131 3260 3200 3316; x_wconf 89' lang='lat' dir='ltr'>ad</span> <span class='ocrx_word' id='word_1_696' title='bbox 3236 3255 3564 3330; x_wconf 87' lang='lat' dir='ltr'>passionem</span> <span class='ocrx_word' id='word_1_697' title='bbox 3600 3256 3843 3343; x_wconf 81' lang='lat' dir='ltr'>euntem</span> 
     </span>
    </p>
   </div>
   <div class='ocr_carea' id='block_1_96' title="bbox 2142 3340 3853 3429">
    <p class='ocr_par' dir='ltr' id='par_1_96' title="bbox 2142 3340 3853 3429">
     <span class='ocr_line' id='line_1_96' title="bbox 2142 3340 3853 3429; baseline -0.012 -11"><span class='ocrx_word' id='word_1_698' title='bbox 2142 3340 2459 3419; x_wconf 81' lang='lat' dir='ltr'>Dominum</span> <span class='ocrx_word' id='word_1_699' title='bbox 2489 3376 2521 3415; x_wconf 90' lang='lat' dir='ltr'>a</span> <span class='ocrx_word' id='word_1_700' title='bbox 2552 3358 2722 3429; x_wconf 89' lang='lat' dir='ltr'>longe</span> <span class='ocrx_word' id='word_1_701' title='bbox 2755 3353 3113 3427; x_wconf 87' lang='lat' dir='ltr'>sequebatur</span> <span class='ocrx_word' id='word_1_702' title='bbox 3155 3350 3391 3413; x_wconf 81' lang='lat' dir='ltr'>Petrus,</span> <span class='ocrx_word' id='word_1_703' title='bbox 3425 3342 3718 3415; x_wconf 82' lang='lat' dir='ltr'>significat</span> <span class='ocrx_word' id='word_1_704' title='bbox 3742 3340 3853 3398; x_wconf 81' lang='lat' dir='ltr'>Ec-</span> 
     </span>
    </p>
   </div>
   <div class='ocr_carea' id='block_1_97' title="bbox 2142 3434 3853 3517">
    <p class='ocr_par' dir='ltr' id='par_1_97' title="bbox 2142 3434 3853 3517">
     <span class='ocr_line' id='line_1_97' title="bbox 2142 3434 3853 3517; baseline -0.015 -7"><span class='ocrx_word' id='word_1_705' title='bbox 2142 3451 2379 3510; x_wconf 78' lang='lat' dir='ltr'>clesium</span> <span class='ocrx_word' id='word_1_706' title='bbox 2401 3452 2738 3507; x_wconf 88' lang='lat' dir='ltr'>secuturam</span> <span class='ocrx_word' id='word_1_707' title='bbox 2767 3444 3023 3517; x_wconf 89' lang='lat' dir='ltr'>quidem,</span> <span class='ocrx_word' id='word_1_708' title='bbox 3057 3440 3165 3495; x_wconf 91' lang='lat' dir='ltr'>hoc</span> <span class='ocrx_word' id='word_1_709' title='bbox 3196 3439 3306 3502; x_wconf 87' lang='lat' dir='ltr'>est,</span> <span class='ocrx_word' id='word_1_710' title='bbox 3331 3434 3693 3491; x_wconf 87' lang='lat' dir='ltr'>imitaturam</span> <span class='ocrx_word' id='word_1_711' title='bbox 3716 3447 3853 3504; x_wconf 88' lang='lat' dir='ltr'>pas-</span> 
     </span>
    </p>
   </div>
   <div class='ocr_carea' id='block_1_98' title="bbox 2147 3520 3851 3604">
    <p class='ocr_par' dir='ltr' id='par_1_98' title="bbox 2147 3520 3851 3604">
     <span class='ocr_line' id='line_1_98' title="bbox 2147 3520 3851 3604; baseline -0.015 -5"><span class='ocrx_word' id='word_1_712' title='bbox 2147 3541 2366 3599; x_wconf 90' lang='lat' dir='ltr'>sionem</span> <span class='ocrx_word' id='word_1_713' title='bbox 2394 3536 2652 3602; x_wconf 90' lang='lat' dir='ltr'>Domini,</span> <span class='ocrx_word' id='word_1_714' title='bbox 2676 3534 2778 3592; x_wconf 89' lang='lat' dir='ltr'>sed</span> <span class='ocrx_word' id='word_1_715' title='bbox 2809 3532 2981 3604; x_wconf 86' lang='lat' dir='ltr'>longe</span> <span class='ocrx_word' id='word_1_716' title='bbox 3012 3528 3342 3585; x_wconf 76' lang='lat' dir='ltr'>ditlerenter</span> <span class='ocrx_word' id='word_1_717' title='bbox 3374 3541 3388 3581; x_wconf 92' lang='lat'><strong>:</strong></span> <span class='ocrx_word' id='word_1_718' title='bbox 3412 3520 3667 3581; x_wconf 85' lang='lat' dir='ltr'>Ecclesia</span> <span class='ocrx_word' id='word_1_719' title='bbox 3694 3520 3851 3577; x_wconf 90' lang='lat' dir='ltr'>enim</span> 
     </span>
    </p>
   </div>
   <div class='ocr_carea' id='block_1_99' title="bbox 2146 3616 3280 3703">
    <p class='ocr_par' dir='ltr' id='par_1_99' title="bbox 2146 3616 3280 3703">
     <span class='ocr_line' id='line_1_99' title="bbox 2146 3616 3280 3703; baseline -0.016 -15"><span class='ocrx_word' id='word_1_720' title='bbox 2146 3646 2248 3703; x_wconf 85' lang='lat' dir='ltr'>pro</span> <span class='ocrx_word' id='word_1_721' title='bbox 2282 3645 2343 3686; x_wconf 91' lang='lat' dir='ltr'>se</span> <span class='ocrx_word' id='word_1_722' title='bbox 2373 3627 2612 3700; x_wconf 88' lang='lat' dir='ltr'>patitur,</span> <span class='ocrx_word' id='word_1_723' title='bbox 2649 3627 2709 3679; x_wconf 88' lang='lat' dir='ltr'>at</span> <span class='ocrx_word' id='word_1_724' title='bbox 2736 3622 2835 3678; x_wconf 88' lang='lat' dir='ltr'>ille</span> <span class='ocrx_word' id='word_1_725' title='bbox 2867 3636 2972 3689; x_wconf 90' lang='lat' dir='ltr'>pro</span> <span class='ocrx_word' id='word_1_726' title='bbox 3003 3616 3280 3703; x_wconf 73' lang='lat' dir='ltr'>Ecclesia.</span> 
     </span>
    </p>
   </div>
   <div class='ocr_carea' id='block_1_100' title="bbox 2218 3697 3850 3787">
    <p class='ocr_par' dir='ltr' id='par_1_100' title="bbox 2218 3697 3850 3787">
     <span class='ocr_line' id='line_1_100' title="bbox 2218 3697 3850 3787; baseline -0.014 -12"><span class='ocrx_word' id='word_1_727' title='bbox 2218 3697 2443 3775; x_wconf 80' lang='lat' dir='ltr'><strong>XLVII.</strong></span> <span class='ocrx_word' id='word_1_728' title='bbox 2476 3715 2585 3787; x_wconf 68' lang='grc' dir='ltr'>[ιδ.</span> <span class='ocrx_word' id='word_1_729' title='bbox 2634 3727 2787 3779; x_wconf 80' lang='lat' dir='ltr'>xxvr,</span> <span class='ocrx_word' id='word_1_730' title='bbox 2819 3710 2908 3780; x_wconf 83' lang='lat'>39,</span> <span class='ocrx_word' id='word_1_731' title='bbox 2941 3709 3031 3776; x_wconf 69' lang='lat'>42,</span> <span class='ocrx_word' id='word_1_732' title='bbox 3062 3708 3176 3775; x_wconf 50' lang='grc' dir='ltr'>ιι]</span> <span class='ocrx_word' id='word_1_733' title='bbox 3223 3701 3383 3760; x_wconf 88' lang='lat' dir='ltr'>Sicut</span> <span class='ocrx_word' id='word_1_734' title='bbox 3412 3699 3653 3757; x_wconf 86' lang='lat' dir='ltr'>tentatio</span> <span class='ocrx_word' id='word_1_735' title='bbox 3688 3697 3850 3770; x_wconf 86' lang='lat' dir='ltr'>cupi-</span> 
     </span>
    </p>
   </div>
   <div class='ocr_carea' id='block_1_101' title="bbox 2148 3789 3851 3870">
    <p class='ocr_par' dir='ltr' id='par_1_101' title="bbox 2148 3789 3851 3870">
     <span class='ocr_line' id='line_1_101' title="bbox 2148 3789 3851 3870; baseline -0.011 -4"><span class='ocrx_word' id='word_1_736' title='bbox 2148 3808 2345 3866; x_wconf 88' lang='lat' dir='ltr'>ditatis</span> <span class='ocrx_word' id='word_1_737' title='bbox 2386 3806 2539 3863; x_wconf 90' lang='lat' dir='ltr'>trina</span> <span class='ocrx_word' id='word_1_738' title='bbox 2568 3806 2670 3870; x_wconf 86' lang='lat' dir='ltr'>est,</span> <span class='ocrx_word' id='word_1_739' title='bbox 2704 3801 2785 3856; x_wconf 82' lang='lat' dir='ltr'>ita</span> <span class='ocrx_word' id='word_1_740' title='bbox 2819 3798 2993 3856; x_wconf 88' lang='lat' dir='ltr'>etiam</span> <span class='ocrx_word' id='word_1_741' title='bbox 3024 3794 3270 3853; x_wconf 87' lang='lat' dir='ltr'>tentatio</span> <span class='ocrx_word' id='word_1_742' title='bbox 3300 3789 3531 3849; x_wconf 88' lang='lat' dir='ltr'>timoris</span> <span class='ocrx_word' id='word_1_743' title='bbox 3561 3789 3716 3847; x_wconf 87' lang='lat' dir='ltr'>trina</span> <span class='ocrx_word' id='word_1_744' title='bbox 3745 3792 3851 3847; x_wconf 87' lang='lat' dir='ltr'>est.</span> 
     </span>
    </p>
   </div>
   <div class='ocr_carea' id='block_1_102' title="bbox 2151 3878 3856 3969">
    <p class='ocr_par' dir='ltr' id='par_1_102' title="bbox 2151 3878 3856 3969">
     <span class='ocr_line' id='line_1_102' title="bbox 2151 3878 3856 3969; baseline -0.013 -15"><span class='ocrx_word' id='word_1_745' title='bbox 2151 3895 2465 3969; x_wconf 89' lang='lat' dir='ltr'>Cupiditati</span> <span class='ocrx_word' id='word_1_746' title='bbox 2521 3909 2649 3965; x_wconf 65' lang='lat' dir='ltr'>quae</span> <span class='ocrx_word' id='word_1_747' title='bbox 2689 3892 2749 3946; x_wconf 90' lang='lat' dir='ltr'>in</span> <span class='ocrx_word' id='word_1_748' title='bbox 2802 3886 3142 3944; x_wconf 88' lang='lat' dir='ltr'>curiositate</span> <span class='ocrx_word' id='word_1_749' title='bbox 3173 3884 3281 3950; x_wconf 89' lang='lat' dir='ltr'>est,</span> <span class='ocrx_word' id='word_1_750' title='bbox 3313 3878 3628 3953; x_wconf 88' lang='lat' dir='ltr'>opponitur</span> <span class='ocrx_word' id='word_1_751' title='bbox 3674 3878 3856 3933; x_wconf 85' lang='lat' dir='ltr'>timor</span> 
     </span>
    </p>
   </div>
   <div class='ocr_carea' id='block_1_103' title="bbox 2153 3968 3858 4046">
    <p class='ocr_par' dir='ltr' id='par_1_103' title="bbox 2153 3968 3858 4046">
     <span class='ocr_line' id='line_1_103' title="bbox 2153 3968 3858 4046; baseline -0.015 -2"><span class='ocrx_word' id='word_1_752' title='bbox 2153 3968 2356 4044; x_wconf 81' lang='lat' dir='ltr'>mortis</span> <span class='ocrx_word' id='word_1_753' title='bbox 2384 3984 2573 4041; x_wconf 90' lang='lat' dir='ltr'>:sicut</span> <span class='ocrx_word' id='word_1_754' title='bbox 2601 3979 2755 4037; x_wconf 86' lang='lat' dir='ltr'>enim</span> <span class='ocrx_word' id='word_1_755' title='bbox 2777 3978 2837 4034; x_wconf 90' lang='lat' dir='ltr'>in</span> <span class='ocrx_word' id='word_1_756' title='bbox 2862 3976 2964 4033; x_wconf 90' lang='lat' dir='ltr'>illa</span> <span class='ocrx_word' id='word_1_757' title='bbox 2989 3971 3520 4046; x_wconf 86' lang='lat' dir='ltr'>cognoscendarum</span> <span class='ocrx_word' id='word_1_758' title='bbox 3544 3981 3737 4023; x_wconf 83' lang='lat' dir='ltr'>rerum</span> <span class='ocrx_word' id='word_1_759' title='bbox 3764 3968 3858 4021; x_wconf 87' lang='lat' dir='ltr'>est</span> 
     </span>
    </p>
   </div>
   <div class='ocr_carea' id='block_1_104' title="bbox 2153 4054 3861 4141">
    <p class='ocr_par' dir='ltr' id='par_1_104' title="bbox 2153 4054 3861 4141">
     <span class='ocr_line' id='line_1_104' title="bbox 2153 4054 3861 4141; baseline -0.015 -7"><span class='ocrx_word' id='word_1_760' title='bbox 2153 4075 2419 4141; x_wconf 85' lang='lat' dir='ltr'>aviditas,</span> <span class='ocrx_word' id='word_1_761' title='bbox 2473 4073 2554 4129; x_wconf 89' lang='lat' dir='ltr'>ita</span> <span class='ocrx_word' id='word_1_762' title='bbox 2607 4070 2668 4126; x_wconf 92' lang='lat' dir='ltr'>in</span> <span class='ocrx_word' id='word_1_763' title='bbox 2700 4069 2811 4126; x_wconf 89' lang='lat' dir='ltr'>ista</span> <span class='ocrx_word' id='word_1_764' title='bbox 2860 4069 3055 4123; x_wconf 88' lang='lat' dir='ltr'>metus</span> <span class='ocrx_word' id='word_1_765' title='bbox 3084 4060 3409 4120; x_wconf 72' lang='lat' dir='ltr'>amittendae</span> <span class='ocrx_word' id='word_1_766' title='bbox 3457 4056 3593 4115; x_wconf 85' lang='lat' dir='ltr'>talis</span> <span class='ocrx_word' id='word_1_767' title='bbox 3625 4054 3861 4113; x_wconf 67' lang='lat' dir='ltr'>notitias.</span> 
     </span>
    </p>
   </div>
   <div class='ocr_carea' id='block_1_105' title="bbox 2155 4146 3864 4237">
    <p class='ocr_par' dir='ltr' id='par_1_105' title="bbox 2155 4146 3864 4237">
     <span class='ocr_line' id='line_1_105' title="bbox 2155 4146 3864 4237; baseline -0.013 -15"><span class='ocrx_word' id='word_1_768' title='bbox 2155 4160 2477 4237; x_wconf 87' lang='lat' dir='ltr'>Cupiditati</span> <span class='ocrx_word' id='word_1_769' title='bbox 2508 4175 2643 4217; x_wconf 88' lang='lat' dir='ltr'>vero</span> <span class='ocrx_word' id='word_1_770' title='bbox 2673 4158 2966 4215; x_wconf 87' lang='lat' dir='ltr'>honorum</span> <span class='ocrx_word' id='word_1_771' title='bbox 2995 4153 3084 4211; x_wconf 90' lang='lat' dir='ltr'>vel</span> <span class='ocrx_word' id='word_1_772' title='bbox 3115 4152 3331 4221; x_wconf 89' lang='lat' dir='ltr'>laudis,</span> <span class='ocrx_word' id='word_1_773' title='bbox 3362 4146 3674 4222; x_wconf 87' lang='lat' dir='ltr'>opponitur</span> <span class='ocrx_word' id='word_1_774' title='bbox 3694 4146 3864 4201; x_wconf 91' lang='lat' dir='ltr'>timor</span> 
     </span>
    </p>
   </div>
   <div class='ocr_carea' id='block_1_106' title="bbox 2155 4232 3870 4328">
    <p class='ocr_par' dir='ltr' id='par_1_106' title="bbox 2155 4232 3870 4328">
     <span class='ocr_line' id='line_1_106' title="bbox 2155 4232 3870 4328; baseline -0.015 -17"><span class='ocrx_word' id='word_1_775' title='bbox 2155 4232 2491 4328; x_wconf 73' lang='lat' dir='ltr'>ignominiis</span> <span class='ocrx_word' id='word_1_776' title='bbox 2523 4252 2579 4305; x_wconf 90' lang='lat' dir='ltr'>et</span> <span class='ocrx_word' id='word_1_777' title='bbox 2609 4244 3121 4305; x_wconf 85' lang='lat' dir='ltr'>contumeliarum.</span> <span class='ocrx_word' id='word_1_778' title='bbox 3153 4237 3463 4313; x_wconf 86' lang='lat' dir='ltr'>Cupiditati</span> <span class='ocrx_word' id='word_1_779' title='bbox 3488 4238 3679 4292; x_wconf 86' lang='lat' dir='ltr'>autem</span> <span class='ocrx_word' id='word_1_780' title='bbox 3715 4232 3870 4288; x_wconf 85' lang='lat' dir='ltr'>volu-</span> 
     </span>
    </p>
   </div>
   <div class='ocr_carea' id='block_1_107' title="bbox 2157 4322 3865 4418">
    <p class='ocr_par' dir='ltr' id='par_1_107' title="bbox 2157 4322 3865 4418">
     <span class='ocr_line' id='line_1_107' title="bbox 2157 4322 3865 4418; baseline -0.015 -16"><span class='ocrx_word' id='word_1_781' title='bbox 2157 4322 2353 4418; x_wconf 46' lang='lat' dir='ltr'>p&#39;tatis,</span> <span class='ocrx_word' id='word_1_782' title='bbox 2378 4339 2692 4414; x_wconf 90' lang='lat' dir='ltr'>opponitur</span> <span class='ocrx_word' id='word_1_783' title='bbox 2718 4337 2889 4393; x_wconf 89' lang='lat' dir='ltr'>timor</span> <span class='ocrx_word' id='word_1_784' title='bbox 2919 4331 3157 4390; x_wconf 90' lang='lat' dir='ltr'>doloris.</span> <span class='ocrx_word' id='word_1_785' title='bbox 3186 4329 3311 4389; x_wconf 84' lang='lat' dir='ltr'>Non</span> <span class='ocrx_word' id='word_1_786' title='bbox 3343 4324 3595 4383; x_wconf 87' lang='lat' dir='ltr'>absurde</span> <span class='ocrx_word' id='word_1_787' title='bbox 3624 4338 3759 4395; x_wconf 90' lang='lat' dir='ltr'>ergo</span> <span class='ocrx_word' id='word_1_788' title='bbox 3781 4322 3865 4379; x_wconf 86' lang='lat' dir='ltr'>in-</span> 
     </span>
    </p>
   </div>
   <div class='ocr_carea' id='block_1_108' title="bbox 2160 4412 3872 4505">
    <p class='ocr_par' dir='ltr' id='par_1_108' title="bbox 2160 4412 3872 4505">
     <span class='ocr_line' id='line_1_108' title="bbox 2160 4412 3872 4505; baseline -0.015 -14"><span class='ocrx_word' id='word_1_789' title='bbox 2160 4412 2719 4505; x_wconf 31' lang='lat' dir='ltr'>telligitur&#39;propter</span> <span class='ocrx_word' id='word_1_790' title='bbox 2766 4424 2984 4482; x_wconf 83' lang='lat' dir='ltr'>trinam</span> <span class='ocrx_word' id='word_1_791' title='bbox 3015 4418 3397 4477; x_wconf 88' lang='lat' dir='ltr'>tentationem</span> <span class='ocrx_word' id='word_1_792' title='bbox 3421 4412 3732 4488; x_wconf 79' lang='lat' dir='ltr'>passionis,</span> <span class='ocrx_word' id='word_1_793' title='bbox 3781 4416 3872 4466; x_wconf 88' lang='lat' dir='ltr'>ter</span> 
     </span>
    </p>
   </div>
   <div class='ocr_carea' id='block_1_109' title="bbox 2158 4500 3867 4583">
    <p class='ocr_par' dir='ltr' id='par_1_109' title="bbox 2158 4500 3867 4583">
     <span class='ocr_line' id='line_1_109' title="bbox 2158 4500 3867 4583; baseline -0.015 -1"><span class='ocrx_word' id='word_1_794' title='bbox 2158 4500 2470 4583; x_wconf 64' lang='lat' dir='ltr'>Dominum</span> <span class='ocrx_word' id='word_1_795' title='bbox 2492 4500 2697 4577; x_wconf 76' lang='lat' dir='ltr'>orasse</span> <span class='ocrx_word' id='word_1_796' title='bbox 2728 4522 2790 4572; x_wconf 92' lang='lat' dir='ltr'>ut</span> <span class='ocrx_word' id='word_1_797' title='bbox 2819 4512 3093 4571; x_wconf 88' lang='lat' dir='ltr'>transiret</span> <span class='ocrx_word' id='word_1_798' title='bbox 3123 4508 3314 4575; x_wconf 79' lang='lat' dir='ltr'>calix;</span> <span class='ocrx_word' id='word_1_799' title='bbox 3348 4506 3448 4564; x_wconf 91' lang='lat' dir='ltr'>sed</span> <span class='ocrx_word' id='word_1_800' title='bbox 3484 4504 3565 4561; x_wconf 88' lang='lat' dir='ltr'>ita</span> <span class='ocrx_word' id='word_1_801' title='bbox 3585 4507 3650 4559; x_wconf 89' lang='lat' dir='ltr'>ut</span> <span class='ocrx_word' id='word_1_802' title='bbox 3673 4500 3867 4574; x_wconf 88' lang='lat' dir='ltr'>potius</span> 
     </span>
    </p>
   </div>
   <div class='ocr_carea' id='block_1_110' title="bbox 2160 4602 3050 4687">
    <p class='ocr_par' dir='ltr' id='par_1_110' title="bbox 2160 4602 3050 4687">
     <span class='ocr_line' id='line_1_110' title="bbox 2160 4602 3050 4687; baseline -0.019 -15"><span class='ocrx_word' id='word_1_803' title='bbox 2160 4613 2504 4687; x_wconf 86' lang='lat' dir='ltr'>impleretur</span> <span class='ocrx_word' id='word_1_804' title='bbox 2532 4608 2803 4666; x_wconf 89' lang='lat' dir='ltr'>voluntas</span> <span class='ocrx_word' id='word_1_805' title='bbox 2843 4602 3050 4660; x_wconf 87' lang='lat' dir='ltr'>Patris.</span> 
     </span>
    </p>
   </div>
   <div class='ocr_carea' id='block_1_111' title="bbox 2230 4731 3876 4814">
    <p class='ocr_par' dir='ltr' id='par_1_111' title="bbox 2230 4731 3876 4814">
     <span class='ocr_line' id='line_1_111' title="bbox 2230 4731 3876 4814; baseline -0.014 -10"><span class='ocrx_word' id='word_1_806' title='bbox 2230 4759 2243 4791; x_wconf 85' lang='grc'>¹</span> <span class='ocrx_word' id='word_1_807' title='bbox 2282 4755 2343 4804; x_wconf 92' lang='lat' dir='ltr'><strong>In</strong></span> <span class='ocrx_word' id='word_1_808' title='bbox 2372 4752 2492 4803; x_wconf 83' lang='lat' dir='ltr'>Mss.</span> <span class='ocrx_word' id='word_1_809' title='bbox 2516 4742 3183 4814; x_wconf 73' lang='lat' dir='ltr'>qumstioquadragesima</span> <span class='ocrx_word' id='word_1_810' title='bbox 3211 4739 3418 4814; x_wconf 9' lang='lat' dir='ltr'>quinta,</span> <span class='ocrx_word' id='word_1_811' title='bbox 3439 4731 3876 4814; x_wconf 53' lang='lat' dir='ltr'>incipitl&#39;_ab’istig</span> 
     </span>
    </p>
   </div>
   <div class='ocr_carea' id='block_1_112' title="bbox 2164 4795 3878 4876">
    <p class='ocr_par' dir='ltr' id='par_1_112' title="bbox 2164 4795 3878 4876">
     <span class='ocr_line' id='line_1_112' title="bbox 2164 4795 3878 4876; baseline -0.015 -8"><span class='ocrx_word' id='word_1_812' title='bbox 2164 4795 2936 4876; x_wconf 30' lang='lat' dir='ltr'>verbis,riirrorlizerelicbrum</span> <span class='ocrx_word' id='word_1_813' title='bbox 2966 4795 3011 4876; x_wconf 51' lang='lat' dir='ltr'>ru</span> <span class='ocrx_word' id='word_1_814' title='bbox 3026 4818 3126 4876; x_wconf 70' lang='lat' dir='ltr'>nec</span> <span class='ocrx_word' id='word_1_815' title='bbox 3157 4795 3567 4876; x_wconf 61' lang='lat' dir='ltr'>praemittuntur</span> <span class='ocrx_word' id='word_1_816' title='bbox 3594 4797 3697 4870; x_wconf 79' lang='lat' dir='ltr'>illa,</span> <span class='ocrx_word' id='word_1_817' title='bbox 3731 4795 3878 4866; x_wconf 65' lang='lat' dir='ltr'>oiled</span> 
     </span>
    </p>
   </div>
   <div class='ocr_carea' id='block_1_113' title="bbox 2165 4857 3873 4930">
    <p class='ocr_par' dir='ltr' id='par_1_113' title="bbox 2165 4857 3873 4930">
     <span class='ocr_line' id='line_1_113' title="bbox 2165 4857 3873 4930; baseline -0.015 0"><span class='ocrx_word' id='word_1_818' title='bbox 2165 4857 2358 4930; x_wconf 54' lang='lat' dir='ltr'>iiii-.1?</span> <span class='ocrx_word' id='word_1_819' title='bbox 2374 4857 2897 4928; x_wconf 33' lang='lat' dir='ltr'>{sedum-solidatas,</span> <span class='ocrx_word' id='word_1_820' title='bbox 2930 4875 3053 4928; x_wconf 86' lang='lat' dir='ltr'>etc.,</span> <span class='ocrx_word' id='word_1_821' title='bbox 3086 4857 3277 4930; x_wconf 72' lang='lat' dir='ltr'>horum</span> <span class='ocrx_word' id='word_1_822' title='bbox 3310 4868 3490 4930; x_wconf 77' lang='lat' dir='ltr'>tamen</span> <span class='ocrx_word' id='word_1_823' title='bbox 3522 4861 3715 4930; x_wconf 77' lang='lat' dir='ltr'>loco_in</span> <span class='ocrx_word' id='word_1_824' title='bbox 3750 4857 3873 4930; x_wconf 84' lang='lat' dir='ltr'>qui-</span> 
     </span>
    </p>
   </div>
   <div class='ocr_carea' id='block_1_114' title="bbox 2166 4920 3871 5005">
    <p class='ocr_par' dir='ltr' id='par_1_114' title="bbox 2166 4920 3871 5005">
     <span class='ocr_line' id='line_1_114' title="bbox 2166 4920 3871 5005; baseline -0.021 -13"><span class='ocrx_word' id='word_1_825' title='bbox 2166 4920 2695 5005; x_wconf 44' lang='lat' dir='ltr'>LL&#39;a&#39;dZni‘Qdiiiféibug</span> <span class='ocrx_word' id='word_1_826' title='bbox 2714 4920 2950 5005; x_wconf 64' lang='lat' dir='ltr'>ponitur,</span> <span class='ocrx_word' id='word_1_827' title='bbox 2969 4920 3224 5005; x_wconf 56' lang='lat' dir='ltr'>Qe&#39;trina,</span> <span class='ocrx_word' id='word_1_828' title='bbox 3242 4924 3438 5005; x_wconf 54' lang='grc' dir='ltr'>νειμ</span> <span class='ocrx_word' id='word_1_829' title='bbox 3468 4920 3871 5005; x_wconf 42' lang='grc' dir='ltr'>ινξνιαιρεινϋιθ-</span> 
     </span>
    </p>
   </div>
   <div class='ocr_carea' id='block_1_115' title="bbox 2165 4986 3877 5068">
    <p class='ocr_par' dir='ltr' id='par_1_115' title="bbox 2165 4986 3877 5068">
     <span class='ocr_line' id='line_1_115' title="bbox 2165 4986 3877 5068; baseline -0.005 8"><span class='ocrx_word' id='word_1_830' title='bbox 2165 4986 2393 5068; x_wconf 51' lang='lat'>35535?-</span> <span class='ocrx_word' id='word_1_831' title='bbox 2427 4986 2772 5068; x_wconf 54' lang='lat' dir='ltr'>l’rwterssﬁs</span> <span class='ocrx_word' id='word_1_832' title='bbox 2805 4994 2962 5068; x_wconf 60' lang='grc' dir='ltr'>είὲίιίεε</span> <span class='ocrx_word' id='word_1_833' title='bbox 2980 4992 3325 5068; x_wconf 42' lang='lat' dir='ltr'>itaesset</span> <span class='ocrx_word' id='word_1_834' title='bbox 3349 4986 3877 5068; x_wconf 59' lang='lat' dir='ltr'>FF:.&#39;9.L&#39;£.&#39;EP.‘1&#39;EE;</span> 
     </span>
    </p>
   </div>
   <div class='ocr_carea' id='block_1_116' title="bbox 2170 5042 3877 5121">
    <p class='ocr_par' dir='ltr' id='par_1_116' title="bbox 2170 5042 3877 5121">
     <span class='ocr_line' id='line_1_116' title="bbox 2170 5042 3877 5121; baseline -0.015 -4"><span class='ocrx_word' id='word_1_835' title='bbox 2427 5042 2934 5121; x_wconf 45' lang='lat' dir='ltr'>bisve-subjiciuntur</span> <span class='ocrx_word' id='word_1_836' title='bbox 2956 5067 2967 5101; x_wconf 91' lang='lat'>:</span> <span class='ocrx_word' id='word_1_837' title='bbox 2992 5052 3315 5121; x_wconf 63' lang='lat' dir='ltr'>Notandum,</span> <span class='ocrx_word' id='word_1_838' title='bbox 3339 5049 3476 5121; x_wconf 78' lang='lat' dir='ltr'>quod</span> <span class='ocrx_word' id='word_1_839' title='bbox 3507 5042 3877 5121; x_wconf 28' lang='grc' dir='ltr'>μείω-,σφε</span> 
     </span>
    </p>
   </div>
   <div class='ocr_carea' id='block_1_117' title="bbox 2168 5105 3881 5190">
    <p class='ocr_par' dir='ltr' id='par_1_117' title="bbox 2168 5105 3881 5190">
     <span class='ocr_line' id='line_1_117' title="bbox 2168 5105 3881 5190; baseline -0.017 -11"><span class='ocrx_word' id='word_1_840' title='bbox 2168 5105 2548 5190; x_wconf 54' lang='lat'>22??</span> <span class='ocrx_word' id='word_1_841' title='bbox 2573 5105 2707 5190; x_wconf 47' lang='lat' dir='ltr'>Elis—lli</span> <span class='ocrx_word' id='word_1_842' title='bbox 2727 5105 2952 5190; x_wconf 70' lang='lat' dir='ltr'>cantum</span> <span class='ocrx_word' id='word_1_843' title='bbox 2972 5105 3509 5190; x_wconf 42' lang='lat' dir='ltr'>negavitDMnin‘um,</span> <span class='ocrx_word' id='word_1_844' title='bbox 3533 5107 3650 5158; x_wconf 74' lang='lat' dir='ltr'>illo:</span> <span class='ocrx_word' id='word_1_845' title='bbox 3672 5105 3881 5168; x_wconf 79' lang='lat' dir='ltr'>signifi-</span> 
     </span>
    </p>
   </div>
   <div class='ocr_carea' id='block_1_118' title="bbox 2170 5173 3881 5252">
    <p class='ocr_par' dir='ltr' id='par_1_118' title="bbox 2170 5173 3881 5252">
     <span class='ocr_line' id='line_1_118' title="bbox 2170 5173 3881 5252; baseline -0.02 -10"><span class='ocrx_word' id='word_1_846' title='bbox 2170 5173 2313 5242; x_wconf 54' lang='lat' dir='ltr'>Eilis}</span> <span class='ocrx_word' id='word_1_847' title='bbox 2322 5173 2429 5252; x_wconf 81' lang='lat' dir='ltr'>rqui</span> <span class='ocrx_word' id='word_1_848' title='bbox 2461 5173 2738 5252; x_wconf 30' lang='lat' dir='ltr'>Christum.</span> <span class='ocrx_word' id='word_1_849' title='bbox 2762 5182 2900 5252; x_wconf 43' lang='lat' dir='ltr'>ante</span> <span class='ocrx_word' id='word_1_850' title='bbox 2913 5173 3338 5252; x_wconf 37' lang='lat' dir='ltr'>nauigationem</span> <span class='ocrx_word' id='word_1_851' title='bbox 3362 5175 3651 5252; x_wconf 39' lang='lat' dir='ltr'>Deumjeise</span> <span class='ocrx_word' id='word_1_852' title='bbox 3669 5180 3771 5252; x_wconf 63' lang='lat' dir='ltr'>non</span> <span class='ocrx_word' id='word_1_853' title='bbox 3786 5180 3881 5229; x_wconf 85' lang='lat' dir='ltr'>pu.</span> 
     </span>
    </p>
   </div>
   <div class='ocr_carea' id='block_1_119' title="bbox 2174 5230 3880 5311">
    <p class='ocr_par' dir='ltr' id='par_1_119' title="bbox 2174 5230 3880 5311">
     <span class='ocr_line' id='line_1_119' title="bbox 2174 5230 3880 5311; baseline -0.016 -8"><span class='ocrx_word' id='word_1_854' title='bbox 2463 5230 2584 5311; x_wconf 48' lang='lat' dir='ltr'>Eis;</span> <span class='ocrx_word' id='word_1_855' title='bbox 2600 5230 2766 5294; x_wconf 77' lang='lat' dir='ltr'>morie</span> <span class='ocrx_word' id='word_1_856' title='bbox 2793 5241 3013 5291; x_wconf 74' lang='lat' dir='ltr'>turbati.</span> <span class='ocrx_word' id='word_1_857' title='bbox 3037 5239 3186 5311; x_wconf 61' lang='lat' dir='ltr'>Illud</span> <span class='ocrx_word' id='word_1_858' title='bbox 3207 5230 3546 5311; x_wconf 47' lang='lat' dir='ltr'>autemquod</span> <span class='ocrx_word' id='word_1_859' title='bbox 3566 5231 3651 5311; x_wconf 63' lang='lat' dir='ltr'>bis</span> <span class='ocrx_word' id='word_1_860' title='bbox 3671 5233 3793 5311; x_wconf 50' lang='lat' dir='ltr'>ante,</span> <span class='ocrx_word' id='word_1_861' title='bbox 3805 5244 3880 5277; x_wconf 81' lang='lat' dir='ltr'>se-</span> 
     </span>
    </p>
   </div>
   <div class='ocr_carea' id='block_1_120' title="bbox 2175 5292 3878 5373">
    <p class='ocr_par' dir='ltr' id='par_1_120' title="bbox 2175 5292 3878 5373">
     <span class='ocr_line' id='line_1_120' title="bbox 2175 5292 3878 5373; baseline -0.016 -7"><span class='ocrx_word' id='word_1_862' title='bbox 2175 5292 2575 5373; x_wconf 52' lang='lat' dir='ltr'>c;;idui;,galli</span> <span class='ocrx_word' id='word_1_863' title='bbox 2607 5292 2833 5373; x_wconf 71' lang='lat' dir='ltr'>cantum,</span> <span class='ocrx_word' id='word_1_864' title='bbox 2874 5319 2959 5373; x_wconf 73' lang='lat' dir='ltr'>eos</span> <span class='ocrx_word' id='word_1_865' title='bbox 3001 5303 3094 5367; x_wconf 88' lang='lat' dir='ltr'>qui</span> <span class='ocrx_word' id='word_1_866' title='bbox 3113 5315 3258 5373; x_wconf 84' lang='lat' dir='ltr'>n_unc</span> <span class='ocrx_word' id='word_1_867' title='bbox 3285 5300 3342 5347; x_wconf 85' lang='lat' dir='ltr'>in</span> <span class='ocrx_word' id='word_1_868' title='bbox 3365 5292 3471 5373; x_wconf 56' lang='lat' dir='ltr'>illo</span> <span class='ocrx_word' id='word_1_869' title='bbox 3498 5293 3580 5373; x_wconf 66' lang='grc' dir='ltr'>υςι</span> <span class='ocrx_word' id='word_1_870' title='bbox 3599 5292 3878 5341; x_wconf 83' lang='lat' dir='ltr'>secundum</span> 
     </span>
    </p>
   </div>
   <div class='ocr_carea' id='block_1_121' title="bbox 2173 5358 3879 5431">
    <p class='ocr_par' dir='ltr' id='par_1_121' title="bbox 2173 5358 3879 5431">
     <span class='ocr_line' id='line_1_121' title="bbox 2173 5358 3879 5431; baseline -0.018 -2"><span class='ocrx_word' id='word_1_871' title='bbox 2173 5358 2462 5431; x_wconf 43' lang='lat' dir='ltr'>ﬂabile?</span> <span class='ocrx_word' id='word_1_872' title='bbox 2474 5370 2754 5421; x_wconf 80' lang='lat' dir='ltr'>secundum</span> <span class='ocrx_word' id='word_1_873' title='bbox 2775 5358 3051 5422; x_wconf 72' lang='lat' dir='ltr'>hominem,</span> <span class='ocrx_word' id='word_1_874' title='bbox 3076 5366 3159 5413; x_wconf 83' lang='lat' dir='ltr'>vel</span> <span class='ocrx_word' id='word_1_875' title='bbox 3178 5358 3463 5431; x_wconf 57' lang='lat' dir='ltr'>secundum</span> <span class='ocrx_word' id='word_1_876' title='bbox 3493 5359 3767 5431; x_wconf 66' lang='lat' dir='ltr'>utrumque</span> <span class='ocrx_word' id='word_1_877' title='bbox 3795 5368 3879 5403; x_wconf 80' lang='lat' dir='ltr'>er-</span> 
     </span>
    </p>
   </div>
   <div class='ocr_carea' id='block_1_122' title="bbox 2173 5420 3886 5501">
    <p class='ocr_par' dir='ltr' id='par_1_122' title="bbox 2173 5420 3886 5501">
     <span class='ocr_line' id='line_1_122' title="bbox 2173 5420 3886 5501; baseline -0.015 -10"><span class='ocrx_word' id='word_1_878' title='bbox 2173 5420 2513 5501; x_wconf 20' lang='grc' dir='ltr'>ἷαῆἶςὲιτίἆεοί</span> <span class='ocrx_word' id='word_1_879' title='bbox 2525 5420 2795 5501; x_wconf 60' lang='lat' dir='ltr'>ueritatem</span> <span class='ocrx_word' id='word_1_880' title='bbox 2809 5420 3142 5501; x_wconf 38' lang='lat' dir='ltr'>negante-inte</span> <span class='ocrx_word' id='word_1_881' title='bbox 3163 5421 3405 5501; x_wconf 39' lang='lat' dir='ltr'>Eat-les?</span> <span class='ocrx_word' id='word_1_882' title='bbox 3424 5420 3852 5501; x_wconf 43' lang='lat' dir='ltr'>resuzeetionem</span> <span class='ocrx_word' id='word_1_883' title='bbox 3868 5433 3886 5465; x_wconf 88' lang='lat'><strong><em>:</em></strong></span> 
     </span>
    </p>
   </div>
   <div class='ocr_carea' id='block_1_123' title="bbox 2174 5480 3883 5565">
    <p class='ocr_par' dir='ltr' id='par_1_123' title="bbox 2174 5480 3883 5565">
     <span class='ocr_line' id='line_1_123' title="bbox 2174 5480 3883 5565; baseline -0.013 -13"><span class='ocrx_word' id='word_1_884' title='bbox 2174 5480 2822 5565; x_wconf 23' lang='grc' dir='ltr'>ίιῖξῖνῖίῖιῇἷῖετέζάῖιὶζὲᾳηίυδ</span> <span class='ocrx_word' id='word_1_885' title='bbox 2853 5480 3191 5565; x_wconf 45' lang='lat' dir='ltr'>intelligatur</span> <span class='ocrx_word' id='word_1_886' title='bbox 3211 5484 3406 5561; x_wconf 58' lang='lat' dir='ltr'>capitis</span> <span class='ocrx_word' id='word_1_887' title='bbox 3424 5480 3759 5565; x_wconf 52' lang='lat' dir='ltr'>resurrectio,</span> <span class='ocrx_word' id='word_1_888' title='bbox 3790 5480 3883 5530; x_wconf 76' lang='lat' dir='ltr'>lioc</span> 
     </span>
    </p>
   </div>
   <div class='ocr_carea' id='block_1_124' title="bbox 2177 5544 3885 5628">
    <p class='ocr_par' dir='ltr' id='par_1_124' title="bbox 2177 5544 3885 5628">
     <span class='ocr_line' id='line_1_124' title="bbox 2177 5544 3885 5628; baseline -0.015 -13"><span class='ocrx_word' id='word_1_889' title='bbox 2177 5544 2449 5628; x_wconf 51' lang='lat' dir='ltr'>estripsius</span> <span class='ocrx_word' id='word_1_890' title='bbox 2472 5544 2731 5628; x_wconf 36' lang='lat' dir='ltr'>ﬁcu-iisti;</span> <span class='ocrx_word' id='word_1_891' title='bbox 2760 5555 3015 5628; x_wconf 71' lang='lat' dir='ltr'>secundus</span> <span class='ocrx_word' id='word_1_892' title='bbox 3034 5544 3217 5628; x_wconf 50' lang='lat' dir='ltr'>laniem</span> <span class='ocrx_word' id='word_1_893' title='bbox 3255 5544 3442 5628; x_wconf 62' lang='lat' dir='ltr'>ipsius,</span> <span class='ocrx_word' id='word_1_894' title='bbox 3464 5544 3885 5628; x_wconf 40' lang='lat' dir='ltr'>sed&#39;inkeorpore</span> 
     </span>
    </p>
   </div>
   <div class='ocr_carea' id='block_1_125' title="bbox 2178 5606 3887 5683">
    <p class='ocr_par' dir='ltr' id='par_1_125' title="bbox 2178 5606 3887 5683">
     <span class='ocr_line' id='line_1_125' title="bbox 2178 5606 3887 5683; baseline -0.014 -5"><span class='ocrx_word' id='word_1_895' title='bbox 2178 5606 2441 5678; x_wconf 52' lang='lat' dir='ltr'>ibit-i2};</span> <span class='ocrx_word' id='word_1_896' title='bbox 2463 5606 2761 5671; x_wconf 50' lang='lat' dir='ltr'>Ecclesia/.-</span> <span class='ocrx_word' id='word_1_897' title='bbox 2789 5632 2909 5683; x_wconf 64' lang='lat' dir='ltr'>quae</span> <span class='ocrx_word' id='word_1_898' title='bbox 2940 5617 3136 5683; x_wconf 78' lang='lat' dir='ltr'>absunt</span> <span class='ocrx_word' id='word_1_899' title='bbox 3166 5627 3196 5664; x_wconf 90' lang='lat' dir='ltr'>a</span> <span class='ocrx_word' id='word_1_900' title='bbox 3226 5606 3433 5662; x_wconf 64' lang='lat' dir='ltr'>caeteris</span> <span class='ocrx_word' id='word_1_901' title='bbox 3460 5606 3767 5669; x_wconf 84' lang='lat' dir='ltr'>codicibus,</span> <span class='ocrx_word' id='word_1_902' title='bbox 3792 5618 3887 5655; x_wconf 85' lang='lat' dir='ltr'>ex-</span> 
     </span>
    </p>
   </div>
   <div class='ocr_carea' id='block_1_126' title="bbox 2182 5679 2991 5755">
    <p class='ocr_par' dir='ltr' id='par_1_126' title="bbox 2182 5679 2991 5755">
     <span class='ocr_line' id='line_1_126' title="bbox 2182 5679 2991 5755; baseline -0.017 -13"><span class='ocrx_word' id='word_1_903' title='bbox 2182 5694 2340 5755; x_wconf 88' lang='lat' dir='ltr'>cepto</span> <span class='ocrx_word' id='word_1_904' title='bbox 2372 5701 2481 5739; x_wconf 92' lang='lat' dir='ltr'>uno</span> <span class='ocrx_word' id='word_1_905' title='bbox 2508 5685 2607 5736; x_wconf 86' lang='lat' dir='ltr'>Ms.</span> <span class='ocrx_word' id='word_1_906' title='bbox 2639 5679 2991 5734; x_wconf 78' lang='lat' dir='ltr'>Cisterciensi.</span> 
     </span>
    </p>
   </div>
  </div>
