  <div class='ocr_page' id='page_1' title='image "/cluster/home/n/w/nwhite01/storage/ocr_20150623/35/hvd.32044054170956/016.png"; bbox 0 0 4164 6192; ppageno 0'>
   <div class='ocr_carea' id='block_1_1' title="bbox 378 268 522 327">
    <p class='ocr_par' dir='ltr' id='par_1_1' title="bbox 378 268 522 327">
     <span class='ocr_line' id='line_1_1' title="bbox 378 268 522 327; baseline -0.007 -1"><span class='ocrx_word' id='word_1_1' title='bbox 378 268 522 327; x_wconf 78' lang='grc'>1333</span> 
     </span>
    </p>
   </div>
   <div class='ocr_carea' id='block_1_2' title="bbox 1800 265 2505 326">
    <p class='ocr_par' dir='ltr' id='par_1_2' title="bbox 1800 265 2505 326">
     <span class='ocr_line' id='line_1_2' title="bbox 1800 265 2505 326; baseline -0.006 0"><span class='ocrx_word' id='word_1_2' title='bbox 1800 268 2026 326; x_wconf 76' lang='lat' dir='ltr'>LIBER</span> <span class='ocrx_word' id='word_1_3' title='bbox 2073 265 2505 325; x_wconf 72' lang='lat' dir='ltr'>SECUNDUS.</span> 
     </span>
    </p>
   </div>
   <div class='ocr_carea' id='block_1_3' title="bbox 3730 272 3895 331">
    <p class='ocr_par' dir='ltr' id='par_1_3' title="bbox 3730 272 3895 331">
     <span class='ocr_line' id='line_1_3' title="bbox 3730 272 3895 331; baseline 0.012 -2"><span class='ocrx_word' id='word_1_4' title='bbox 3730 272 3895 331; x_wconf 74' lang='grc'>1334</span> 
     </span>
    </p>
   </div>
   <div class='ocr_carea' id='block_1_4' title="bbox 1334 520 3031 635">
    <p class='ocr_par' dir='ltr' id='par_1_4' title="bbox 1334 520 3031 635">
     <span class='ocr_line' id='line_1_4' title="bbox 1334 520 3031 635; baseline -0.001 -4"><span class='ocrx_word' id='word_1_5' title='bbox 1334 527 1897 635; x_wconf 63' lang='lat' dir='ltr'>LiBiﬂit</span> <span class='ocrx_word' id='word_1_6' title='bbox 2009 520 3031 633; x_wconf 61' lang='lat' dir='ltr'>SECUNDUS.</span> 
     </span>
    </p>
   </div>
   <div class='ocr_carea' id='block_1_5' title="bbox 1443 697 2827 761">
    <p class='ocr_par' dir='ltr' id='par_1_5' title="bbox 1443 697 2827 761">
     <span class='ocr_line' id='line_1_5' title="bbox 1443 697 2827 761; baseline 0 -10"><span class='ocrx_word' id='word_1_7' title='bbox 1443 703 1778 761; x_wconf 76' lang='lat' dir='ltr'>Quaestiones</span> <span class='ocrx_word' id='word_1_8' title='bbox 1808 702 1862 750; x_wconf 88' lang='lat' dir='ltr'>in</span> <span class='ocrx_word' id='word_1_9' title='bbox 1902 697 2248 760; x_wconf 82' lang='lat' dir='ltr'>Evangelium</span> <span class='ocrx_word' id='word_1_10' title='bbox 2293 698 2586 749; x_wconf 85' lang='lat' dir='ltr'>secundum</span> <span class='ocrx_word' id='word_1_11' title='bbox 2618 702 2827 751; x_wconf 88' lang='lat' dir='ltr'>Lucam.</span> 
     </span>
    </p>
   </div>
   <div class='ocr_carea' id='block_1_6' title="bbox 1949 797 2297 847">
    <p class='ocr_par' dir='ltr' id='par_1_6' title="bbox 1949 797 2297 847">
     <span class='ocr_line' id='line_1_6' title="bbox 1949 797 2297 847; baseline -0.023 1"><span class='ocrx_word' id='word_1_12' title='bbox 1949 800 2054 847; x_wconf 73' lang='grc' dir='ltr'>σοι</span> <span class='ocrx_word' id='word_1_13' title='bbox 2081 797 2297 845; x_wconf 74' lang='grc' dir='ltr'>-οοο..</span> 
     </span>
    </p>
   </div>
   <div class='ocr_carea' id='block_1_7' title="bbox 444 934 2078 1004">
    <p class='ocr_par' dir='ltr' id='par_1_7' title="bbox 444 934 2078 1004">
     <span class='ocr_line' id='line_1_7' title="bbox 444 934 2078 1004; baseline -0.001 -13"><span class='ocrx_word' id='word_1_14' title='bbox 444 938 665 1000; x_wconf 61' lang='grc' dir='ltr'>Ουάῖςτ.</span> <span class='ocrx_word' id='word_1_15' title='bbox 718 935 759 991; x_wconf 93' lang='grc' dir='ltr'>Ι.</span> <span class='ocrx_word' id='word_1_16' title='bbox 802 935 953 1003; x_wconf 72' lang='lat' dir='ltr'>lLuc.</span> <span class='ocrx_word' id='word_1_17' title='bbox 1005 950 1123 1003; x_wconf 88' lang='lat' dir='ltr'>cap.</span> <span class='ocrx_word' id='word_1_18' title='bbox 1158 949 1196 997; x_wconf 83' lang='grc' dir='ltr'>ι,</span> <span class='ocrx_word' id='word_1_19' title='bbox 1231 935 1262 1001; x_wconf 62' lang='lat' dir='ltr'><strong>y</strong></span> <span class='ocrx_word' id='word_1_20' title='bbox 1298 934 1379 998; x_wconf 89' lang='grc'>13,</span> <span class='ocrx_word' id='word_1_21' title='bbox 1414 934 1527 1004; x_wconf 61' lang='lat'>20.]</span> <span class='ocrx_word' id='word_1_22' title='bbox 1581 935 1732 997; x_wconf 87' lang='lat' dir='ltr'>Quod</span> <span class='ocrx_word' id='word_1_23' title='bbox 1775 934 2078 990; x_wconf 82' lang='lat' dir='ltr'>Zacharias</span> 
     </span>
    </p>
   </div>
   <div class='ocr_carea' id='block_1_8' title="bbox 371 1022 2075 1097">
    <p class='ocr_par' dir='ltr' id='par_1_8' title="bbox 371 1022 2075 1097">
     <span class='ocr_line' id='line_1_8' title="bbox 371 1022 2075 1097; baseline 0.001 -19"><span class='ocrx_word' id='word_1_24' title='bbox 371 1042 555 1079; x_wconf 80' lang='lat' dir='ltr'>orans</span> <span class='ocrx_word' id='word_1_25' title='bbox 588 1041 689 1097; x_wconf 90' lang='lat' dir='ltr'>pro</span> <span class='ocrx_word' id='word_1_26' title='bbox 720 1023 956 1096; x_wconf 89' lang='lat' dir='ltr'>populo,</span> <span class='ocrx_word' id='word_1_27' title='bbox 999 1023 1157 1079; x_wconf 80' lang='lat' dir='ltr'>audit</span> <span class='ocrx_word' id='word_1_28' title='bbox 1189 1024 1258 1077; x_wconf 86' lang='lat' dir='ltr'>ab</span> <span class='ocrx_word' id='word_1_29' title='bbox 1291 1022 1514 1093; x_wconf 82' lang='lat' dir='ltr'>angelo,</span> <span class='ocrx_word' id='word_1_30' title='bbox 1552 1025 1819 1078; x_wconf 69' lang='lat' dir='ltr'>Exaudite</span> <span class='ocrx_word' id='word_1_31' title='bbox 1848 1032 1923 1079; x_wconf 77' lang='lat' dir='ltr'>est</span> <span class='ocrx_word' id='word_1_32' title='bbox 1947 1042 2075 1079; x_wconf 85' lang='lat' dir='ltr'>ora-</span> 
     </span>
    </p>
   </div>
   <div class='ocr_carea' id='block_1_9' title="bbox 367 1112 2080 1185">
    <p class='ocr_par' dir='ltr' id='par_1_9' title="bbox 367 1112 2080 1185">
     <span class='ocr_line' id='line_1_9' title="bbox 367 1112 2080 1185; baseline 0.001 -18"><span class='ocrx_word' id='word_1_33' title='bbox 367 1116 444 1168; x_wconf 84' lang='lat' dir='ltr'>tio</span> <span class='ocrx_word' id='word_1_34' title='bbox 479 1123 612 1174; x_wconf 82' lang='lat' dir='ltr'>tua;</span> <span class='ocrx_word' id='word_1_35' title='bbox 644 1130 759 1170; x_wconf 80' lang='lat' dir='ltr'>ecce</span> <span class='ocrx_word' id='word_1_36' title='bbox 808 1112 1089 1169; x_wconf 70' lang='lat' dir='ltr'>Elizabsth</span> <span class='ocrx_word' id='word_1_37' title='bbox 1120 1128 1259 1167; x_wconf 73' lang='lat' dir='ltr'>uxor</span> <span class='ocrx_word' id='word_1_38' title='bbox 1289 1120 1379 1167; x_wconf 86' lang='lat' dir='ltr'>tua</span> <span class='ocrx_word' id='word_1_39' title='bbox 1424 1113 1691 1184; x_wconf 85' lang='lat' dir='ltr'>concipiet</span> <span class='ocrx_word' id='word_1_40' title='bbox 1721 1122 1772 1168; x_wconf 84' lang='lat' dir='ltr'>et</span> <span class='ocrx_word' id='word_1_41' title='bbox 1798 1113 1976 1185; x_wconf 83' lang='lat' dir='ltr'>pariet</span> <span class='ocrx_word' id='word_1_42' title='bbox 2013 1116 2080 1185; x_wconf 83' lang='lat' dir='ltr'>ﬁ-</span> 
     </span>
    </p>
   </div>
   <div class='ocr_carea' id='block_1_10' title="bbox 367 1203 2081 1275">
    <p class='ocr_par' dir='ltr' id='par_1_10' title="bbox 367 1203 2081 1275">
     <span class='ocr_line' id='line_1_10' title="bbox 367 1203 2081 1275; baseline 0.001 -17"><span class='ocrx_word' id='word_1_43' title='bbox 367 1206 531 1270; x_wconf 80' lang='lat' dir='ltr'>lium,</span> <span class='ocrx_word' id='word_1_44' title='bbox 562 1213 613 1258; x_wconf 85' lang='lat' dir='ltr'>et</span> <span class='ocrx_word' id='word_1_45' title='bbox 646 1204 857 1259; x_wconf 81' lang='lat' dir='ltr'>vocabis</span> <span class='ocrx_word' id='word_1_46' title='bbox 906 1219 1101 1258; x_wconf 76' lang='lat' dir='ltr'>nomen</span> <span class='ocrx_word' id='word_1_47' title='bbox 1132 1204 1249 1274; x_wconf 76' lang='lat' dir='ltr'>ejus</span> <span class='ocrx_word' id='word_1_48' title='bbox 1296 1204 1558 1259; x_wconf 82' lang='lat' dir='ltr'>Joannem</span> <span class='ocrx_word' id='word_1_49' title='bbox 1581 1221 1602 1266; x_wconf 86' lang='lat'><strong><em>;</em></strong></span> <span class='ocrx_word' id='word_1_50' title='bbox 1634 1203 1822 1275; x_wconf 89' lang='lat' dir='ltr'>primo</span> <span class='ocrx_word' id='word_1_51' title='bbox 1856 1204 1962 1261; x_wconf 89' lang='lat' dir='ltr'>hoc</span> <span class='ocrx_word' id='word_1_52' title='bbox 1992 1212 2081 1259; x_wconf 82' lang='lat' dir='ltr'>at-</span> 
     </span>
    </p>
   </div>
   <div class='ocr_carea' id='block_1_11' title="bbox 366 1293 2081 1364">
    <p class='ocr_par' dir='ltr' id='par_1_11' title="bbox 366 1293 2081 1364">
     <span class='ocr_line' id='line_1_11' title="bbox 366 1293 2081 1364; baseline 0.001 -17"><span class='ocrx_word' id='word_1_53' title='bbox 366 1294 727 1349; x_wconf 87' lang='lat' dir='ltr'>tendendum</span> <span class='ocrx_word' id='word_1_54' title='bbox 760 1298 873 1360; x_wconf 90' lang='lat' dir='ltr'>est,</span> <span class='ocrx_word' id='word_1_55' title='bbox 908 1294 1047 1364; x_wconf 86' lang='lat' dir='ltr'>quia</span> <span class='ocrx_word' id='word_1_56' title='bbox 1076 1308 1186 1347; x_wconf 89' lang='lat' dir='ltr'>non</span> <span class='ocrx_word' id='word_1_57' title='bbox 1223 1300 1307 1347; x_wconf 90' lang='lat' dir='ltr'>est</span> <span class='ocrx_word' id='word_1_58' title='bbox 1338 1293 1670 1363; x_wconf 89' lang='lat' dir='ltr'>verisimile,</span> <span class='ocrx_word' id='word_1_59' title='bbox 1705 1298 1768 1348; x_wconf 90' lang='lat' dir='ltr'>ut</span> <span class='ocrx_word' id='word_1_60' title='bbox 1814 1311 1946 1348; x_wconf 87' lang='lat' dir='ltr'>cum</span> <span class='ocrx_word' id='word_1_61' title='bbox 1980 1311 2081 1363; x_wconf 90' lang='lat' dir='ltr'>pro</span> 
     </span>
    </p>
   </div>
   <div class='ocr_carea' id='block_1_12' title="bbox 366 1382 2084 1455">
    <p class='ocr_par' dir='ltr' id='par_1_12' title="bbox 366 1382 2084 1455">
     <span class='ocr_line' id='line_1_12' title="bbox 366 1382 2084 1455; baseline 0.002 -20"><span class='ocrx_word' id='word_1_62' title='bbox 366 1383 576 1453; x_wconf 87' lang='lat' dir='ltr'>populi</span> <span class='ocrx_word' id='word_1_63' title='bbox 612 1382 865 1455; x_wconf 75' lang='lat' dir='ltr'>peccatis</span> <span class='ocrx_word' id='word_1_64' title='bbox 906 1383 993 1437; x_wconf 88' lang='lat' dir='ltr'>vel</span> <span class='ocrx_word' id='word_1_65' title='bbox 1025 1385 1217 1438; x_wconf 85' lang='lat' dir='ltr'>salute</span> <span class='ocrx_word' id='word_1_66' title='bbox 1247 1382 1334 1437; x_wconf 86' lang='lat' dir='ltr'>vel</span> <span class='ocrx_word' id='word_1_67' title='bbox 1368 1384 1761 1454; x_wconf 84' lang='lat' dir='ltr'>redemptione</span> <span class='ocrx_word' id='word_1_68' title='bbox 1795 1384 1888 1439; x_wconf 90' lang='lat' dir='ltr'>ille</span> <span class='ocrx_word' id='word_1_69' title='bbox 1918 1385 2084 1439; x_wconf 80' lang='lat' dir='ltr'>oﬁ‘cr-</span> 
     </span>
    </p>
   </div>
   <div class='ocr_carea' id='block_1_13' title="bbox 365 1472 2081 1544">
    <p class='ocr_par' dir='ltr' id='par_1_13' title="bbox 365 1472 2081 1544">
     <span class='ocr_line' id='line_1_13' title="bbox 365 1472 2081 1544; baseline 0.001 -17"><span class='ocrx_word' id='word_1_70' title='bbox 365 1480 476 1537; x_wconf 84' lang='lat' dir='ltr'>ret,</span> <span class='ocrx_word' id='word_1_71' title='bbox 512 1473 561 1527; x_wconf 91' lang='lat' dir='ltr'>si</span> <span class='ocrx_word' id='word_1_72' title='bbox 600 1474 835 1544; x_wconf 84' lang='lat' dir='ltr'>quidem</span> <span class='ocrx_word' id='word_1_73' title='bbox 870 1472 1121 1544; x_wconf 91' lang='lat' dir='ltr'>populus</span> <span class='ocrx_word' id='word_1_74' title='bbox 1153 1489 1281 1528; x_wconf 88' lang='lat' dir='ltr'>eum</span> <span class='ocrx_word' id='word_1_75' title='bbox 1315 1473 1684 1544; x_wconf 72' lang='lat' dir='ltr'>exspectabat</span> <span class='ocrx_word' id='word_1_76' title='bbox 1723 1474 2081 1541; x_wconf 75' lang='lat' dir='ltr'>offerentem,</span> 
     </span>
    </p>
   </div>
   <div class='ocr_carea' id='block_1_14' title="bbox 367 1562 2084 1635">
    <p class='ocr_par' dir='ltr' id='par_1_14' title="bbox 367 1562 2084 1635">
     <span class='ocr_line' id='line_1_14' title="bbox 367 1562 2084 1635; baseline 0.002 -19"><span class='ocrx_word' id='word_1_77' title='bbox 367 1562 533 1632; x_wconf 91' lang='lat' dir='ltr'>quod</span> <span class='ocrx_word' id='word_1_78' title='bbox 560 1564 808 1633; x_wconf 89' lang='lat' dir='ltr'>potuerit</span> <span class='ocrx_word' id='word_1_79' title='bbox 839 1564 1054 1620; x_wconf 72' lang='lat' dir='ltr'>relictis</span> <span class='ocrx_word' id='word_1_80' title='bbox 1077 1562 1323 1635; x_wconf 86' lang='lat' dir='ltr'>publicis</span> <span class='ocrx_word' id='word_1_81' title='bbox 1355 1564 1499 1619; x_wconf 85' lang='lat' dir='ltr'>votis</span> <span class='ocrx_word' id='word_1_82' title='bbox 1530 1563 1703 1619; x_wconf 88' lang='lat' dir='ltr'>homo</span> <span class='ocrx_word' id='word_1_83' title='bbox 1726 1580 1920 1630; x_wconf 83' lang='lat' dir='ltr'>senex,</span> <span class='ocrx_word' id='word_1_84' title='bbox 1948 1581 2084 1620; x_wconf 81' lang='lat' dir='ltr'>uxo-</span> 
     </span>
    </p>
   </div>
   <div class='ocr_carea' id='block_1_15' title="bbox 369 1654 2079 1725">
    <p class='ocr_par' dir='ltr' id='par_1_15' title="bbox 369 1654 2079 1725">
     <span class='ocr_line' id='line_1_15' title="bbox 369 1654 2079 1725; baseline 0.001 -18"><span class='ocrx_word' id='word_1_85' title='bbox 369 1669 497 1708; x_wconf 85' lang='lat' dir='ltr'>rem</span> <span class='ocrx_word' id='word_1_86' title='bbox 533 1654 755 1711; x_wconf 85' lang='lat' dir='ltr'>habens</span> <span class='ocrx_word' id='word_1_87' title='bbox 788 1670 989 1721; x_wconf 86' lang='lat' dir='ltr'>anum,</span> <span class='ocrx_word' id='word_1_88' title='bbox 1020 1671 1122 1725; x_wconf 89' lang='lat' dir='ltr'>pro</span> <span class='ocrx_word' id='word_1_89' title='bbox 1146 1654 1500 1723; x_wconf 82' lang='lat' dir='ltr'>accipiendis</span> <span class='ocrx_word' id='word_1_90' title='bbox 1541 1654 1671 1709; x_wconf 87' lang='lat' dir='ltr'>ﬁliis</span> <span class='ocrx_word' id='word_1_91' title='bbox 1701 1671 1862 1711; x_wconf 87' lang='lat' dir='ltr'>orare</span> <span class='ocrx_word' id='word_1_92' title='bbox 1890 1672 1901 1710; x_wconf 91' lang='lat'>:</span> <span class='ocrx_word' id='word_1_93' title='bbox 1938 1670 2079 1725; x_wconf 68' lang='lat' dir='ltr'>prae-</span> 
     </span>
    </p>
   </div>
   <div class='ocr_carea' id='block_1_16' title="bbox 366 1743 2078 1815">
    <p class='ocr_par' dir='ltr' id='par_1_16' title="bbox 366 1743 2078 1815">
     <span class='ocr_line' id='line_1_16' title="bbox 366 1743 2078 1815; baseline -0.001 -16"><span class='ocrx_word' id='word_1_94' title='bbox 366 1745 573 1799; x_wconf 85' lang='lat' dir='ltr'>sertim</span> <span class='ocrx_word' id='word_1_95' title='bbox 604 1743 739 1815; x_wconf 86' lang='lat' dir='ltr'>quia</span> <span class='ocrx_word' id='word_1_96' title='bbox 777 1759 947 1799; x_wconf 88' lang='lat' dir='ltr'>nemo</span> <span class='ocrx_word' id='word_1_97' title='bbox 976 1748 1103 1799; x_wconf 85' lang='lat' dir='ltr'>orat</span> <span class='ocrx_word' id='word_1_98' title='bbox 1125 1744 1406 1814; x_wconf 88' lang='lat' dir='ltr'>accipere,</span> <span class='ocrx_word' id='word_1_99' title='bbox 1444 1745 1595 1813; x_wconf 91' lang='lat' dir='ltr'>quod</span> <span class='ocrx_word' id='word_1_100' title='bbox 1622 1760 1682 1798; x_wconf 91' lang='lat' dir='ltr'>se</span> <span class='ocrx_word' id='word_1_101' title='bbox 1706 1749 2078 1815; x_wconf 87' lang='lat' dir='ltr'>accepturum</span> 
     </span>
    </p>
   </div>
   <div class='ocr_carea' id='block_1_17' title="bbox 370 1833 2079 1905">
    <p class='ocr_par' dir='ltr' id='par_1_17' title="bbox 370 1833 2079 1905">
     <span class='ocr_line' id='line_1_17' title="bbox 370 1833 2079 1905; baseline 0 -16"><span class='ocrx_word' id='word_1_102' title='bbox 370 1850 502 1889; x_wconf 85' lang='lat' dir='ltr'>esse</span> <span class='ocrx_word' id='word_1_103' title='bbox 522 1834 826 1905; x_wconf 78' lang='lat' dir='ltr'>desperat;</span> <span class='ocrx_word' id='word_1_104' title='bbox 863 1850 1051 1904; x_wconf 88' lang='lat' dir='ltr'>usque</span> <span class='ocrx_word' id='word_1_105' title='bbox 1077 1834 1218 1889; x_wconf 89' lang='lat' dir='ltr'>adeo</span> <span class='ocrx_word' id='word_1_106' title='bbox 1243 1838 1436 1888; x_wconf 87' lang='lat' dir='ltr'>autem</span> <span class='ocrx_word' id='word_1_107' title='bbox 1471 1833 1567 1888; x_wconf 90' lang='lat' dir='ltr'>ille</span> <span class='ocrx_word' id='word_1_108' title='bbox 1598 1834 1719 1902; x_wconf 82' lang='lat' dir='ltr'>jam</span> <span class='ocrx_word' id='word_1_109' title='bbox 1756 1850 1815 1889; x_wconf 90' lang='lat' dir='ltr'>se</span> <span class='ocrx_word' id='word_1_110' title='bbox 1849 1834 2079 1889; x_wconf 89' lang='lat' dir='ltr'>habitu-</span> 
     </span>
    </p>
   </div>
   <div class='ocr_carea' id='block_1_18' title="bbox 368 1923 2079 1995">
    <p class='ocr_par' dir='ltr' id='par_1_18' title="bbox 368 1923 2079 1995">
     <span class='ocr_line' id='line_1_18' title="bbox 368 1923 2079 1995; baseline 0 -18"><span class='ocrx_word' id='word_1_111' title='bbox 368 1941 506 1978; x_wconf 86' lang='lat' dir='ltr'>rum</span> <span class='ocrx_word' id='word_1_112' title='bbox 570 1924 721 1979; x_wconf 85' lang='lat' dir='ltr'>ﬁlios</span> <span class='ocrx_word' id='word_1_113' title='bbox 773 1923 1139 1995; x_wconf 82' lang='lat' dir='ltr'>desperabat,</span> <span class='ocrx_word' id='word_1_114' title='bbox 1192 1927 1254 1977; x_wconf 91' lang='lat' dir='ltr'>ut</span> <span class='ocrx_word' id='word_1_115' title='bbox 1302 1923 1412 1977; x_wconf 88' lang='lat' dir='ltr'>hoc</span> <span class='ocrx_word' id='word_1_116' title='bbox 1458 1923 1658 1993; x_wconf 81' lang='lat' dir='ltr'>angelo</span> <span class='ocrx_word' id='word_1_117' title='bbox 1717 1924 2079 1994; x_wconf 72' lang='lat' dir='ltr'>promittenti</span> 
     </span>
    </p>
   </div>
   <div class='ocr_carea' id='block_1_19' title="bbox 365 2012 2078 2083">
    <p class='ocr_par' dir='ltr' id='par_1_19' title="bbox 365 2012 2078 2083">
     <span class='ocr_line' id='line_1_19' title="bbox 365 2012 2078 2083; baseline -0.001 -10"><span class='ocrx_word' id='word_1_118' title='bbox 365 2032 486 2073; x_wconf 87' lang='lat' dir='ltr'>non</span> <span class='ocrx_word' id='word_1_119' title='bbox 525 2014 800 2069; x_wconf 79' lang='lat' dir='ltr'>crederet.</span> <span class='ocrx_word' id='word_1_120' title='bbox 827 2014 969 2083; x_wconf 82' lang='lat' dir='ltr'>Ergo</span> <span class='ocrx_word' id='word_1_121' title='bbox 995 2012 1150 2083; x_wconf 90' lang='lat' dir='ltr'>quod</span> <span class='ocrx_word' id='word_1_122' title='bbox 1168 2013 1216 2067; x_wconf 90' lang='lat' dir='ltr'>ei</span> <span class='ocrx_word' id='word_1_123' title='bbox 1242 2012 1472 2078; x_wconf 88' lang='lat' dir='ltr'>dicitur,</span> <span class='ocrx_word' id='word_1_124' title='bbox 1500 2014 1773 2067; x_wconf 74' lang='lat' dir='ltr'>Exaudite</span> <span class='ocrx_word' id='word_1_125' title='bbox 1802 2018 1879 2068; x_wconf 82' lang='lat' dir='ltr'>est</span> <span class='ocrx_word' id='word_1_126' title='bbox 1900 2016 2078 2071; x_wconf 80' lang='lat' dir='ltr'>oratio</span> 
     </span>
    </p>
   </div>
   <div class='ocr_carea' id='block_1_20' title="bbox 365 2103 2080 2177">
    <p class='ocr_par' dir='ltr' id='par_1_20' title="bbox 365 2103 2080 2177">
     <span class='ocr_line' id='line_1_20' title="bbox 365 2103 2080 2177; baseline -0.001 -15"><span class='ocrx_word' id='word_1_127' title='bbox 365 2116 491 2172; x_wconf 82' lang='lat' dir='ltr'>tua,</span> <span class='ocrx_word' id='word_1_128' title='bbox 526 2121 626 2177; x_wconf 89' lang='lat' dir='ltr'>pro</span> <span class='ocrx_word' id='word_1_129' title='bbox 660 2105 873 2176; x_wconf 88' lang='lat' dir='ltr'>populo</span> <span class='ocrx_word' id='word_1_130' title='bbox 898 2103 1339 2174; x_wconf 86' lang='lat' dir='ltr'>intelligendum</span> <span class='ocrx_word' id='word_1_131' title='bbox 1364 2108 1488 2159; x_wconf 90' lang='lat' dir='ltr'>est:</span> <span class='ocrx_word' id='word_1_132' title='bbox 1524 2105 1687 2174; x_wconf 87' lang='lat' dir='ltr'>cujus</span> <span class='ocrx_word' id='word_1_133' title='bbox 1714 2106 1908 2175; x_wconf 87' lang='lat' dir='ltr'>populi</span> <span class='ocrx_word' id='word_1_134' title='bbox 1941 2124 2080 2177; x_wconf 88' lang='lat' dir='ltr'>quo-</span> 
     </span>
    </p>
   </div>
   <div class='ocr_carea' id='block_1_21' title="bbox 362 2196 2081 2271">
    <p class='ocr_par' dir='ltr' id='par_1_21' title="bbox 362 2196 2081 2271">
     <span class='ocr_line' id='line_1_21' title="bbox 362 2196 2081 2271; baseline -0.001 -15"><span class='ocrx_word' id='word_1_135' title='bbox 362 2202 528 2257; x_wconf 84' lang='lat' dir='ltr'>niam</span> <span class='ocrx_word' id='word_1_136' title='bbox 564 2198 724 2254; x_wconf 88' lang='lat' dir='ltr'>salus</span> <span class='ocrx_word' id='word_1_137' title='bbox 755 2202 813 2253; x_wconf 90' lang='lat' dir='ltr'>et</span> <span class='ocrx_word' id='word_1_138' title='bbox 865 2196 1184 2268; x_wconf 83' lang='lat' dir='ltr'>redemptio</span> <span class='ocrx_word' id='word_1_139' title='bbox 1216 2202 1271 2252; x_wconf 89' lang='lat' dir='ltr'>et</span> <span class='ocrx_word' id='word_1_140' title='bbox 1302 2203 1667 2267; x_wconf 80' lang='lat' dir='ltr'>peccatorum</span> <span class='ocrx_word' id='word_1_141' title='bbox 1717 2198 1950 2253; x_wconf 77' lang='lat' dir='ltr'>abolitio</span> <span class='ocrx_word' id='word_1_142' title='bbox 1979 2216 2081 2271; x_wconf 87' lang='lat' dir='ltr'>per</span> 
     </span>
    </p>
   </div>
   <div class='ocr_carea' id='block_1_22' title="bbox 368 2288 2075 2356">
    <p class='ocr_par' dir='ltr' id='par_1_22' title="bbox 368 2288 2075 2356">
     <span class='ocr_line' id='line_1_22' title="bbox 368 2288 2075 2356; baseline -0.002 -9"><span class='ocrx_word' id='word_1_143' title='bbox 368 2291 671 2347; x_wconf 87' lang='lat' dir='ltr'>Christum</span> <span class='ocrx_word' id='word_1_144' title='bbox 721 2289 917 2344; x_wconf 79' lang='lat' dir='ltr'>futura</span> <span class='ocrx_word' id='word_1_145' title='bbox 948 2294 1089 2356; x_wconf 84' lang='lat' dir='ltr'>eral,</span> <span class='ocrx_word' id='word_1_146' title='bbox 1126 2288 1195 2343; x_wconf 89' lang='lat' dir='ltr'>ad</span> <span class='ocrx_word' id='word_1_147' title='bbox 1226 2288 1333 2343; x_wconf 89' lang='lat' dir='ltr'>hoc</span> <span class='ocrx_word' id='word_1_148' title='bbox 1368 2288 1658 2343; x_wconf 76' lang='lat' dir='ltr'>nuntiatur</span> <span class='ocrx_word' id='word_1_149' title='bbox 1688 2288 1975 2344; x_wconf 80' lang='lat' dir='ltr'>Zachariae</span> <span class='ocrx_word' id='word_1_150' title='bbox 2008 2290 2075 2343; x_wconf 87' lang='lat' dir='ltr'>ﬁ-</span> 
     </span>
    </p>
   </div>
   <div class='ocr_carea' id='block_1_23' title="bbox 361 2378 2077 2450">
    <p class='ocr_par' dir='ltr' id='par_1_23' title="bbox 361 2378 2077 2450">
     <span class='ocr_line' id='line_1_23' title="bbox 361 2378 2077 2450; baseline -0.001 -13"><span class='ocrx_word' id='word_1_151' title='bbox 361 2383 485 2437; x_wconf 84' lang='lat' dir='ltr'>lius</span> <span class='ocrx_word' id='word_1_152' title='bbox 520 2381 871 2448; x_wconf 83' lang='lat' dir='ltr'>nasciturus,</span> <span class='ocrx_word' id='word_1_153' title='bbox 905 2378 1043 2450; x_wconf 85' lang='lat' dir='ltr'>quia</span> <span class='ocrx_word' id='word_1_154' title='bbox 1074 2395 1390 2449; x_wconf 73' lang='lat' dir='ltr'>prmcursor</span> <span class='ocrx_word' id='word_1_155' title='bbox 1413 2380 1620 2435; x_wconf 84' lang='lat' dir='ltr'>Christi</span> <span class='ocrx_word' id='word_1_156' title='bbox 1650 2380 2077 2436; x_wconf 88' lang='lat' dir='ltr'>destinabatur.</span> 
     </span>
    </p>
   </div>
   <div class='ocr_carea' id='block_1_24' title="bbox 362 2469 2077 2541">
    <p class='ocr_par' dir='ltr' id='par_1_24' title="bbox 362 2469 2077 2541">
     <span class='ocr_line' id='line_1_24' title="bbox 362 2469 2077 2541; baseline 0 -16"><span class='ocrx_word' id='word_1_157' title='bbox 362 2471 536 2535; x_wconf 88' lang='lat' dir='ltr'>Quod</span> <span class='ocrx_word' id='word_1_158' title='bbox 571 2474 772 2525; x_wconf 84' lang='lat' dir='ltr'>autum</span> <span class='ocrx_word' id='word_1_159' title='bbox 806 2469 858 2524; x_wconf 85' lang='lat' dir='ltr'>ei</span> <span class='ocrx_word' id='word_1_160' title='bbox 893 2486 1006 2524; x_wconf 89' lang='lat' dir='ltr'>non</span> <span class='ocrx_word' id='word_1_161' title='bbox 1030 2469 1282 2523; x_wconf 86' lang='lat' dir='ltr'>credenti</span> <span class='ocrx_word' id='word_1_162' title='bbox 1303 2470 1524 2537; x_wconf 82' lang='lat' dir='ltr'>angelo,</span> <span class='ocrx_word' id='word_1_163' title='bbox 1554 2469 1625 2523; x_wconf 88' lang='lat' dir='ltr'>ab</span> <span class='ocrx_word' id='word_1_164' title='bbox 1648 2470 1850 2525; x_wconf 86' lang='lat' dir='ltr'>eodem</span> <span class='ocrx_word' id='word_1_165' title='bbox 1874 2469 2077 2541; x_wconf 79' lang='lat' dir='ltr'>angelo</span> 
     </span>
    </p>
   </div>
   <div class='ocr_carea' id='block_1_25' title="bbox 363 2558 2074 2630">
    <p class='ocr_par' dir='ltr' id='par_1_25' title="bbox 363 2558 2074 2630">
     <span class='ocr_line' id='line_1_25' title="bbox 363 2558 2074 2630; baseline -0.001 -15"><span class='ocrx_word' id='word_1_166' title='bbox 363 2561 609 2628; x_wconf 81' lang='lat' dir='ltr'>dicitur,</span> <span class='ocrx_word' id='word_1_167' title='bbox 643 2561 703 2613; x_wconf 88' lang='lat' dir='ltr'>Et</span> <span class='ocrx_word' id='word_1_168' title='bbox 732 2574 851 2615; x_wconf 77' lang='lat' dir='ltr'>erce</span> <span class='ocrx_word' id='word_1_169' title='bbox 891 2558 1003 2614; x_wconf 79' lang='lat' dir='ltr'>eris</span> <span class='ocrx_word' id='word_1_170' title='bbox 1047 2563 1236 2614; x_wconf 78' lang='lat' dir='ltr'>tacens</span> <span class='ocrx_word' id='word_1_171' title='bbox 1275 2559 1445 2614; x_wconf 84' lang='lat' dir='ltr'>donec</span> <span class='ocrx_word' id='word_1_172' title='bbox 1495 2560 1826 2630; x_wconf 77' lang='lat' dir='ltr'>impleantur</span> <span class='ocrx_word' id='word_1_173' title='bbox 1856 2560 1966 2614; x_wconf 66' lang='lat' dir='ltr'>haec</span> <span class='ocrx_word' id='word_1_174' title='bbox 2018 2564 2074 2614; x_wconf 85' lang='lat' dir='ltr'>in</span> 
     </span>
    </p>
   </div>
   <div class='ocr_carea' id='block_1_26' title="bbox 365 2647 2076 2721">
    <p class='ocr_par' dir='ltr' id='par_1_26' title="bbox 365 2647 2076 2721">
     <span class='ocr_line' id='line_1_26' title="bbox 365 2647 2076 2721; baseline -0.001 -15"><span class='ocrx_word' id='word_1_175' title='bbox 365 2659 617 2720; x_wconf 85' lang='lat' dir='ltr'>tempore</span> <span class='ocrx_word' id='word_1_176' title='bbox 646 2664 764 2715; x_wconf 74' lang='lat' dir='ltr'>suo,</span> <span class='ocrx_word' id='word_1_177' title='bbox 786 2647 1232 2719; x_wconf 84' lang='lat' dir='ltr'>intelligendum</span> <span class='ocrx_word' id='word_1_178' title='bbox 1257 2652 1345 2703; x_wconf 87' lang='lat' dir='ltr'>est</span> <span class='ocrx_word' id='word_1_179' title='bbox 1362 2648 1725 2719; x_wconf 85' lang='lat' dir='ltr'>signiﬁcasse</span> <span class='ocrx_word' id='word_1_180' title='bbox 1757 2650 1910 2720; x_wconf 87' lang='lat' dir='ltr'>quod</span> <span class='ocrx_word' id='word_1_181' title='bbox 1945 2667 2076 2721; x_wconf 89' lang='lat' dir='ltr'>pro-</span> 
     </span>
    </p>
   </div>
   <div class='ocr_carea' id='block_1_27' title="bbox 362 2739 2076 2811">
    <p class='ocr_par' dir='ltr' id='par_1_27' title="bbox 362 2739 2076 2811">
     <span class='ocr_line' id='line_1_27' title="bbox 362 2739 2076 2811; baseline 0.001 -17"><span class='ocrx_word' id='word_1_182' title='bbox 362 2739 573 2811; x_wconf 85' lang='lat' dir='ltr'>phetia</span> <span class='ocrx_word' id='word_1_183' title='bbox 594 2754 771 2809; x_wconf 89' lang='lat' dir='ltr'>usque</span> <span class='ocrx_word' id='word_1_184' title='bbox 792 2739 864 2793; x_wconf 89' lang='lat' dir='ltr'>ad</span> <span class='ocrx_word' id='word_1_185' title='bbox 895 2742 1207 2805; x_wconf 89' lang='lat' dir='ltr'>Joannem,</span> <span class='ocrx_word' id='word_1_186' title='bbox 1232 2742 1510 2809; x_wconf 84' lang='lat' dir='ltr'>tanquam</span> <span class='ocrx_word' id='word_1_187' title='bbox 1544 2756 1576 2794; x_wconf 87' lang='lat' dir='ltr'>a</span> <span class='ocrx_word' id='word_1_188' title='bbox 1606 2756 1747 2795; x_wconf 89' lang='lat' dir='ltr'>sono</span> <span class='ocrx_word' id='word_1_189' title='bbox 1772 2739 1962 2795; x_wconf 88' lang='lat' dir='ltr'>sileret</span> <span class='ocrx_word' id='word_1_190' title='bbox 1984 2742 2076 2795; x_wconf 84' lang='lat' dir='ltr'>in-</span> 
     </span>
    </p>
   </div>
   <div class='ocr_carea' id='block_1_28' title="bbox 366 2827 2078 2899">
    <p class='ocr_par' dir='ltr' id='par_1_28' title="bbox 366 2827 2078 2899">
     <span class='ocr_line' id='line_1_28' title="bbox 366 2827 2078 2899; baseline 0.003 -17"><span class='ocrx_word' id='word_1_191' title='bbox 366 2828 656 2899; x_wconf 87' lang='lat' dir='ltr'>telligihili</span> <span class='ocrx_word' id='word_1_192' title='bbox 687 2843 699 2891; x_wconf 88' lang='lat'><strong>;</strong></span> <span class='ocrx_word' id='word_1_193' title='bbox 735 2827 875 2899; x_wconf 84' lang='lat' dir='ltr'>quia</span> <span class='ocrx_word' id='word_1_194' title='bbox 904 2844 1017 2883; x_wconf 90' lang='lat' dir='ltr'>non</span> <span class='ocrx_word' id='word_1_195' title='bbox 1051 2835 1136 2882; x_wconf 89' lang='lat' dir='ltr'>est</span> <span class='ocrx_word' id='word_1_196' title='bbox 1167 2827 1482 2894; x_wconf 89' lang='lat' dir='ltr'>intellecta,</span> <span class='ocrx_word' id='word_1_197' title='bbox 1534 2829 1715 2885; x_wconf 90' lang='lat' dir='ltr'>donec</span> <span class='ocrx_word' id='word_1_198' title='bbox 1744 2829 1803 2884; x_wconf 89' lang='lat' dir='ltr'>in</span> <span class='ocrx_word' id='word_1_199' title='bbox 1836 2828 2078 2887; x_wconf 89' lang='lat' dir='ltr'>Domino</span> 
     </span>
    </p>
   </div>
   <div class='ocr_carea' id='block_1_29' title="bbox 369 2918 783 2988">
    <p class='ocr_par' dir='ltr' id='par_1_29' title="bbox 369 2918 783 2988">
     <span class='ocr_line' id='line_1_29' title="bbox 369 2918 783 2988; baseline -0.007 -14"><span class='ocrx_word' id='word_1_200' title='bbox 369 2918 783 2988; x_wconf 82' lang='lat' dir='ltr'>compleretur.</span> 
     </span>
    </p>
   </div>
   <div class='ocr_carea' id='block_1_30' title="bbox 438 3006 2081 3079">
    <p class='ocr_par' dir='ltr' id='par_1_30' title="bbox 438 3006 2081 3079">
     <span class='ocr_line' id='line_1_30' title="bbox 438 3006 2081 3079; baseline 0.005 -18"><span class='ocrx_word' id='word_1_201' title='bbox 438 3010 513 3063; x_wconf 81' lang='lat' dir='ltr'>ll.</span> <span class='ocrx_word' id='word_1_202' title='bbox 546 3007 658 3079; x_wconf 86' lang='lat' dir='ltr'>[1b.</span> <span class='ocrx_word' id='word_1_203' title='bbox 692 3024 745 3077; x_wconf 83' lang='lat' dir='ltr'>v,</span> <span class='ocrx_word' id='word_1_204' title='bbox 779 3007 965 3077; x_wconf 74' lang='lat'>3-11.]</span> <span class='ocrx_word' id='word_1_205' title='bbox 1009 3006 1173 3070; x_wconf 86' lang='lat' dir='ltr'>Quod</span> <span class='ocrx_word' id='word_1_206' title='bbox 1210 3010 1487 3065; x_wconf 89' lang='lat' dir='ltr'>Dominus</span> <span class='ocrx_word' id='word_1_207' title='bbox 1520 3011 1589 3067; x_wconf 88' lang='lat' dir='ltr'>de</span> <span class='ocrx_word' id='word_1_208' title='bbox 1619 3012 1884 3068; x_wconf 84' lang='lat' dir='ltr'>navicula</span> <span class='ocrx_word' id='word_1_209' title='bbox 1914 3014 2081 3069; x_wconf 91' lang='lat' dir='ltr'>docet</span> 
     </span>
    </p>
   </div>
   <div class='ocr_carea' id='block_1_31' title="bbox 368 3096 2079 3171">
    <p class='ocr_par' dir='ltr' id='par_1_31' title="bbox 368 3096 2079 3171">
     <span class='ocr_line' id='line_1_31' title="bbox 368 3096 2079 3171; baseline 0.004 -19"><span class='ocrx_word' id='word_1_210' title='bbox 368 3098 603 3163; x_wconf 79' lang='lat' dir='ltr'>turbas,</span> <span class='ocrx_word' id='word_1_211' title='bbox 636 3096 982 3167; x_wconf 79' lang='lat' dir='ltr'>significavit</span> <span class='ocrx_word' id='word_1_212' title='bbox 1014 3098 1121 3153; x_wconf 92' lang='lat' dir='ltr'>hoc</span> <span class='ocrx_word' id='word_1_213' title='bbox 1154 3105 1395 3171; x_wconf 84' lang='lat' dir='ltr'>tempus,</span> <span class='ocrx_word' id='word_1_214' title='bbox 1430 3103 1663 3171; x_wconf 88' lang='lat' dir='ltr'>quando</span> <span class='ocrx_word' id='word_1_215' title='bbox 1696 3103 1977 3159; x_wconf 86' lang='lat' dir='ltr'>Dominus</span> <span class='ocrx_word' id='word_1_216' title='bbox 2009 3105 2079 3160; x_wconf 88' lang='lat' dir='ltr'>de</span> 
     </span>
    </p>
   </div>
   <div class='ocr_carea' id='block_1_32' title="bbox 364 3186 2080 3261">
    <p class='ocr_par' dir='ltr' id='par_1_32' title="bbox 364 3186 2080 3261">
     <span class='ocr_line' id='line_1_32' title="bbox 364 3186 2080 3261; baseline 0.003 -18"><span class='ocrx_word' id='word_1_217' title='bbox 364 3188 716 3243; x_wconf 76' lang='lat' dir='ltr'>auctoritate</span> <span class='ocrx_word' id='word_1_218' title='bbox 770 3186 1039 3243; x_wconf 68' lang='lat' dir='ltr'>Ecclesiae</span> <span class='ocrx_word' id='word_1_219' title='bbox 1100 3189 1264 3245; x_wconf 88' lang='lat' dir='ltr'>docet</span> <span class='ocrx_word' id='word_1_220' title='bbox 1314 3196 1533 3261; x_wconf 82' lang='lat' dir='ltr'>gentes.</span> <span class='ocrx_word' id='word_1_221' title='bbox 1587 3195 1745 3256; x_wconf 84' lang='lat' dir='ltr'>Quod</span> <span class='ocrx_word' id='word_1_222' title='bbox 1794 3194 2080 3251; x_wconf 88' lang='lat' dir='ltr'>Dominus</span> 
     </span>
    </p>
   </div>
   <div class='ocr_carea' id='block_1_33' title="bbox 363 3275 2078 3351">
    <p class='ocr_par' dir='ltr' id='par_1_33' title="bbox 363 3275 2078 3351">
     <span class='ocr_line' id='line_1_33' title="bbox 363 3275 2078 3351; baseline 0.004 -20"><span class='ocrx_word' id='word_1_223' title='bbox 363 3276 670 3331; x_wconf 73' lang='lat' dir='ltr'>ascendens</span> <span class='ocrx_word' id='word_1_224' title='bbox 703 3275 760 3330; x_wconf 84' lang='lat' dir='ltr'>in</span> <span class='ocrx_word' id='word_1_225' title='bbox 794 3278 999 3342; x_wconf 82' lang='lat' dir='ltr'>navim,</span> <span class='ocrx_word' id='word_1_226' title='bbox 1023 3293 1141 3348; x_wconf 70' lang='lat' dir='ltr'>quae</span> <span class='ocrx_word' id='word_1_227' title='bbox 1162 3288 1279 3333; x_wconf 81' lang='lat' dir='ltr'>erat</span> <span class='ocrx_word' id='word_1_228' title='bbox 1308 3283 1487 3346; x_wconf 81' lang='lat' dir='ltr'>Petri,</span> <span class='ocrx_word' id='word_1_229' title='bbox 1522 3290 1677 3351; x_wconf 87' lang='lat' dir='ltr'>rogat</span> <span class='ocrx_word' id='word_1_230' title='bbox 1707 3298 1835 3337; x_wconf 84' lang='lat' dir='ltr'>eum</span> <span class='ocrx_word' id='word_1_231' title='bbox 1865 3301 1897 3337; x_wconf 88' lang='lat' dir='ltr'>a</span> <span class='ocrx_word' id='word_1_232' title='bbox 1926 3289 2078 3338; x_wconf 83' lang='lat' dir='ltr'>terra</span> 
     </span>
    </p>
   </div>
   <div class='ocr_carea' id='block_1_34' title="bbox 360 3365 2079 3441">
    <p class='ocr_par' dir='ltr' id='par_1_34' title="bbox 360 3365 2079 3441">
     <span class='ocr_line' id='line_1_34' title="bbox 360 3365 2079 3441; baseline 0.004 -20"><span class='ocrx_word' id='word_1_233' title='bbox 360 3366 627 3421; x_wconf 78' lang='lat' dir='ltr'>reducere</span> <span class='ocrx_word' id='word_1_234' title='bbox 668 3365 962 3436; x_wconf 74' lang='lat' dir='ltr'>pusillum,</span> <span class='ocrx_word' id='word_1_235' title='bbox 995 3366 1291 3438; x_wconf 87' lang='lat' dir='ltr'>signiﬁcat</span> <span class='ocrx_word' id='word_1_236' title='bbox 1321 3369 1406 3425; x_wconf 89' lang='lat' dir='ltr'>vel</span> <span class='ocrx_word' id='word_1_237' title='bbox 1441 3375 1757 3441; x_wconf 86' lang='lat' dir='ltr'>temperate</span> <span class='ocrx_word' id='word_1_238' title='bbox 1800 3374 2079 3428; x_wconf 87' lang='lat' dir='ltr'>utendum</span> 
     </span>
    </p>
   </div>
   <div class='ocr_carea' id='block_1_35' title="bbox 362 3454 2078 3532">
    <p class='ocr_par' dir='ltr' id='par_1_35' title="bbox 362 3454 2078 3532">
     <span class='ocr_line' id='line_1_35' title="bbox 362 3454 2078 3532; baseline 0.006 -25"><span class='ocrx_word' id='word_1_239' title='bbox 362 3456 546 3511; x_wconf 86' lang='lat' dir='ltr'>verbo</span> <span class='ocrx_word' id='word_1_240' title='bbox 578 3456 647 3509; x_wconf 88' lang='lat' dir='ltr'>ad</span> <span class='ocrx_word' id='word_1_241' title='bbox 684 3454 903 3523; x_wconf 88' lang='lat' dir='ltr'>turbas,</span> <span class='ocrx_word' id='word_1_242' title='bbox 930 3464 989 3510; x_wconf 92' lang='lat' dir='ltr'>ut</span> <span class='ocrx_word' id='word_1_243' title='bbox 1014 3472 1117 3511; x_wconf 86' lang='lat' dir='ltr'>nec</span> <span class='ocrx_word' id='word_1_244' title='bbox 1140 3462 1371 3515; x_wconf 87' lang='lat' dir='ltr'>terrena</span> <span class='ocrx_word' id='word_1_245' title='bbox 1402 3460 1485 3516; x_wconf 86' lang='lat' dir='ltr'>eis</span> <span class='ocrx_word' id='word_1_246' title='bbox 1519 3461 1938 3532; x_wconf 63' lang='lat' dir='ltr'>praecipiantur,</span> <span class='ocrx_word' id='word_1_247' title='bbox 1976 3478 2078 3517; x_wconf 87' lang='lat' dir='ltr'>nec</span> 
     </span>
    </p>
   </div>
   <div class='ocr_carea' id='block_1_36' title="bbox 361 3544 2075 3616">
    <p class='ocr_par' dir='ltr' id='par_1_36' title="bbox 361 3544 2075 3616">
     <span class='ocr_line' id='line_1_36' title="bbox 361 3544 2075 3616; baseline 0.004 -15"><span class='ocrx_word' id='word_1_248' title='bbox 361 3547 454 3602; x_wconf 86' lang='lat' dir='ltr'>sic</span> <span class='ocrx_word' id='word_1_249' title='bbox 489 3561 523 3599; x_wconf 87' lang='lat' dir='ltr'>a</span> <span class='ocrx_word' id='word_1_250' title='bbox 554 3544 802 3600; x_wconf 87' lang='lat' dir='ltr'>terrenis</span> <span class='ocrx_word' id='word_1_251' title='bbox 836 3545 891 3601; x_wconf 93' lang='lat' dir='ltr'>in</span> <span class='ocrx_word' id='word_1_252' title='bbox 925 3547 1298 3616; x_wconf 76' lang='lat' dir='ltr'>profundiore</span> <span class='ocrx_word' id='word_1_253' title='bbox 1317 3556 1814 3606; x_wconf 87' lang='lat' dir='ltr'>sacramentorum</span> <span class='ocrx_word' id='word_1_254' title='bbox 1842 3554 2075 3608; x_wconf 90' lang='lat' dir='ltr'>receda—</span> 
     </span>
    </p>
   </div>
   <div class='ocr_carea' id='block_1_37' title="bbox 364 3635 2083 3711">
    <p class='ocr_par' dir='ltr' id='par_1_37' title="bbox 364 3635 2083 3711">
     <span class='ocr_line' id='line_1_37' title="bbox 364 3635 2083 3711; baseline 0.003 -20"><span class='ocrx_word' id='word_1_255' title='bbox 364 3640 488 3700; x_wconf 84' lang='lat' dir='ltr'>tur,</span> <span class='ocrx_word' id='word_1_256' title='bbox 522 3639 673 3690; x_wconf 87' lang='lat' dir='ltr'>utea</span> <span class='ocrx_word' id='word_1_257' title='bbox 692 3635 921 3706; x_wconf 89' lang='lat' dir='ltr'>penitus</span> <span class='ocrx_word' id='word_1_258' title='bbox 945 3653 1059 3691; x_wconf 89' lang='lat' dir='ltr'>non</span> <span class='ocrx_word' id='word_1_259' title='bbox 1087 3636 1448 3708; x_wconf 83' lang='lat' dir='ltr'>intelligant:</span> <span class='ocrx_word' id='word_1_260' title='bbox 1483 3642 1567 3695; x_wconf 85' lang='lat' dir='ltr'>vel</span> <span class='ocrx_word' id='word_1_261' title='bbox 1605 3641 1763 3711; x_wconf 90' lang='lat' dir='ltr'>prius</span> <span class='ocrx_word' id='word_1_262' title='bbox 1799 3642 1855 3697; x_wconf 91' lang='lat' dir='ltr'>in</span> <span class='ocrx_word' id='word_1_263' title='bbox 1892 3643 2083 3711; x_wconf 87' lang='lat' dir='ltr'>proxi-</span> 
     </span>
    </p>
   </div>
   <div class='ocr_carea' id='block_1_38' title="bbox 366 3720 2086 3799">
    <p class='ocr_par' dir='ltr' id='par_1_38' title="bbox 366 3720 2086 3799">
     <span class='ocr_line' id='line_1_38' title="bbox 366 3720 2086 3799; baseline 0.005 -24"><span class='ocrx_word' id='word_1_264' title='bbox 366 3720 487 3776; x_wconf 87' lang='lat' dir='ltr'>mis</span> <span class='ocrx_word' id='word_1_265' title='bbox 518 3720 852 3787; x_wconf 76' lang='lat' dir='ltr'>regionibus</span> <span class='ocrx_word' id='word_1_266' title='bbox 882 3722 1153 3794; x_wconf 88' lang='lat' dir='ltr'>gentibus</span> <span class='ocrx_word' id='word_1_267' title='bbox 1180 3726 1611 3794; x_wconf 65' lang='lat' dir='ltr'>praedicandum</span> <span class='ocrx_word' id='word_1_268' title='bbox 1641 3745 1653 3794; x_wconf 92' lang='lat'><strong>;</strong></span> <span class='ocrx_word' id='word_1_269' title='bbox 1681 3732 1744 3782; x_wconf 90' lang='lat' dir='ltr'>ut</span> <span class='ocrx_word' id='word_1_270' title='bbox 1766 3732 1917 3799; x_wconf 89' lang='lat' dir='ltr'>quod</span> <span class='ocrx_word' id='word_1_271' title='bbox 1945 3730 2086 3784; x_wconf 89' lang='lat' dir='ltr'>dicit</span> 
     </span>
    </p>
   </div>
   <div class='ocr_carea' id='block_1_39' title="bbox 366 3810 2081 3882">
    <p class='ocr_par' dir='ltr' id='par_1_39' title="bbox 366 3810 2081 3882">
     <span class='ocr_line' id='line_1_39' title="bbox 366 3810 2081 3882; baseline 0.005 -18"><span class='ocrx_word' id='word_1_272' title='bbox 366 3812 511 3864; x_wconf 88' lang='lat' dir='ltr'>item</span> <span class='ocrx_word' id='word_1_273' title='bbox 569 3812 758 3879; x_wconf 83' lang='lat' dir='ltr'>Petro,</span> <span class='ocrx_word' id='word_1_274' title='bbox 810 3810 923 3865; x_wconf 89' lang='lat' dir='ltr'>Duc</span> <span class='ocrx_word' id='word_1_275' title='bbox 971 3810 1029 3866; x_wconf 87' lang='lat' dir='ltr'>in</span> <span class='ocrx_word' id='word_1_276' title='bbox 1073 3813 1267 3882; x_wconf 83' lang='lat' dir='ltr'>altum,</span> <span class='ocrx_word' id='word_1_277' title='bbox 1308 3823 1358 3869; x_wconf 79' lang='lat' dir='ltr'>et</span> <span class='ocrx_word' id='word_1_278' title='bbox 1392 3816 1573 3871; x_wconf 67' lang='lat' dir='ltr'>taxato</span> <span class='ocrx_word' id='word_1_279' title='bbox 1612 3820 1751 3871; x_wconf 87' lang='lat' dir='ltr'>retia</span> <span class='ocrx_word' id='word_1_280' title='bbox 1796 3826 1977 3873; x_wconf 73' lang='lat' dir='ltr'>vestra</span> <span class='ocrx_word' id='word_1_281' title='bbox 2026 3821 2081 3872; x_wconf 80' lang='lat' dir='ltr'>in</span> 
     </span>
    </p>
   </div>
   <div class='ocr_carea' id='block_1_40' title="bbox 361 3900 2086 3979">
    <p class='ocr_par' dir='ltr' id='par_1_40' title="bbox 361 3900 2086 3979">
     <span class='ocr_line' id='line_1_40' title="bbox 361 3900 2086 3979; baseline 0.005 -25"><span class='ocrx_word' id='word_1_282' title='bbox 361 3906 693 3971; x_wconf 83' lang='lat' dir='ltr'>capturam,</span> <span class='ocrx_word' id='word_1_283' title='bbox 725 3900 796 3954; x_wconf 88' lang='lat' dir='ltr'>ad</span> <span class='ocrx_word' id='word_1_284' title='bbox 830 3901 1166 3957; x_wconf 89' lang='lat' dir='ltr'>remotiores</span> <span class='ocrx_word' id='word_1_285' title='bbox 1212 3909 1433 3973; x_wconf 83' lang='lat' dir='ltr'>gentes,</span> <span class='ocrx_word' id='word_1_286' title='bbox 1467 3906 1678 3976; x_wconf 90' lang='lat' dir='ltr'>quibus</span> <span class='ocrx_word' id='word_1_287' title='bbox 1711 3913 1913 3979; x_wconf 89' lang='lat' dir='ltr'>postea</span> <span class='ocrx_word' id='word_1_288' title='bbox 1944 3925 2086 3979; x_wconf 75' lang='lat' dir='ltr'>pra:-</span> 
     </span>
    </p>
   </div>
   <div class='ocr_carea' id='block_1_41' title="bbox 369 3988 2085 4063">
    <p class='ocr_par' dir='ltr' id='par_1_41' title="bbox 369 3988 2085 4063">
     <span class='ocr_line' id='line_1_41' title="bbox 369 3988 2085 4063; baseline 0.006 -21"><span class='ocrx_word' id='word_1_289' title='bbox 369 3988 633 4043; x_wconf 87' lang='lat' dir='ltr'>dicatum</span> <span class='ocrx_word' id='word_1_290' title='bbox 673 3996 777 4057; x_wconf 89' lang='lat' dir='ltr'>est,</span> <span class='ocrx_word' id='word_1_291' title='bbox 819 3990 1140 4060; x_wconf 87' lang='lat' dir='ltr'>pertineat:</span> <span class='ocrx_word' id='word_1_292' title='bbox 1176 3992 1347 4047; x_wconf 85' lang='lat' dir='ltr'>sicuti</span> <span class='ocrx_word' id='word_1_293' title='bbox 1390 3995 1566 4050; x_wconf 83' lang='lat' dir='ltr'>Isaias</span> <span class='ocrx_word' id='word_1_294' title='bbox 1605 3995 1766 4063; x_wconf 84' lang='lat' dir='ltr'>dicit,</span> <span class='ocrx_word' id='word_1_295' title='bbox 1824 3999 1962 4053; x_wconf 82' lang='lat' dir='ltr'>Tolle</span> <span class='ocrx_word' id='word_1_296' title='bbox 2001 3999 2085 4052; x_wconf 85' lang='grc' dir='ltr'>.ςί-</span> 
     </span>
    </p>
   </div>
   <div class='ocr_carea' id='block_1_42' title="bbox 376 4080 2087 4158">
    <p class='ocr_par' dir='ltr' id='par_1_42' title="bbox 376 4080 2087 4158">
     <span class='ocr_line' id='line_1_42' title="bbox 376 4080 2087 4158; baseline 0.008 -29"><span class='ocrx_word' id='word_1_297' title='bbox 376 4093 551 4143; x_wconf 83' lang='lat' dir='ltr'>gnum</span> <span class='ocrx_word' id='word_1_298' title='bbox 583 4080 636 4131; x_wconf 85' lang='lat' dir='ltr'>in</span> <span class='ocrx_word' id='word_1_299' title='bbox 668 4086 873 4147; x_wconf 84' lang='lat' dir='ltr'>gentes,</span> <span class='ocrx_word' id='word_1_300' title='bbox 906 4080 984 4135; x_wconf 88' lang='lat' dir='ltr'>ad</span> <span class='ocrx_word' id='word_1_301' title='bbox 1013 4096 1103 4136; x_wconf 78' lang='lat' dir='ltr'>ea:</span> <span class='ocrx_word' id='word_1_302' title='bbox 1126 4099 1243 4152; x_wconf 70' lang='lat' dir='ltr'>quae</span> <span class='ocrx_word' id='word_1_303' title='bbox 1265 4099 1453 4155; x_wconf 83' lang='lat' dir='ltr'>prope,</span> <span class='ocrx_word' id='word_1_304' title='bbox 1478 4092 1528 4140; x_wconf 87' lang='lat' dir='ltr'>et</span> <span class='ocrx_word' id='word_1_305' title='bbox 1560 4086 1629 4139; x_wconf 81' lang='lat' dir='ltr'>ad</span> <span class='ocrx_word' id='word_1_306' title='bbox 1660 4103 1760 4141; x_wconf 80' lang='lat' dir='ltr'>eas</span> <span class='ocrx_word' id='word_1_307' title='bbox 1782 4103 1906 4158; x_wconf 62' lang='lat' dir='ltr'>qua:</span> <span class='ocrx_word' id='word_1_308' title='bbox 1928 4089 2087 4154; x_wconf 80' lang='lat' dir='ltr'>longe</span> 
     </span>
    </p>
   </div>
   <div class='ocr_carea' id='block_1_43' title="bbox 373 4167 2087 4243">
    <p class='ocr_par' dir='ltr' id='par_1_43' title="bbox 373 4167 2087 4243">
     <span class='ocr_line' id='line_1_43' title="bbox 373 4167 2087 4243; baseline 0.008 -25"><span class='ocrx_word' id='word_1_309' title='bbox 373 4167 527 4233; x_wconf 72' lang='lat' dir='ltr'>(lsai.</span> <span class='ocrx_word' id='word_1_310' title='bbox 563 4180 698 4235; x_wconf 80' lang='lat' dir='ltr'>Lm,</span> <span class='ocrx_word' id='word_1_311' title='bbox 735 4168 821 4233; x_wconf 88' lang='grc'>10,</span> <span class='ocrx_word' id='word_1_312' title='bbox 855 4171 906 4222; x_wconf 86' lang='lat' dir='ltr'>et</span> <span class='ocrx_word' id='word_1_313' title='bbox 938 4185 1069 4236; x_wconf 84' lang='lat' dir='ltr'>Lvn,</span> <span class='ocrx_word' id='word_1_314' title='bbox 1104 4172 1214 4241; x_wconf 80' lang='grc'>10).</span> <span class='ocrx_word' id='word_1_315' title='bbox 1252 4170 1323 4227; x_wconf 88' lang='lat' dir='ltr'>Ut</span> <span class='ocrx_word' id='word_1_316' title='bbox 1353 4175 1506 4243; x_wconf 93' lang='lat' dir='ltr'>quod</span> <span class='ocrx_word' id='word_1_317' title='bbox 1540 4175 1713 4230; x_wconf 90' lang='lat' dir='ltr'>etiam</span> <span class='ocrx_word' id='word_1_318' title='bbox 1756 4176 1898 4232; x_wconf 88' lang='lat' dir='ltr'>retia</span> <span class='ocrx_word' id='word_1_319' title='bbox 1923 4193 2087 4231; x_wconf 89' lang='lat' dir='ltr'>rum-</span> 
     </span>
    </p>
   </div>
   <div class='ocr_carea' id='block_1_44' title="bbox 364 4255 2086 4336">
    <p class='ocr_par' dir='ltr' id='par_1_44' title="bbox 364 4255 2086 4336">
     <span class='ocr_line' id='line_1_44' title="bbox 364 4255 2086 4336; baseline 0.007 -26"><span class='ocrx_word' id='word_1_320' title='bbox 364 4255 661 4326; x_wconf 88' lang='lat' dir='ltr'>pebantur</span> <span class='ocrx_word' id='word_1_321' title='bbox 691 4256 936 4328; x_wconf 89' lang='lat' dir='ltr'>piscium</span> <span class='ocrx_word' id='word_1_322' title='bbox 953 4260 1137 4330; x_wconf 88' lang='lat' dir='ltr'>copia,</span> <span class='ocrx_word' id='word_1_323' title='bbox 1163 4266 1218 4316; x_wconf 87' lang='lat' dir='ltr'>et</span> <span class='ocrx_word' id='word_1_324' title='bbox 1241 4262 1514 4317; x_wconf 72' lang='lat' dir='ltr'>navicula:</span> <span class='ocrx_word' id='word_1_325' title='bbox 1548 4264 1797 4335; x_wconf 75' lang='lat' dir='ltr'>impleta:</span> <span class='ocrx_word' id='word_1_326' title='bbox 1830 4267 2086 4336; x_wconf 88' lang='lat' dir='ltr'>sunt,ita</span> 
     </span>
    </p>
   </div>
   <div class='ocr_carea' id='block_1_45' title="bbox 362 4348 2083 4419">
    <p class='ocr_par' dir='ltr' id='par_1_45' title="bbox 362 4348 2083 4419">
     <span class='ocr_line' id='line_1_45' title="bbox 362 4348 2083 4419; baseline 0.008 -21"><span class='ocrx_word' id='word_1_327' title='bbox 362 4350 435 4399; x_wconf 87' lang='lat' dir='ltr'>ut</span> <span class='ocrx_word' id='word_1_328' title='bbox 466 4350 889 4416; x_wconf 87' lang='lat' dir='ltr'>mergerentur,</span> <span class='ocrx_word' id='word_1_329' title='bbox 921 4348 1213 4419; x_wconf 88' lang='lat' dir='ltr'>signiticet</span> <span class='ocrx_word' id='word_1_330' title='bbox 1238 4350 1547 4408; x_wconf 89' lang='lat' dir='ltr'>hominum</span> <span class='ocrx_word' id='word_1_331' title='bbox 1584 4355 1908 4410; x_wconf 83' lang='lat' dir='ltr'>carnalium</span> <span class='ocrx_word' id='word_1_332' title='bbox 1939 4355 2083 4411; x_wconf 85' lang='lat' dir='ltr'>mul-</span> 
     </span>
    </p>
   </div>
   <div class='ocr_carea' id='block_1_46' title="bbox 364 4435 2087 4513">
    <p class='ocr_par' dir='ltr' id='par_1_46' title="bbox 364 4435 2087 4513">
     <span class='ocr_line' id='line_1_46' title="bbox 364 4435 2087 4513; baseline 0.006 -22"><span class='ocrx_word' id='word_1_333' title='bbox 364 4435 677 4491; x_wconf 86' lang='lat' dir='ltr'>titudinem</span> <span class='ocrx_word' id='word_1_334' title='bbox 702 4440 921 4492; x_wconf 85' lang='lat' dir='ltr'>tantam</span> <span class='ocrx_word' id='word_1_335' title='bbox 948 4438 1202 4495; x_wconf 80' lang='lat' dir='ltr'>futuram</span> <span class='ocrx_word' id='word_1_336' title='bbox 1228 4440 1287 4494; x_wconf 91' lang='lat' dir='ltr'>in</span> <span class='ocrx_word' id='word_1_337' title='bbox 1312 4442 1586 4513; x_wconf 84' lang='lat' dir='ltr'>Ecclesia,</span> <span class='ocrx_word' id='word_1_338' title='bbox 1617 4449 1679 4499; x_wconf 91' lang='lat' dir='ltr'>ut</span> <span class='ocrx_word' id='word_1_339' title='bbox 1701 4445 1875 4500; x_wconf 88' lang='lat' dir='ltr'>etiam</span> <span class='ocrx_word' id='word_1_340' title='bbox 1896 4446 2087 4501; x_wconf 89' lang='lat' dir='ltr'>disru-</span> 
     </span>
    </p>
   </div>
   <div class='ocr_carea' id='block_1_47' title="bbox 362 4526 2085 4598">
    <p class='ocr_par' dir='ltr' id='par_1_47' title="bbox 362 4526 2085 4598">
     <span class='ocr_line' id='line_1_47' title="bbox 362 4526 2085 4598; baseline 0.008 -18"><span class='ocrx_word' id='word_1_341' title='bbox 362 4526 569 4598; x_wconf 88' lang='lat' dir='ltr'>ptione</span> <span class='ocrx_word' id='word_1_342' title='bbox 590 4527 769 4596; x_wconf 85' lang='lat' dir='ltr'>pacis,</span> <span class='ocrx_word' id='word_1_343' title='bbox 791 4530 1137 4587; x_wconf 82' lang='lat' dir='ltr'>exeuntibus</span> <span class='ocrx_word' id='word_1_344' title='bbox 1162 4531 1297 4588; x_wconf 90' lang='lat' dir='ltr'>inde</span> <span class='ocrx_word' id='word_1_345' title='bbox 1320 4534 1643 4590; x_wconf 65' lang='lat' dir='ltr'>haeresibus</span> <span class='ocrx_word' id='word_1_346' title='bbox 1674 4541 1731 4593; x_wconf 90' lang='lat' dir='ltr'>ct</span> <span class='ocrx_word' id='word_1_347' title='bbox 1763 4538 2085 4594; x_wconf 86' lang='lat' dir='ltr'>schismati-</span> 
     </span>
    </p>
   </div>
   <div class='ocr_carea' id='block_1_48' title="bbox 362 4616 2081 4691">
    <p class='ocr_par' dir='ltr' id='par_1_48' title="bbox 362 4616 2081 4691">
     <span class='ocr_line' id='line_1_48' title="bbox 362 4616 2081 4691; baseline 0.007 -20"><span class='ocrx_word' id='word_1_348' title='bbox 362 4616 502 4686; x_wconf 88' lang='lat' dir='ltr'>bus,</span> <span class='ocrx_word' id='word_1_349' title='bbox 533 4618 696 4672; x_wconf 88' lang='lat' dir='ltr'>tanta</span> <span class='ocrx_word' id='word_1_350' title='bbox 724 4627 1058 4691; x_wconf 85' lang='lat' dir='ltr'>remaneret,</span> <span class='ocrx_word' id='word_1_351' title='bbox 1082 4625 1139 4677; x_wconf 89' lang='lat' dir='ltr'>et</span> <span class='ocrx_word' id='word_1_352' title='bbox 1165 4626 1327 4679; x_wconf 87' lang='lat' dir='ltr'>tanta</span> <span class='ocrx_word' id='word_1_353' title='bbox 1349 4634 1495 4680; x_wconf 90' lang='lat' dir='ltr'>esset</span> <span class='ocrx_word' id='word_1_354' title='bbox 1522 4627 1717 4682; x_wconf 82' lang='lat' dir='ltr'>futura</span> <span class='ocrx_word' id='word_1_355' title='bbox 1738 4626 1823 4683; x_wconf 90' lang='lat' dir='ltr'>illi</span> <span class='ocrx_word' id='word_1_356' title='bbox 1846 4628 2081 4684; x_wconf 86' lang='lat' dir='ltr'>amissio</span> 
     </span>
    </p>
   </div>
   <div class='ocr_carea' id='block_1_49' title="bbox 363 4707 2081 4783">
    <p class='ocr_par' dir='ltr' id='par_1_49' title="bbox 363 4707 2081 4783">
     <span class='ocr_line' id='line_1_49' title="bbox 363 4707 2081 4783; baseline 0.008 -22"><span class='ocrx_word' id='word_1_357' title='bbox 363 4707 501 4763; x_wconf 89' lang='lat' dir='ltr'>ﬁdei</span> <span class='ocrx_word' id='word_1_358' title='bbox 550 4714 604 4763; x_wconf 85' lang='lat' dir='ltr'>et</span> <span class='ocrx_word' id='word_1_359' title='bbox 657 4707 945 4765; x_wconf 89' lang='lat' dir='ltr'>bonorum</span> <span class='ocrx_word' id='word_1_360' title='bbox 988 4728 1243 4783; x_wconf 91' lang='lat' dir='ltr'>morum,</span> <span class='ocrx_word' id='word_1_361' title='bbox 1293 4719 1357 4769; x_wconf 91' lang='lat' dir='ltr'>ut</span> <span class='ocrx_word' id='word_1_362' title='bbox 1391 4715 1622 4772; x_wconf 89' lang='lat' dir='ltr'>Christo</span> <span class='ocrx_word' id='word_1_363' title='bbox 1654 4718 1846 4773; x_wconf 89' lang='lat' dir='ltr'>dicere</span> <span class='ocrx_word' id='word_1_364' title='bbox 1886 4719 2081 4775; x_wconf 89' lang='lat' dir='ltr'>videa-</span> 
     </span>
    </p>
   </div>
   <div class='ocr_carea' id='block_1_50' title="bbox 362 4796 2081 4877">
    <p class='ocr_par' dir='ltr' id='par_1_50' title="bbox 362 4796 2081 4877">
     <span class='ocr_line' id='line_1_50' title="bbox 362 4796 2081 4877; baseline 0.007 -26"><span class='ocrx_word' id='word_1_365' title='bbox 362 4800 464 4851; x_wconf 83' lang='lat' dir='ltr'>tur</span> <span class='ocrx_word' id='word_1_366' title='bbox 490 4796 626 4852; x_wconf 83' lang='lat' dir='ltr'>talis</span> <span class='ocrx_word' id='word_1_367' title='bbox 658 4797 930 4869; x_wconf 87' lang='lat' dir='ltr'>Ecclesia,</span> <span class='ocrx_word' id='word_1_368' title='bbox 963 4804 1055 4856; x_wconf 71' lang='lat' dir='ltr'>exi</span> <span class='ocrx_word' id='word_1_369' title='bbox 1099 4820 1131 4857; x_wconf 89' lang='lat' dir='ltr'>a</span> <span class='ocrx_word' id='word_1_370' title='bbox 1164 4820 1270 4869; x_wconf 86' lang='lat' dir='ltr'>me,</span> <span class='ocrx_word' id='word_1_371' title='bbox 1305 4808 1433 4877; x_wconf 83' lang='lat' dir='ltr'>quia</span> <span class='ocrx_word' id='word_1_372' title='bbox 1462 4817 1721 4877; x_wconf 86' lang='lat' dir='ltr'>peccator</span> <span class='ocrx_word' id='word_1_373' title='bbox 1742 4808 1899 4864; x_wconf 83' lang='lat' dir='ltr'>homo</span> <span class='ocrx_word' id='word_1_374' title='bbox 1919 4824 2038 4863; x_wconf 78' lang='lat' dir='ltr'>sum</span> <span class='ocrx_word' id='word_1_375' title='bbox 2061 4825 2081 4863; x_wconf 80' lang='grc'>.-</span> 
     </span>
    </p>
   </div>
   <div class='ocr_carea' id='block_1_51' title="bbox 364 4887 2081 4967">
    <p class='ocr_par' dir='ltr' id='par_1_51' title="bbox 364 4887 2081 4967">
     <span class='ocr_line' id='line_1_51' title="bbox 364 4887 2081 4967; baseline 0.009 -27"><span class='ocrx_word' id='word_1_376' title='bbox 364 4889 648 4958; x_wconf 86' lang='lat' dir='ltr'>tanquam</span> <span class='ocrx_word' id='word_1_377' title='bbox 676 4887 867 4945; x_wconf 87' lang='lat' dir='ltr'>turbis</span> <span class='ocrx_word' id='word_1_378' title='bbox 892 4892 1215 4950; x_wconf 89' lang='lat' dir='ltr'>carnalium</span> <span class='ocrx_word' id='word_1_379' title='bbox 1242 4895 1482 4967; x_wconf 88' lang='lat' dir='ltr'>repleta,</span> <span class='ocrx_word' id='word_1_380' title='bbox 1509 4902 1788 4953; x_wconf 88' lang='lat' dir='ltr'>eteorum</span> <span class='ocrx_word' id='word_1_381' title='bbox 1820 4900 2081 4955; x_wconf 86' lang='lat' dir='ltr'>moribus</span> 
     </span>
    </p>
   </div>
   <div class='ocr_carea' id='block_1_52' title="bbox 364 4978 2083 5060">
    <p class='ocr_par' dir='ltr' id='par_1_52' title="bbox 364 4978 2083 5060">
     <span class='ocr_line' id='line_1_52' title="bbox 364 4978 2083 5060; baseline 0.008 -29"><span class='ocrx_word' id='word_1_382' title='bbox 364 4994 519 5049; x_wconf 88' lang='lat' dir='ltr'>pene</span> <span class='ocrx_word' id='word_1_383' title='bbox 550 4978 872 5048; x_wconf 87' lang='lat' dir='ltr'>submersa,</span> <span class='ocrx_word' id='word_1_384' title='bbox 898 4982 1156 5053; x_wconf 90' lang='lat' dir='ltr'>regimen</span> <span class='ocrx_word' id='word_1_385' title='bbox 1182 4985 1604 5056; x_wconf 89' lang='lat' dir='ltr'>spiritualium,</span> <span class='ocrx_word' id='word_1_386' title='bbox 1636 4988 1694 5043; x_wconf 91' lang='lat' dir='ltr'>in</span> <span class='ocrx_word' id='word_1_387' title='bbox 1727 4990 1940 5060; x_wconf 89' lang='lat' dir='ltr'>quibus</span> <span class='ocrx_word' id='word_1_388' title='bbox 1964 5007 2083 5046; x_wconf 90' lang='lat' dir='ltr'>ma-</span> 
     </span>
    </p>
   </div>
   <div class='ocr_carea' id='block_1_53' title="bbox 362 5068 2081 5150">
    <p class='ocr_par' dir='ltr' id='par_1_53' title="bbox 362 5068 2081 5150">
     <span class='ocr_line' id='line_1_53' title="bbox 362 5068 2081 5150; baseline 0.008 -28"><span class='ocrx_word' id='word_1_389' title='bbox 362 5068 519 5123; x_wconf 81' lang='lat' dir='ltr'>xime</span> <span class='ocrx_word' id='word_1_390' title='bbox 550 5068 760 5124; x_wconf 87' lang='lat' dir='ltr'>Christi</span> <span class='ocrx_word' id='word_1_391' title='bbox 794 5087 1039 5141; x_wconf 87' lang='lat' dir='ltr'>persona</span> <span class='ocrx_word' id='word_1_392' title='bbox 1081 5075 1317 5141; x_wconf 89' lang='lat' dir='ltr'>eminet,</span> <span class='ocrx_word' id='word_1_393' title='bbox 1352 5094 1384 5131; x_wconf 88' lang='lat' dir='ltr'>a</span> <span class='ocrx_word' id='word_1_394' title='bbox 1415 5094 1473 5133; x_wconf 88' lang='lat' dir='ltr'>se</span> <span class='ocrx_word' id='word_1_395' title='bbox 1508 5078 1748 5149; x_wconf 80' lang='lat' dir='ltr'>repellat</span> <span class='ocrx_word' id='word_1_396' title='bbox 1797 5082 2081 5150; x_wconf 88' lang='lat' dir='ltr'>quodam-</span> 
     </span>
    </p>
   </div>
   <div class='ocr_carea' id='block_1_54' title="bbox 363 5158 2080 5237">
    <p class='ocr_par' dir='ltr' id='par_1_54' title="bbox 363 5158 2080 5237">
     <span class='ocr_line' id='line_1_54' title="bbox 363 5158 2080 5237; baseline 0.01 -26"><span class='ocrx_word' id='word_1_397' title='bbox 363 5158 561 5213; x_wconf 88' lang='lat' dir='ltr'>modo.</span> <span class='ocrx_word' id='word_1_398' title='bbox 594 5158 725 5212; x_wconf 88' lang='lat' dir='ltr'>Non</span> <span class='ocrx_word' id='word_1_399' title='bbox 759 5160 907 5215; x_wconf 88' lang='lat' dir='ltr'>enim</span> <span class='ocrx_word' id='word_1_400' title='bbox 932 5161 1039 5217; x_wconf 90' lang='lat' dir='ltr'>hoc</span> <span class='ocrx_word' id='word_1_401' title='bbox 1060 5181 1194 5219; x_wconf 90' lang='lat' dir='ltr'>voce</span> <span class='ocrx_word' id='word_1_402' title='bbox 1220 5165 1431 5237; x_wconf 71' lang='lat' dir='ltr'>lingua:</span> <span class='ocrx_word' id='word_1_403' title='bbox 1457 5168 1660 5224; x_wconf 90' lang='lat' dir='ltr'>dicunt</span> <span class='ocrx_word' id='word_1_404' title='bbox 1691 5170 1959 5227; x_wconf 86' lang='lat' dir='ltr'>homines</span> <span class='ocrx_word' id='word_1_405' title='bbox 1981 5173 2080 5227; x_wconf 89' lang='lat' dir='ltr'>bo-</span> 
     </span>
    </p>
   </div>
   <div class='ocr_carea' id='block_1_55' title="bbox 366 5246 2078 5329">
    <p class='ocr_par' dir='ltr' id='par_1_55' title="bbox 366 5246 2078 5329">
     <span class='ocr_line' id='line_1_55' title="bbox 366 5246 2078 5329; baseline 0.01 -28"><span class='ocrx_word' id='word_1_406' title='bbox 366 5246 462 5302; x_wconf 87' lang='lat' dir='ltr'>nis</span> <span class='ocrx_word' id='word_1_407' title='bbox 512 5247 799 5304; x_wconf 88' lang='lat' dir='ltr'>ministris</span> <span class='ocrx_word' id='word_1_408' title='bbox 833 5249 955 5317; x_wconf 90' lang='lat' dir='ltr'>Dei,</span> <span class='ocrx_word' id='word_1_409' title='bbox 991 5257 1052 5307; x_wconf 89' lang='lat' dir='ltr'>ut</span> <span class='ocrx_word' id='word_1_410' title='bbox 1084 5270 1184 5309; x_wconf 89' lang='lat' dir='ltr'>eos</span> <span class='ocrx_word' id='word_1_411' title='bbox 1215 5272 1248 5309; x_wconf 91' lang='lat' dir='ltr'>a</span> <span class='ocrx_word' id='word_1_412' title='bbox 1278 5273 1339 5311; x_wconf 89' lang='lat' dir='ltr'>se</span> <span class='ocrx_word' id='word_1_413' title='bbox 1374 5259 1739 5329; x_wconf 87' lang='lat' dir='ltr'>rappellant:</span> <span class='ocrx_word' id='word_1_414' title='bbox 1792 5263 1891 5316; x_wconf 88' lang='lat' dir='ltr'>sed</span> <span class='ocrx_word' id='word_1_415' title='bbox 1946 5279 2078 5317; x_wconf 85' lang='lat' dir='ltr'>voce</span> 
     </span>
    </p>
   </div>
   <div class='ocr_carea' id='block_1_56' title="bbox 362 5342 2079 5424">
    <p class='ocr_par' dir='ltr' id='par_1_56' title="bbox 362 5342 2079 5424">
     <span class='ocr_line' id='line_1_56' title="bbox 362 5342 2079 5424; baseline 0.01 -33"><span class='ocrx_word' id='word_1_416' title='bbox 362 5353 600 5391; x_wconf 89' lang='lat' dir='ltr'>morum</span> <span class='ocrx_word' id='word_1_417' title='bbox 626 5342 679 5392; x_wconf 90' lang='lat' dir='ltr'>et</span> <span class='ocrx_word' id='word_1_418' title='bbox 702 5343 934 5395; x_wconf 87' lang='lat' dir='ltr'>actuum</span> <span class='ocrx_word' id='word_1_419' title='bbox 959 5358 1198 5400; x_wconf 89' lang='lat' dir='ltr'>suorum</span> <span class='ocrx_word' id='word_1_420' title='bbox 1222 5348 1473 5402; x_wconf 89' lang='lat' dir='ltr'>suadent</span> <span class='ocrx_word' id='word_1_421' title='bbox 1507 5366 1539 5403; x_wconf 90' lang='lat' dir='ltr'>a</span> <span class='ocrx_word' id='word_1_422' title='bbox 1572 5366 1629 5404; x_wconf 91' lang='lat' dir='ltr'>se</span> <span class='ocrx_word' id='word_1_423' title='bbox 1650 5351 1862 5420; x_wconf 87' lang='lat' dir='ltr'>recedi,</span> <span class='ocrx_word' id='word_1_424' title='bbox 1885 5369 1954 5406; x_wconf 90' lang='lat' dir='ltr'>ne</span> <span class='ocrx_word' id='word_1_425' title='bbox 1978 5370 2079 5424; x_wconf 88' lang='lat' dir='ltr'>per</span> 
     </span>
    </p>
   </div>
   <div class='ocr_carea' id='block_1_57' title="bbox 360 5429 2079 5510">
    <p class='ocr_par' dir='ltr' id='par_1_57' title="bbox 360 5429 2079 5510">
     <span class='ocr_line' id='line_1_57' title="bbox 360 5429 2079 5510; baseline 0.011 -30"><span class='ocrx_word' id='word_1_426' title='bbox 360 5429 550 5482; x_wconf 87' lang='lat' dir='ltr'>bonos</span> <span class='ocrx_word' id='word_1_427' title='bbox 573 5436 885 5499; x_wconf 86' lang='lat' dir='ltr'>regantur;</span> <span class='ocrx_word' id='word_1_428' title='bbox 924 5436 1069 5489; x_wconf 90' lang='lat' dir='ltr'>eteo</span> <span class='ocrx_word' id='word_1_429' title='bbox 1094 5434 1516 5501; x_wconf 78' lang='lat' dir='ltr'>vehementius,</span> <span class='ocrx_word' id='word_1_430' title='bbox 1549 5441 1690 5510; x_wconf 90' lang='lat' dir='ltr'>quoi</span> <span class='ocrx_word' id='word_1_431' title='bbox 1714 5440 2079 5499; x_wconf 79' lang='lat' dir='ltr'>deferunteis</span> 
     </span>
    </p>
   </div>
   <div class='ocr_carea' id='block_1_58' title="bbox 364 5521 2076 5589">
    <p class='ocr_par' dir='ltr' id='par_1_58' title="bbox 364 5521 2076 5589">
     <span class='ocr_line' id='line_1_58' title="bbox 364 5521 2076 5589; baseline 0.011 -17"><span class='ocrx_word' id='word_1_432' title='bbox 364 5521 674 5586; x_wconf 83' lang='lat' dir='ltr'>honorem,</span> <span class='ocrx_word' id='word_1_433' title='bbox 707 5523 765 5575; x_wconf 88' lang='lat' dir='ltr'>et</span> <span class='ocrx_word' id='word_1_434' title='bbox 797 5524 985 5578; x_wconf 86' lang='lat' dir='ltr'>tamen</span> <span class='ocrx_word' id='word_1_435' title='bbox 1037 5525 1207 5581; x_wconf 79' lang='lat' dir='ltr'>factis</span> <span class='ocrx_word' id='word_1_436' title='bbox 1249 5527 1372 5583; x_wconf 87' lang='lat' dir='ltr'>suis</span> <span class='ocrx_word' id='word_1_437' title='bbox 1402 5547 1433 5584; x_wconf 90' lang='lat' dir='ltr'>a</span> <span class='ocrx_word' id='word_1_438' title='bbox 1466 5546 1523 5585; x_wconf 86' lang='lat' dir='ltr'>se</span> <span class='ocrx_word' id='word_1_439' title='bbox 1557 5531 1817 5588; x_wconf 86' lang='lat' dir='ltr'>recedere</span> <span class='ocrx_word' id='word_1_440' title='bbox 1864 5534 2076 5589; x_wconf 86' lang='lat' dir='ltr'>admo-</span> 
     </span>
    </p>
   </div>
   <div class='ocr_carea' id='block_1_59' title="bbox 361 5607 2073 5691">
    <p class='ocr_par' dir='ltr' id='par_1_59' title="bbox 361 5607 2073 5691">
     <span class='ocr_line' id='line_1_59' title="bbox 361 5607 2073 5691; baseline 0.009 -26"><span class='ocrx_word' id='word_1_441' title='bbox 361 5611 506 5665; x_wconf 87' lang='lat' dir='ltr'>nnet</span> <span class='ocrx_word' id='word_1_442' title='bbox 531 5624 543 5662; x_wconf 94' lang='lat'>:</span> <span class='ocrx_word' id='word_1_443' title='bbox 568 5612 631 5663; x_wconf 92' lang='lat' dir='ltr'>ut</span> <span class='ocrx_word' id='word_1_444' title='bbox 652 5607 1156 5672; x_wconf 87' lang='lat' dir='ltr'>honoriﬁcentiam</span> <span class='ocrx_word' id='word_1_445' title='bbox 1174 5632 1373 5673; x_wconf 88' lang='lat' dir='ltr'>eorum</span> <span class='ocrx_word' id='word_1_446' title='bbox 1398 5618 1807 5691; x_wconf 85' lang='lat' dir='ltr'>signiﬁcaverit</span> <span class='ocrx_word' id='word_1_447' title='bbox 1852 5622 2073 5690; x_wconf 86' lang='lat' dir='ltr'>Petrus,</span> 
     </span>
    </p>
   </div>
   <div class='ocr_carea' id='block_1_60' title="bbox 2193 932 3898 1010">
    <p class='ocr_par' dir='ltr' id='par_1_60' title="bbox 2193 932 3898 1010">
     <span class='ocr_line' id='line_1_60' title="bbox 2193 932 3898 1010; baseline -0.005 -15"><span class='ocrx_word' id='word_1_448' title='bbox 2193 941 2405 995; x_wconf 89' lang='lat' dir='ltr'>cadens</span> <span class='ocrx_word' id='word_1_449' title='bbox 2436 941 2505 993; x_wconf 86' lang='lat' dir='ltr'>ad</span> <span class='ocrx_word' id='word_1_450' title='bbox 2540 939 2713 1010; x_wconf 86' lang='lat' dir='ltr'>pedes</span> <span class='ocrx_word' id='word_1_451' title='bbox 2738 936 2968 992; x_wconf 90' lang='lat' dir='ltr'>Domini</span> <span class='ocrx_word' id='word_1_452' title='bbox 2996 952 3009 1002; x_wconf 86' lang='lat'><strong>;</strong></span> <span class='ocrx_word' id='word_1_453' title='bbox 3037 949 3227 991; x_wconf 86' lang='lat' dir='ltr'>mores</span> <span class='ocrx_word' id='word_1_454' title='bbox 3251 939 3443 989; x_wconf 86' lang='lat' dir='ltr'>autem</span> <span class='ocrx_word' id='word_1_455' title='bbox 3469 934 3524 989; x_wconf 91' lang='lat' dir='ltr'>in</span> <span class='ocrx_word' id='word_1_456' title='bbox 3552 951 3615 990; x_wconf 87' lang='lat' dir='ltr'>eo</span> <span class='ocrx_word' id='word_1_457' title='bbox 3634 934 3785 1005; x_wconf 91' lang='lat' dir='ltr'>quod</span> <span class='ocrx_word' id='word_1_458' title='bbox 3806 932 3898 987; x_wconf 89' lang='lat' dir='ltr'>di-</span> 
     </span>
    </p>
   </div>
   <div class='ocr_carea' id='block_1_61' title="bbox 2192 1024 3899 1095">
    <p class='ocr_par' dir='ltr' id='par_1_61' title="bbox 2192 1024 3899 1095">
     <span class='ocr_line' id='line_1_61' title="bbox 2192 1024 3899 1095; baseline -0.004 -12"><span class='ocrx_word' id='word_1_459' title='bbox 2192 1031 2293 1094; x_wconf 84' lang='lat' dir='ltr'>xit,</span> <span class='ocrx_word' id='word_1_460' title='bbox 2349 1029 2453 1083; x_wconf 74' lang='lat' dir='ltr'>Exi</span> <span class='ocrx_word' id='word_1_461' title='bbox 2501 1046 2534 1083; x_wconf 90' lang='lat' dir='ltr'>a</span> <span class='ocrx_word' id='word_1_462' title='bbox 2584 1044 2690 1095; x_wconf 87' lang='lat' dir='ltr'>me,</span> <span class='ocrx_word' id='word_1_463' title='bbox 2753 1029 2999 1093; x_wconf 86' lang='lat' dir='ltr'>Domine,</span> <span class='ocrx_word' id='word_1_464' title='bbox 3066 1025 3200 1094; x_wconf 85' lang='lat' dir='ltr'>quia</span> <span class='ocrx_word' id='word_1_465' title='bbox 3256 1027 3507 1095; x_wconf 86' lang='lat' dir='ltr'>peccator</span> <span class='ocrx_word' id='word_1_466' title='bbox 3556 1024 3711 1080; x_wconf 86' lang='lat' dir='ltr'>homo</span> <span class='ocrx_word' id='word_1_467' title='bbox 3758 1040 3899 1078; x_wconf 76' lang='lat' dir='ltr'>sum.</span> 
     </span>
    </p>
   </div>
   <div class='ocr_carea' id='block_1_62' title="bbox 2192 1113 3899 1187">
    <p class='ocr_par' dir='ltr' id='par_1_62' title="bbox 2192 1113 3899 1187">
     <span class='ocr_line' id='line_1_62' title="bbox 2192 1113 3899 1187; baseline -0.003 -15"><span class='ocrx_word' id='word_1_468' title='bbox 2192 1118 2351 1181; x_wconf 89' lang='lat' dir='ltr'>Quod</span> <span class='ocrx_word' id='word_1_469' title='bbox 2382 1122 2575 1174; x_wconf 89' lang='lat' dir='ltr'>tamen</span> <span class='ocrx_word' id='word_1_470' title='bbox 2610 1117 2743 1187; x_wconf 88' lang='lat' dir='ltr'>quia</span> <span class='ocrx_word' id='word_1_471' title='bbox 2767 1132 2877 1171; x_wconf 90' lang='lat' dir='ltr'>non</span> <span class='ocrx_word' id='word_1_472' title='bbox 2903 1114 3035 1170; x_wconf 82' lang='lat' dir='ltr'>fecit</span> <span class='ocrx_word' id='word_1_473' title='bbox 3056 1113 3341 1170; x_wconf 88' lang='lat' dir='ltr'>Dominus</span> <span class='ocrx_word' id='word_1_474' title='bbox 3365 1130 3378 1181; x_wconf 91' lang='lat'><strong>;</strong></span> <span class='ocrx_word' id='word_1_475' title='bbox 3406 1129 3517 1169; x_wconf 90' lang='lat' dir='ltr'>non</span> <span class='ocrx_word' id='word_1_476' title='bbox 3543 1113 3697 1168; x_wconf 90' lang='lat' dir='ltr'>enim</span> <span class='ocrx_word' id='word_1_477' title='bbox 3724 1128 3899 1168; x_wconf 90' lang='lat' dir='ltr'>reces-</span> 
     </span>
    </p>
   </div>
   <div class='ocr_carea' id='block_1_63' title="bbox 2192 1203 3900 1276">
    <p class='ocr_par' dir='ltr' id='par_1_63' title="bbox 2192 1203 3900 1276">
     <span class='ocr_line' id='line_1_63' title="bbox 2192 1203 3900 1276; baseline -0.002 -13"><span class='ocrx_word' id='word_1_478' title='bbox 2192 1208 2265 1263; x_wconf 89' lang='lat' dir='ltr'>sit</span> <span class='ocrx_word' id='word_1_479' title='bbox 2296 1208 2365 1263; x_wconf 90' lang='lat' dir='ltr'>ab</span> <span class='ocrx_word' id='word_1_480' title='bbox 2398 1209 2503 1276; x_wconf 89' lang='lat' dir='ltr'>eis,</span> <span class='ocrx_word' id='word_1_481' title='bbox 2536 1207 2639 1262; x_wconf 90' lang='lat' dir='ltr'>sed</span> <span class='ocrx_word' id='word_1_482' title='bbox 2669 1224 2762 1262; x_wconf 83' lang='lat' dir='ltr'>eos</span> <span class='ocrx_word' id='word_1_483' title='bbox 2794 1204 3099 1261; x_wconf 88' lang='lat' dir='ltr'>subductis</span> <span class='ocrx_word' id='word_1_484' title='bbox 3145 1203 3385 1259; x_wconf 89' lang='lat' dir='ltr'>navibus</span> <span class='ocrx_word' id='word_1_485' title='bbox 3434 1205 3503 1259; x_wconf 90' lang='lat' dir='ltr'>ad</span> <span class='ocrx_word' id='word_1_486' title='bbox 3557 1203 3714 1259; x_wconf 91' lang='lat' dir='ltr'>littus</span> <span class='ocrx_word' id='word_1_487' title='bbox 3763 1219 3900 1273; x_wconf 86' lang='lat' dir='ltr'>per—</span> 
     </span>
    </p>
   </div>
   <div class='ocr_carea' id='block_1_64' title="bbox 2191 1291 3894 1369">
    <p class='ocr_par' dir='ltr' id='par_1_64' title="bbox 2191 1291 3894 1369">
     <span class='ocr_line' id='line_1_64' title="bbox 2191 1291 3894 1369; baseline -0.002 -19"><span class='ocrx_word' id='word_1_488' title='bbox 2191 1297 2391 1365; x_wconf 82' lang='lat' dir='ltr'>duxit;</span> <span class='ocrx_word' id='word_1_489' title='bbox 2445 1297 2738 1369; x_wconf 86' lang='lat' dir='ltr'>signiﬁcat</span> <span class='ocrx_word' id='word_1_490' title='bbox 2776 1296 2834 1350; x_wconf 90' lang='lat' dir='ltr'>in</span> <span class='ocrx_word' id='word_1_491' title='bbox 2868 1294 3039 1349; x_wconf 86' lang='lat' dir='ltr'>bonis</span> <span class='ocrx_word' id='word_1_492' title='bbox 3071 1301 3123 1348; x_wconf 89' lang='lat' dir='ltr'>et</span> <span class='ocrx_word' id='word_1_493' title='bbox 3154 1291 3552 1363; x_wconf 89' lang='lat' dir='ltr'>spiritualibus</span> <span class='ocrx_word' id='word_1_494' title='bbox 3593 1292 3731 1347; x_wconf 89' lang='lat' dir='ltr'>viris</span> <span class='ocrx_word' id='word_1_495' title='bbox 3777 1309 3894 1347; x_wconf 88' lang='lat' dir='ltr'>non</span> 
     </span>
    </p>
   </div>
   <div class='ocr_carea' id='block_1_65' title="bbox 2192 1381 3897 1458">
    <p class='ocr_par' dir='ltr' id='par_1_65' title="bbox 2192 1381 3897 1458">
     <span class='ocr_line' id='line_1_65' title="bbox 2192 1381 3897 1458; baseline -0.003 -16"><span class='ocrx_word' id='word_1_496' title='bbox 2192 1404 2317 1442; x_wconf 88' lang='lat' dir='ltr'>esse</span> <span class='ocrx_word' id='word_1_497' title='bbox 2347 1391 2610 1458; x_wconf 88' lang='lat' dir='ltr'>oportere</span> <span class='ocrx_word' id='word_1_498' title='bbox 2642 1386 2791 1441; x_wconf 91' lang='lat' dir='ltr'>hanc</span> <span class='ocrx_word' id='word_1_499' title='bbox 2813 1384 3195 1447; x_wconf 86' lang='lat' dir='ltr'>voluntatem,</span> <span class='ocrx_word' id='word_1_500' title='bbox 3225 1386 3288 1436; x_wconf 93' lang='lat' dir='ltr'>ut</span> <span class='ocrx_word' id='word_1_501' title='bbox 3310 1381 3561 1451; x_wconf 88' lang='lat' dir='ltr'>peccatis</span> <span class='ocrx_word' id='word_1_502' title='bbox 3589 1382 3897 1438; x_wconf 89' lang='lat' dir='ltr'>turbarum</span> 
     </span>
    </p>
   </div>
   <div class='ocr_carea' id='block_1_66' title="bbox 2192 1470 3897 1548">
    <p class='ocr_par' dir='ltr' id='par_1_66' title="bbox 2192 1470 3897 1548">
     <span class='ocr_line' id='line_1_66' title="bbox 2192 1470 3897 1548; baseline -0.003 -17"><span class='ocrx_word' id='word_1_503' title='bbox 2192 1478 2485 1545; x_wconf 90' lang='lat' dir='ltr'>commoti,</span> <span class='ocrx_word' id='word_1_504' title='bbox 2520 1494 2633 1548; x_wconf 89' lang='lat' dir='ltr'>quo</span> <span class='ocrx_word' id='word_1_505' title='bbox 2666 1492 2833 1546; x_wconf 75' lang='lat' dir='ltr'>quasi</span> <span class='ocrx_word' id='word_1_506' title='bbox 2874 1473 3134 1530; x_wconf 88' lang='lat' dir='ltr'>securius</span> <span class='ocrx_word' id='word_1_507' title='bbox 3167 1470 3651 1541; x_wconf 82' lang='lat' dir='ltr'>tranquilliusque</span> <span class='ocrx_word' id='word_1_508' title='bbox 3679 1470 3897 1539; x_wconf 87' lang='lat' dir='ltr'>vivant,</span> 
     </span>
    </p>
   </div>
   <div class='ocr_carea' id='block_1_67' title="bbox 2193 1559 3901 1630">
    <p class='ocr_par' dir='ltr' id='par_1_67' title="bbox 2193 1559 3901 1630">
     <span class='ocr_line' id='line_1_67' title="bbox 2193 1559 3901 1630; baseline -0.004 -9"><span class='ocrx_word' id='word_1_509' title='bbox 2193 1582 2406 1621; x_wconf 87' lang='lat' dir='ltr'>munus</span> <span class='ocrx_word' id='word_1_510' title='bbox 2447 1564 2908 1622; x_wconf 89' lang='lat' dir='ltr'>ecclesiasticum</span> <span class='ocrx_word' id='word_1_511' title='bbox 2942 1564 3229 1618; x_wconf 88' lang='lat' dir='ltr'>deserant.</span> <span class='ocrx_word' id='word_1_512' title='bbox 3274 1559 3436 1626; x_wconf 87' lang='lat' dir='ltr'>Quod</span> <span class='ocrx_word' id='word_1_513' title='bbox 3462 1574 3595 1630; x_wconf 87' lang='lat' dir='ltr'>ergo</span> <span class='ocrx_word' id='word_1_514' title='bbox 3623 1560 3901 1615; x_wconf 77' lang='lat' dir='ltr'>subducti:</span> 
     </span>
    </p>
   </div>
   <div class='ocr_carea' id='block_1_68' title="bbox 2192 1650 3902 1721">
    <p class='ocr_par' dir='ltr' id='par_1_68' title="bbox 2192 1650 3902 1721">
     <span class='ocr_line' id='line_1_68' title="bbox 2192 1650 3902 1721; baseline -0.004 -10"><span class='ocrx_word' id='word_1_515' title='bbox 2192 1656 2261 1711; x_wconf 77' lang='lat' dir='ltr'>ad</span> <span class='ocrx_word' id='word_1_516' title='bbox 2311 1667 2515 1711; x_wconf 87' lang='lat' dir='ltr'>terram</span> <span class='ocrx_word' id='word_1_517' title='bbox 2548 1656 2797 1721; x_wconf 83' lang='lat' dir='ltr'>navibus,</span> <span class='ocrx_word' id='word_1_518' title='bbox 2846 1654 3054 1709; x_wconf 74' lang='lat' dir='ltr'>relicti:</span> <span class='ocrx_word' id='word_1_519' title='bbox 3104 1650 3355 1707; x_wconf 82' lang='lat' dir='ltr'>omnibus</span> <span class='ocrx_word' id='word_1_520' title='bbox 3397 1651 3566 1705; x_wconf 69' lang='lat' dir='ltr'>secuti</span> <span class='ocrx_word' id='word_1_521' title='bbox 3602 1656 3732 1704; x_wconf 80' lang='lat' dir='ltr'>sunt</span> <span class='ocrx_word' id='word_1_522' title='bbox 3773 1666 3902 1706; x_wconf 87' lang='lat' dir='ltr'>eum</span> 
     </span>
    </p>
   </div>
   <div class='ocr_carea' id='block_1_69' title="bbox 2193 1739 3894 1815">
    <p class='ocr_par' dir='ltr' id='par_1_69' title="bbox 2193 1739 3894 1815">
     <span class='ocr_line' id='line_1_69' title="bbox 2193 1739 3894 1815; baseline -0.003 -14"><span class='ocrx_word' id='word_1_523' title='bbox 2193 1752 2397 1803; x_wconf 88' lang='lat' dir='ltr'>Petrus</span> <span class='ocrx_word' id='word_1_524' title='bbox 2420 1757 2473 1805; x_wconf 91' lang='lat' dir='ltr'>et</span> <span class='ocrx_word' id='word_1_525' title='bbox 2494 1748 2747 1803; x_wconf 89' lang='lat' dir='ltr'>Jacobus</span> <span class='ocrx_word' id='word_1_526' title='bbox 2770 1750 2825 1802; x_wconf 90' lang='lat' dir='ltr'>et</span> <span class='ocrx_word' id='word_1_527' title='bbox 2848 1746 3123 1811; x_wconf 89' lang='lat' dir='ltr'>Joannes,</span> <span class='ocrx_word' id='word_1_528' title='bbox 3149 1744 3336 1815; x_wconf 87' lang='lat' dir='ltr'>potest</span> <span class='ocrx_word' id='word_1_529' title='bbox 3358 1739 3688 1811; x_wconf 86' lang='lat' dir='ltr'>signiﬁcare</span> <span class='ocrx_word' id='word_1_530' title='bbox 3720 1741 3894 1797; x_wconf 89' lang='lat' dir='ltr'>ﬁnem</span> 
     </span>
    </p>
   </div>
   <div class='ocr_carea' id='block_1_70' title="bbox 2190 1830 3896 1909">
    <p class='ocr_par' dir='ltr' id='par_1_70' title="bbox 2190 1830 3896 1909">
     <span class='ocr_line' id='line_1_70' title="bbox 2190 1830 3896 1909; baseline -0.004 -16"><span class='ocrx_word' id='word_1_531' title='bbox 2190 1839 2492 1909; x_wconf 88' lang='lat' dir='ltr'>temporis,</span> <span class='ocrx_word' id='word_1_532' title='bbox 2528 1854 2642 1909; x_wconf 87' lang='lat' dir='ltr'>quo</span> <span class='ocrx_word' id='word_1_533' title='bbox 2668 1838 2739 1891; x_wconf 81' lang='lat' dir='ltr'>ab</span> <span class='ocrx_word' id='word_1_534' title='bbox 2772 1837 2951 1906; x_wconf 90' lang='lat' dir='ltr'>hujus</span> <span class='ocrx_word' id='word_1_535' title='bbox 3000 1833 3205 1888; x_wconf 90' lang='lat' dir='ltr'>mundi</span> <span class='ocrx_word' id='word_1_536' title='bbox 3239 1831 3378 1899; x_wconf 89' lang='lat' dir='ltr'>salo,</span> <span class='ocrx_word' id='word_1_537' title='bbox 3413 1830 3508 1901; x_wconf 90' lang='lat' dir='ltr'>qui</span> <span class='ocrx_word' id='word_1_538' title='bbox 3543 1830 3771 1886; x_wconf 87' lang='lat' dir='ltr'>Christo</span> <span class='ocrx_word' id='word_1_539' title='bbox 3802 1830 3896 1886; x_wconf 89' lang='lat' dir='ltr'>in-</span> 
     </span>
    </p>
   </div>
   <div class='ocr_carea' id='block_1_71' title="bbox 2191 1924 3256 2000">
    <p class='ocr_par' dir='ltr' id='par_1_71' title="bbox 2191 1924 3256 2000">
     <span class='ocr_line' id='line_1_71' title="bbox 2191 1924 3256 2000; baseline -0.004 -19"><span class='ocrx_word' id='word_1_540' title='bbox 2191 1927 2483 1995; x_wconf 71' lang='lat' dir='ltr'>hzeserint,</span> <span class='ocrx_word' id='word_1_541' title='bbox 2519 1927 2752 2000; x_wconf 88' lang='lat' dir='ltr'>penitus</span> <span class='ocrx_word' id='word_1_542' title='bbox 2784 1924 3065 1982; x_wconf 89' lang='lat' dir='ltr'>recessuri</span> <span class='ocrx_word' id='word_1_543' title='bbox 3098 1927 3256 1979; x_wconf 90' lang='lat' dir='ltr'>sunt.</span> 
     </span>
    </p>
   </div>
   <div class='ocr_carea' id='block_1_72' title="bbox 2263 2014 3897 2088">
    <p class='ocr_par' dir='ltr' id='par_1_72' title="bbox 2263 2014 3897 2088">
     <span class='ocr_line' id='line_1_72' title="bbox 2263 2014 3897 2088; baseline -0.001 -17"><span class='ocrx_word' id='word_1_544' title='bbox 2263 2019 2337 2073; x_wconf 90' lang='lat' dir='ltr'>Ill</span> <span class='ocrx_word' id='word_1_545' title='bbox 2372 2020 2473 2085; x_wconf 85' lang='lat' dir='ltr'>[1b.</span> <span class='ocrx_word' id='word_1_546' title='bbox 2509 2036 2560 2086; x_wconf 80' lang='grc' dir='ltr'>ν,</span> <span class='ocrx_word' id='word_1_547' title='bbox 2596 2020 2706 2088; x_wconf 76' lang='grc'>14.]</span> <span class='ocrx_word' id='word_1_548' title='bbox 2748 2018 2908 2081; x_wconf 87' lang='lat' dir='ltr'>Quod</span> <span class='ocrx_word' id='word_1_549' title='bbox 2958 2015 3240 2071; x_wconf 89' lang='lat' dir='ltr'>Dominus</span> <span class='ocrx_word' id='word_1_550' title='bbox 3274 2014 3415 2071; x_wconf 89' lang='lat' dir='ltr'>dicit</span> <span class='ocrx_word' id='word_1_551' title='bbox 3459 2015 3683 2087; x_wconf 88' lang='lat' dir='ltr'>leproso</span> <span class='ocrx_word' id='word_1_552' title='bbox 3716 2029 3897 2069; x_wconf 82' lang='lat' dir='ltr'>mnu-</span> 
     </span>
    </p>
   </div>
   <div class='ocr_carea' id='block_1_73' title="bbox 2192 2107 3902 2181">
    <p class='ocr_par' dir='ltr' id='par_1_73' title="bbox 2192 2107 3902 2181">
     <span class='ocr_line' id='line_1_73' title="bbox 2192 2107 3902 2181; baseline -0.002 -18"><span class='ocrx_word' id='word_1_553' title='bbox 2192 2110 2361 2164; x_wconf 88' lang='lat' dir='ltr'>dato:</span> <span class='ocrx_word' id='word_1_554' title='bbox 2419 2109 2575 2175; x_wconf 83' lang='lat' dir='ltr'>Vade,</span> <span class='ocrx_word' id='word_1_555' title='bbox 2627 2110 2849 2164; x_wconf 73' lang='lat' dir='ltr'>ostende</span> <span class='ocrx_word' id='word_1_556' title='bbox 2880 2116 2931 2163; x_wconf 85' lang='lat' dir='ltr'>te</span> <span class='ocrx_word' id='word_1_557' title='bbox 2961 2107 3255 2173; x_wconf 79' lang='lat' dir='ltr'>sacerdoti,</span> <span class='ocrx_word' id='word_1_558' title='bbox 3286 2116 3337 2163; x_wconf 87' lang='lat' dir='ltr'>et</span> <span class='ocrx_word' id='word_1_559' title='bbox 3369 2111 3501 2181; x_wconf 81' lang='lat' dir='ltr'>oﬂ‘er</span> <span class='ocrx_word' id='word_1_560' title='bbox 3547 2124 3750 2163; x_wconf 79' lang='lat' dir='ltr'>munus</span> <span class='ocrx_word' id='word_1_561' title='bbox 3799 2122 3902 2175; x_wconf 85' lang='lat' dir='ltr'>pro</span> 
     </span>
    </p>
   </div>
   <div class='ocr_carea' id='block_1_74' title="bbox 2190 2198 3900 2270">
    <p class='ocr_par' dir='ltr' id='par_1_74' title="bbox 2190 2198 3900 2270">
     <span class='ocr_line' id='line_1_74' title="bbox 2190 2198 3900 2270; baseline -0.001 -19"><span class='ocrx_word' id='word_1_562' title='bbox 2190 2199 2584 2254; x_wconf 82' lang='lat' dir='ltr'>emundatione</span> <span class='ocrx_word' id='word_1_563' title='bbox 2610 2203 2723 2264; x_wconf 84' lang='lat' dir='ltr'>tua,</span> <span class='ocrx_word' id='word_1_564' title='bbox 2747 2198 3161 2270; x_wconf 65' lang='lat' dir='ltr'>sicutprarcepit</span> <span class='ocrx_word' id='word_1_565' title='bbox 3179 2203 3409 2269; x_wconf 79' lang='lat' dir='ltr'>Moyses,</span> <span class='ocrx_word' id='word_1_566' title='bbox 3435 2201 3493 2255; x_wconf 87' lang='lat' dir='ltr'>in</span> <span class='ocrx_word' id='word_1_567' title='bbox 3520 2200 3900 2255; x_wconf 74' lang='lat' dir='ltr'>testimonium</span> 
     </span>
    </p>
   </div>
   <div class='ocr_carea' id='block_1_75' title="bbox 2192 2286 3900 2359">
    <p class='ocr_par' dir='ltr' id='par_1_75' title="bbox 2192 2286 3900 2359">
     <span class='ocr_line' id='line_1_75' title="bbox 2192 2286 3900 2359; baseline 0 -19"><span class='ocrx_word' id='word_1_568' title='bbox 2192 2286 2347 2349; x_wconf 76' lang='lat' dir='ltr'>illis;</span> <span class='ocrx_word' id='word_1_569' title='bbox 2378 2287 2472 2342; x_wconf 91' lang='lat' dir='ltr'>hic</span> <span class='ocrx_word' id='word_1_570' title='bbox 2524 2288 2752 2343; x_wconf 88' lang='lat' dir='ltr'>videtur</span> <span class='ocrx_word' id='word_1_571' title='bbox 2800 2288 3122 2358; x_wconf 89' lang='lat' dir='ltr'>approbare</span> <span class='ocrx_word' id='word_1_572' title='bbox 3171 2289 3549 2357; x_wconf 89' lang='lat' dir='ltr'>sacriﬁcium,</span> <span class='ocrx_word' id='word_1_573' title='bbox 3603 2288 3758 2359; x_wconf 87' lang='lat' dir='ltr'>quod</span> <span class='ocrx_word' id='word_1_574' title='bbox 3800 2301 3900 2356; x_wconf 89' lang='lat' dir='ltr'>per</span> 
     </span>
    </p>
   </div>
   <div class='ocr_carea' id='block_1_76' title="bbox 2190 2377 3898 2451">
    <p class='ocr_par' dir='ltr' id='par_1_76' title="bbox 2190 2377 3898 2451">
     <span class='ocr_line' id='line_1_76' title="bbox 2190 2377 3898 2451; baseline 0.001 -22"><span class='ocrx_word' id='word_1_575' title='bbox 2190 2381 2417 2451; x_wconf 77' lang='lat' dir='ltr'>Moysen</span> <span class='ocrx_word' id='word_1_576' title='bbox 2452 2388 2799 2450; x_wconf 79' lang='lat' dir='ltr'>praeceptum</span> <span class='ocrx_word' id='word_1_577' title='bbox 2832 2383 2941 2448; x_wconf 88' lang='lat' dir='ltr'>est,</span> <span class='ocrx_word' id='word_1_578' title='bbox 2973 2396 3105 2433; x_wconf 92' lang='lat' dir='ltr'>cum</span> <span class='ocrx_word' id='word_1_579' title='bbox 3147 2378 3206 2433; x_wconf 90' lang='lat' dir='ltr'>id</span> <span class='ocrx_word' id='word_1_580' title='bbox 3240 2396 3355 2434; x_wconf 91' lang='lat' dir='ltr'>non</span> <span class='ocrx_word' id='word_1_581' title='bbox 3387 2379 3668 2450; x_wconf 89' lang='lat' dir='ltr'>receperit</span> <span class='ocrx_word' id='word_1_582' title='bbox 3698 2377 3898 2432; x_wconf 88' lang='lat' dir='ltr'>Eccle—</span> 
     </span>
    </p>
   </div>
   <div class='ocr_carea' id='block_1_77' title="bbox 2191 2468 3895 2539">
    <p class='ocr_par' dir='ltr' id='par_1_77' title="bbox 2191 2468 3895 2539">
     <span class='ocr_line' id='line_1_77' title="bbox 2191 2468 3895 2539; baseline -0.002 -16"><span class='ocrx_word' id='word_1_583' title='bbox 2191 2469 2293 2523; x_wconf 83' lang='lat' dir='ltr'>sia.</span> <span class='ocrx_word' id='word_1_584' title='bbox 2330 2470 2492 2532; x_wconf 91' lang='lat' dir='ltr'>Quod</span> <span class='ocrx_word' id='word_1_585' title='bbox 2518 2470 2641 2523; x_wconf 89' lang='lat' dir='ltr'>ideo</span> <span class='ocrx_word' id='word_1_586' title='bbox 2666 2469 2920 2539; x_wconf 89' lang='lat' dir='ltr'>jussisse</span> <span class='ocrx_word' id='word_1_587' title='bbox 2944 2468 3186 2539; x_wconf 84' lang='lat' dir='ltr'>intelligi</span> <span class='ocrx_word' id='word_1_588' title='bbox 3215 2472 3427 2539; x_wconf 89' lang='lat' dir='ltr'>potest,</span> <span class='ocrx_word' id='word_1_589' title='bbox 3461 2468 3603 2539; x_wconf 88' lang='lat' dir='ltr'>quia</span> <span class='ocrx_word' id='word_1_590' title='bbox 3635 2468 3895 2522; x_wconf 89' lang='lat' dir='ltr'>nondum</span> 
     </span>
    </p>
   </div>
   <div class='ocr_carea' id='block_1_78' title="bbox 2190 2554 3895 2629">
    <p class='ocr_par' dir='ltr' id='par_1_78' title="bbox 2190 2554 3895 2629">
     <span class='ocr_line' id='line_1_78' title="bbox 2190 2554 3895 2629; baseline -0.003 -16"><span class='ocrx_word' id='word_1_591' title='bbox 2190 2573 2319 2614; x_wconf 87' lang='lat' dir='ltr'>esse</span> <span class='ocrx_word' id='word_1_592' title='bbox 2351 2562 2601 2629; x_wconf 77' lang='lat' dir='ltr'>cmperat</span> <span class='ocrx_word' id='word_1_593' title='bbox 2633 2558 2983 2613; x_wconf 88' lang='lat' dir='ltr'>sacriﬁcium</span> <span class='ocrx_word' id='word_1_594' title='bbox 3017 2558 3293 2613; x_wconf 88' lang='lat' dir='ltr'>Sanctum</span> <span class='ocrx_word' id='word_1_595' title='bbox 3345 2562 3706 2624; x_wconf 87' lang='lat' dir='ltr'>sanctorum,</span> <span class='ocrx_word' id='word_1_596' title='bbox 3738 2554 3895 2625; x_wconf 90' lang='lat' dir='ltr'>quod</span> 
     </span>
    </p>
   </div>
   <div class='ocr_carea' id='block_1_79' title="bbox 2191 2644 3899 2719">
    <p class='ocr_par' dir='ltr' id='par_1_79' title="bbox 2191 2644 3899 2719">
     <span class='ocr_line' id='line_1_79' title="bbox 2191 2644 3899 2719; baseline -0.004 -15"><span class='ocrx_word' id='word_1_597' title='bbox 2191 2664 2399 2719; x_wconf 91' lang='lat' dir='ltr'>corpus</span> <span class='ocrx_word' id='word_1_598' title='bbox 2430 2648 2555 2717; x_wconf 89' lang='lat' dir='ltr'>ejus</span> <span class='ocrx_word' id='word_1_599' title='bbox 2587 2652 2695 2703; x_wconf 87' lang='lat' dir='ltr'>est.</span> <span class='ocrx_word' id='word_1_600' title='bbox 2728 2647 2999 2703; x_wconf 88' lang='lat' dir='ltr'>Nondum</span> <span class='ocrx_word' id='word_1_601' title='bbox 3031 2646 3186 2701; x_wconf 90' lang='lat' dir='ltr'>enim</span> <span class='ocrx_word' id='word_1_602' title='bbox 3212 2646 3270 2701; x_wconf 89' lang='lat' dir='ltr'>in</span> <span class='ocrx_word' id='word_1_603' title='bbox 3307 2646 3579 2718; x_wconf 89' lang='lat' dir='ltr'>passione</span> <span class='ocrx_word' id='word_1_604' title='bbox 3609 2644 3899 2701; x_wconf 84' lang='lat' dir='ltr'>obtulerat</span> 
     </span>
    </p>
   </div>
   <div class='ocr_carea' id='block_1_80' title="bbox 2190 2734 3896 2809">
    <p class='ocr_par' dir='ltr' id='par_1_80' title="bbox 2190 2734 3896 2809">
     <span class='ocr_line' id='line_1_80' title="bbox 2190 2734 3896 2809; baseline -0.002 -16"><span class='ocrx_word' id='word_1_605' title='bbox 2190 2738 2595 2796; x_wconf 90' lang='lat' dir='ltr'>holocaustum</span> <span class='ocrx_word' id='word_1_606' title='bbox 2630 2756 2829 2807; x_wconf 89' lang='lat' dir='ltr'>suum,</span> <span class='ocrx_word' id='word_1_607' title='bbox 2854 2754 2967 2809; x_wconf 91' lang='lat' dir='ltr'>quo</span> <span class='ocrx_word' id='word_1_608' title='bbox 2995 2738 3279 2794; x_wconf 88' lang='lat' dir='ltr'>sacriﬁcio</span> <span class='ocrx_word' id='word_1_609' title='bbox 3303 2736 3646 2793; x_wconf 89' lang='lat' dir='ltr'>conﬁrmato</span> <span class='ocrx_word' id='word_1_610' title='bbox 3678 2734 3736 2790; x_wconf 91' lang='lat' dir='ltr'>in</span> <span class='ocrx_word' id='word_1_611' title='bbox 3770 2750 3896 2789; x_wconf 85' lang='lat' dir='ltr'>cre-</span> 
     </span>
    </p>
   </div>
   <div class='ocr_carea' id='block_1_81' title="bbox 2192 2823 3901 2901">
    <p class='ocr_par' dir='ltr' id='par_1_81' title="bbox 2192 2823 3901 2901">
     <span class='ocr_line' id='line_1_81' title="bbox 2192 2823 3901 2901; baseline -0.005 -16"><span class='ocrx_word' id='word_1_612' title='bbox 2192 2830 2463 2885; x_wconf 90' lang='lat' dir='ltr'>dentibus</span> <span class='ocrx_word' id='word_1_613' title='bbox 2505 2826 2753 2901; x_wconf 90' lang='lat' dir='ltr'>populis,</span> <span class='ocrx_word' id='word_1_614' title='bbox 2813 2828 3094 2899; x_wconf 89' lang='lat' dir='ltr'>templum</span> <span class='ocrx_word' id='word_1_615' title='bbox 3126 2830 3319 2900; x_wconf 87' lang='lat' dir='ltr'>ipsum</span> <span class='ocrx_word' id='word_1_616' title='bbox 3360 2843 3624 2883; x_wconf 87' lang='lat' dir='ltr'>eversum</span> <span class='ocrx_word' id='word_1_617' title='bbox 3656 2828 3765 2894; x_wconf 87' lang='lat' dir='ltr'>est,</span> <span class='ocrx_word' id='word_1_618' title='bbox 3798 2823 3901 2879; x_wconf 91' lang='lat' dir='ltr'>ubi</span> 
     </span>
    </p>
   </div>
   <div class='ocr_carea' id='block_1_82' title="bbox 2189 2916 3903 2977">
    <p class='ocr_par' dir='ltr' id='par_1_82' title="bbox 2189 2916 3903 2977">
     <span class='ocr_line' id='line_1_82' title="bbox 2189 2916 3903 2977; baseline -0.002 -4"><span class='ocrx_word' id='word_1_619' title='bbox 2189 2918 2289 2975; x_wconf 89' lang='lat' dir='ltr'>illa</span> <span class='ocrx_word' id='word_1_620' title='bbox 2336 2919 2620 2977; x_wconf 87' lang='lat' dir='ltr'>sacriﬁcia</span> <span class='ocrx_word' id='word_1_621' title='bbox 2652 2918 2843 2974; x_wconf 80' lang='lat' dir='ltr'>oﬁ‘erri</span> <span class='ocrx_word' id='word_1_622' title='bbox 2868 2918 3152 2974; x_wconf 87' lang='lat' dir='ltr'>solebant.</span> <span class='ocrx_word' id='word_1_623' title='bbox 3187 2917 3303 2972; x_wconf 89' lang='lat' dir='ltr'>Hoc</span> <span class='ocrx_word' id='word_1_624' title='bbox 3334 2920 3528 2973; x_wconf 88' lang='lat' dir='ltr'>autem</span> <span class='ocrx_word' id='word_1_625' title='bbox 3554 2916 3771 2972; x_wconf 82' lang='lat' dir='ltr'>factum</span> <span class='ocrx_word' id='word_1_626' title='bbox 3812 2917 3903 2971; x_wconf 88' lang='lat' dir='ltr'>est</span> 
     </span>
    </p>
   </div>
   <div class='ocr_carea' id='block_1_83' title="bbox 2189 3003 3894 3080">
    <p class='ocr_par' dir='ltr' id='par_1_83' title="bbox 2189 3003 3894 3080">
     <span class='ocr_line' id='line_1_83' title="bbox 2189 3003 3894 3080; baseline -0.006 -12"><span class='ocrx_word' id='word_1_627' title='bbox 2189 3011 2509 3069; x_wconf 88' lang='lat' dir='ltr'>secundum</span> <span class='ocrx_word' id='word_1_628' title='bbox 2555 3008 2919 3080; x_wconf 87' lang='lat' dir='ltr'>prophetiam</span> <span class='ocrx_word' id='word_1_629' title='bbox 2971 3005 3227 3062; x_wconf 88' lang='lat' dir='ltr'>Danielis</span> <span class='ocrx_word' id='word_1_630' title='bbox 3281 3006 3442 3075; x_wconf 90' lang='lat' dir='ltr'>(Dan.</span> <span class='ocrx_word' id='word_1_631' title='bbox 3477 3021 3556 3073; x_wconf 84' lang='lat' dir='ltr'>1x,</span> <span class='ocrx_word' id='word_1_632' title='bbox 3589 3008 3699 3075; x_wconf 78' lang='lat'>27).</span> <span class='ocrx_word' id='word_1_633' title='bbox 3768 3003 3894 3059; x_wconf 90' lang='lat' dir='ltr'>Non</span> 
     </span>
    </p>
   </div>
   <div class='ocr_carea' id='block_1_84' title="bbox 2189 3092 3901 3171">
    <p class='ocr_par' dir='ltr' id='par_1_84' title="bbox 2189 3092 3901 3171">
     <span class='ocr_line' id='line_1_84' title="bbox 2189 3092 3901 3171; baseline -0.006 -13"><span class='ocrx_word' id='word_1_634' title='bbox 2189 3102 2341 3159; x_wconf 90' lang='lat' dir='ltr'>enim</span> <span class='ocrx_word' id='word_1_635' title='bbox 2376 3098 2909 3171; x_wconf 81' lang='lat' dir='ltr'>oportebataul‘erri</span> <span class='ocrx_word' id='word_1_636' title='bbox 2930 3098 3326 3169; x_wconf 84' lang='lat' dir='ltr'>signiﬁcantia</span> <span class='ocrx_word' id='word_1_637' title='bbox 3373 3095 3679 3162; x_wconf 87' lang='lat' dir='ltr'>sacriﬁcia,</span> <span class='ocrx_word' id='word_1_638' title='bbox 3713 3092 3901 3164; x_wconf 85' lang='lat' dir='ltr'>prius-</span> 
     </span>
    </p>
   </div>
   <div class='ocr_carea' id='block_1_85' title="bbox 2189 3183 3899 3265">
    <p class='ocr_par' dir='ltr' id='par_1_85' title="bbox 2189 3183 3899 3265">
     <span class='ocr_line' id='line_1_85' title="bbox 2189 3183 3899 3265; baseline -0.006 -17"><span class='ocrx_word' id='word_1_639' title='bbox 2189 3209 2356 3265; x_wconf 88' lang='lat' dir='ltr'>quam</span> <span class='ocrx_word' id='word_1_640' title='bbox 2376 3190 2521 3245; x_wconf 92' lang='lat' dir='ltr'>illud</span> <span class='ocrx_word' id='word_1_641' title='bbox 2541 3190 2693 3262; x_wconf 89' lang='lat' dir='ltr'>quod</span> <span class='ocrx_word' id='word_1_642' title='bbox 2716 3189 3156 3261; x_wconf 87' lang='lat' dir='ltr'>signiﬁcabatur</span> <span class='ocrx_word' id='word_1_643' title='bbox 3174 3188 3582 3243; x_wconf 88' lang='lat' dir='ltr'>conﬁrmatum</span> <span class='ocrx_word' id='word_1_644' title='bbox 3605 3183 3899 3255; x_wconf 59' lang='lat' dir='ltr'>essetjcou-</span> 
     </span>
    </p>
   </div>
   <div class='ocr_carea' id='block_1_86' title="bbox 2188 3274 3896 3351">
    <p class='ocr_par' dir='ltr' id='par_1_86' title="bbox 2188 3274 3896 3351">
     <span class='ocr_line' id='line_1_86' title="bbox 2188 3274 3896 3351; baseline -0.006 -12"><span class='ocrx_word' id='word_1_645' title='bbox 2188 3282 2503 3339; x_wconf 88' lang='lat' dir='ltr'>testatione</span> <span class='ocrx_word' id='word_1_646' title='bbox 2525 3280 2933 3351; x_wconf 85' lang='lat' dir='ltr'>Apostolorum</span> <span class='ocrx_word' id='word_1_647' title='bbox 2960 3278 3425 3350; x_wconf 72' lang='lat' dir='ltr'>praedicantium,</span> <span class='ocrx_word' id='word_1_648' title='bbox 3454 3280 3511 3333; x_wconf 88' lang='lat' dir='ltr'>et</span> <span class='ocrx_word' id='word_1_649' title='bbox 3536 3276 3645 3331; x_wconf 89' lang='lat' dir='ltr'>ﬁde</span> <span class='ocrx_word' id='word_1_650' title='bbox 3668 3274 3896 3331; x_wconf 89' lang='lat' dir='ltr'>creden-</span> 
     </span>
    </p>
   </div>
   <div class='ocr_carea' id='block_1_87' title="bbox 2190 3368 2744 3443">
    <p class='ocr_par' dir='ltr' id='par_1_87' title="bbox 2190 3368 2744 3443">
     <span class='ocr_line' id='line_1_87' title="bbox 2190 3368 2744 3443; baseline -0.005 -17"><span class='ocrx_word' id='word_1_651' title='bbox 2190 3372 2336 3427; x_wconf 88' lang='lat' dir='ltr'>tium</span> <span class='ocrx_word' id='word_1_652' title='bbox 2374 3368 2744 3443; x_wconf 89' lang='lat' dir='ltr'>populorum.</span> 
     </span>
    </p>
   </div>
   <div class='ocr_carea' id='block_1_88' title="bbox 2264 3452 3895 3531">
    <p class='ocr_par' dir='ltr' id='par_1_88' title="bbox 2264 3452 3895 3531">
     <span class='ocr_line' id='line_1_88' title="bbox 2264 3452 3895 3531; baseline -0.007 -14"><span class='ocrx_word' id='word_1_653' title='bbox 2264 3462 2351 3517; x_wconf 91' lang='lat' dir='ltr'>lV.</span> <span class='ocrx_word' id='word_1_654' title='bbox 2404 3462 2510 3531; x_wconf 88' lang='lat' dir='ltr'>[1b.</span> <span class='ocrx_word' id='word_1_655' title='bbox 2546 3477 2599 3527; x_wconf 91' lang='lat' dir='ltr'>v,</span> <span class='ocrx_word' id='word_1_656' title='bbox 2638 3460 2847 3530; x_wconf 77' lang='lat' dir='ltr'>l8-25.]</span> <span class='ocrx_word' id='word_1_657' title='bbox 2901 3460 2979 3515; x_wconf 88' lang='lat' dir='ltr'>De</span> <span class='ocrx_word' id='word_1_658' title='bbox 3029 3458 3378 3530; x_wconf 81' lang='lat' dir='ltr'>paralytico:</span> <span class='ocrx_word' id='word_1_659' title='bbox 3416 3459 3603 3528; x_wconf 89' lang='lat' dir='ltr'>potest</span> <span class='ocrx_word' id='word_1_660' title='bbox 3650 3452 3895 3517; x_wconf 72' lang='lat' dir='ltr'>intelligi</span> 
     </span>
    </p>
   </div>
   <div class='ocr_carea' id='block_1_89' title="bbox 2191 3542 3892 3615">
    <p class='ocr_par' dir='ltr' id='par_1_89' title="bbox 2191 3542 3892 3615">
     <span class='ocr_line' id='line_1_89' title="bbox 2191 3542 3892 3615; baseline -0.007 -8"><span class='ocrx_word' id='word_1_661' title='bbox 2191 3554 2385 3607; x_wconf 87' lang='lat' dir='ltr'>anima</span> <span class='ocrx_word' id='word_1_662' title='bbox 2416 3552 2703 3607; x_wconf 84' lang='lat' dir='ltr'>dissoluta</span> <span class='ocrx_word' id='word_1_663' title='bbox 2737 3550 3034 3615; x_wconf 88' lang='lat' dir='ltr'>membris,</span> <span class='ocrx_word' id='word_1_664' title='bbox 3074 3551 3181 3603; x_wconf 92' lang='lat' dir='ltr'>hoc</span> <span class='ocrx_word' id='word_1_665' title='bbox 3225 3553 3313 3603; x_wconf 89' lang='lat' dir='ltr'>est</span> <span class='ocrx_word' id='word_1_666' title='bbox 3344 3546 3512 3601; x_wconf 88' lang='lat' dir='ltr'>bonis</span> <span class='ocrx_word' id='word_1_667' title='bbox 3543 3542 3892 3614; x_wconf 88' lang='lat' dir='ltr'>operationi-</span> 
     </span>
    </p>
   </div>
   <div class='ocr_carea' id='block_1_90' title="bbox 2190 3631 3892 3711">
    <p class='ocr_par' dir='ltr' id='par_1_90' title="bbox 2190 3631 3892 3711">
     <span class='ocr_line' id='line_1_90' title="bbox 2190 3631 3892 3711; baseline -0.008 -13"><span class='ocrx_word' id='word_1_668' title='bbox 2190 3644 2323 3711; x_wconf 89' lang='lat' dir='ltr'>bus,</span> <span class='ocrx_word' id='word_1_669' title='bbox 2378 3642 2667 3698; x_wconf 89' lang='lat' dir='ltr'>Christum</span> <span class='ocrx_word' id='word_1_670' title='bbox 2721 3656 3001 3711; x_wconf 83' lang='lat' dir='ltr'>quaerere,</span> <span class='ocrx_word' id='word_1_671' title='bbox 3046 3638 3101 3692; x_wconf 93' lang='lat' dir='ltr'>id</span> <span class='ocrx_word' id='word_1_672' title='bbox 3145 3642 3253 3704; x_wconf 90' lang='lat' dir='ltr'>est,</span> <span class='ocrx_word' id='word_1_673' title='bbox 3304 3635 3665 3690; x_wconf 89' lang='lat' dir='ltr'>voluntatem</span> <span class='ocrx_word' id='word_1_674' title='bbox 3716 3631 3892 3687; x_wconf 87' lang='lat' dir='ltr'>Verbi</span> 
     </span>
    </p>
   </div>
   <div class='ocr_carea' id='block_1_91' title="bbox 2190 3724 3894 3802">
    <p class='ocr_par' dir='ltr' id='par_1_91' title="bbox 2190 3724 3894 3802">
     <span class='ocr_line' id='line_1_91' title="bbox 2190 3724 3894 3802; baseline -0.007 -15"><span class='ocrx_word' id='word_1_675' title='bbox 2190 3732 2329 3800; x_wconf 91' lang='lat' dir='ltr'>Dei;</span> <span class='ocrx_word' id='word_1_676' title='bbox 2361 3731 2632 3802; x_wconf 89' lang='lat' dir='ltr'>impediri</span> <span class='ocrx_word' id='word_1_677' title='bbox 2663 3736 2854 3785; x_wconf 88' lang='lat' dir='ltr'>autem</span> <span class='ocrx_word' id='word_1_678' title='bbox 2888 3725 3225 3795; x_wconf 88' lang='lat' dir='ltr'>turbis,nisi</span> <span class='ocrx_word' id='word_1_679' title='bbox 3249 3728 3421 3790; x_wconf 88' lang='lat' dir='ltr'>tecta,</span> <span class='ocrx_word' id='word_1_680' title='bbox 3456 3724 3511 3778; x_wconf 89' lang='lat' dir='ltr'>id</span> <span class='ocrx_word' id='word_1_681' title='bbox 3546 3726 3655 3791; x_wconf 88' lang='lat' dir='ltr'>est,</span> <span class='ocrx_word' id='word_1_682' title='bbox 3689 3724 3894 3793; x_wconf 86' lang='lat' dir='ltr'>operta</span> 
     </span>
    </p>
   </div>
   <div class='ocr_carea' id='block_1_92' title="bbox 2191 3810 3898 3891">
    <p class='ocr_par' dir='ltr' id='par_1_92' title="bbox 2191 3810 3898 3891">
     <span class='ocr_line' id='line_1_92' title="bbox 2191 3810 3898 3891; baseline -0.007 -14"><span class='ocrx_word' id='word_1_683' title='bbox 2191 3822 2624 3891; x_wconf 87' lang='lat' dir='ltr'>Scripturarum</span> <span class='ocrx_word' id='word_1_684' title='bbox 2647 3818 2884 3891; x_wconf 88' lang='lat' dir='ltr'>aperiat,</span> <span class='ocrx_word' id='word_1_685' title='bbox 2920 3822 2983 3872; x_wconf 92' lang='lat' dir='ltr'>ut</span> <span class='ocrx_word' id='word_1_686' title='bbox 3012 3832 3111 3889; x_wconf 86' lang='lat' dir='ltr'>per</span> <span class='ocrx_word' id='word_1_687' title='bbox 3133 3816 3253 3871; x_wconf 66' lang='lat' dir='ltr'>haec</span> <span class='ocrx_word' id='word_1_688' title='bbox 3285 3814 3359 3871; x_wconf 90' lang='lat' dir='ltr'>ad</span> <span class='ocrx_word' id='word_1_689' title='bbox 3389 3812 3659 3869; x_wconf 89' lang='lat' dir='ltr'>notitiam</span> <span class='ocrx_word' id='word_1_690' title='bbox 3682 3810 3898 3867; x_wconf 87' lang='lat' dir='ltr'>Christi</span> 
     </span>
    </p>
   </div>
   <div class='ocr_carea' id='block_1_93' title="bbox 2192 3902 3899 3986">
    <p class='ocr_par' dir='ltr' id='par_1_93' title="bbox 2192 3902 3899 3986">
     <span class='ocr_line' id='line_1_93' title="bbox 2192 3902 3899 3986; baseline -0.007 -17"><span class='ocrx_word' id='word_1_691' title='bbox 2192 3912 2507 3986; x_wconf 87' lang='lat' dir='ltr'>perveniat,</span> <span class='ocrx_word' id='word_1_692' title='bbox 2561 3910 2665 3967; x_wconf 94' lang='lat' dir='ltr'>hoc</span> <span class='ocrx_word' id='word_1_693' title='bbox 2697 3914 2804 3977; x_wconf 89' lang='lat' dir='ltr'>est,</span> <span class='ocrx_word' id='word_1_694' title='bbox 2840 3911 2910 3965; x_wconf 89' lang='lat' dir='ltr'>ad</span> <span class='ocrx_word' id='word_1_695' title='bbox 2938 3909 3063 3980; x_wconf 88' lang='lat' dir='ltr'>ejus</span> <span class='ocrx_word' id='word_1_696' title='bbox 3096 3907 3489 3963; x_wconf 87' lang='lat' dir='ltr'>humilitatem</span> <span class='ocrx_word' id='word_1_697' title='bbox 3516 3903 3649 3960; x_wconf 86' lang='lat' dir='ltr'>ﬁdei</span> <span class='ocrx_word' id='word_1_698' title='bbox 3683 3902 3899 3975; x_wconf 88' lang='lat' dir='ltr'>pietate</span> 
     </span>
    </p>
   </div>
   <div class='ocr_carea' id='block_1_94' title="bbox 2191 3991 3901 4069">
    <p class='ocr_par' dir='ltr' id='par_1_94' title="bbox 2191 3991 3901 4069">
     <span class='ocr_line' id='line_1_94' title="bbox 2191 3991 3901 4069; baseline -0.008 -11"><span class='ocrx_word' id='word_1_699' title='bbox 2191 4003 2521 4058; x_wconf 84' lang='lat' dir='ltr'>descendat.</span> <span class='ocrx_word' id='word_1_700' title='bbox 2549 4001 2619 4055; x_wconf 87' lang='lat' dir='ltr'>Hi</span> <span class='ocrx_word' id='word_1_701' title='bbox 2641 4004 2831 4056; x_wconf 90' lang='lat' dir='ltr'>autem</span> <span class='ocrx_word' id='word_1_702' title='bbox 2857 4017 2889 4054; x_wconf 88' lang='lat' dir='ltr'>a</span> <span class='ocrx_word' id='word_1_703' title='bbox 2912 3999 3129 4069; x_wconf 88' lang='lat' dir='ltr'>quibus</span> <span class='ocrx_word' id='word_1_704' title='bbox 3151 3996 3477 4067; x_wconf 90' lang='lat' dir='ltr'>deponitur,</span> <span class='ocrx_word' id='word_1_705' title='bbox 3505 3994 3689 4049; x_wconf 90' lang='lat' dir='ltr'>bonos</span> <span class='ocrx_word' id='word_1_706' title='bbox 3712 3991 3770 4046; x_wconf 91' lang='lat' dir='ltr'>in</span> <span class='ocrx_word' id='word_1_707' title='bbox 3794 3991 3901 4045; x_wconf 86' lang='lat' dir='ltr'>Ec-</span> 
     </span>
    </p>
   </div>
   <div class='ocr_carea' id='block_1_95' title="bbox 2191 4085 3892 4163">
    <p class='ocr_par' dir='ltr' id='par_1_95' title="bbox 2191 4085 3892 4163">
     <span class='ocr_line' id='line_1_95' title="bbox 2191 4085 3892 4163; baseline -0.008 -14"><span class='ocrx_word' id='word_1_708' title='bbox 2191 4093 2365 4150; x_wconf 90' lang='lat' dir='ltr'>clesia</span> <span class='ocrx_word' id='word_1_709' title='bbox 2398 4092 2664 4148; x_wconf 86' lang='lat' dir='ltr'>doctores</span> <span class='ocrx_word' id='word_1_710' title='bbox 2694 4093 2943 4163; x_wconf 89' lang='lat' dir='ltr'>possunt</span> <span class='ocrx_word' id='word_1_711' title='bbox 2963 4088 3313 4160; x_wconf 86' lang='lat' dir='ltr'>signiﬁcare.</span> <span class='ocrx_word' id='word_1_712' title='bbox 3340 4085 3502 4149; x_wconf 91' lang='lat' dir='ltr'>Quod</span> <span class='ocrx_word' id='word_1_713' title='bbox 3534 4091 3723 4141; x_wconf 87' lang='lat' dir='ltr'>autem</span> <span class='ocrx_word' id='word_1_714' title='bbox 3758 4098 3892 4137; x_wconf 92' lang='lat' dir='ltr'>cum</span> 
     </span>
    </p>
   </div>
   <div class='ocr_carea' id='block_1_96' title="bbox 2190 4174 3886 4254">
    <p class='ocr_par' dir='ltr' id='par_1_96' title="bbox 2190 4174 3886 4254">
     <span class='ocr_line' id='line_1_96' title="bbox 2190 4174 3886 4254; baseline -0.008 -13"><span class='ocrx_word' id='word_1_715' title='bbox 2190 4187 2334 4241; x_wconf 90' lang='lat' dir='ltr'>lecto</span> <span class='ocrx_word' id='word_1_716' title='bbox 2365 4182 2692 4254; x_wconf 89' lang='lat' dir='ltr'>deponitur,</span> <span class='ocrx_word' id='word_1_717' title='bbox 2735 4179 3025 4251; x_wconf 89' lang='lat' dir='ltr'>signiﬁcat</span> <span class='ocrx_word' id='word_1_718' title='bbox 3073 4178 3144 4234; x_wconf 89' lang='lat' dir='ltr'>ab</span> <span class='ocrx_word' id='word_1_719' title='bbox 3193 4175 3427 4232; x_wconf 88' lang='lat' dir='ltr'>homine</span> <span class='ocrx_word' id='word_1_720' title='bbox 3460 4174 3518 4230; x_wconf 91' lang='lat' dir='ltr'>in</span> <span class='ocrx_word' id='word_1_721' title='bbox 3552 4174 3667 4231; x_wconf 90' lang='lat' dir='ltr'>ista</span> <span class='ocrx_word' id='word_1_722' title='bbox 3715 4187 3886 4228; x_wconf 88' lang='lat' dir='ltr'>carne</span> 
     </span>
    </p>
   </div>
   <div class='ocr_carea' id='block_1_97' title="bbox 2187 4262 3895 4335">
    <p class='ocr_par' dir='ltr' id='par_1_97' title="bbox 2187 4262 3895 4335">
     <span class='ocr_line' id='line_1_97' title="bbox 2187 4262 3895 4335; baseline -0.009 -6"><span class='ocrx_word' id='word_1_723' title='bbox 2187 4273 2374 4331; x_wconf 88' lang='lat' dir='ltr'>adhuc</span> <span class='ocrx_word' id='word_1_724' title='bbox 2392 4271 2707 4328; x_wconf 86' lang='lat' dir='ltr'>constituto</span> <span class='ocrx_word' id='word_1_725' title='bbox 2730 4268 3024 4325; x_wconf 87' lang='lat' dir='ltr'>Christum</span> <span class='ocrx_word' id='word_1_726' title='bbox 3048 4267 3255 4323; x_wconf 87' lang='lat' dir='ltr'>debere</span> <span class='ocrx_word' id='word_1_727' title='bbox 3279 4262 3564 4335; x_wconf 90' lang='lat' dir='ltr'>cognosci.</span> <span class='ocrx_word' id='word_1_728' title='bbox 3592 4264 3634 4327; x_wconf 93' lang='lat' dir='ltr'>Q</span> <span class='ocrx_word' id='word_1_729' title='bbox 3651 4277 3784 4317; x_wconf 89' lang='lat' dir='ltr'>uem</span> <span class='ocrx_word' id='word_1_730' title='bbox 3807 4264 3895 4315; x_wconf 88' lang='lat' dir='ltr'>ta-</span> 
     </span>
    </p>
   </div>
   <div class='ocr_carea' id='block_1_98' title="bbox 2191 4348 3891 4430">
    <p class='ocr_par' dir='ltr' id='par_1_98' title="bbox 2191 4348 3891 4430">
     <span class='ocr_line' id='line_1_98' title="bbox 2191 4348 3891 4430; baseline -0.009 -11"><span class='ocrx_word' id='word_1_731' title='bbox 2191 4380 2325 4419; x_wconf 89' lang='lat' dir='ltr'>men</span> <span class='ocrx_word' id='word_1_732' title='bbox 2360 4363 2574 4418; x_wconf 91' lang='lat' dir='ltr'>lectum</span> <span class='ocrx_word' id='word_1_733' title='bbox 2604 4377 2783 4416; x_wconf 89' lang='lat' dir='ltr'>sanus</span> <span class='ocrx_word' id='word_1_734' title='bbox 2815 4362 3015 4430; x_wconf 88' lang='lat' dir='ltr'>postea</span> <span class='ocrx_word' id='word_1_735' title='bbox 3053 4357 3295 4427; x_wconf 90' lang='lat' dir='ltr'>jubetur</span> <span class='ocrx_word' id='word_1_736' title='bbox 3344 4356 3595 4425; x_wconf 88' lang='lat' dir='ltr'>portare,</span> <span class='ocrx_word' id='word_1_737' title='bbox 3630 4355 3686 4405; x_wconf 89' lang='lat' dir='ltr'>et</span> <span class='ocrx_word' id='word_1_738' title='bbox 3718 4350 3800 4406; x_wconf 89' lang='lat' dir='ltr'>ire</span> <span class='ocrx_word' id='word_1_739' title='bbox 3834 4348 3891 4403; x_wconf 91' lang='lat' dir='ltr'>in</span> 
     </span>
    </p>
   </div>
   <div class='ocr_carea' id='block_1_99' title="bbox 2190 4440 3895 4521">
    <p class='ocr_par' dir='ltr' id='par_1_99' title="bbox 2190 4440 3895 4521">
     <span class='ocr_line' id='line_1_99' title="bbox 2190 4440 3895 4521; baseline -0.009 -12"><span class='ocrx_word' id='word_1_740' title='bbox 2190 4454 2428 4509; x_wconf 89' lang='lat' dir='ltr'>domum</span> <span class='ocrx_word' id='word_1_741' title='bbox 2454 4468 2643 4521; x_wconf 83' lang='lat' dir='ltr'>suam,</span> <span class='ocrx_word' id='word_1_742' title='bbox 2663 4458 2723 4505; x_wconf 92' lang='lat' dir='ltr'>ut</span> <span class='ocrx_word' id='word_1_743' title='bbox 2741 4448 3083 4506; x_wconf 88' lang='lat' dir='ltr'>remissione</span> <span class='ocrx_word' id='word_1_744' title='bbox 3108 4449 3475 4519; x_wconf 90' lang='lat' dir='ltr'>peccatorum</span> <span class='ocrx_word' id='word_1_745' title='bbox 3495 4440 3895 4499; x_wconf 83' lang='lat' dir='ltr'>convalescen-</span> 
     </span>
    </p>
   </div>
   <div class='ocr_carea' id='block_1_100' title="bbox 2190 4532 3894 4613">
    <p class='ocr_par' dir='ltr' id='par_1_100' title="bbox 2190 4532 3894 4613">
     <span class='ocr_line' id='line_1_100' title="bbox 2190 4532 3894 4613; baseline -0.008 -15"><span class='ocrx_word' id='word_1_746' title='bbox 2190 4543 2355 4598; x_wconf 85' lang='lat' dir='ltr'>tibus</span> <span class='ocrx_word' id='word_1_747' title='bbox 2386 4558 2488 4613; x_wconf 88' lang='lat' dir='ltr'>per</span> <span class='ocrx_word' id='word_1_748' title='bbox 2509 4556 2666 4613; x_wconf 85' lang='lat' dir='ltr'>spem</span> <span class='ocrx_word' id='word_1_749' title='bbox 2698 4541 2913 4595; x_wconf 88' lang='lat' dir='ltr'>bonam</span> <span class='ocrx_word' id='word_1_750' title='bbox 2961 4536 3246 4593; x_wconf 90' lang='lat' dir='ltr'>membris</span> <span class='ocrx_word' id='word_1_751' title='bbox 3279 4534 3507 4600; x_wconf 60' lang='lat' dir='ltr'>animm,</span> <span class='ocrx_word' id='word_1_752' title='bbox 3542 4532 3651 4587; x_wconf 92' lang='lat' dir='ltr'>hoc</span> <span class='ocrx_word' id='word_1_753' title='bbox 3683 4546 3894 4602; x_wconf 91' lang='lat' dir='ltr'>corpus</span> 
     </span>
    </p>
   </div>
   <div class='ocr_carea' id='block_1_101' title="bbox 2189 4622 3896 4702">
    <p class='ocr_par' dir='ltr' id='par_1_101' title="bbox 2189 4622 3896 4702">
     <span class='ocr_line' id='line_1_101' title="bbox 2189 4622 3896 4702; baseline -0.008 -14"><span class='ocrx_word' id='word_1_754' title='bbox 2189 4636 2516 4689; x_wconf 87' lang='lat' dir='ltr'>restaurare</span> <span class='ocrx_word' id='word_1_755' title='bbox 2535 4631 2924 4702; x_wconf 88' lang='lat' dir='ltr'>intelligatur:</span> <span class='ocrx_word' id='word_1_756' title='bbox 2952 4627 3155 4698; x_wconf 88' lang='lat' dir='ltr'>utjam</span> <span class='ocrx_word' id='word_1_757' title='bbox 3180 4642 3294 4681; x_wconf 90' lang='lat' dir='ltr'>non</span> <span class='ocrx_word' id='word_1_758' title='bbox 3320 4624 3377 4679; x_wconf 93' lang='lat' dir='ltr'>in</span> <span class='ocrx_word' id='word_1_759' title='bbox 3402 4622 3742 4679; x_wconf 86' lang='lat' dir='ltr'>carnalibus</span> <span class='ocrx_word' id='word_1_760' title='bbox 3760 4636 3896 4691; x_wconf 84' lang='lat' dir='ltr'>gau-</span> 
     </span>
    </p>
   </div>
   <div class='ocr_carea' id='block_1_102' title="bbox 2189 4711 3894 4794">
    <p class='ocr_par' dir='ltr' id='par_1_102' title="bbox 2189 4711 3894 4794">
     <span class='ocr_line' id='line_1_102' title="bbox 2189 4711 3894 4794; baseline -0.008 -15"><span class='ocrx_word' id='word_1_761' title='bbox 2189 4722 2303 4779; x_wconf 90' lang='lat' dir='ltr'>diis</span> <span class='ocrx_word' id='word_1_762' title='bbox 2324 4726 2603 4794; x_wconf 88' lang='lat' dir='ltr'>tanquam</span> <span class='ocrx_word' id='word_1_763' title='bbox 2620 4721 2677 4777; x_wconf 93' lang='lat' dir='ltr'>in</span> <span class='ocrx_word' id='word_1_764' title='bbox 2711 4722 2856 4776; x_wconf 90' lang='lat' dir='ltr'>lecto</span> <span class='ocrx_word' id='word_1_765' title='bbox 2872 4714 3527 4790; x_wconf 87' lang='lat' dir='ltr'>requiescatinﬁrmitas</span> <span class='ocrx_word' id='word_1_766' title='bbox 3550 4711 3769 4779; x_wconf 86' lang='lat' dir='ltr'>animi;</span> <span class='ocrx_word' id='word_1_767' title='bbox 3795 4712 3894 4766; x_wconf 85' lang='lat' dir='ltr'>sed</span> 
     </span>
    </p>
   </div>
   <div class='ocr_carea' id='block_1_103' title="bbox 2190 4798 3891 4883">
    <p class='ocr_par' dir='ltr' id='par_1_103' title="bbox 2190 4798 3891 4883">
     <span class='ocr_line' id='line_1_103' title="bbox 2190 4798 3891 4883; baseline -0.01 -16"><span class='ocrx_word' id='word_1_768' title='bbox 2190 4812 2373 4883; x_wconf 87' lang='lat' dir='ltr'>magis</span> <span class='ocrx_word' id='word_1_769' title='bbox 2397 4812 2524 4883; x_wconf 90' lang='lat' dir='ltr'>ipsa</span> <span class='ocrx_word' id='word_1_770' title='bbox 2547 4810 2832 4867; x_wconf 87' lang='lat' dir='ltr'>contineat</span> <span class='ocrx_word' id='word_1_771' title='bbox 2855 4809 3190 4865; x_wconf 82' lang='lat' dir='ltr'>aﬁ‘ectiones</span> <span class='ocrx_word' id='word_1_772' title='bbox 3216 4804 3499 4873; x_wconf 87' lang='lat' dir='ltr'>carnales,</span> <span class='ocrx_word' id='word_1_773' title='bbox 3524 4806 3580 4858; x_wconf 89' lang='lat' dir='ltr'>et</span> <span class='ocrx_word' id='word_1_774' title='bbox 3604 4801 3799 4857; x_wconf 88' lang='lat' dir='ltr'>tendat</span> <span class='ocrx_word' id='word_1_775' title='bbox 3820 4798 3891 4852; x_wconf 89' lang='lat' dir='ltr'>ad</span> 
     </span>
    </p>
   </div>
   <div class='ocr_carea' id='block_1_104' title="bbox 2186 4898 3181 4971">
    <p class='ocr_par' dir='ltr' id='par_1_104' title="bbox 2186 4898 3181 4971">
     <span class='ocr_line' id='line_1_104' title="bbox 2186 4898 3181 4971; baseline -0.005 -14"><span class='ocrx_word' id='word_1_776' title='bbox 2186 4903 2439 4971; x_wconf 90' lang='lat' dir='ltr'>requiem</span> <span class='ocrx_word' id='word_1_777' title='bbox 2473 4906 2821 4957; x_wconf 90' lang='lat' dir='ltr'>secretorum</span> <span class='ocrx_word' id='word_1_778' title='bbox 2852 4900 3038 4956; x_wconf 90' lang='lat' dir='ltr'>cordis</span> <span class='ocrx_word' id='word_1_779' title='bbox 3069 4898 3181 4954; x_wconf 88' lang='lat' dir='ltr'>sui.</span> 
     </span>
    </p>
   </div>
   <div class='ocr_carea' id='block_1_105' title="bbox 2258 4977 3887 5064">
    <p class='ocr_par' dir='ltr' id='par_1_105' title="bbox 2258 4977 3887 5064">
     <span class='ocr_line' id='line_1_105' title="bbox 2258 4977 3887 5064; baseline -0.01 -20"><span class='ocrx_word' id='word_1_780' title='bbox 2258 4992 2327 5047; x_wconf 91' lang='lat' dir='ltr'>V.</span> <span class='ocrx_word' id='word_1_781' title='bbox 2381 4992 2483 5064; x_wconf 86' lang='lat' dir='ltr'>[lb.</span> <span class='ocrx_word' id='word_1_782' title='bbox 2519 5008 2604 5059; x_wconf 79' lang='grc' dir='ltr'>ιιι,</span> <span class='ocrx_word' id='word_1_783' title='bbox 2632 4991 2747 5061; x_wconf 83' lang='grc'>23.]</span> <span class='ocrx_word' id='word_1_784' title='bbox 2788 4990 2912 5046; x_wconf 88' lang='lat' dir='ltr'>Non</span> <span class='ocrx_word' id='word_1_785' title='bbox 2965 4989 3218 5045; x_wconf 88' lang='lat' dir='ltr'>absurde</span> <span class='ocrx_word' id='word_1_786' title='bbox 3250 4984 3491 5059; x_wconf 67' lang='lat' dir='ltr'>quaestio</span> <span class='ocrx_word' id='word_1_787' title='bbox 3525 4977 3887 5051; x_wconf 89' lang='lat' dir='ltr'>proponitur,</span> 
     </span>
    </p>
   </div>
   <div class='ocr_carea' id='block_1_106' title="bbox 2188 5065 3889 5153">
    <p class='ocr_par' dir='ltr' id='par_1_106' title="bbox 2188 5065 3889 5153">
     <span class='ocr_line' id='line_1_106' title="bbox 2188 5065 3889 5153; baseline -0.009 -17"><span class='ocrx_word' id='word_1_788' title='bbox 2188 5082 2485 5147; x_wconf 88' lang='lat' dir='ltr'>Quomodo</span> <span class='ocrx_word' id='word_1_789' title='bbox 2518 5082 2768 5153; x_wconf 89' lang='lat' dir='ltr'>potuerit</span> <span class='ocrx_word' id='word_1_790' title='bbox 2810 5083 2955 5136; x_wconf 90' lang='lat' dir='ltr'>duos</span> <span class='ocrx_word' id='word_1_791' title='bbox 2996 5084 3187 5152; x_wconf 85' lang='lat' dir='ltr'>patres</span> <span class='ocrx_word' id='word_1_792' title='bbox 3228 5078 3439 5131; x_wconf 88' lang='lat' dir='ltr'>habere</span> <span class='ocrx_word' id='word_1_793' title='bbox 3469 5067 3707 5138; x_wconf 85' lang='lat' dir='ltr'>Joseph.</span> <span class='ocrx_word' id='word_1_794' title='bbox 3744 5065 3889 5121; x_wconf 89' lang='lat' dir='ltr'>Nam</span> 
     </span>
    </p>
   </div>
   <div class='ocr_carea' id='block_1_107' title="bbox 2190 5158 3887 5243">
    <p class='ocr_par' dir='ltr' id='par_1_107' title="bbox 2190 5158 3887 5243">
     <span class='ocr_line' id='line_1_107' title="bbox 2190 5158 3887 5243; baseline -0.008 -18"><span class='ocrx_word' id='word_1_795' title='bbox 2190 5172 2497 5227; x_wconf 73' lang='lat' dir='ltr'>Matthmus</span> <span class='ocrx_word' id='word_1_796' title='bbox 2527 5188 2659 5227; x_wconf 89' lang='lat' dir='ltr'>eum</span> <span class='ocrx_word' id='word_1_797' title='bbox 2693 5173 2833 5227; x_wconf 89' lang='lat' dir='ltr'>dicit</span> <span class='ocrx_word' id='word_1_798' title='bbox 2862 5173 3123 5243; x_wconf 88' lang='lat' dir='ltr'>genitum</span> <span class='ocrx_word' id='word_1_799' title='bbox 3150 5169 3219 5221; x_wconf 87' lang='lat' dir='ltr'>ab</span> <span class='ocrx_word' id='word_1_800' title='bbox 3239 5182 3303 5219; x_wconf 90' lang='lat' dir='ltr'>eo</span> <span class='ocrx_word' id='word_1_801' title='bbox 3329 5162 3425 5233; x_wconf 91' lang='lat' dir='ltr'>qui</span> <span class='ocrx_word' id='word_1_802' title='bbox 3450 5159 3768 5216; x_wconf 87' lang='lat' dir='ltr'>vocabatur</span> <span class='ocrx_word' id='word_1_803' title='bbox 3787 5158 3887 5212; x_wconf 88' lang='lat' dir='ltr'>Ja-</span> 
     </span>
    </p>
   </div>
   <div class='ocr_carea' id='block_1_108' title="bbox 2190 5249 3887 5334">
    <p class='ocr_par' dir='ltr' id='par_1_108' title="bbox 2190 5249 3887 5334">
     <span class='ocr_line' id='line_1_108' title="bbox 2190 5249 3887 5334; baseline -0.009 -17"><span class='ocrx_word' id='word_1_804' title='bbox 2190 5263 2293 5317; x_wconf 91' lang='lat' dir='ltr'>cob</span> <span class='ocrx_word' id='word_1_805' title='bbox 2328 5264 2543 5332; x_wconf 79' lang='lat' dir='ltr'>(Matth.</span> <span class='ocrx_word' id='word_1_806' title='bbox 2580 5282 2618 5332; x_wconf 81' lang='grc' dir='ltr'>ι,</span> <span class='ocrx_word' id='word_1_807' title='bbox 2658 5266 2780 5334; x_wconf 84' lang='grc'>16);</span> <span class='ocrx_word' id='word_1_808' title='bbox 2819 5264 2993 5317; x_wconf 85' lang='lat' dir='ltr'>Lucas</span> <span class='ocrx_word' id='word_1_809' title='bbox 3036 5273 3167 5312; x_wconf 90' lang='lat' dir='ltr'>vero</span> <span class='ocrx_word' id='word_1_810' title='bbox 3211 5254 3397 5307; x_wconf 87' lang='lat' dir='ltr'>ﬁlium</span> <span class='ocrx_word' id='word_1_811' title='bbox 3432 5266 3559 5306; x_wconf 83' lang='lat' dir='ltr'>esse</span> <span class='ocrx_word' id='word_1_812' title='bbox 3590 5249 3731 5304; x_wconf 86' lang='lat' dir='ltr'>dicit</span> <span class='ocrx_word' id='word_1_813' title='bbox 3761 5250 3887 5318; x_wconf 87' lang='lat' dir='ltr'>ejus</span> 
     </span>
    </p>
   </div>
   <div class='ocr_carea' id='block_1_109' title="bbox 2189 5340 3891 5423">
    <p class='ocr_par' dir='ltr' id='par_1_109' title="bbox 2189 5340 3891 5423">
     <span class='ocr_line' id='line_1_109' title="bbox 2189 5340 3891 5423; baseline -0.009 -16"><span class='ocrx_word' id='word_1_814' title='bbox 2189 5353 2288 5423; x_wconf 91' lang='lat' dir='ltr'>qui</span> <span class='ocrx_word' id='word_1_815' title='bbox 2320 5355 2639 5411; x_wconf 88' lang='lat' dir='ltr'>vocabatur</span> <span class='ocrx_word' id='word_1_816' title='bbox 2666 5354 2807 5409; x_wconf 86' lang='lat' dir='ltr'>Heli.</span> <span class='ocrx_word' id='word_1_817' title='bbox 2853 5352 3051 5420; x_wconf 88' lang='lat' dir='ltr'>Neque</span> <span class='ocrx_word' id='word_1_818' title='bbox 3082 5347 3188 5401; x_wconf 90' lang='lat' dir='ltr'>hoc</span> <span class='ocrx_word' id='word_1_819' title='bbox 3219 5343 3343 5399; x_wconf 94' lang='lat' dir='ltr'>loco</span> <span class='ocrx_word' id='word_1_820' title='bbox 3373 5342 3521 5396; x_wconf 89' lang='lat' dir='ltr'>illud</span> <span class='ocrx_word' id='word_1_821' title='bbox 3555 5340 3669 5396; x_wconf 87' lang='lat' dir='ltr'>dici</span> <span class='ocrx_word' id='word_1_822' title='bbox 3702 5343 3891 5410; x_wconf 87' lang='lat' dir='ltr'>potest</span> 
     </span>
    </p>
   </div>
   <div class='ocr_carea' id='block_1_110' title="bbox 2189 5428 3891 5513">
    <p class='ocr_par' dir='ltr' id='par_1_110' title="bbox 2189 5428 3891 5513">
     <span class='ocr_line' id='line_1_110' title="bbox 2189 5428 3891 5513; baseline -0.011 -15"><span class='ocrx_word' id='word_1_823' title='bbox 2189 5444 2341 5513; x_wconf 91' lang='lat' dir='ltr'>quod</span> <span class='ocrx_word' id='word_1_824' title='bbox 2370 5461 2524 5500; x_wconf 91' lang='lat' dir='ltr'>unus</span> <span class='ocrx_word' id='word_1_825' title='bbox 2558 5445 2750 5512; x_wconf 91' lang='lat' dir='ltr'>homo,</span> <span class='ocrx_word' id='word_1_826' title='bbox 2785 5442 2936 5497; x_wconf 88' lang='lat' dir='ltr'>sicut</span> <span class='ocrx_word' id='word_1_827' title='bbox 2967 5455 3083 5495; x_wconf 91' lang='lat' dir='ltr'>non</span> <span class='ocrx_word' id='word_1_828' title='bbox 3114 5436 3307 5493; x_wconf 89' lang='lat' dir='ltr'>solum</span> <span class='ocrx_word' id='word_1_829' title='bbox 3338 5432 3489 5506; x_wconf 91' lang='lat' dir='ltr'>apud</span> <span class='ocrx_word' id='word_1_830' title='bbox 3523 5431 3754 5493; x_wconf 86' lang='lat' dir='ltr'>Gentes,</span> <span class='ocrx_word' id='word_1_831' title='bbox 3790 5428 3891 5482; x_wconf 88' lang='lat' dir='ltr'>sed</span> 
     </span>
    </p>
   </div>
   <div class='ocr_carea' id='block_1_111' title="bbox 2188 5522 3887 5603">
    <p class='ocr_par' dir='ltr' id='par_1_111' title="bbox 2188 5522 3887 5603">
     <span class='ocr_line' id='line_1_111' title="bbox 2188 5522 3887 5603; baseline -0.009 -16"><span class='ocrx_word' id='word_1_832' title='bbox 2188 5534 2363 5589; x_wconf 88' lang='lat' dir='ltr'>etiam</span> <span class='ocrx_word' id='word_1_833' title='bbox 2398 5534 2549 5603; x_wconf 89' lang='lat' dir='ltr'>apud</span> <span class='ocrx_word' id='word_1_834' title='bbox 2581 5533 2814 5587; x_wconf 70' lang='lat' dir='ltr'>Judteos</span> <span class='ocrx_word' id='word_1_835' title='bbox 2856 5531 3115 5587; x_wconf 87' lang='lat' dir='ltr'>accidere</span> <span class='ocrx_word' id='word_1_836' title='bbox 3148 5526 3333 5585; x_wconf 88' lang='lat' dir='ltr'>solere</span> <span class='ocrx_word' id='word_1_837' title='bbox 3381 5522 3747 5580; x_wconf 80' lang='lat' dir='ltr'>manifestum</span> <span class='ocrx_word' id='word_1_838' title='bbox 3781 5522 3887 5582; x_wconf 84' lang='lat' dir='ltr'>est,</span> 
     </span>
    </p>
   </div>
   <div class='ocr_carea' id='block_1_112' title="bbox 2188 5607 3893 5683">
    <p class='ocr_par' dir='ltr' id='par_1_112' title="bbox 2188 5607 3893 5683">
     <span class='ocr_line' id='line_1_112' title="bbox 2188 5607 3893 5683; baseline -0.009 -6"><span class='ocrx_word' id='word_1_839' title='bbox 2188 5622 2305 5677; x_wconf 92' lang='lat' dir='ltr'>duo</span> <span class='ocrx_word' id='word_1_840' title='bbox 2338 5622 2577 5678; x_wconf 90' lang='lat' dir='ltr'>nomina</span> <span class='ocrx_word' id='word_1_841' title='bbox 2619 5621 2904 5679; x_wconf 90' lang='lat' dir='ltr'>habuerit.</span> <span class='ocrx_word' id='word_1_842' title='bbox 2937 5624 3152 5678; x_wconf 82' lang='lat' dir='ltr'>Caetera</span> <span class='ocrx_word' id='word_1_843' title='bbox 3183 5617 3335 5676; x_wconf 91' lang='lat' dir='ltr'>enim</span> <span class='ocrx_word' id='word_1_844' title='bbox 3384 5613 3530 5672; x_wconf 89' lang='lat' dir='ltr'>serie</span> <span class='ocrx_word' id='word_1_845' title='bbox 3563 5607 3893 5683; x_wconf 81' lang='lat' dir='ltr'>generatio—</span> 
     </span>
    </p>
   </div>
  </div>
