4170 6188
267 148 420 207 1335

270 303 434 356 num,
468 286 568 357 qui
603 286 707 340 hoc
754 287 938 353 putat,
977 281 1141 336 facile
1190 281 1491 335 refellitur.
1545 282 1689 344 Quid
1725 282 1871 336 enim
1906 282 1975 336 de

263 378 405 443 avis,
437 376 637 443 atavis,
675 374 923 443 proavis,
960 372 1296 442 casterisque
1342 372 1663 441 majoribus
1698 372 1963 427 dicturus

261 469 367 527 est,
402 480 646 536 quorum
680 463 906 516 diversa
958 462 1193 517 uoruiua
1234 460 1449 531 singuli
1493 461 1873 531 Evangelista':
1909 462 1966 516 in

267 571 375 609 sua
405 554 650 624 quisque
680 552 1010 606 narratione
1029 555 1345 607 contexunt
1366 549 1392 603 ‘I
1416 550 1561 613 Quid
1588 555 1882 622 postremo
1907 551 1977 604 de

267 646 389 713 ipso
428 658 663 697 numero
691 658 703 706 ;
731 640 1213 710 quandoquidem
1239 639 1424 694 Lucas
1450 656 1481 693 a
1515 639 1759 694 Domino
1793 655 1976 708 usque

265 732 336 786 ad
390 731 561 786 David
613 731 1001 801 quadraginta
1036 735 1147 783 tres
1182 729 1597 800 generationes
1649 733 1974 795 enumerat,

268 819 571 875 Matthaeus
605 822 795 873 autem
831 836 863 872 a
894 818 1072 872 David
1108 833 1290 888 usque
1325 819 1392 872 ad
1428 820 1735 873 Dominum
1769 818 1977 890 viginti

269 913 397 964 octo
427 908 514 963 vel
545 908 750 979 viginti
776 906 1042 977 septem?
1065 908 1211 961 Certi
1239 908 1389 961 enim
1427 908 1770 962 sacramenti
1795 908 1979 978 gratia

279 1014 460 1068 usque
493 998 561 1051 ad
596 996 1189 1066 transmigrationem,
1215 997 1361 1050 etab
1394 995 1677 1065 ipsaitem
1702 998 1975 1051 transmi-

273 1089 538 1157 grationc
564 1102 715 1141 unus
740 1086 826 1139 bis
855 1090 1214 1138 numeratur.
1238 1085 1621 1149 Quaerendum
1644 1084 1822 1155 igitur
1838 1101 1978 1155 quo-

270 1178 438 1230 modo
470 1176 616 1229 duos
649 1182 838 1244 patres
899 1174 1150 1243 potuerit
1200 1174 1411 1227 habere
1458 1174 1697 1244 Joseph.
1732 1177 1796 1227 Et
1829 1174 1971 1228 mihi

271 1264 509 1334 quidem
536 1263 591 1316 in
607 1262 914 1334 praesentia
932 1266 1044 1316 tres
1060 1278 1243 1316 causa:
1259 1272 1592 1329 occurrunt,
1610 1279 1857 1333 quarum
1879 1262 1975 1317 ali-

268 1370 442 1424 quam
492 1351 853 1423 Evangelista
892 1356 1126 1405 secutus
1160 1350 1257 1405 sit.
1292 1353 1403 1406 Aut
1451 1352 1605 1406 enim
1652 1369 1806 1406 unus
1854 1357 1977 1407 erat

277 1442 495 1513 Joseph
524 1440 808 1495 naturalis
840 1448 1022 1511 pater,
1048 1446 1098 1494 et
1125 1439 1268 1495 alter
1290 1456 1419 1495 eum
1452 1440 1815 1511 adoptaverat
1845 1460 1854 1494 :
1879 1448 1977 1496 aut

275 1531 808 1595 moreJudaeorum,
828 1546 957 1585 cum
974 1530 1101 1584 sine
1120 1530 1254 1585 ﬁliis
1281 1546 1430 1585 unus
1452 1531 1818 1600 decessisset,
1845 1548 1977 1587 uxo-

281 1637 402 1677 rem
437 1621 563 1691 ejus
594 1620 963 1692 propinquus
1003 1620 1315 1690 accipiens,
1351 1621 1535 1674 ﬁlium
1570 1636 1743 1691 quem
1777 1623 1977 1691 genuit

278 1712 607 1783 propinquo
657 1716 887 1766 mortuo
950 1711 1245 1781 deputavit
1294 1712 1471 1780 (Deut.
1523 1729 1652 1779 xxv,
1683 1713 1736 1780 5,
1768 1714 1858 1782 6);
1914 1718 1975 1768 ut

268 1818 397 1855 cum
434 1802 505 1856 ab
539 1800 718 1856 altero
742 1800 900 1855 alteri
927 1802 1158 1871 genitus
1178 1806 1329 1855 esset
1353 1800 1589 1871 Joseph,
1640 1802 1974 1858 convenien-

269 1895 355 1945 ter
371 1892 517 1947 duos
535 1897 725 1962 patres
751 1892 963 1946 habere
984 1892 1284 1946 diceretur.
1309 1895 1419 1946 Aut
1437 1909 1585 1947 unus
1607 1893 1974 1965 Evangelista

266 1986 490 2051 patrem
523 1983 651 2051 ejus
684 1998 715 2035 a
747 1997 860 2051 quo
886 1981 1114 2052 genitus
1141 1987 1247 2048 est,
1275 1981 1633 2048 nominavit;
1667 1982 1811 2036 alter
1840 1998 1971 2038 vero

266 2069 359 2125 vel
390 2085 557 2125 avum
592 2075 941 2137 maternum,
975 2069 1059 2125 vel
1084 2070 1333 2141 aliquem
1362 2071 1431 2125 de
1453 2072 1711 2140 cognatis
1736 2072 1974 2141 majori-

266 2160 376 2216 bus
408 2160 621 2231 posuit,
647 2159 737 2213 cui
772 2167 999 2230 propter
1021 2160 1541 2230 consanguinitatis
1570 2162 1889 2227 vinculum,
1912 2162 1970 2216 in

268 2248 371 2303 ﬁlii
406 2250 526 2303 loco
559 2248 773 2317 Joseph
811 2264 924 2303 non
960 2248 1208 2302 absurde
1239 2248 1709 2315 constitueretur,
1743 2253 1806 2304 ut
1838 2251 1973 2305 inde

259 2340 383 2409 jam
426 2354 605 2408 usque
652 2338 720 2391 ad
774 2338 946 2391 David
999 2353 1113 2392 non
1162 2339 1431 2393 eumdem
1467 2355 1635 2410 quem
1669 2340 1971 2395 Mattliaeus

268 2426 708 2498 generationum
743 2426 1005 2481 ordinem
1038 2431 1271 2481 texeret.
1309 2427 1370 2481 In
1406 2430 1616 2499 quibus
1648 2430 1837 2484 causis
1872 2429 1970 2483 illa

266 2516 496 2571 videtur
523 2517 779 2583 inﬁrma,
805 2533 977 2587 quam
1012 2519 1266 2573 secundo
1299 2518 1422 2572 loco
1458 2519 1795 2591 posuimus:
1831 2519 1969 2588 quia

266 2622 399 2661 cum
428 2605 670 2677 quisque
706 2607 855 2675 apud
904 2605 1137 2660 Judaeos
1190 2607 1460 2662 defuncto
1496 2608 1668 2663 fratre
1718 2608 1803 2662 vel
1840 2624 1967 2678 pro-

265 2696 483 2767 pinquo
535 2695 748 2765 prolem
786 2698 855 2750 de
888 2713 1060 2751 uxore
1092 2697 1218 2765 ejus
1249 2692 1585 2766 exsuscitat,
1621 2698 1763 2753 illud
1814 2700 1964 2768 quod

264 2785 525 2841 nascitur
556 2801 766 2841 nomen
791 2786 1048 2840 defuncti
1084 2785 1225 2841 solet
1259 2787 1519 2858 accipere
1552 2788 1648 2858 (ιι).
1693 2787 1836 2858 Ergo
1870 2791 1969 2842 aut

263 2875 495 2945 adoptio
525 2875 691 2929 solvit
715 2875 885 2929 istam
914 2875 1316 2945 quaestionem,
1347 2882 1443 2931 aut
1466 2878 1625 2947 origo
1657 2878 1967 2947 majorum,

263 2969 363 3019 aut
393 2964 588 3035 aliqua
618 2964 733 3019 alia
753 2980 946 3030 causa,
969 2980 1097 3035 qua;
1126 2965 1289 3020 nobis
1314 2966 1372 3021 in
1400 2967 1706 3036 praesentia
1730 2983 1839 3021 non
1871 2983 1962 3021 oc-

263 3055 462 3107 currit.
489 3054 1019 3124 Quaproptertanta
1043 3058 1125 3109 est
1147 3070 1343 3109 eorum
1369 3056 1678 3121 dementia,
1704 3056 1801 3126 qui
1828 3055 1962 3110 faci-

262 3142 378 3197 lius
399 3142 737 3198 dilabuntur
768 3145 837 3198 ad
884 3144 1373 3212 Evangelistarum
1417 3144 1669 3215 aliquem
1701 3148 1769 3200 de
1802 3161 1962 3199 men-

261 3231 427 3287 dacio
458 3232 912 3300 criminandum,
959 3250 1132 3303 quam
1169 3249 1377 3289 Causas
1412 3240 1694 3305 quaerant,
1732 3252 1834 3289 cur
1864 3234 1959 3287 di-

259 3337 427 3376 versa
461 3325 689 3391 patrum
727 3323 959 3375 nomina
1001 3322 1208 3391 singuli
1243 3324 1852 3389 commemoraverint,
1900 3330 1962 3378 ut

261 3414 474 3465 temere
498 3410 725 3464 dicatur
748 3411 893 3464 duas
915 3409 1068 3465 solas
1091 3428 1217 3466 esse
1240 3428 1463 3478 causas,
1491 3413 1701 3483 quibus
1729 3413 1785 3467 id
1816 3422 1963 3469 recte

262 3500 389 3554 ﬁeri
425 3502 698 3571 potuerit,
730 3517 862 3556 cum
897 3506 1087 3555 tamen
1113 3502 1181 3556 ad
1217 3501 1550 3557 solvendam
1585 3503 1960 3572 quaestionem

261 3590 347 3644 vel
380 3607 557 3645 unam
592 3591 850 3646 invenire
881 3592 1158 3647 sutﬁciat.

339 3679 424 3733 VI.
462 3680 571 3749 [1b.
609 3697 692 3747 ιιι,
715 3681 924 3751 23-38.]
957 3683 1100 3744 Quid
1127 3683 1237 3737 sibi
1263 3684 1396 3739 velit
1420 3684 1575 3755 quod
1606 3685 1967 3755 septuaginta

267 3772 490 3839 septem
526 3785 783 3839 personas
816 3770 1134 3825 secundum
1160 3773 1580 3841 generationes,
1614 3790 1754 3843 quas
1791 3776 1967 3829 Lucas

265 3862 498 3911 secutus
521 3862 634 3926 est,
660 3858 1057 3924 inveniuntur,
1092 3863 1271 3930 qua-ri
1299 3867 1503 3931 potest.
1539 3864 1681 3917 Nam
1716 3869 1770 3919 et
1792 3864 1969 3933 hujus

267 3947 496 4000 numeri
533 3948 883 4002 mentionem
926 3948 1209 4003 Dominus
1253 3952 1402 4015 fecit,
1437 3967 1567 4005 cum
1603 3968 1733 4005 cum
1769 3958 1972 4008 Petrus

267 4036 338 4090 de
359 4036 725 4091 dimittendis
749 4038 995 4106 peccatis
1018 4039 1209 4093 fratris
1236 4040 1663 4107 interrogasset.
1685 4041 1970 4107 Aitcnim,

268 4141 380 4179 non
413 4125 602 4181 solum
637 4130 875 4197 septies,
907 4128 1005 4182 sed
1033 4129 1366 4199 septuagies
1391 4131 1600 4198 septies
1626 4147 1751 4186 esse
1784 4131 1974 4185 dimit-

269 4216 511 4270 tendum
545 4217 767 4286 (Matth.
800 4234 961 4285 xvm,
991 4217 1100 4285 2‘2).
1156 4218 1315 4272 Unde
1349 4228 1495 4273 recte
1535 4221 1788 4275 creditur
1818 4237 1975 4275 com-

268 4305 608 4361 memoratio
634 4323 701 4361 ne
717 4307 892 4376 hujus
914 4308 1137 4361 numeri
1161 4309 1357 4363 omnia
1376 4310 1873 4379 peccatajussisse
1896 4310 1978 4364 di-

269 4393 460 4461 mitti;
516 4396 989 4465 quandoquidem
1024 4396 1147 4467 ipse
1181 4413 1279 4467 per
1311 4414 1481 4469 quem
1521 4404 1751 4470 peccata
1783 4401 1978 4454 omnia

269 4483 507 4537 dimissa
557 4490 711 4553 sunt,
758 4487 1193 4557 septuagesima
1223 4493 1278 4542 et
1308 4489 1553 4557 septima
1583 4491 1974 4558 generatione,

268 4570 586 4625 secundum
612 4574 977 4643 evangelista:
1007 4578 1313 4632 memorati
1338 4577 1753 4647 testimonium,
1778 4580 1843 4633 ad
1872 4579 1974 4633 ho-

272 4660 456 4713 mines
488 4659 820 4716 humaniter
859 4665 1051 4719 venire
1084 4665 1357 4734 dignatus
1398 4673 1503 4721 est.
1542 4667 1973 4723 Convonientis-

272 4750 417 4804 sime
449 4755 666 4817 autem,
701 4767 826 4805 cum
863 4753 937 4807 sit
969 4754 1135 4808 etiam
1172 4754 1285 4810 alia
1322 4756 1497 4811 series
1528 4758 1972 4825 generationum

273 4856 446 4909 quam
488 4839 792 4893 Matthwus
834 4842 1079 4912 explicat
1110 4844 1128 4911 (
1160 4847 1239 4898 LI.
1276 4862 1315 4914 ι,
1350 4847 1526 4915 1-17),
1580 4848 1728 4902 hanc
1761 4847 1852 4901 ille
1886 4853 1975 4902 te—

271 4928 418 4995 nuit,
455 4928 552 4999 qui
588 4928 874 4999 baptizato
908 4932 1149 4987 Domino
1168 4936 1570 5004 generationes
1593 4937 1751 5006 ipsas
1775 4953 1871 5007 per
1891 4952 1972 4991 se-

273 5019 575 5087 ptuaginta
606 5024 663 5075 et
695 5025 915 5090 septem
948 5038 1221 5092 personas
1256 5040 1491 5078 sursum
1528 5041 1721 5079 versus
1752 5042 1971 5080 enume-

271 5110 372 5157 rat.
394 5105 536 5161 Nam
562 5114 616 5163 et
643 5110 857 5165 reditus
886 5116 973 5166 est
1003 5117 1059 5165 et
1092 5116 1363 5181 tanquam
1386 5130 1662 5169 ascensus
1679 5116 1742 5168 ad
1767 5116 1968 5182 Deum,

273 5192 365 5246 cui
398 5202 523 5261 post
558 5206 920 5261 peccatorum
963 5200 1334 5257 abolitionem
1370 5202 1833 5267 reconciliamur,
1867 5219 1972 5258 ex-

274 5298 527 5351 pressus,
562 5300 687 5339 cum
736 5306 967 5346 sursum
999 5309 1199 5347 versus
1246 5308 1346 5363 per
1375 5292 1507 5348 illas
1564 5293 1970 5363 generationes

276 5371 628 5425 ascenditur.
660 5373 725 5427 Et
758 5380 955 5447 utique
988 5399 1084 5451 per
1118 5382 1472 5453 Baptismum
1510 5383 1573 5437 ﬁt
1604 5381 1860 5437 omnium
1887 5397 1974 5437 re-

340 5486 408 5549 (a)
438 5487 669 5537 Retraet.
707 5489 793 5541 lib.
826 5491 872 5549 2,
908 5508 1016 5555 cup.
1055 5496 1129 5543 12.

1127 144 1651 216 QUAEJS'l‘lONUM
1708 145 2342 212 EVANGELIORUM,
2395 147 2455 205 S.
2505 146 2921 207 AUGUSTINI

3635 150 3790 210 1336

2087 282 2288 337 missio
2309 282 2958 354 peccatorum,quaaillo
2980 298 3224 337 numero
3246 283 3639 352 signiﬁcatur.
3670 284 3798 338 Non

2086 372 2240 429 enim
2263 374 2318 428 in
2337 375 2626 445 baptismo
2645 373 2877 428 Domini
2900 374 3006 444 ipsi
3023 372 3268 427 Domino
3299 378 3536 444 peccata
3557 373 3799 428 dimissa

2086 467 2242 530 sunt,
2278 466 2375 519 sed
2405 466 2532 535 ipsa
2564 465 2643 519 ibi
2674 464 2943 520 remissio
2969 468 3336 533 peccatorum
3361 465 3647 530 omnium,
3673 479 3797 534 qua:

2084 553 2482 609 misericordia
2512 555 2637 623 ejus
2661 559 2716 609 et
2743 557 3022 624 potestate
3044 554 3257 609 donata
3304 561 3390 607 est
3423 552 3789 617 hominibus,

2088 658 2185 715 per
2215 642 2380 697 illum
2415 643 2767 714 baptismum
2805 643 3031 698 Domini
3064 648 3120 697 et
3152 658 3250 713 per
3280 642 3445 696 illum
3481 657 3791 697 numerum

2086 731 2525 801 generationum
2561 736 2900 786 consecrata
2930 735 3103 801 atque
3145 731 3369 801 signata
3401 733 3510 784 est.
3543 729 3656 785 Nec
3700 733 3794 785 te-

2089 834 2241 874 mere
2272 818 2555 873 Dominus
2582 824 2638 873 et
2661 821 2875 874 frustra
2894 818 3317 890 septuagesima
3343 822 3401 873 et
3426 816 3672 887 septima
3696 831 3791 888 ge-

2089 908 2383 963 neratione
2406 909 2558 963 venit
2581 906 2906 963 aboliturus
2931 907 3125 962 omnia
3148 910 3405 978 peccata,
3436 906 3549 962 nisi
3571 908 3706 977 quia
3728 906 3786 960 in

2088 997 2185 1052 illo
2208 1014 2450 1052 numero
2475 997 2689 1068 aliquid
2707 995 2866 1063 latet,
2887 998 3037 1066 quod
3063 997 3129 1052 ad
3157 996 3637 1066 signiﬁcationem
3663 1012 3787 1066 pcr-

2086 1088 2267 1142 tineat
2299 1088 2557 1142 omnium
2584 1091 2971 1157 peccatorum.
3009 1086 3124 1141 Hoc
3157 1090 3350 1141 autem
3376 1087 3431 1139 in
3467 1083 3784 1140 undenario

2084 1181 2140 1233 et
2170 1177 2494 1248 septenario
2533 1176 3020 1232 considerandum
3053 1180 3176 1231 est:
3210 1175 3307 1246 qui
3342 1175 3565 1230 numeri
3604 1191 3697 1244 per
3726 1192 3787 1229 se

2089 1266 2474 1337 multiplicati,
2506 1268 2573 1320 ad
2600 1270 2825 1320 tantum
2847 1265 3181 1335 perveniunt
3208 1285 3221 1331 ;
3250 1281 3379 1319 nam
3410 1263 3683 1318 undecies
3705 1280 3788 1317 se—

2086 1362 2238 1426 ptem
2261 1355 2342 1409 vcl
2366 1357 2579 1425 septies
2596 1356 2885 1422 undecim,
2903 1354 3268 1426 septuaginta
3284 1360 3339 1408 et
3359 1358 3573 1424 septem
3615 1353 3782 1407 ﬁunt.

2087 1446 2362 1501 Undecim
2395 1452 2586 1501 autem
2622 1445 3140 1517 transgressionem
3176 1443 3391 1498 denarii
3424 1442 3784 1515 signiﬁcant:

2087 1552 2152 1590 ac
2182 1536 2319 1590 siin
2371 1536 2608 1590 denario
2660 1535 2929 1604 perfectio
2982 1532 3361 1587 beatitudinis
3404 1530 3785 1601 signiﬁcatur,

2089 1626 2240 1680 unde
2271 1630 2359 1680 est
2407 1627 2578 1680 etiam
2627 1624 2794 1686 illud,
2846 1623 2999 1694 quod
3048 1637 3250 1676 omnes
3298 1620 3567 1676 conducti
3602 1620 3669 1673 ad
3705 1619 3789 1674 vi-

2085 1732 2273 1784 neam,
2315 1715 2551 1770 denario
2584 1717 3027 1769 remunerantur
3060 1711 3161 1781 (Id.
3195 1727 3289 1775 xx,
3320 1710 3500 1779 2-10),
3533 1709 3685 1778 quod
3724 1707 3788 1763 ﬁt

2084 1823 2214 1863 cum
2246 1805 2571 1877 septenario
2602 1806 2863 1858 creatura
2890 1800 3160 1854 Trinitati
3200 1797 3480 1852 Creatoris
3512 1796 3777 1867 adjungi~

2080 1903 2212 1964 tur;
2251 1895 2622 1949 manifestum
2648 1895 2736 1945 est
2759 1890 2912 1960 quod
2934 1887 3321 1959 transgressio
3341 1885 3563 1940 denarii
3589 1901 3787 1956 pecca-

2080 1991 2206 2041 tum
2256 1983 2548 2055 signiﬁcat
2600 1997 2698 2051 per
2737 1977 3069 2050 superbiam
3123 1976 3255 2048 plus
3306 1975 3518 2046 aliquid
3572 1974 3782 2029 habere

2082 2074 2389 2145 cupientis,
2406 2071 2859 2141 etintegritatem
2878 2067 3405 2139 perfectionemque
3434 2062 3779 2117 amittentis.

2080 2166 2196 2221 Hoc
2218 2168 2409 2219 autem
2444 2162 2655 2230 septies
2680 2166 2976 2229 propterea
3001 2155 3232 2209 ducitur
3254 2194 3267 2219 ,
3298 2158 3362 2208 ut
3395 2156 3552 2208 motu
3588 2151 3783 2207 homi-

2080 2256 2171 2311 nis
2205 2254 2353 2308 facta
2393 2245 2871 2321 signiﬁceturilla
2894 2244 3290 2313 transgressio.
3323 2240 3597 2297 Ternario
3629 2240 3780 2295 enim

2077 2360 2322 2401 numero
2356 2343 2698 2409 incorporea
2728 2352 2858 2407 pars
2904 2333 3159 2390 hominis
3191 2332 3590 2405 signiﬁcatur;
3631 2330 3783 2385 unde

2079 2437 2165 2487 cst
2197 2430 2347 2502 quod
2380 2443 2445 2481 ex
2479 2431 2594 2481 toto
2628 2423 2817 2491 corde,
2852 2427 2908 2478 et
2939 2439 3006 2477 ex
3054 2426 3171 2476 tota
3230 2419 3446 2485 anima,
3482 2424 3538 2475 et
3569 2434 3636 2473 ex
3666 2422 3787 2472 tota

2078 2523 2271 2575 mente
2307 2518 2580 2587 jubemur
2611 2512 2850 2582 diligere
2896 2512 3075 2565 Deum
3112 2510 3287 2581 (Deut.
3321 2525 3399 2574 vr,
3431 2508 3487 2572 5,
3519 2510 3568 2561 et
3602 2506 3786 2560 Matth.

2078 2625 2217 2675 χχιι,
2250 2607 2337 2675 37)
2369 2621 2382 2659 :
2420 2602 2790 2675 qualernario
2830 2615 2961 2654 vero
2994 2614 3238 2668 corpus;
3277 2594 3476 2650 multis
3499 2595 3654 2650 enim
3681 2610 3787 2649 mo-

2080 2700 2169 2754 dis
2187 2695 2607 2769 quadripartita
2623 2691 2914 2746 invenitur
2930 2694 3141 2744 natura
3156 2686 3431 2757 corporis.
3453 2684 3637 2739 Exhis
3652 2698 3784 2754 ergo

2079 2786 2406 2858 conjunctis
2428 2785 2602 2839 homo
2617 2785 2910 2846 constans,
2929 2796 3041 2834 non
3061 2777 3309 2833 absurde
3322 2775 3646 2847 septenario
3670 2790 3781 2827 nu-

2080 2894 2235 2934 mero
2259 2876 2645 2948 signiﬁcatur.
2664 2873 2853 2927 Motus
2870 2874 3055 2925 autem
3078 2868 3134 2922 in
3155 2866 3415 2922 numeris
3438 2881 3550 2919 non
3580 2863 3779 2934 expri-

2068 2969 2406 3037 mitur,cum
2432 2960 2756 3030 dicimus,U
2770 2976 2901 3015 num
2916 2960 3071 3025 ,duo,
3087 2958 3619 3027 tria,quatuor,etc.
3642 2969 3655 3019 ;
3675 2953 3776 3008 sed

2069 3072 2200 3113 cum
2234 3056 2506 3119 dicimus,
2540 3050 2875 3120 Semel,bis,
2900 3055 2999 3113 ter,
3038 3051 3277 3118 quater:
3317 3047 3687 3116 quapropter,
3713 3045 3780 3098 ut

2069 3147 2328 3215 dixi,non
2344 3148 2564 3213 septem
2583 3145 2637 3195 et
2652 3139 2855 3194 undeci
2870 3141 3048 3205 m,sed
3075 3138 3284 3207 septies
3306 3131 3780 3203 undecim,signi-

2074 3237 2282 3291 ﬁcatur
2304 3231 2710 3304 transgressio,
2737 3246 2863 3300 qua:
2887 3232 3047 3282 motu
3074 3226 3220 3280 facta
3244 3229 3332 3279 est
3362 3222 3620 3277 hominis
3645 3238 3775 3292 pec-

2073 3327 2277 3393 cautis,
2305 3325 2411 3380 hoc
2434 3329 2521 3378 est
2548 3318 2913 3393 perfectionis
2941 3334 3059 3372 suae
3083 3315 3459 3371 stabilitatem
3491 3317 3779 3383 transgre-

2072 3416 2283 3472 dientis
2314 3412 2625 3483 cupiditate
2657 3409 2904 3478 amplius
2935 3405 3158 3478 aliquid
3193 3403 3488 3470 habendi;
3526 3406 3588 3456 ut
3619 3406 3778 3456 tanto

2074 3512 2199 3572 post
2229 3519 2329 3573 per
2353 3500 2695 3572 prophetam
2740 3496 2944 3551 animae
2976 3494 3288 3557 diceretur,
3320 3489 3629 3560 Sperabas,
3664 3488 3713 3543 si
3749 3505 3783 3543 a

2076 3611 2168 3648 me
2188 3589 2583 3654 discessisses,
2602 3586 2820 3657 aliquid
2839 3583 3088 3653 amplius
3105 3590 3156 3636 te
3171 3580 3498 3635 habituram
3516 3577 3543 3631 ?
3568 3579 3646 3632 Ex
3667 3593 3780 3647 quo

2074 3683 2209 3738 vitio
2242 3678 2524 3751 superbiae
2546 3676 2743 3733 omnia
2771 3677 3003 3743 peccata
3036 3671 3392 3726 silvescunt:
3427 3683 3552 3739 quae
3586 3674 3779 3723 tamen

2076 3770 2478 3834 dimittuntur,
2494 3782 2624 3821 cum
2640 3763 2963 3835 Septuagies
2978 3760 3191 3831 septies
3206 3758 3625 3829 ignoscendum
3659 3771 3790 3813 esse

2075 3860 2456 3915 admonemur
2477 3855 2683 3926 (Matth.
2716 3868 2876 3917 xvm,
2905 3850 3023 3921 22),
3046 3845 3519 3919 utintelligamus
3552 3845 3784 3900 nullum

2078 3953 2380 4021 peccatum
2404 3944 2610 4015 excipi,
2634 3943 2783 4014 quod
2802 3938 3098 4012 pcenitenti
3125 3937 3423 3993 etveniam
3449 3933 3784 4007 deprecanti

2080 4056 2183 4111 per
2214 4036 2546 4103 Ecclesiam,
2581 4034 2747 4103 cujus
2770 4047 3075 4103 personam
3094 4029 3295 4084 Petrus
3314 4030 3522 4099 gestat,
3553 4041 3667 4081 non
3693 4024 3782 4079 di-

2081 4129 2368 4183 mittatur.

2152 4225 2273 4280 VII.
2308 4224 2413 4295 μὶ).
2447 4240 2521 4292 νι,
2553 4222 2631 4291 9.]
2664 4221 2822 4285 Quod
2856 4218 2997 4273 dicit
3044 4217 3320 4272 Dominus
3347 4213 3583 4277 Iudaeis,
3618 4212 3687 4266 de
3719 4226 3785 4267 eo

2085 4316 2184 4387 qui
2207 4314 2450 4368 habebat
2474 4327 2712 4366 manum
2739 4311 3031 4363 dexteram
3068 4306 3312 4371 aridam,
3331 4302 3677 4373 Interrogabo
3702 4317 3789 4357 vos

2082 4409 2131 4459 εἰ
2168 4405 2292 4459 licet
2321 4402 2543 4457 sabbato
2561 4403 2691 4456 bene
2711 4396 3197 4469 /acere,anmale;
3219 4395 3453 4449 animan
3475 4392 3683 4446 salvam
3711 4395 3793 4461 [a-

2083 4512 2219 4563 cere,
2238 4512 2307 4549 an
2323 4492 2568 4564 perdere.
2586 4490 2893 4557 Quaeritur,
2910 4503 3040 4542 cum
3060 4500 3273 4556 corpus
3288 4482 3589 4549 curaverit,
3609 4496 3790 4552 quare

2084 4588 2167 4641 sic
2202 4583 2661 4654 interrogaverit,
2698 4582 2945 4636 quintam
2975 4577 3183 4631 salvam
3211 4578 3415 4645 facere,
3446 4587 3512 4625 an
3540 4570 3786 4642 perdere.

2084 4675 2179 4733 Vel
2214 4675 2369 4746 quod
2396 4673 2492 4727 illa
2517 4670 2795 4726 miracula
2820 4671 3053 4739 propter
3075 4666 3243 4720 ﬁdem
3263 4663 3534 4721 faciebat,
3570 4659 3669 4715 ubi
3694 4677 3791 4714 sa-

2079 4765 2173 4819 lus
2202 4769 2289 4818 est
2322 4762 2529 4817 animm
2554 4778 2565 4814 :
2589 4760 2672 4814 vel
2701 4759 2853 4829 quod
2886 4760 3012 4827 ipsa
3032 4755 3253 4809 sanatio
3278 4768 3487 4807 manus
3520 4750 3789 4818 dexteras,

2083 4856 2325 4910 salutem
2359 4852 2565 4906 anima:
2591 4846 2980 4919 signiﬁcabat,
3001 4861 3123 4915 qua:
3141 4839 3639 4911 abonisoperibus
3662 4854 3791 4893 ces-

2083 4960 2239 5010 sans,
2274 4942 2494 4997 aridam
2529 4935 2958 5009 quodammodo
2992 4936 3281 4989 dexteram
3313 4930 3525 4985 habere
3557 4928 3787 4983 videba-

2080 5040 2207 5090 tur:
2243 5034 2327 5089 vel
2352 5033 2603 5086 animam
2641 5044 2738 5098 pro
2767 5026 3003 5081 homine
3045 5022 3258 5095 posuit,
3291 5021 3443 5077 sicut
3471 5017 3580 5073 dici
3614 5014 3780 5083 solet,

2081 5126 2190 5179 Tot
2220 5122 2432 5179 animas
2458 5120 2535 5173 ibi
2568 5119 2819 5173 fuerunt.

2156 5223 2302 5277 VIII.
2336 5222 2442 5292 [[b.
2477 5235 2554 5283 vi,
2578 5216 2692 5285 38.]
2730 5213 2886 5280 Quod
2920 5211 3207 5266 Dominus
3240 5206 3397 5272 dicit,
3430 5205 3585 5267 Date,
3605 5205 3666 5292 et
3697 5201 3789 5257 da-

2085 5312 2232 5367 bitur
2263 5289 2451 5367 retiis;
2483 5319 2797 5360 mensuram
2823 5302 3040 5366 bonam,
3063 5301 3365 5369 confertam
3384 5296 3434 5346 et
3457 5289 3789 5357 coagitatam

2084 5410 2133 5457 et
2153 5398 2634 5470 sapere/ﬂuentem
2655 5392 2862 5447 dabunt
2893 5393 2947 5446 in
2965 5393 3145 5446 sinum
3173 5389 3435 5452 vestrum,
3459 5394 3526 5435 ex
3546 5378 3647 5435 illa
3670 5395 3793 5436 sen'

2084 5490 2264 5545 tentia
2297 5485 2476 5557 accipi
2502 5487 2845 5557 polest,qua
2876 5480 3088 5536 dicitet
3113 5478 3222 5532 alio
3256 5472 3401 5539 loco,
3438 5470 3502 5526 Ut
3524 5470 3623 5541 ipss
3657 5472 3791 5526 reri-
