4164 6192
274 242 302 299 1
314 243 424 298 33'!

269 394 421 460 piant
448 406 535 442 eos
566 388 623 442 in
646 392 851 443 (eterna
892 388 1250 443 tabernacula
1290 389 1439 458 (Luc.
1474 406 1585 456 xvi,
1617 390 1671 459 9)
1699 407 1710 442 :
1739 395 1799 443 ut
1824 390 1975 459 plebi

269 486 618 551 praceptum
644 496 773 535 esse
806 480 1095 546 videatur,
1141 481 1293 551 quod
1329 481 1549 535 dictum
1602 486 1709 547 est,
1746 484 1894 547 Date,
1928 492 1978 537 et

264 570 484 623 dubitur
516 570 685 625 vobis.
716 570 1048 624 Secundum
1082 587 1253 641 quam
1276 572 1624 625 sententiam
1661 571 1801 625 dicit
1826 575 1972 642 Apo-

255 656 472 726 stotus,
498 660 868 715 Communicet
890 659 987 730 qui
1004 659 1382 714 caleohizalur
1411 661 1593 720 verba,
1613 662 1663 714 ei
1682 660 1777 731 qui
1802 676 1856 715 se
1878 677 1971 716 ca-

248 746 515 815 techiwt,
548 748 605 802 in
636 749 888 803 omnibus
919 749 1072 804 bonis
1103 748 1311 819 (Colat.
1346 766 1421 817 vx,
1444 751 1519 818 6).
1554 750 1675 805 Non
1706 751 1860 804 enim
1895 750 1976 804 di-

248 842 434 906 ceret,
468 837 760 893 dabuntin
784 841 967 893 sinum
999 847 1258 905 vestrum,
1294 839 1404 895 nisi
1438 839 1574 909 quia
1608 856 1705 909 per
1743 838 1971 893 illorum

248 926 485 993 merita,
520 928 730 998 quibus
760 927 846 983 vel
888 928 1127 983 calicem
1179 945 1341 999 aqua:
1387 929 1607 999 frigida:
1650 930 1707 983 in
1742 928 1974 984 nomine

247 1014 533 1087 discipuli
564 1017 848 1084 dederint,
896 1017 1217 1073 mercedem
1266 1017 1551 1074 cmlestem
1578 1017 1831 1089 recipere
1856 1034 1973 1073 me-

249 1106 546 1159 rebuntur
586 1106 797 1174 (Jlallh.
832 1124 887 1173 χ,
922 1106 1033 1174 42).

322 1214 427 1269 ΙΧ.
466 1216 571 1286 [1b.
602 1231 674 1285 vx,
718 1215 832 1285 39.]
873 1217 1031 1281 Quod
1069 1215 1351 1271 Dominus
1382 1216 1538 1279 dicit,
1582 1216 1853 1286 Numquid
1882 1230 1976 1284 po-

246 1312 355 1359 test
375 1322 555 1360 caecus
568 1322 767 1360 aecum
790 1306 1212 1362 ducere?nonne
1232 1309 1468 1362 amboin
1491 1311 1704 1375 foveam
1719 1309 1971 1361 cadunt?

246 1398 507 1450 fortasse
540 1396 647 1450 hoc
680 1396 807 1451 ideo
839 1396 1229 1466 subjunxerit,
1284 1414 1353 1451 ne
1385 1402 1731 1466 sperarenta
1763 1397 1969 1451 Levitis

246 1500 309 1537 se
341 1489 697 1553 accepturos
722 1501 1059 1540 mensuram
1080 1485 1242 1540 illam
1269 1486 1337 1541 de
1362 1502 1475 1557 qua
1497 1486 1661 1553 dixit,
1681 1486 1891 1539 Dabunt
1910 1487 1967 1539 in

243 1575 436 1627 sinum
467 1578 735 1643 vestrum,
765 1575 1038 1645 quoniam
1073 1575 1216 1645 ipsis
1251 1577 1467 1630 dabant
1499 1574 1775 1631 decimas.
1818 1576 1965 1637 Quos

246 1678 435 1717 caecos
467 1663 634 1729 dixit,
670 1665 809 1734 quia
840 1664 1215 1736 Evangelium
1251 1682 1364 1720 non
1397 1671 1660 1720 tenerent
1686 1684 1697 1732 ;
1726 1674 1781 1720 ut
1805 1666 1963 1720 illam

246 1754 787 1808 remunerationem
816 1770 917 1825 per
948 1754 1262 1825 discipulos
1317 1755 1540 1811 Domini
1584 1757 1773 1827 potius
1803 1757 1966 1826 plebs

249 1841 543 1913 inciperet
568 1844 694 1913 jam
730 1860 961 1914 sperare
997 1862 1009 1898 :
1042 1861 1190 1915 quos
1240 1845 1566 1901 imitatores
1608 1861 1742 1901 suos
1772 1846 1967 1901 volens

243 1934 581 1999 ostendere,
616 1933 837 1989 addidit
870 1934 1063 2000 etiam,
1100 1934 1209 1990 Non
1241 1942 1318 1991 est
1339 1934 1643 2005 discipulus
1663 1952 1823 2007 super
1845 1952 1967 1990 ma-

242 2025 515 2090 gislrum.

313 2131 384 2186 Χ.
420 2132 534 2203 [[b.
568 2147 648 2199 v1,
682 2131 769 2198 47,
795 2133 909 2203 48.]
942 2134 1101 2197 Quod
1146 2134 1425 2189 Dominus
1458 2132 1617 2201 dicit,
1650 2138 1837 2190 Omnis
1870 2138 1968 2207 qui

242 2223 393 2275 venit
424 2220 499 2275 ad
529 2238 639 2290 me,
665 2230 717 2277 et
748 2223 909 2278 audit
941 2238 1210 2279 sermones
1242 2238 1404 2291 meos,
1441 2228 1488 2278 el
1508 2223 1643 2294 facit
1659 2239 1761 2291 eos,
1786 2229 1965 2281 osten-

239 2313 374 2366 dam
405 2312 559 2366 vobis
589 2312 684 2367 cui
712 2312 911 2368 similis
931 2316 1002 2369 sit
1034 2330 1055 2369 :
1082 2314 1285 2370 similis
1312 2324 1387 2370 est
1430 2313 1644 2370 homini
1670 2315 1966 2385 aediﬁcanti

238 2402 494 2470 domum,
526 2406 623 2473 qui
651 2402 791 2473 fodit
816 2407 869 2457 in
892 2402 1095 2471 altum,
1129 2414 1183 2459 et
1211 2407 1391 2475 posuit
1410 2404 1833 2472 fundamentum
1862 2422 1964 2461 su-

237 2507 342 2562 per
361 2497 583 2562 petram
616 2510 635 2555 ;
668 2492 860 2547 fodere
892 2494 1055 2559 dixit,
1080 2493 1411 2548 humilitate
1434 2492 1963 2550 cbristianaomnia

239 2585 492 2634 terrena
521 2580 825 2636 exhaurire
856 2582 925 2636 de
956 2584 1127 2637 corde
1177 2600 1308 2651 suo,
1342 2599 1413 2638 ne
1461 2588 1696 2653 propter
1742 2583 1961 2654 aliquid

240 2669 357 2723 tale
390 2670 580 2724 Deum
616 2670 783 2726 colat.
813 2672 873 2726 In
898 2672 1082 2727 altum
1109 2678 1303 2727 autem
1332 2673 1543 2741 fodere,
1568 2673 1749 2728 donec
1767 2675 1835 2727 ad
1872 2689 1961 2743 pe-

235 2763 388 2813 tram
426 2764 764 2829 perveniat:
800 2761 859 2816 in
895 2766 1124 2817 tantum
1156 2762 1454 2816 Christum
1486 2764 1665 2833 gratis
1696 2763 1879 2831 sequi,
1904 2769 1961 2817 et

232 2849 420 2918 gratis
444 2865 580 2905 eum
605 2851 877 2917 colere,ut
901 2868 1013 2907 non
1033 2852 1223 2907 solum
1248 2868 1359 2907 non
1383 2857 1617 2923 propter
1638 2853 1956 2923 superflua,

233 2940 336 2994 sed
366 2955 475 2995 nec
499 2945 733 3011 propter
750 2941 847 2996 illa
869 2958 997 3013 quae
1018 2942 1291 2996 videntur
1313 2942 1447 2995 huic
1469 2942 1595 2996 vitae
1616 2942 1957 3007 necessaria,

235 3036 293 3084 et
327 3046 459 3100 qua:
493 3030 621 3086 sine
651 3030 823 3103 culpa
873 3049 906 3087 a
937 3032 1140 3103 quovis
1163 3033 1321 3099 justo
1354 3031 1506 3087 sumi
1524 3036 1579 3087 et
1603 3031 1799 3087 haberi
1830 3048 1956 3102 pos--

234 3126 406 3189 sunt,
434 3127 637 3178 tamen
672 3122 1018 3194 temporalia
1048 3127 1225 3194 atque
1248 3131 1474 3179 terrena
1496 3127 1650 3189 sunt,
1680 3122 1954 3179 colendus

235 3215 393 3266 Deus
424 3216 683 3283 putetur.

306 3320 405 3375 Χῐ.
442 3320 555 3390 [1b.
590 3336 691 3380 vn,
726 3321 949 3393 32-35.]
977 3320 1057 3376 De
1106 3321 1301 3393 pueris
1343 3321 1677 3378 sedentibus
1719 3322 1775 3376 in
1810 3322 1953 3386 foro,

231 3418 285 3464 et
320 3410 393 3463 ad
430 3410 681 3465 invicem
716 3409 1133 3479 clamantibus,
1163 3427 1437 3467 converso
1485 3412 1686 3467 ordine
1719 3412 1788 3466 ad
1823 3428 1955 3483 pro-

233 3501 433 3572 posita
457 3500 779 3571 respondit.
800 3502 943 3556 Nam
967 3501 1123 3572 quod
1148 3501 1247 3567 ait,
1272 3503 1735 3570 Lamentavimus,
1756 3508 1803 3557 rt
1848 3519 1954 3557 non

230 3592 523 3661 plorastis,
549 3592 615 3645 ad
645 3594 928 3646 Joannem
964 3594 1230 3663 pertinet,
1250 3593 1419 3663 cujus
1444 3592 1792 3648 abstinentia
1816 3609 1847 3647 a
1870 3593 1955 3648 ci-

232 3680 327 3737 bis
359 3685 421 3736 et
456 3685 620 3751 potu,
643 3680 861 3736 luctum
884 3680 1235 3753 pmnitentiaz
1253 3683 1638 3754 signiﬁcabat.
1665 3684 1824 3751 Quod
1852 3700 1956 3738 au—

235 3773 357 3826 tem
396 3772 502 3837 ait,
538 3769 892 3827 Cantavimus
926 3771 1096 3838 tibiis,
1140 3778 1190 3826 et
1220 3786 1330 3826 non
1370 3772 1630 3838 saltaslis,
1655 3773 1723 3826 ad
1761 3772 1953 3844 ipsum

234 3860 587 3929 Dominum,
619 3860 718 3931 qui
753 3861 964 3916 utendo
996 3876 1127 3916 eum
1156 3860 1381 3915 caeteris
1405 3860 1530 3916 cibo
1547 3864 1600 3915 et
1624 3866 1784 3931 potu,
1812 3862 1956 3916 laeti-

237 3951 381 4005 tiam
405 3949 570 4021 regni
598 3949 901 4021 figurabat.
925 3952 989 4004 At
1015 3949 1094 4004 illi
1117 3967 1218 4005 nec
1239 3949 1532 4005 humiliari
1556 3966 1689 4006 cum
1712 3952 1954 4017 Joanne,

240 4054 353 4094 nec
380 4055 513 4093 cum
551 4038 783 4095 Christo
824 4040 1071 4111 gaudere
1121 4038 1465 4106 voluerunt;
1499 4038 1754 4095 dicentes
1786 4040 1953 4095 illum

239 4128 602 4182 daemonium
629 4128 863 4196 habere,
907 4128 1085 4184 istum
1134 4145 1400 4184 voracem
1453 4132 1509 4183 et
1556 4128 1869 4197 ebriosum,
1901 4135 1958 4185 et

240 4217 509 4273 amicum
558 4220 998 4289 publicanorum
1031 4223 1087 4274 et
1135 4223 1526 4290 peccatorum.
1570 4218 1726 4282 Quod
1761 4223 1954 4274 autem

243 4308 580 4378 subjungit,
614 4309 674 4362 Et
697 4310 1009 4379 justiﬁcata
1036 4313 1112 4365 est
1144 4306 1417 4378 sapientia
1448 4307 1514 4361 ab
1541 4308 1791 4363 omnibus
1819 4308 1956 4377 ﬁliis

241 4398 379 4464 suis,
414 4397 675 4452 ostendit
704 4396 856 4453 filios
890 4398 1187 4469 sapientiae
1219 4396 1559 4468 intelligere,
1592 4413 1697 4452 nec
1728 4396 1787 4450 in
1822 4399 1954 4452 abs-

239 4484 504 4552 tinendo,
557 4500 663 4541 nec
705 4484 764 4540 in
803 4485 1211 4541 manducando
1258 4502 1386 4541 esse
1420 4485 1734 4555 justitiam,
1769 4486 1866 4541 sed
1895 4486 1952 4541 in

240 4575 679 4646 aquanimitate
710 4574 991 4632 tolerandi
1038 4574 1318 4645 inopiam,
1352 4578 1408 4630 et
1446 4574 1826 4645 temperantia
1858 4592 1956 4645 per

237 4665 664 4721 abundantiam
698 4683 809 4721 non
844 4682 903 4722 se
952 4665 1387 4735 corrumpendi,
1433 4668 1597 4736 atque
1631 4671 1955 4736 opportune

237 4754 519 4810 sumendi
551 4755 637 4811 vel
673 4774 786 4812 non
819 4757 1087 4813 sumendi
1121 4774 1187 4813 ea
1218 4772 1468 4829 quorum
1505 4772 1615 4811 non
1651 4772 1816 4822 usus,
1851 4757 1951 4811 sed

235 4845 719 4916 concupiscentia
752 4848 1223 4919 reprehendenda
1252 4850 1358 4902 est.
1392 4845 1515 4900 Non
1536 4844 1687 4899 enim
1713 4846 1953 4903 interest

232 4936 483 4990 omnino
516 4934 653 5005 quid
687 4935 1096 4992 alimentorum
1118 4938 1405 5001 sumas,ut
1426 4950 1732 4990 succurras
1754 4950 1951 4991 neces-

232 5024 395 5078 sitati
434 5024 1042 5094 corporis,dummodo
1074 5040 1361 5096 congruas
1407 5023 1467 5079 in
1499 5024 1808 5094 generibus
1840 5025 1947 5079 ali-

232 5118 577 5169 mentorum
611 5113 703 5169 his
733 5130 865 5170 cum
898 5115 1111 5186 quibus
1146 5114 1247 5169 tibi
1280 5112 1586 5167 vivendum
1620 5117 1726 5168 est.
1752 5113 1949 5185 Neque

229 5209 527 5274 quantum
544 5220 768 5273 sumas,
791 5205 1040 5261 multum
1062 5206 1325 5261 interest:
1345 5220 1479 5259 cum
1494 5203 1796 5259 videamus
1811 5206 1949 5260 alio-

229 5309 363 5347 rum
399 5294 771 5350 stomachum
803 5295 977 5351 citius
1008 5294 1229 5360 satiari,
1271 5299 1326 5349 et
1370 5310 1467 5349 eos
1500 5299 1688 5348 tamen
1729 5293 1811 5348 illi
1835 5294 1947 5365 ipsi

227 5400 409 5454 parvo
446 5400 561 5455 quo
600 5386 907 5453 satiantur,
960 5386 1247 5449 ardenter,
1294 5388 1350 5439 et
1397 5382 1859 5450 intolerabiliter,
1893 5387 1947 5438 et

226 5475 477 5528 omnino
503 5474 1010 5544 turpiterinhiare:
1039 5476 1183 5531 alios
1199 5479 1391 5529 autem
1416 5472 1684 5543 plusculo
1708 5472 1943 5544 quidem

227 5564 461 5633 satiari,
488 5565 592 5619 sed
630 5564 986 5621 tolerabilius
1041 5564 1294 5636 inepiam
1339 5563 1576 5634 perpeti,
1608 5570 1659 5619 et
1690 5563 1779 5617 vel
1811 5566 1944 5619 ante

1696 240 1925 300 LIBER
1970 239 2395 303 SECUNDUb.

3631 252 3788 313 1338

2082 389 2183 429 ora
2215 379 2226 409 ¹
2257 377 2473 445 positas
2505 376 2729 447 epulas,
2764 376 2809 431 si
2844 376 2894 429 id
2922 378 2979 431 iu
3005 382 3264 447 tempore
3288 385 3546 449 autopus
3569 385 3662 449 sit,
3688 390 3788 439 aut

2086 481 2318 521 necesse
2350 468 2446 536 sit,
2479 484 2609 521 cum
2646 468 3066 538 tranquillitate
3098 470 3375 539 aSpicere,
3436 488 3619 541 neque
3650 478 3786 528 tan—

2080 579 2235 633 gere.
2271 565 2456 637 Magis
2489 582 2623 637 ergo
2657 566 2913 637 interest,
2948 584 3059 622 non
3088 568 3225 639 quid
3260 568 3344 622 vel
3372 574 3654 639 quantum
3682 571 3783 625 ali-

2082 658 2409 709 mentorum
2446 674 2545 727 pro
2579 658 2955 726 congruentia
2988 657 3291 713 hominum
3326 663 3502 730 atque
3528 675 3787 729 personas

2082 759 2197 799 suae
2224 751 2279 800 et
2295 763 2396 816 pro
2412 765 2527 802 suae
2549 747 2894 804 valetudinis
2918 750 3263 805 necessitate
3288 749 3418 820 quis
3435 750 3662 820 capiat;
3686 753 3783 806 sed

2082 848 2297 913 quanta
2330 846 2603 901 facilitate
2636 851 2807 916 atque
2839 850 3151 903 serenitate
3182 848 3360 903 animi
3408 854 3619 913 careat,
3653 866 3783 905 cum

2082 940 2174 996 his
2208 943 2291 996 vel
2324 948 2548 1013 oportet
2578 946 2664 1000 vel
2695 946 2868 1000 etiam
2906 962 3138 1001 necesse
3160 954 3241 1001 est
3274 963 3465 1002 carere
3501 964 3512 1001 :
3546 952 3611 1002 ut
3642 947 3785 1002 illud

2082 1031 2138 1084 in
2173 1033 2368 1087 animo
2396 1034 2701 1088 christiani
2726 1037 3083 1105 compleatur
3104 1036 3255 1106 quod
3282 1035 3591 1106 Apostolus
3623 1036 3785 1102 dicit,

2083 1141 2109 1168 ‹ι
2143 1120 2271 1175 Scio
2301 1126 2355 1175 et
2389 1122 2581 1176 minus
2616 1123 2845 1189 habere,
2872 1123 2991 1177 scio
3024 1124 3486 1195 etabundare(in
3512 1125 3786 1181 omnibus

2079 1214 2135 1263 et
2166 1210 2219 1264 in
2255 1212 2527 1266 omnibus
2560 1212 2817 1266 imbutus
2852 1228 3021 1279 sumi,
3057 1216 3111 1266 et
3141 1212 3335 1266 satiari
3370 1218 3423 1266 et
3464 1215 3704 1281 esurire,
3729 1220 3784 1270 et

2074 1301 2372 1356 abundare
2404 1306 2459 1356 et
2493 1302 2792 1371 penuriam
2831 1302 2942 1369 pati
2978 1302 3212 1356 :omnia
3239 1318 3472 1372 possum
3500 1301 3554 1355 in
3590 1319 3654 1357 eo
3678 1304 3778 1373 qui

2078 1406 2170 1445 me
2202 1391 2485 1445 confortat
2519 1392 2780 1461 (Philipp.
2818 1408 2888 1459 iv,
2925 1391 3126 1460 12,13)
3157 1408 3168 1457 ;
3195 1397 3249 1446 et
3274 1390 3434 1457 illud,
3466 1414 3491 1439 «
3514 1391 3705 1461 Neque
3730 1392 3777 1446 si

2078 1481 2641 1543 manducaverimus,
2676 1481 3109 1535 abundabimus
3135 1498 3147 1547 ;
3175 1496 3363 1550 neque
3396 1479 3583 1535 sinon
3619 1497 3778 1535 man-

2075 1569 2502 1636 ducaverimus,
2553 1571 2851 1641 egebimus
2884 1573 2925 1641 (I
2958 1572 3076 1626 Cor.
3112 1588 3231 1637 vm,
3280 1573 3333 1639 8)
3370 1586 3383 1635 ;
3437 1571 3601 1635 illud,
3653 1570 3775 1625 Non

2075 1663 2160 1713 est
2190 1660 2343 1714 enim
2378 1676 2620 1728 regnum
2658 1660 2752 1715 Dei
2776 1676 2905 1716 esca
2934 1665 2989 1716 et
3012 1666 3205 1733 potus,
3232 1661 3583 1733 sedjustitia
3600 1664 3655 1715 et
3676 1676 3783 1731 pax

2075 1752 2131 1803 et
2153 1750 2447 1818 gaudium.
2476 1772 2502 1798 ››
2530 1752 2596 1805 Et
2618 1752 2752 1821 quia
2768 1752 2944 1807 solent
2971 1752 3235 1807 homines
3257 1752 3506 1807 multum
3532 1752 3781 1823 gaudere

2076 1835 2146 1890 de
2177 1838 2506 1893 carnalibus
2540 1839 2747 1911 epulis,
2783 1841 3023 1909 addidit,
3058 1843 3114 1896 in
3146 1842 3358 1911 Spiritu
3387 1850 3577 1895 sancto
3602 1839 3778 1908 (Rom.

2074 1943 2188 1993 31v,
2227 1930 2334 1998 17).
2376 1929 2736 1985 Justiﬁcatur
2766 1948 2901 2001 ergo
2934 1932 3221 2003 sapientia
3252 1932 3321 1985 ab
3358 1930 3619 1986 omnibus
3644 1930 3780 1985 filiis

2076 2017 2218 2085 suis,
2255 2020 2350 2088 qui
2382 2019 2717 2091 intelligunt
2750 2022 2981 2076 utendis
3014 2021 3255 2077 terrenis
3281 2024 3539 2090 tempora
3569 2035 3780 2091 Oppor-

2077 2113 2354 2165 tunaesse
2389 2110 2631 2177 debere;
2665 2110 2997 2167 facilitatem
3034 2128 3164 2167 vero
3196 2111 3429 2168 carendi
3461 2110 3698 2179 talibus,
3724 2117 3783 2163 et

2076 2212 2329 2253 amorem
2394 2200 2618 2255 fruendi
2672 2200 2924 2267 internis,
2980 2217 3091 2256 non
3134 2201 3339 2255 variari
3390 2204 3647 2272 oportere
3680 2216 3780 2269 per

2076 2291 2357 2356 tempora,
2392 2290 2490 2343 sed
2527 2293 2802 2360 perpetuo
2836 2291 3090 2346 retineri.

2145 2378 2269 2431 ΧΗ.
2307 2377 2411 2448 [11).
2448 2394 2567 2448 vin,
2602 2380 2712 2450 16.]
2741 2381 2902 2445 Quod
2952 2380 3227 2434 Dominus
3276 2380 3375 2445 ait,
3409 2382 3577 2435 Nemo
3607 2389 3778 2433 autem

2074 2468 2356 2522 lucernam
2386 2468 2683 2524 accendens
2716 2471 2887 2539 aperit
2912 2486 3043 2524 eam
3072 2486 3215 2539 vase,
3241 2473 3335 2524 aut
3365 2470 3551 2523 subtus
3577 2468 3777 2523 lectum

2068 2558 2259 2628 ponit;
2289 2558 2379 2612 sed
2400 2558 2967 2630 supercandelabrum
2987 2560 3160 2630 ponii,
3190 2568 3245 2613 ut
3267 2558 3773 2613 intrantesvideant

2072 2648 2251 2702 lumen
2271 2648 2407 2718 ,‘qui
2449 2649 2682 2703 verbum
2728 2648 2825 2703 Dei
2858 2650 3061 2705 timore
3086 2647 3409 2704 carnalium
3438 2649 3770 2703 incommo-

2069 2738 2208 2794 doru
2223 2754 2273 2791 m
2300 2738 2633 2806 absbondit,
2667 2738 2849 2807 ipsam
2868 2739 3069 2809 utique
3093 2755 3321 2794 carnem
3354 2738 3626 2809 praeponit
3648 2754 3771 2792 ma—

2069 2826 2429 2881 nifestationi
2463 2826 2742 2893 veritatis,
2776 2832 2831 2881 et
2863 2844 2928 2882 ea
2960 2829 3124 2899 quasi
3147 2827 3679 2899 cooperitverbum,
3705 2824 3771 2879 ti-

2069 2916 2279 2971 mendo
2314 2916 2622 2985 przedicare
2659 2934 2671 2971 :
2704 2933 2831 2971 eam
2866 2918 3059 2989 itaque
3098 2919 3251 2973 vasis
3284 2922 3341 2973 et
3364 2917 3495 2972 lecti
3533 2915 3768 2971 nomine

2062 3006 2395 3077 appellavit,
2430 3007 2538 3061 sub
2570 3023 2685 3078 quo
2720 3007 3013 3064 lucernam
3039 3024 3250 3080 ponere
3283 3008 3508 3063 aiteum
3537 3007 3635 3079 qui
3659 3006 3767 3061 hoc

2063 3096 2219 3151 facit.

2133 3186 2284 3243 Xlll.
2311 3188 2416 3256 [‘lb.
2443 3204 2562 3255 vm,
2588 3188 2810 3259 26-39.]
2838 3190 2993 3254 Quod
3022 3190 3076 3243 in
3103 3190 3327 3259 regione
3346 3190 3767 3245 Gerasenorum

2064 3276 2284 3332 curavit
2314 3278 2593 3333 Dominus
2634 3295 2763 3333 eum
2788 3279 2846 3333 in
2879 3295 2991 3349 quo
3017 3284 3135 3333 erat
3155 3279 3305 3350 legio
3328 3278 3765 3345 daemoniorum,

2064 3364 2403 3435 signiﬁcata:
2421 3371 2560 3421 sunt
2580 3370 2789 3423 Gentes
2805 3384 2922 3437 qua.
2951 3366 3148 3422 multis
3171 3368 3533 3422 daemonibus
3555 3365 3768 3421 servie-

2064 3455 2219 3510 bant.
2254 3456 2411 3518 Quod
2449 3456 2569 3513 sine
2598 3458 2943 3513 vestimento
2975 3466 3115 3522 erat,
3152 3475 3261 3512 non
3289 3458 3539 3512 habebat
3568 3457 3763 3521 ﬁdem,

2065 3548 2173 3599 etc.
2209 3546 2369 3610 Quod
2406 3547 2461 3601 in
2496 3548 2664 3602 domo
2699 3563 2809 3602 non
2832 3548 3157 3613 habitabat,
3193 3548 3250 3600 in
3284 3546 3636 3600 conscientia
3667 3560 3767 3597 sua

2065 3649 2181 3689 non
2215 3636 2633 3706 requiescebat.
2666 3636 2827 3697 Quod
2859 3637 2915 3688 in
2948 3634 3341 3689 monumentis
3383 3633 3673 3699 manebat,
3708 3632 3766 3687 in

2065 3726 2309 3779 mortuis
2335 3725 2625 3794 operibus,
2645 3723 2752 3778 hoc
2774 3723 3577 3794 estpeccatis,delectabatur.
3602 3723 3763 3788 Quod

2064 3816 2255 3867 autem
2296 3813 2673 3885 compedibus
2706 3813 2903 3869 ferreis
2929 3817 2983 3868 et
3004 3815 3222 3869 catenis
3247 3814 3552 3885 ligabatur,
3578 3813 3764 3885 signi-

2065 3902 2201 3957 fleat
2229 3918 2432 3974 graves
2464 3906 2521 3957 et
2551 3903 2725 3957 duras
2758 3902 2913 3974 leges
2937 3903 3234 3969 Gentium,
3259 3903 3474 3974 quibus
3506 3907 3560 3959 et
3590 3903 3647 3957 in
3669 3920 3768 3958 eo-

2065 4008 2195 4048 rum
2210 3992 2507 4064 republica
2523 3997 2757 4064 pcccata
2779 3993 3141 4049 cohibentur.
3158 3994 3318 4057 Quod
3336 3994 3510 4050 etiam
3525 3990 3767 4048 vinculis

2064 4081 2279 4138 talibus
2312 4083 2597 4155 disruptis
2628 4084 2909 4155 agebatur
2939 4102 2969 4138 a
2996 4085 3281 4140 daamonio
3304 4084 3362 4139 in
3396 4100 3673 4151 eremum,
3697 4081 3771 4136 si-

2064 4171 2301 4241 gnificat
2331 4173 2487 4244 quod
2514 4172 2685 4228 etiam
2727 4173 2869 4245 ipsis
2912 4174 3287 4241 transgressis
3327 4173 3572 4245 legibus,
3597 4171 3667 4225 ad
3700 4186 3767 4224 ea

2064 4262 2278 4317 scelera
2308 4262 2625 4335 cupiditate
2651 4263 2989 4328 ducebatur,
3024 4280 3149 4335 quae
3166 4265 3288 4334 jam
3312 4262 3601 4332 vulgarem
3629 4276 3767 4315 con-

2064 4352 2436 4409 suetudinem
2460 4353 2816 4410 excederent.
2869 4354 3030 4418 Quod
3064 4357 3257 4409 autem
3308 4352 3366 4406 in
3411 4366 3612 4421 porcos
3658 4365 3769 4419 pa-

2062 4445 2286 4497 scentes
2305 4442 2362 4497 in
2384 4444 2682 4499 montibus
2704 4442 2983 4497 daemonia
3005 4442 3085 4497 ire
3107 4441 3390 4512 permissa
3405 4443 3561 4507 sunt,
3586 4437 3770 4509 signi-

2065 4530 2195 4585 ficat
2214 4530 2551 4588 immundos
2570 4532 2918 4601 etsuperbos
2932 4530 3221 4597 homines,
3247 4530 3461 4601 quibus
3482 4529 3768 4584 daemonia

2064 4622 2441 4676 dominantur
2465 4637 2565 4693 per
2598 4620 2882 4677 idolorum
2915 4619 3125 4675 cultus.
3152 4619 3314 4685 Quod
3339 4622 3531 4674 autem
3564 4618 3624 4674 in
3648 4620 3767 4673 sta-

2063 4728 2241 4781 gnum
2284 4711 2628 4782 praecipitati
2650 4714 2809 4776 sunt,
2834 4708 3423 4779 significatquodjam
3453 4708 3766 4764 clarificala

2063 4800 2340 4865 Ecclesia,
2382 4805 2438 4857 et
2469 4799 2712 4856 liberato
2744 4798 2953 4869 pepulo
2984 4800 3253 4855 Gentium
3297 4817 3331 4855 a
3372 4798 3762 4854 dominatione

2069 4890 2424 4945 daemonioru
2436 4907 2510 4955 m,
2527 4889 2583 4943 in
2601 4888 2812 4944 abditis
2826 4892 3007 4959 agunt
3020 4889 3332 4960 sacrilegos
3351 4890 3492 4945 ritus
3506 4904 3640 4943 suos
3662 4888 3759 4957 (a),

2062 4978 2161 5050 qui
2180 4977 2410 5034 Christo
2432 4979 2663 5035 credere
2679 4977 3167 5047 noluerunt,caaca
3188 4983 3244 5034 et
3260 4979 3544 5050 profunda
3574 4975 3761 5030 curio-

2061 5069 2231 5124 sitate
2252 5069 2565 5125 submersi.
2601 5070 2762 5134 Quod
2797 5076 2984 5123 autem
3017 5074 3277 5139 pastores
3326 5080 3631 5138 porcorum
3666 5064 3761 5118 fu-

2059 5156 2300 5226 gientes,
2332 5156 2444 5213 ista
2476 5156 2905 5222 nuntiaverunt,
2938 5157 3226 5225 significat
3267 5153 3547 5223 quosdam
3580 5152 3756 5207 etiam

2059 5246 2332 5316 primates
2357 5247 2607 5318 impioru
2620 5264 2697 5317 m,
2722 5263 3054 5319 quanquam
3069 5244 3447 5299 cbristianam
3470 5242 3654 5314 legem
3675 5244 3762 5299 fu-

2058 5338 2236 5408 giant,
2271 5341 2590 5411 potentiam
2624 5345 2819 5396 tamen
2862 5338 2986 5406 ejus
3018 5351 3115 5406 per
3156 5336 3351 5404 gentes
3384 5334 3668 5406 stupende
3704 5338 3761 5391 et

2120 5486 2133 5519 ¹
2172 5486 2288 5533 Rat.
2322 5486 2431 5534 Am.
2470 5488 2523 5533 et
2555 5496 2746 5531 novem
2780 5481 2922 5535 Mss.,
2955 5482 3079 5528 ante
3109 5478 3319 5530 horam.

2118 5548 2189 5605 (a)
2220 5545 2347 5595 Post
2378 5546 2602 5594 Honorii
2633 5544 2776 5605 leges
2807 5546 2995 5593 contra
3022 5543 3166 5593 idola
3197 5542 3343 5592 datas
3365 5556 3505 5591 anno
3525 5542 3761 5593 399.Vid.

2058 5606 2143 5657 lib.
2183 5607 2240 5653 18
2271 5609 2333 5655 de
2369 5608 2518 5656 Civit.
2557 5607 2667 5665 Dei,
2694 5619 2809 5669 cap.
2841 5605 2918 5655 54.
