4170 6188
376 237 531 299 1339

378 370 642 425 mirando
683 369 1013 440 prmdicare.
1064 369 1222 432 Quod
1265 369 1537 423 Geraseni
1573 370 1856 439 prodeunt
1888 369 2074 423 videre

380 461 528 529 quod
561 460 774 513 factum
799 462 902 523 est,
936 462 992 513 et
1023 458 1330 514 inveniunt
1376 458 1667 513 hominem
1694 458 1988 523 vestitum,
2024 465 2077 510 et

380 551 571 603 mente
601 563 738 603 sana
759 548 959 603 sedere
975 548 1045 603 ad
1071 548 1243 618 pedes
1263 548 1483 616 Jesu,et
1504 551 1919 619 cognoscentes
1940 546 2076 617 quid

381 637 595 692 factum
628 637 721 697 sit.
757 642 963 708 rogant
990 637 1194 694 Jesum
1214 642 1279 695 ut
1298 639 1367 693 ab
1390 637 1474 692 eis
1499 636 1843 704 discederet,
1868 651 2078 705 magno

382 728 588 781 timore
620 728 866 798 perculsi
895 746 909 793 ;
936 728 1223 799 signiﬁcat
1256 726 1692 783 multitudinem
1726 730 1955 781 vetusta
1979 740 2083 780 sua

380 817 495 870 vita
527 816 889 877 delectatam,
915 817 1199 879 honorare
1218 818 1477 890 quidem,
1498 817 1598 873 sed
1623 815 1773 872 nolle
1798 815 1914 886 pati
1937 814 2084 870 chri-

382 903 633 961 stianum
668 904 870 977 legem,
913 908 1049 963 dum
1092 907 1294 963 dicunt
1341 908 1495 978 quod
1542 904 1933 976 eamimplere
1967 918 2082 958 non

384 995 610 1066 possint
634 1015 647 1064 ;
665 997 1021 1053 admirantes
1035 1001 1229 1053 tamen
1246 995 1473 1051 ﬁdelem
1490 995 1770 1066 populum
1796 992 2086 1064 apristina

387 1085 607 1155 perdita
646 1087 1081 1143 conversatione
1112 1090 1403 1142 sanatum.
1447 1086 1605 1151 Quod
1643 1084 1739 1139 ille
1778 1082 1938 1154 cupit
1961 1082 2082 1151 jam

386 1189 510 1229 esse
542 1192 674 1230 cum
708 1175 963 1243 Christo,
995 1184 1049 1232 et
1081 1176 1293 1232 dicitur
1322 1175 1396 1242 ei,
1427 1174 1555 1230 Redi
1575 1175 1794 1229 domum
1829 1176 1999 1237 luam,
2033 1178 2083 1225 et

383 1279 583 1320 enarra
617 1275 821 1337 quanta
852 1267 956 1322 tibi
982 1268 1113 1335 fecit
1148 1267 1282 1321 Deus
1303 1285 1325 1332 ,ο
1341 1282 1408 1320 ex
1431 1265 1529 1319 illa
1560 1262 1819 1334 Apastoli
1852 1266 2086 1318 senten-

385 1354 466 1409 tia
500 1364 647 1411 recte
677 1360 867 1427 potest
898 1355 1159 1427 intelligi,
1193 1372 1323 1411 cum
1356 1356 1455 1421 ait,
1482 1356 1707 1411 Dissolvi
1749 1362 1797 1409 et
1834 1368 1946 1409 esse
1965 1369 2089 1407 cum

390 1442 623 1509 Christo,
649 1445 820 1499 multo
841 1449 1012 1516 magis
1034 1448 1342 1516 Optimum;
1373 1460 1596 1499 manere
1626 1446 1682 1498 in
1705 1458 1891 1510 carne,
1914 1457 2093 1497 neces-

386 1535 600 1588 sarium
626 1540 846 1605 propter
880 1551 965 1591 vos
999 1535 1266 1607 (Philipp.
1316 1552 1355 1590 ι.
1382 1534 1492 1603 23).
1529 1537 1602 1589 Ut
1631 1533 1715 1588 sic
1735 1532 1978 1603 quisque
1999 1531 2088 1585 in-

390 1622 610 1695 telligat
641 1628 772 1696 post
802 1625 1204 1682 remissionem
1237 1629 1602 1698 peccatorum
1627 1623 1955 1680 rcdundum
1978 1621 2091 1677 sibi

388 1726 513 1768 esse
536 1714 594 1769 in
615 1714 1031 1771 conscientiam
1054 1715 1291 1785 bonam,
1313 1718 1372 1771 et
1393 1714 1763 1771 serviendum
1788 1711 2093 1782 Evangelia

390 1807 623 1874 prapter
644 1804 890 1860 aliarum
912 1806 1083 1861 etiam
1108 1804 1374 1873 salutem,
1398 1808 1461 1859 ut
1477 1803 1685 1859 deinde
1707 1818 1840 1859 cum
1863 1801 2092 1857 Christo

392 1894 755 1963 requiescat:
800 1911 871 1951 ne
913 1912 1042 1951 cum
1083 1910 1447 1967 praepropere
1487 1894 1611 1963 jam
1650 1893 1774 1947 vult
1804 1907 1931 1947 esse
1960 1908 2093 1946 cum

391 1982 640 2052 Christo,
669 1984 926 2057 negligat
948 1986 1331 2041 minislerium
1359 1982 1809 2056 praedicationis,
1833 1982 2093 2037 fraterna:

396 2072 779 2142 redemptioni
805 2076 1327 2131 accommodatum.

461 2161 605 2215 XIV.
629 2162 738 2231 [1b.
780 2177 837 2229 ι,
873 2165 947 2233 1.]
978 2164 1062 2219 De
1090 2163 1467 2235 septuaginta
1494 2161 1727 2217 duabus
1748 2158 2055 2229 discipulis
2079 2173 2095 2212 :

392 2251 546 2307 sicut
561 2252 768 2324 viginti
793 2257 1044 2324 quatuor
1064 2254 1224 2309 horis
1238 2259 1399 2308 totus
1418 2252 1577 2308 orbis
1598 2249 2096 2321 peragitur,atque

393 2357 427 2395 a
456 2339 577 2395 sole
608 2340 893 2397 lustratur
915 2359 929 2410 ;
952 2342 1031 2397 ita
1049 2342 1387 2413 mysterium
1412 2344 1427 2376 ¹
1454 2339 1788 2395 illustrandi
1818 2336 1974 2393 orbis
1996 2351 2099 2406 per

394 2428 765 2498 Evangelium
781 2430 1086 2486 Trinitatis
1099 2431 1157 2487 in
1171 2430 1542 2502 septuaginta
1554 2428 1782 2483 duabus
1796 2422 2098 2495 discipulis

396 2518 722 2573 intimatur.
745 2520 956 2591 Viginti
979 2520 1391 2591 quatuorcnim
1408 2518 1560 2573 terin
1576 2515 1941 2589 septuaginta
1955 2515 2097 2569 duo-

396 2608 509 2662 bus
532 2608 829 2677 ponimus.
849 2611 1010 2674 Quod
1035 2613 1231 2664 autem
1257 2609 1425 2665 binos
1448 2608 1643 2676 mittit,
1664 2608 2096 2662 sacramentum

396 2700 485 2752 est
505 2696 802 2754 charitatis
827 2715 840 2753 :
874 2698 995 2754 sive
1018 2699 1152 2770 quia
1172 2700 1285 2755 duo
1307 2702 1448 2754 sunt
1465 2696 1766 2755 cbaritatis
1789 2698 2095 2767 praecepta,

396 2786 519 2843 sive
550 2787 690 2859 quia
720 2788 907 2845 omnis
937 2788 1190 2846 charitas
1222 2790 1414 2845 minus
1437 2788 1779 2861 quaminter
1807 2788 1952 2843 duos
1970 2800 2097 2842 esse

398 2892 512 2933 non
542 2881 753 2949 potest.

472 2965 591 3022 XV.
628 2967 740 3037 tib.
758 2969 970 3040 x1,35.]
993 2970 1053 3025 Si
1075 2971 1258 3026 tamen
1279 2969 1419 3042 quod
1441 2974 1517 3025 est
1538 2971 1594 3024 in
1617 2969 1933 3029 te,tenebra:
1948 2974 2095 3031 sunt,

400 3059 528 3127 ipsae
560 3058 790 3113 tenebra:
820 3064 1043 3131 quanta?
1071 3062 1277 3131 (Matth.
1303 3078 1374 3128 Vi,
1408 3060 1498 3131 23)
1529 3059 1556 3113 ?
1595 3064 1811 3115 Lumen
1836 3058 1975 3114 dicit
2000 3058 2100 3113 ba-

399 3163 531 3202 nam
553 3148 932 3206 intentionem
949 3152 1184 3221 mentis,
1204 3167 1321 3221 qua
1342 3166 1649 3222 operamur
1673 3165 1685 3205 :
1713 3149 1981 3204 tenebras
2004 3165 2104 3203 au-

397 3241 515 3292 tem
546 3238 672 3309 ipsa
702 3254 874 3310 opera
905 3239 1177 3312 appellat,
1214 3241 1332 3295 sive
1362 3240 1499 3310 quia
1529 3240 1829 3308 ignoratur
1872 3238 1942 3293 ab
1974 3236 2103 3293 aliis

399 3330 837 3401 quaanimoilla
870 3331 1170 3401 faciamus,
1187 3332 1307 3388 sive
1321 3333 1668 3403 quiaeorum
1690 3330 1912 3386 exitum
1928 3329 2102 3384 etiam

399 3417 513 3489 ipsi
543 3418 859 3486 nescimus,
892 3418 948 3474 id
980 3424 1086 3487 est,
1120 3421 1408 3491 quomodo
1437 3423 1641 3476 exeant
1689 3423 1863 3491 atque
1904 3432 2103 3489 prove-

401 3507 569 3565 niant
599 3509 682 3564 eis
707 3510 923 3580 quibus
946 3526 1049 3566 nos
1072 3525 1138 3565 ea
1159 3510 1309 3565 bona
1332 3510 1953 3582 animoimpendimus.
1976 3509 2101 3561 Ple-

402 3614 652 3670 rumque
680 3598 832 3654 enim
869 3599 1165 3657 beneﬁciis
1199 3600 1416 3657 nostris
1442 3598 1589 3655 male
1608 3600 1823 3655 utendo
1846 3614 2105 3655 carrum-

402 3695 642 3760 puntur,
674 3688 888 3759 quibus
921 3706 1027 3745 nos
1047 3705 1114 3745 ea
1133 3689 1589 3747 misericorditer
1611 3687 1886 3746 benevola
1914 3688 2105 3743 inten-

404 3775 557 3830 tione
588 3780 951 3845 praestamus.

478 3864 622 3919 XVI.
657 3864 763 3934 [1b.
797 3882 875 3933 ιι,
906 3866 1019 3935 39.]
1052 3869 1213 3924 Nunc
1252 3885 1362 3937 vos,
1387 3868 1683 3937 Pharisaei,
1733 3867 1871 3938 quod
1902 3867 2106 3937 deforis

407 3964 485 4010 est
500 3953 696 4010 calicis
734 3964 785 4011 et
814 3957 1009 4023 catini,
1040 3956 1335 4013 mundatis.
1387 3956 1529 4011 llinc
1560 3961 1617 4012 et
1646 3955 1919 4027 deinceps
1950 3954 2106 4026 quod

411 4046 552 4102 dicit
580 4046 639 4100 in
673 4046 989 4103 Pharisaeos
1020 4051 1076 4102 et
1108 4046 1274 4119 Legis
1298 4048 1581 4115 doctores,
1610 4047 1715 4102 hoc
1739 4050 1828 4102 est
1849 4048 2107 4115 quodsu-

414 4136 609 4208 perius
641 4134 807 4206 dixit,
830 4136 1437 4208 Obﬁrmaveratfaciem
1453 4138 1831 4194 inJerusalem
1852 4136 2002 4205 (Luc.
2033 4152 2109 4200 1x,

413 4228 526 4301 51),
562 4234 623 4283 ut
651 4227 736 4283 eis
767 4231 963 4300 aperte
992 4244 1126 4285 vera
1149 4228 1366 4284 diceret
1385 4229 1525 4284 vitia
1547 4234 1603 4285 et
1627 4233 1861 4298 peccata
1886 4244 2109 4282 eorum.

486 4319 659 4374 XVII.
693 4318 799 4388 [ιδ.
825 4335 902 4375 κι.
933 4319 1049 4389 20.]
1082 4319 1213 4375 Idea
1254 4320 1468 4375 dicitur
1487 4318 1735 4390 Spiritus
1758 4321 1997 4374 sanctus
2024 4316 2113 4370 di-

418 4410 574 4481 gitus
617 4408 740 4477 Dei,
786 4412 1017 4479 propter
1064 4408 1431 4480 partitionem
1484 4407 1766 4463 donorum
1805 4421 1931 4475 qua:
1958 4404 2015 4459 in
2046 4419 2112 4458 eo

421 4500 649 4567 dantur,
682 4498 998 4571 unicuique
1020 4498 1272 4571 propria,
1295 4498 1418 4554 sive
1446 4497 1774 4564 hominum,
1799 4495 1915 4551 sive
1936 4496 2113 4564 Ange-

417 4588 625 4645 lorum.
660 4591 722 4645 In
755 4588 933 4645 nullis
963 4589 1115 4645 enim
1136 4588 1413 4647 membris
1428 4589 1642 4644 nostris
1666 4586 1853 4658 magis
1876 4588 2116 4657 apparet

418 4676 672 4751 partitio,
703 4693 876 4749 quam
908 4677 967 4733 in
995 4677 1215 4749 digitis.

488 4787 693 4844 XVIII.
730 4786 835 4859 [1b.
867 4803 921 4855 v,
953 4787 1169 4859 33-38.]
1196 4787 1494 4858 Jejunium
1530 4791 1629 4844 aut
1658 4787 1717 4843 in
1739 4783 2117 4841 tribulatione

420 4882 527 4945 est,
562 4881 659 4934 aut
689 4877 747 4931 in
778 4876 992 4948 gaudio
1019 4893 1033 4934 :
1056 4877 1113 4931 in
1144 4876 1539 4945 tribulatione,
1564 4877 1633 4932 ad
1678 4873 2116 4948 propitiandum

422 4970 603 5026 Deum
640 4984 742 5041 pro
775 4966 1063 5039 peccatis;
1096 4967 1153 5022 in
1185 4967 1568 5037 gaudiavera,
1592 4982 1726 5022 cum
1747 4969 1906 5020 tanta
1926 4962 2119 5019 minus

420 5059 705 5117 delectant
734 5056 1011 5125 carnalia,
1044 5059 1258 5128 quanto
1283 5057 1676 5128 spiritualium
1710 5056 1898 5126 major
1918 5052 2121 5123 sagina

418 5158 524 5206 est.
557 5151 697 5206 Cum
728 5164 863 5221 ergo
894 5147 1177 5203 Dominus
1207 5144 1597 5218 interrogatus
1623 5148 1777 5203 esset
1807 5161 1912 5200 cur
1940 5142 2118 5198 disci-

420 5239 571 5311 pulis
583 5241 713 5310 ejus
729 5235 1283 5311 nanjejunarent,de
1305 5235 1780 5307 utraquejejunio
1800 5232 2120 5303 respondit.

421 5327 685 5399 Namque
716 5330 787 5385 ad
820 5330 963 5386 illud
998 5329 1150 5402 quod
1187 5328 1245 5385 in
1276 5327 1651 5384 tribulatione
1674 5323 1931 5396 jejunari
1956 5323 2122 5390 solet,

422 5419 670 5492 pertinet
700 5421 851 5490 quod
884 5421 985 5491 ait,
1008 5421 1208 5493 sponsi
1243 5420 1390 5479 tilias
1417 5418 1963 5491 tuncjejunaturos,
1994 5431 2124 5471 cum

424 5509 595 5596 absis
615 5510 845 5567 ablatus
863 5511 1034 5567 fuerit
1053 5529 1327 5584 sponsus:
1350 5518 1488 5570 tunc
1507 5510 1660 5569 enim
1686 5507 2127 5575 desolabuntur,

492 5663 513 5702 ί
546 5664 660 5715 Rat.
696 5666 746 5715 et
771 5662 867 5714 Ms.
903 5661 1289 5721 Cisterciensis,
1332 5664 1695 5716 ministerium.

1223 234 1761 306 QU/ESTIONUM
1806 233 2442 304 EVANGELIORUM,
2489 237 2554 296 S.
2603 234 3023 298 AUGUSTINI

3725 238 3878 296 1340

2183 373 2238 422 et
2261 367 2317 423 in
2352 384 2595 425 mmrare
2627 386 2690 425 ac
2724 370 2881 426 luctu
2908 372 3099 436 erunt,
3142 369 3322 423 donec
3365 368 3447 422 eis
3482 385 3582 439 per
3604 369 3884 439 Spiritum

2184 463 2447 514 sanctum
2480 459 2689 529 gaudia
2721 459 3107 516 consolatorie.
3139 458 3555 514 retribuantur.
3591 459 3713 522 Quo
3738 461 3887 514 dono

2185 556 2476 621 percepto,
2510 552 2682 607 etiam
2712 552 2923 621 jejunii
2954 550 3196 605 alterum
3224 566 3429 620 genus,
3463 550 3617 620 quod
3663 550 3758 605 ﬁet
3790 566 3891 619 per

2189 637 2593 710 lmtitiam,jam
2612 642 2866 696 renovati
2890 640 2949 695 in
2972 641 3145 695 vitam
3164 640 3525 711 spiritualem
3551 640 3889 695 convenien-

2187 727 2415 783 tissime
2446 728 2837 785 celebrabant.
2872 730 3029 792 quod
3063 734 3377 800 antequam
3409 729 3719 799 accipiant,
3751 726 3892 782 dicit

2188 831 2286 872 eos
2308 822 2590 889 tanquam
2614 823 2805 874 vetera
2821 818 3405 887 vestimenta,quibus
3422 817 3892 873 inconvenienter

2191 922 2372 962 novus
2404 924 2635 979 pannus
2657 909 2928 977 assuitur,
2961 907 3017 963 id
3047 914 3132 964 est
3155 906 3346 978 aliqua
3372 906 3651 979 particula
3673 904 3886 961 doctri-

2192 1013 2298 1065 nae,
2331 1015 2457 1069 quae
2490 1000 2557 1054 ad
2584 1016 2739 1056 nova:
2757 1000 2887 1054 vitae
2910 998 3358 1070 temperantiam
3383 999 3631 1069 pertinet
3652 1015 3665 1065 ;
3687 997 3819 1068 quia
3840 994 3890 1051 si

2191 1085 2299 1140 hoc
2334 1088 2513 1153 ﬁat,et
2532 1087 2658 1159 ipsa
2671 1088 2929 1143 doctrina
2946 1087 3376 1158 quodammodo
3392 1086 3697 1151 scinditur,
3722 1085 3891 1154 cujus

2195 1178 2477 1247 particula
2494 1196 2619 1249 quae
2643 1179 2712 1233 ad
2730 1179 3019 1249 jejunium
3036 1178 3298 1235 ciborum
3316 1177 3482 1244 valet,
3508 1178 3895 1249 inopportune

2194 1267 2721 1334 traditur,cumil1a
2741 1267 3545 1339 doceatgeneralejejunium,
3564 1283 3679 1321 non
3703 1280 3893 1320 acon-

2194 1358 2551 1429 cupiscentia
2580 1359 3107 1425 ciborumtantum,
3132 1358 3233 1414 sed
3252 1358 3322 1413 ab
3344 1358 3505 1413 omni
3526 1356 3728 1412 laetitia
3754 1362 3897 1410 tem-

2195 1448 2483 1519 poralium
2524 1447 2970 1505 delcctationum
2996 1448 3199 1519 :cujus
3230 1447 3399 1518 quasi
3424 1462 3706 1517 pannum,
3731 1444 3787 1498 id
3815 1447 3902 1499 est

2195 1543 2419 1609 partem
2471 1538 2750 1610 aliquam.
2799 1555 2923 1611 qua:
2974 1539 3043 1594 ad
3092 1538 3253 1594 cibos
3302 1538 3570 1609 pertinet,
3616 1534 3753 1591 dicit
3785 1549 3899 1588 non

2187 1633 2453 1701 oportere
2475 1628 2811 1684 hominibus
2835 1628 3023 1684 adhuc
3053 1627 3227 1684 veteri
3257 1624 3666 1683 consuetudini
3689 1622 3902 1679 deditis

2196 1719 2479 1791 impertiri
2506 1738 2519 1785 ;
2552 1719 2691 1791 quia
2720 1723 2776 1775 et
2793 1718 2954 1775 illinc
2977 1719 3145 1789 quasi
3168 1718 3482 1774 conscissio
3503 1715 3733 1772 videtur
3755 1711 3899 1776 ﬁeri,

2198 1816 2253 1866 et
2282 1809 2393 1881 ipsi
2426 1809 2693 1865 vetustati
2726 1826 2839 1865 non
2874 1808 3160 1865 convenit.
3184 1807 3528 1863 Dicitetiam
3561 1804 3783 1859 similes
3803 1818 3902 1857 eos

2198 1916 2328 1957 esse
2354 1901 2648 1956 veteribus
2670 1900 2920 1966 utribus,
2936 1915 3080 1970 quos
3106 1899 3240 1953 vino
3256 1914 3423 1962 novo,
3442 1896 3500 1950 id
3524 1906 3610 1951 est
3631 1893 3905 1965 spiritua-

2201 1991 2355 2045 libus
2388 1990 2709 2060 praeceptis,
2746 1988 2973 2044 facilius
3007 1985 3586 2058 disrumpi,quamid
3612 1983 3905 2040 continere

2202 2080 2359 2136 dicit.
2386 2081 2568 2135 Erant
2592 2083 2791 2135 autem
2820 2080 2940 2148 jam
2960 2082 3118 2133 utres
3133 2077 3283 2145 novi,
3304 2093 3437 2131 cum
3454 2078 3585 2147 post
3602 2087 3898 2129 ascensum

2206 2170 2455 2240 Domini,
2472 2169 2755 2225 desiderio
2779 2168 3192 2224 consolationis
3215 2167 3341 2236 ejus
3359 2166 3576 2220 orando
3598 2170 3904 2234 etsperan-

2204 2262 2277 2315 do
2326 2259 2773 2315 innovabantur.
2824 2257 2985 2312 Tunc
3015 2256 3169 2312 enim
3225 2257 3571 2325 acceperunt
3600 2251 3905 2323 Spiritum.

2204 2354 2457 2415 sectum,
2491 2366 2601 2420 quo
2633 2346 2880 2419 impleti,
2932 2362 3060 2403 cum
3090 2345 3376 2411 omnium,
3412 2343 3511 2415 qui
3561 2342 3633 2397 de
3662 2340 3908 2396 diversis

2204 2441 2473 2513 gentibus
2488 2435 3330 2508 aderant,linguisloquerentu
3343 2451 3387 2501 r,
3403 2431 3545 2487 dicti
3561 2434 3697 2487 sunt
3714 2433 3906 2484 musto

2206 2531 2361 2602 pleni
2390 2532 2523 2601 (Act.
2558 2547 2619 2598 ll,
2670 2529 2847 2599 1-13).
2898 2527 3123 2583 Novum
3154 2524 3310 2580 enim
3362 2524 3560 2580 vinum
3586 2522 3712 2592 jam
3745 2518 3907 2575 novis

2204 2622 2431 2679 utribus
2466 2636 2688 2678 venera.

2276 2712 2423 2767 XIX.
2449 2711 2557 2784 ιιι).
2590 2726 2647 2778 x,
2676 2707 2899 2781 30-37.]
2958 2708 3123 2763 Homo
3180 2704 3407 2777 quidam
3454 2700 3803 2758 descendebat
3841 2700 3908 2753 ab

2203 2804 2509 2863 Jerusalem
2530 2803 2589 2856 in
2616 2800 2828 2857 Iericho
2858 2816 2876 2854 :
2905 2800 3027 2870 ipse
3051 2799 3230 2853 Adam
3252 2794 3599 2866 intelligitur
3627 2793 3686 2847 in
3709 2806 3912 2861 genere

2205 2896 2483 2952 humana.
2518 2892 2847 2959 Jerusalem,
2868 2889 3069 2945 civitas
3101 2888 3261 2959 pacis
3285 2885 3385 2941 illa
3405 2883 3675 2947 ccclesiis,
3693 2880 3913 2949 acujus

2208 2984 2567 3042 beatitudine
2598 2981 2792 3052 lapsus
2815 2983 2925 3046 est,
2955 2977 3371 3043 Jericha,Luna
3402 2974 3835 3044 interpretatur,
3858 2971 3915 3023 et

2210 3070 2920 3147 signiﬁcatmortaiitatem
2936 3068 3451 3137 nastram,propter
3466 3062 3621 3134 quod
3641 3058 3914 3147 nascitur,

2212 3146 2441 3231 crescit,
2456 3162 2724 3227 senescit,
2744 3164 2799 3215 et
2814 3158 3044 3215 occidit.
3078 3158 3360 3221 Latrones,
3376 3152 3641 3209 diabolus
3657 3154 3712 3206 et
3729 3146 3920 3218 angeli

2211 3256 2335 3324 ejus
2369 3253 2385 3286 ί
2428 3270 2438 3307 :
2472 3254 2569 3324 qui
2610 3267 2737 3307 eum
2775 3249 3146 3322 spoliaverunt
3195 3241 3573 3300 immortalits
3607 3257 3620 3294 :
3653 3244 3705 3295 et
3732 3237 3919 3309 plagis

2212 3342 2508 3415 impositis,
2543 3344 2773 3413 peccata
2803 3337 3101 3394 suadendo
3129 3354 3140 3390 :
3166 3335 3510 3405 reliquerunt
3540 3327 3862 3386 semivivum
3904 3342 3924 3379 :

2212 3434 2349 3504 quia
2379 3439 2627 3504 exparte
2676 3446 2789 3503 qua
2848 3432 3031 3498 potest
3090 3425 3387 3495 inelligere
3446 3425 3501 3477 et
3572 3429 3921 3490 cognoscere

2213 3525 2419 3591 Deum,
2454 3523 2617 3577 vivus
2657 3524 2745 3577 est
2766 3520 2977 3589 homo;
3012 3534 3077 3572 ex
3102 3520 3261 3588 parte
3294 3530 3411 3584 qua
3440 3509 3689 3582 peccatis
3718 3509 3915 3563 canta-

2215 3615 2393 3670 bescit
2420 3617 2477 3668 et
2506 3612 2811 3684 premitur,
2846 3611 3110 3663 mortuus
3142 3609 3249 3674 est,
3275 3608 3332 3659 et
3354 3601 3480 3657 ideo
3501 3598 3813 3655 semivivus
3829 3594 3917 3649 di-

2215 3702 2376 3759 citur.
2405 3701 2683 3758 Sacerdos
2715 3702 2908 3754 autem
2940 3704 2995 3752 et
3026 3694 3219 3751 Levita
3249 3692 3348 3764 qui
3380 3708 3445 3747 eo
3475 3689 3599 3745 viso
3631 3685 3916 3758 praeterie-

2215 3802 2366 3861 runt,
2402 3790 2789 3847 sacerdotium
2822 3792 2877 3843 et
2900 3784 3291 3841 ministerium
3315 3780 3537 3836 Veteris
3557 3775 3915 3833 Testamenti

2216 3884 2569 3957 signiﬁcant,
2618 3896 2743 3952 qua:
2776 3896 2889 3935 non
2922 3879 3187 3947 poterant
3235 3873 3505 3945 prodesse
3538 3869 3607 3925 ad
3639 3866 3907 3957 salutem.

2214 3955 2613 4030 Samaritanus
2658 3972 2863 4026 Custos
2912 3968 3318 4037 interpretatus
3351 3978 3363 4017 :
3400 3964 3456 4017 et
3496 3960 3620 4014 ideo
3650 3957 3775 4029 ipse
3805 3955 3917 4010 Do-

2221 4065 2415 4119 minus
2430 4060 2791 4132 significatur
2813 4058 2921 4113 hac
2943 4054 3197 4111 nomine.
3222 4050 3491 4124 Alligatio
3513 4046 3923 4112 velnerum,cst

2220 4152 2494 4209 cohibitio
2527 4152 2919 4222 peccatorum.
2954 4145 3180 4209 Oleum,
3226 4138 3546 4198 consolatio
3578 4135 3702 4208 spei
3732 4134 3919 4199 bonae,

2223 4250 2451 4316 propter
2482 4238 2903 4310 indulgentiam
2945 4236 3139 4291 datam
3181 4234 3250 4287 ad
3274 4226 3798 4286 reconciliationem
3822 4239 3927 4294 pa-

2222 4312 2589 4398 cis.'Vinum,
2623 4328 2944 4386 exhortatio
3001 4326 3071 4380 ad
3103 4320 3463 4395 operandam
3497 4312 3928 4372 ferventissimo

2224 4424 2455 4497 spiritu.
2488 4423 2831 4477 Jumentum
2857 4417 3007 4487 ejus,
3036 4418 3123 4469 est
3144 4428 3275 4467 caro
3298 4411 3355 4464 in
3380 4422 3492 4479 qua
3511 4407 3579 4460 ad
3615 4420 3717 4458 nos
3731 4402 3929 4457 venire

2226 4493 2501 4588 dignatus
2540 4515 2649 4567 est.
2683 4506 2905 4581 Imponi
2930 4506 3224 4576 jumento,
3256 4499 3421 4555 estin
3454 4496 3642 4588 ipsam
3666 4493 3927 4588 incarna:

2228 4578 2443 4661 tionem
2475 4600 2688 4657 Christi
2730 4578 2986 4654 credere.
3036 4588 3363 4655 Stabulum,
3396 4588 3483 4641 est
3515 4580 3792 4646 Ecclesia,
3825 4578 3929 4633 ubi

2228 4693 2563 4751 reficiuntur
2608 4689 2855 4745 viatores
2909 4684 2978 4739 de
3021 4676 3483 4752 peregrinatione
3517 4672 3826 4728 redeuntes
3868 4668 3927 4722 in

2228 4788 2498 4841 aeternam
2522 4780 2793 4853 patriam.
2818 4774 3009 4830 Altera
3030 4770 3172 4836 dies,
3199 4774 3279 4823 est
3298 4760 3926 4853 postresurrectionem

2229 4873 2480 4931 Domini.
2514 4847 2636 4927 Duo
2670 4860 3287 4933 denarii,suntvsldua
3313 4856 3593 4926 prmcepta
3610 4847 3927 4933 charitatis,

2232 4929 2405 5026 quam
2440 4969 2539 5024 per
2569 4950 2851 5022 Spiritum
2894 4929 3154 5001 sanctum
3188 4943 3531 5009 acceperunt
3564 4930 3817 5005 Apastoli
3857 4929 3929 5026 ad

2231 5041 2743 5115 evangelizandum
2764 5035 3020 5104 caeteris;
3052 5030 3138 5086 vel
3156 5026 3466 5102 promissio
3490 5024 3614 5079 vita:
3638 5017 3934 5092 praesentis

2233 5138 2289 5191 et
2309 5110 2537 5189 futurae.
2562 5128 2891 5187 Secundum
2919 5125 3073 5179 enim
3098 5122 3246 5177 duas
3271 5114 3687 5191 promissiones
3710 5110 3930 5164 dictum

2234 5227 2341 5289 est,
2376 5221 2610 5292 Accipiet
2642 5220 2698 5272 in
2729 5216 2823 5271 hoc
2843 5214 3047 5270 szecula
3071 5209 3263 5283 septies
3288 5215 3503 5265 tantum
3533 5202 3554 5236 ²
3576 5203 3626 5257 el
3653 5202 3710 5253 in
3741 5196 3940 5254 saeculo

2304 5404 2318 5437 ί
2350 5400 2436 5448 Sic
2465 5401 2581 5447 octo
2610 5396 2733 5445 Mss.
2768 5394 2833 5443 At
2854 5390 2983 5441 editi
3014 5386 3401 5450 excepto_Rat.,_
3428 5378 3670 5428 senescit.
3706 5376 3768 5423 Et
3806 5369 3945 5421 inci-

2241 5465 2320 5513 dit
2352 5447 2692 5513 inilalrones,
2723 5454 2991 5506 diabolum
3027 5457 3074 5501 et
3108 5447 3321 5513 angelos
3350 5447 3478 5513 eiu}.
3624 5507 3632 5513 -
3688 5502 3723 5513 ﬁ
3877 5499 3887 5508 _

2680 5502 3023 5584 tarititirntAtM
3034 5502 3677 5584 ss.codic.es,siitiragan_te

2243 5564 3028 5652 sep'iéi'iéit'iiiéifsiépleiadas
3048 5564 3378 5635 Augustinus
3398 5570 3450 5618 in
3473 5564 3633 5629 apere
3657 5578 3816 5627 super
3834 5564 3954 5623 Epi.

2244 5652 2434 5703 stolam
2468 5650 2534 5701 ad
2553 5648 2780 5699 Galatas.
2811 5658 2926 5706 cap.
2949 5641 2998 5701 2,
3021 5638 3141 5695 v.6,
3161 5640 3261 5687 etc.
3300 5634 3454 5684 Forte
3487 5643 3579 5694 pro
3609 5640 3800 5691 grmca,
3833 5638 3952 5673 eca-

2244 5649 2434 5703 stolam
2468 5650 2534 5701 ad
2553 5649 2780 5699 Galatas.
2811 5658 2926 5703 cap.
2949 5649 2998 5701 κ,
3021 5654 3070 5689 v.
3093 5649 3141 5695 0,
3161 5649 3261 5687 etc.
3300 5649 3454 5684 vorte
3489 5649 3579 5694 pro
3609 5649 3800 5691 graeco,
3833 5649 3952 5673 ccu-
