4170 6188
283 201 430 260 1341

279 335 458 400 futuro
488 333 661 387 vitam
712 335 981 389 (cternam
1032 336 1402 404 consequetur
1444 332 1662 404 (Matth.
1710 351 1828 400 xxx,
1875 333 1987 404 29).

280 421 639 478 Stabularius
658 438 797 493 ergo
819 425 907 479 est
926 422 1261 494 Apostolus.
1288 424 1449 489 Quod
1475 427 1875 495 supererogat,
1892 426 1990 477 aut

275 510 412 564 illud
443 516 533 567 est
566 510 881 569 consilium
914 514 1071 584 quod
1097 512 1199 583 ait,
1219 513 1291 568 De
1314 513 1629 581 virginibus
1646 516 1828 569 autem
1846 526 1989 584 prm-

269 608 479 671 ceptum
512 602 735 658 Domini
761 617 870 658 non
904 601 1097 669 habeo,
1127 602 1429 658 consilium
1459 608 1642 659 autem
1681 602 1748 660 do
1777 605 1801 673 (
1811 604 1828 658 Ι
1863 602 1986 658 Cor.

266 705 364 756 νη,
396 691 490 761 25)
527 707 542 747 :
570 696 671 748 aut
702 692 859 763 quod
892 692 1069 749 etiam
1116 692 1391 748 manibus
1421 692 1544 749 suis
1574 696 1849 764 operatus
1881 694 1988 757 est,

265 795 339 835 ne
379 780 744 838 inﬁrmorum
758 781 1015 853 aliquem
1038 782 1096 838 in
1117 783 1374 839 novitate
1397 782 1683 853 Evangelii
1703 786 1987 854 gravaret,

254 884 399 924 cum
432 868 483 924 ei
506 870 699 926 liceret
721 874 778 927 et
800 870 965 942 pasci
987 887 1055 927 ex
1076 871 1388 943 Evangelio
1409 871 1480 943 (li
1508 871 1688 927 Thess.
1714 886 1807 939 ‘III,
1828 872 1881 939 8,
1906 870 1985 941 9).

340 954 467 1015 XX.
496 961 604 1033 [lb.
652 978 709 1033 κ,
739 962 963 1034 5οο42.]
1013 961 1174 1026 Quod
1208 963 1423 1018 Martha
1456 962 1674 1034 excepit
1720 960 1883 1017 illum
1925 960 1990 1014 in

266 1048 495 1105 domum
518 1065 699 1118 suum,
732 1052 1022 1122 significat
1055 1051 1364 1109 Ecclesium
1398 1069 1525 1123 qua:
1558 1068 1713 1107 nunc
1751 1058 1857 1119 est,
1899 1064 1989 1105 ex-

268 1138 583 1209 cipientem
607 1139 917 1196 Dominum
943 1141 1002 1197 in
1025 1157 1123 1197 cor
1144 1157 1338 1198 suum.
1362 1140 1536 1196 Maria
1556 1157 1710 1197 soror
1729 1141 1844 1212 ejus
1864 1154 1991 1211 qua:

265 1229 489 1284 sedebat
516 1229 588 1284 ad
606 1229 762 1301 pedes
793 1230 1033 1297 Domini,
1050 1236 1099 1287 et
1120 1231 1378 1286 audiebat
1399 1232 1623 1287 verbum
1645 1232 1785 1302 ejus,
1806 1230 1991 1302 signi-

271 1318 410 1373 licet
438 1319 700 1375 eamdem
736 1318 1072 1386 Ecclesiam,
1126 1320 1221 1376 sed
1272 1320 1330 1375 in
1385 1320 1576 1376 futuro
1607 1320 1842 1389 saeculo,
1888 1320 1986 1375 ubi

270 1422 511 1463 cessans
543 1409 613 1463 ab
648 1424 819 1479 opere
868 1408 1310 1481 ministerioque
1358 1409 1724 1481 indigentiae,
1754 1410 1875 1466 sola
1900 1426 1991 1466 sa-

270 1497 498 1569 pientia
540 1499 883 1569 perfruetur.
932 1498 1157 1555 Martha
1202 1514 1338 1571 ergo
1387 1502 1670 1571 occupata
1717 1504 1805 1556 est
1834 1500 1991 1557 circa

276 1586 531 1642 multum
585 1586 1023 1658 ministerium;
1075 1590 1213 1661 quia
1258 1606 1413 1645 nunc
1462 1588 1677 1646 talibus
1717 1588 1989 1659 operibus

274 1682 578 1733 exercetur
603 1678 886 1734 Ecclesia.
919 1680 1080 1746 Quod
1114 1683 1308 1735 autem
1342 1680 1613 1751 queritur
1635 1680 1786 1751 quod
1810 1694 1873 1735 se
1906 1695 1989 1737 so-

276 1783 372 1823 ror
391 1768 521 1838 ejus
553 1785 666 1825 non
689 1769 944 1840 adjuvet,
967 1769 1192 1826 occasio
1211 1770 1387 1826 datur
1408 1770 1712 1827 sententias
1732 1769 1985 1838 Domini,

277 1874 393 1927 qua
423 1858 681 1914 ostendit
713 1858 887 1915 istam
920 1858 1233 1917 Ecclesiam
1266 1858 1579 1916 sollicitam
1623 1875 1748 1916 esse
1779 1862 1835 1916 et
1864 1863 1991 1915 tur-

278 2039 432 2110 quod
465 2054 567 2110 per
600 2037 911 2095 ministerii
936 2039 1112 2111 hujus
1146 2039 1350 2095 merita
1372 2038 1721 2111 pervenitur.
1748 2038 1990 2120 Mariam

279 2144 413 2184 vero
443 2127 586 2184 dicit
615 2128 899 2201 optimam
933 2133 1154 2200 partem
1179 2128 1450 2201 elegisse,
1475 2144 1602 2200 quas
1632 2144 1747 2183 non
1773 2117 2005 2212 eisrara-1

280 2220 377 2271 tur
393 2215 467 2270 ab
490 2232 559 2271 ea
581 2232 595 2270 :
616 2219 673 2271 et
695 2215 823 2271 ideo
848 2215 1196 2289 intelligitur
1214 2216 1455 2288 optima,
1480 2215 1619 2287 quia
1639 2219 1697 2272 et
1720 2215 1991 2288 per‘héac

282 2306 351 2361 ad
378 2305 541 2361 illam
566 2305 842 2375 tenditur,
876 2310 935 2362 et
958 2322 1072 2362 non
1091 2306 1424 2373 auferetur;
1459 2305 1559 2362 illa
1577 2321 1711 2362 vero
1732 2304 1993 2360 ministe-

282 2394 375 2458 rii,
410 2395 680 2466 quamvis
710 2396 789 2451 sit
818 2395 992 2465 bona,
1016 2399 1210 2452 tamen
1245 2396 1558 2466 auferetur,
1584 2395 1815 2466 quando
1840 2394 1993 2450 indi-

279 2484 499 2554 gentia,
534 2482 627 2540 cui
659 2484 1049 2551 ministratur,
1088 2484 1402 2541 transierit.

352 2571 479 2629 XX.
506 2573 610 2644 [lb.
643 2590 722 2643 x1,
765 2574 907 2647 5-8.]
938 2575 1177 2631 Amicus
1212 2576 1284 2631 ad
1316 2590 1491 2647 quem
1522 2574 1758 2631 venitur
1800 2574 1994 2630 media

281 2667 455 2719 nocte
478 2668 540 2719 ut
570 2666 969 2722 accommodet
989 2668 1105 2723 tres
1126 2682 1328 2738 panes,
1346 2666 1543 2739 utique
1557 2666 1628 2722 ad
1654 2664 1995 2722 similitudi-

284 2769 420 2809 nem
473 2754 731 2827 ponitur,
781 2756 1103 2812 secundum
1138 2771 1311 2828 quam
1361 2755 1497 2827 quis
1528 2757 1710 2811 Deum
1743 2757 1908 2826 rogat
1936 2752 1995 2808 in

283 2844 479 2899 media
532 2843 906 2902 tribulatione
936 2844 1310 2914 constitutus,
1345 2849 1410 2901 ut
1451 2844 1503 2901 ei
1540 2844 1758 2900 tribuat
1790 2842 2002 2899 intelli-

279 2933 545 3005 gentiam
575 2933 899 3003 Trinitatis,
933 2951 1049 3009 qua
1078 2934 1381 3007 presentis
1412 2934 1535 2990 vita
1566 2934 1896 2991 consoletur
1917 2931 2002 2987 la-

282 3022 475 3079 bores.
512 3021 623 3078 Sed
657 3023 1012 3097 comparatio
1042 3026 1127 3081 est
1156 3040 1188 3079 a
1220 3021 1465 3080 minore.
1500 3021 1559 3077 Si
1590 3021 1745 3079 enim
1769 3019 1994 3077 amicus

285 3112 459 3170 homo
486 3112 679 3186 surgit
711 3114 781 3170 de
829 3114 997 3187 lecto,
1041 3119 1099 3171 et
1137 3115 1257 3185 dat,
1290 3129 1407 3170 non
1438 3112 1718 3180 amicitia,
1753 3112 1854 3169 sed
1887 3115 1996 3168 tae-

285 3204 380 3259 dio
434 3203 817 3277 compulsus;
862 3211 1079 3276 quanto
1110 3204 1295 3277 magis
1339 3204 1494 3261 Deus
1544 3204 1665 3271 dat,
1716 3203 1817 3275 qui
1867 3202 1995 3259 sine

283 3294 456 3349 taedio
487 3292 812 3367 largissime
860 3295 1041 3352 donat
1088 3295 1241 3369 quod
1288 3293 1527 3369 petitur,
1559 3293 1659 3349 sed
1691 3293 1760 3348 ad
1793 3292 1902 3349 hoc
1932 3306 1996 3347 se

281 3384 401 3455 peti
434 3382 582 3454 vult,
611 3389 671 3441 ut
712 3400 946 3457 capaces
975 3386 1260 3443 donorum
1287 3386 1413 3457 ejus
1444 3385 1588 3441 fiant
1614 3383 1713 3456 qui
1740 3381 1994 3457 petunt?

285 3475 346 3531 In
372 3476 564 3533 tribus
578 3480 773 3533 autem
790 3476 1041 3548 panibus
1063 3477 1237 3534 etiam
1256 3476 1400 3532 illud
1417 3475 1799 3549 significatur,
1818 3473 1993 3530 unius

282 3582 409 3623 esse
430 3565 770 3623 substantiis
791 3566 1155 3624 Trinitatem.
1174 3566 1411 3623 Amicus
1423 3569 1642 3635 autem,
1658 3580 1830 3637 quem
1855 3563 1995 3620 dicit

283 3656 382 3714 ille
413 3657 513 3730 qui
537 3656 694 3727 petit,
718 3657 947 3714 venisse
968 3658 1040 3714 de
1059 3657 1174 3725 via,
1197 3661 1253 3714 et
1270 3673 1385 3715 non
1408 3671 1469 3713 se
1488 3656 1698 3714 habere
1718 3656 1869 3728 quod
1900 3669 1994 3726 po-

284 3751 387 3804 nat
401 3750 540 3803 ante
555 3746 741 3816 illum,
756 3746 1105 3820 intelligitur
1124 3747 1364 3804 hominis
1377 3746 1696 3821 appetitus,
1714 3745 1811 3818 qui
1825 3744 1997 3801 debet

287 3841 694 3912 obtemperare
741 3838 969 3896 rationi.
1027 3838 1323 3896 Serviebat
1361 3843 1556 3895 autem
1583 3833 1993 3897 consuetudini

288 3928 625 4002 temporali,
656 3945 825 4001 quam
859 3928 1007 3985 viam
1038 3932 1226 3998 vocat,
1253 3932 1489 4001 propter
1517 3927 1715 3985 omnia
1735 3942 1837 3998 per
1862 3931 1995 3982 tem-

290 4035 404 4092 pus
430 4018 811 4075 transeuntia.
845 4018 1131 4075 Converso
1181 4022 1376 4075 autem
1418 4017 1655 4075 homine
1684 4017 1756 4073 ad
1788 4015 1994 4087 Deum,

292 4110 472 4165 etiam
503 4108 594 4165 ille
622 4108 921 4181 appetitus
950 4126 981 4165 a
1011 4109 1432 4167 consuetudine
1461 4116 1791 4166 revocatur:
1821 4109 1920 4166 sed
1949 4108 1996 4165 si

290 4216 407 4255 non
433 4197 768 4254 consolatur
790 4198 1031 4255 interius
1050 4200 1330 4272 gaudium
1352 4200 1422 4255 de
1445 4199 1701 4256 doctrina
1724 4198 1997 4271 spiritua-

287 4287 350 4355 li,
385 4304 504 4360 qua
532 4286 820 4343 Creatoris
868 4287 1118 4345 Trinitas
1149 4288 1514 4361 praedicatur,
1547 4304 1773 4361 magna
1814 4304 1999 4361 angu-

284 4377 410 4433 stiae
440 4375 656 4432 suntin
686 4375 941 4445 homine,
976 4393 1146 4449 quem
1180 4377 1385 4447 premit
1407 4393 1670 4434 aerumna
1713 4375 1996 4450 mortalis,

286 4482 414 4523 cum
452 4467 527 4523 ab
559 4466 631 4522 iis
660 4483 790 4538 quas
822 4467 963 4525 foris
994 4466 1307 4533 delectant,
1344 4467 1675 4541 praecipitur
1705 4468 2002 4525 abstinen-

284 4557 385 4623 tia,
417 4560 478 4611 et
507 4556 669 4612 intus
702 4573 816 4613 non
850 4563 936 4613 est
967 4556 1202 4613 refectio
1233 4557 1304 4612 de
1350 4556 1552 4613 laetitia
1581 4556 1857 4614 doctrinas
1904 4574 1998 4614 sa-

286 4645 493 4701 lutaris
524 4644 543 4677 ί
578 4659 593 4711 ;
628 4649 685 4702 et
712 4644 841 4717 ipsa
861 4644 1132 4718 angustia
1157 4649 1245 4703 est
1271 4645 1461 4702 media
1484 4662 1618 4714 nox,
1642 4662 1758 4719 qua
1779 4646 2001 4717 cogitur

282 4734 660 4791 vehementer
692 4736 910 4792 instare
962 4734 1232 4808 petendo,
1267 4740 1330 4793 ut
1376 4736 1626 4809 accipiat
1657 4742 1769 4793 tres
1798 4752 1996 4808 panes.

280 4824 439 4890 Quod
476 4832 670 4881 autem
700 4824 752 4880 ei
785 4824 1001 4881 dicitur
1031 4825 1101 4883 de
1126 4824 1308 4895 intus,
1338 4826 1462 4896 jam
1493 4824 1708 4882 ostium
1735 4824 1997 4881 clausum

278 4930 429 4981 esse,
462 4930 679 4986 pueros
730 4930 969 4988 quoque
998 4914 1125 4985 ejus
1170 4931 1302 4971 cum
1336 4931 1402 4972 eo
1433 4914 1490 4971 in
1527 4914 1708 4971 cubili
1738 4930 1885 4984 esse,
1919 4915 1997 4971 si-

278 5005 520 5075 gnificat
553 5008 787 5075 tempus
817 5004 990 5061 famis
1012 5004 1193 5074 verbi,
1216 5020 1347 5061 cum
1374 5004 1765 5078 intelligentia
1785 5003 2003 5061 claudi-

279 5093 560 5161 tur,etilli
578 5093 679 5166 qui
702 5093 1093 5165 evangelicam
1118 5095 1465 5168 sapientiam
1494 5099 1770 5167 tanquam
1786 5110 1998 5166 panem

280 5189 609 5257 erogantes,
644 5200 749 5257 per
776 5184 975 5242 orbem
1008 5191 1171 5241 terrae
1202 5185 1678 5258 praedicaverunt,
1714 5186 1876 5259 pueri
1902 5203 2002 5259 pa-

281 5272 648 5333 trisfamilias
670 5275 800 5346 jam
853 5279 993 5332 sunt
1041 5274 1100 5331 in
1160 5279 1385 5332 secreta
1413 5276 1609 5349 quiete
1643 5292 1777 5335 cum
1812 5275 2001 5334 Domi-

283 5418 692 5484 tontoplasiono.
721 5419 863 5484 quod
898 5422 1070 5469 exstat
1097 5418 1279 5471 Matth.
1302 5434 1428 5484 resp.
1464 5420 1538 5472 l9.
1562 5435 1612 5471 v.
1651 5420 1732 5484 29,
1764 5425 1817 5472 et
1839 5422 1995 5472 Marc.

280 5484 508 5558 cap.n10,
541 5498 594 5558 ᾖ
624 5482 711 5543 30,
742 5482 942 5558 legerat
962 5484 1255 5558 interpres,
1284 5482 1737 5558 bep’taplasionag

283 5612 299 5657 ι
343 5543 510 5620 {Duo
543 5546 691 5595 Mss..
714 5543 1036 5609 spiritualis,
1067 5543 1163 5598 Rat
1205 5552 1256 5596 et
1282 5543 1379 5597 his.
1403 5543 1786 5605 Cisterciensis,
1821 5547 2000 5599 Solva-

302 5624 427 5658 ονυ.

1703 200 1933 262 LIBER
1973 201 2415 266 SECUNDUS.

2032 2206 2212 2274 .‘g‘vx

3647 206 3803 267 1342

2097 351 2171 389 no
2206 352 2219 391 :
2255 341 2311 391 et
2345 341 2534 393 tamen
2561 339 2776 393 orando
2809 338 3059 393 efﬁcitur
3092 342 3154 391 ut
3186 337 3427 409 accipiat
3469 337 3806 392 desiderans

2096 424 2459 482 intellectum
2484 428 2556 483 ab
2580 428 2702 499 ipso
2728 430 2859 495 Deo,
2882 428 3111 483 etiamsi
3135 427 3304 482 homo
3330 427 3476 483 desit
3502 444 3600 498 per
3628 443 3799 496 quem

2094 515 2384 586 sapientia
2415 519 2778 590 praedicetur.

2167 604 2341 661 XXII.
2373 606 2481 678 [lb.
2522 625 2602 677 x1,
2646 611 2757 679 12.]
2798 610 2876 666 De
2920 626 3088 682 pane,
3114 607 3293 681 pisce,
3336 612 3393 664 et
3431 623 3559 677 ovo,
3592 606 3805 678 quibus

2096 694 2384 751 contraria
2414 698 2630 768 posuit,
2662 698 2936 772 lapidem,
2970 704 3295 772 serpentem
3328 702 3385 755 et
3416 698 3799 769 scorpionem.

2098 782 2453 857 Intelligitur
2482 788 2649 858 panis
2680 788 2958 859 charitas,
2993 792 3227 861 propter
3256 789 3539 858 majorem
3583 784 3807 856 appeti-

2096 874 2243 941 tum,
2276 879 2328 930 et
2361 878 2477 931 tam
2503 878 2897 935 necessarium
2920 883 2983 933 ut
3004 878 3131 934 sine
3152 876 3255 932 illa
3275 881 3479 933 esstera
3503 874 3645 930 nihil
3668 873 3808 939 sint,

2097 959 2248 1015 sicut
2278 960 2403 1017 sine
2432 979 2580 1033 pane
2604 980 2808 1020 mensa
2838 966 3006 1036 inops
3038 965 3052 999 ¹
3091 981 3103 1019 :
3134 964 3225 1019 cui
3247 962 3531 1021 contraria
3565 963 3654 1016 est
3676 976 3796 1015 cor-

2095 1048 2185 1105 dis
2216 1050 2452 1112 duritia,
2498 1069 2676 1123 quam
2723 1053 2897 1125 lapidi
2950 1054 3327 1126 comparavit.
3378 1050 3561 1107 Piscis
3610 1054 3804 1105 autem

2097 1137 2447 1212 intelligitur
2477 1141 2619 1197 fides
2650 1142 3050 1210 invisibilium,
3083 1142 3169 1198 vel
3203 1145 3437 1213 propter
3458 1156 3670 1211 aquam
3701 1139 3804 1193 Bs-

2098 1227 2319 1299 ptismi,
2354 1229 2437 1285 vel
2471 1230 2609 1301 quia
2638 1232 2709 1287 de
2740 1231 3135 1287 invisibilihus
3166 1230 3308 1287 locis
3339 1229 3564 1301 capitur
3596 1245 3609 1282 :
3644 1229 3800 1301 quod

2096 1319 2270 1373 etiam
2304 1319 2448 1375 fides
2479 1320 2657 1391 hujus
2690 1322 2895 1377 mundi
2931 1321 3203 1377 ﬂuctibus
3231 1318 3667 1376 circumlatrata
3688 1332 3803 1374 non

2097 1407 2406 1477 frangitur,
2440 1413 2595 1466 recte
2634 1410 2778 1482 pisci
2830 1413 3246 1482 comparatur:
3298 1408 3391 1465 cui
3445 1406 3804 1464 contrarium

2100 1497 2288 1569 posuit
2363 1503 2715 1570 serpentem,
2794 1507 3024 1573 prOpter
3078 1515 3301 1558 venena
3358 1496 3620 1565 fallaciae,
3682 1512 3805 1566 qua

2099 1589 2270 1642 etiam
2307 1587 2493 1659 primo
2525 1589 2747 1645 homini
2772 1590 2924 1647 male
2946 1590 3244 1648 suadendo
3269 1584 3717 1661 praesemiaavit.
3740 1586 3805 1640 In

2094 1691 2201 1731 ovo
2232 1676 2577 1749 intelligitur
2606 1695 2778 1751 spes;
2813 1696 2985 1737 ovum
3018 1680 3174 1736 enim
3234 1679 3496 1735 nondum
3536 1682 3619 1732 est
3652 1677 3805 1730 fetus

2096 1767 2407 1837 perfectus,
2458 1769 2569 1825 sed
2624 1770 2863 1826 fovendo
2923 1773 3240 1842 speratur:
3301 1768 3395 1826 cui
3446 1765 3805 1823 contrarium

2034 1856 2293 1933 ’προδιιῇ
2339 1859 2727 1930 scorpionem,
2772 1861 2941 1932 cujus
3000 1859 3239 1917 aculeus
3298 1860 3618 1915 venenatus
3652 1860 3805 1912 retro

277 1948 407 2003 hari
438 1947 594 2003 circa
631 1949 899 2019 plurima,
946 1965 1080 2006 cum
1113 1949 1191 2006 sit
1238 1965 1419 2005 unum
1466 1949 1881 2017 necessarium,
1917 1936 2085 2007 ad?

2100 1947 2525 2026 ﬁniendusfest
2544 1949 2753 2017 {sicut
2784 1950 2904 2022 spei
2937 1949 3292 2007 contrarium
3326 1951 3415 2004 est
3443 1951 3593 2002 retro
3627 1945 3807 2016 respi-

2099 2034 2413 2104 cere,“cum
2442 2036 2585 2108 spes"
2606 2030 2949 2115 Jutprm'jrm
2970 2040 3049 2105 ,ἥρ
3092 2056 3166 2115 ea
3210 2054 3336 2109 qua
3388 2043 3518 2093 ante
3546 2040 3708 2102 sunt,
3742 2050 3807 2089 se

2068 2126 2388 2206 .~extee<lat-
2610 2118 2677 2133 ’”
2894 2112 2919 2177 έ

2549 2217 2773 2297 X9521]
2808 2218 2885 2297 De
2917 2234 2981 2274 eo
3008 2212 3159 2290 quod
3192 2218 3332 2273 dicit
3354 2216 3635 2273 Dominus
3657 2214 3808 2271 Scri-

2100 2290 2189 2359 bis
2202 2290 2287 2359 Μ
2312 2290 3025 2387 ἆοεέὁτίὒᾴβεξῐλίἅαξοξῑιιω,
3051 2306 3269 2379 Iulz'stis
3288 2306 3500 2362 clavem
3520 2307 3803 2365 scientiae;

2098 2396 2206 2467 ipsi
2236 2411 2343 2450 non
2373 2384 2663 2466 introistis,
2702 2386 2884 2453 et’eos'
2921 2394 3015 2469 ἕνα
3045 2388 3363 2475 inhiabant,
3400 2395 3754 2467 prohibuistis
3784 2410 3803 2446 .-

2102 2485 2253 2556 quod
2287 2485 2346 2541 in
2378 2486 2681 2559 Scriptura
2711 2488 2810 2544 Dei
2852 2484 3242 2543 humilitatem
3292 2485 3509 2543 Christi
3558 2500 3663 2540 nec
3694 2482 3804 2555 ipsi

2102 2574 2423 2645 intelligere
2453 2576 2495 2645 ³,
2529 2593 2634 2634 nec
2664 2578 2734 2634 ab
2764 2576 2893 2634 aliis
2920 2576 3171 2647 intelligi
3195 2576 3484 2633 volebant.

2174 2663 2365 2722 XXlV.
2401 2664 2506 2735 [lb.
2528 2682 2631 2737 xu,
2661 2664 2777 2736 23.]
2798 2665 2964 2733 Quod
2985 2666 3264 2723 Dominus
3292 2664 3435 2720 dicit
3457 2661 3769 2735 discipulis
3800 2675 3813 2715 :

2107 2755 2304 2810 Anima
2333 2756 2463 2828 plus
2483 2765 2560 2813 est
2589 2774 2753 2828 quam
2779 2774 2919 2824 esca,
2942 2761 2992 2813 et
3012 2773 3207 2829 corpus
3228 2771 3391 2827 quam
3411 2756 3819 2821 vestimentum,

2111 2848 2167 2900 et
2200 2846 2425 2918 utique,
2456 2846 2504 2903 si
2538 2846 2644 2904 hoc
2663 2847 2766 2903 tibi
2797 2848 2957 2905 dedit
2987 2848 3140 2919 quod
3164 2847 3297 2919 plus
3318 2849 3426 2915 est,
3453 2848 3671 2917 quanto
3701 2859 3823 2899 ma-

2109 2933 2196 3004 gis
2227 2935 2387 2991 dabit
2416 2937 2571 3008 quod
2602 2937 2799 2994 minus
2829 2945 2915 2993 est
2948 2937 2960 2992 l

2181 3026 2331 3081 XXV
2356 3026 2467 3099 [lb.
2499 3044 2600 3099 xu,
2631 3028 2745 3099 35.]
2778 3028 2941 3094 Quod
2972 3027 3261 3085 Dominus
3295 3026 3454 3096 dicit,
3489 3025 3614 3083 Sint
3646 3024 3822 3080 lumbi

2100 3118 2270 3172 vestri
2296 3118 2525 3173 accincti
2551 3134 2571 3180 ;
2603 3124 2833 3189 propter
2856 3116 3272 3173 continentiam
3306 3119 3377 3173 ab
3410 3131 3607 3171 amore
3628 3129 3818 3170 rerum

2107 3204 2479 3261 saecularium
2515 3221 2528 3260 :
2561 3205 2805 3263 lucernae
2831 3205 3135 3269 ardentes;
3184 3206 3295 3262 hoc
3338 3206 3535 3277 ipsum
3569 3206 3635 3258 ut
3679 3218 3813 3258 vero

2106 3295 2221 3351 ﬁne
2250 3298 2307 3351 et
2336 3298 2496 3352 recta
2524 3295 2848 3353 intentione
2878 3294 3129 3352 faciatis.

2171 3386 2363 3444 XXVI.
2397 3388 2504 3461 [lb.
2535 3404 2636 3457 xu,
2664 3387 2776 3458 42.]
2801 3387 2959 3451 Quod
2987 3386 3264 3443 Dominus
3285 3384 3430 3441 dixit
3456 3385 3647 3449 Petro,
3666 3383 3820 3450 Quis,

2101 3484 2286 3548 putas.
2318 3479 2397 3533 est
2424 3476 2601 3547 ﬁdelis
2649 3477 3001 3547 dispensator
3030 3482 3079 3531 et
3122 3474 3382 3546 prudens,
3416 3488 3577 3544 quem
3618 3471 3821 3527 consti-

2103 3571 2219 3624 tuet
2248 3567 2510 3624 Dominus
2536 3582 2698 3637 super
2724 3567 3014 3635 familiam
3043 3580 3222 3632 suam,
3253 3573 3312 3617 ut
3342 3562 3428 3617 det
3452 3561 3569 3616 illis
3604 3562 3665 3615 in
3692 3564 3820 3616 tem-

2102 3672 2232 3729 pore
2249 3656 2423 3712 tritici
2442 3658 2796 3712 mensuram?
2818 3669 3152 3711 mensuram
3171 3653 3315 3711 dicit
3336 3654 3568 3725 propter
3585 3651 3816 3707 modum

2103 3746 2437 3817 capacitatis
2467 3761 2834 3819 quorumque
2863 3742 3249 3802 audientium.

2172 3836 2389 3893 XXVII.
2421 3835 2525 3905 [lb.
2557 3852 2658 3903 xu,
2688 3835 2779 3900 54,
2810 3834 2925 3905 55.]
2958 3834 3122 3901 Quod
3154 3833 3437 3890 Dominus
3468 3830 3632 3900 dicit,
3678 3831 3811 3887 Cum

2102 3927 2353 3985 videritis
2388 3928 2588 3984 nubem
2628 3929 2896 3984 orientem
2926 3927 2993 3982 ab
3034 3943 3250 3995 occasu,
3299 3940 3533 3981 carnem
3583 3937 3751 3979 suam
3783 3938 3815 3976 a

2107 4020 2295 4076 morte
2326 4021 2728 4090 resurgentem
2760 4016 3087 4089 significat:
3121 4032 3190 4073 ex
3220 4015 3322 4072 illo
3353 4016 3510 4071 enim
3542 4011 3816 4069 omnibus

2106 4109 2279 4165 terris
2336 4108 2526 4166 imber
2576 4106 2922 4180 evangelista
2968 4106 3400 4180 prmdicationis
3432 4104 3662 4161 infusus
3702 4105 3813 4160 est.

2105 4201 2365 4256 Austrum
2389 4203 2616 4270 ﬂantem
2632 4203 2766 4255 ante
2786 4201 2983 4268 aestus,
2997 4196 3404 4255 tribulationes
3418 4194 3659 4252 leviores
3680 4196 3813 4249 ante

2101 4289 2412 4362 judicium.

2177 4378 2432 4436 XXVIII.
2465 4380 2571 4449 [lb.
2604 4397 2705 4450 xu,
2734 4379 2849 4451 26.]
2881 4379 3042 4446 Quod
3073 4377 3356 4435 Dominus
3386 4374 3549 4444 dicit,
3575 4372 3635 4429 Si
3662 4372 3811 4428 enim

2106 4470 2250 4543 quod
2278 4468 2577 4526 minimum
2606 4474 2705 4540 est,
2736 4486 2847 4527 non
2870 4470 3110 4542 potestis,
3143 4485 3278 4526 cum
3310 4468 3380 4523 de
3401 4464 3667 4537 augenda
3696 4478 3821 4520 cor-

2107 4559 2263 4632 poris
2296 4563 2517 4617 statura
2547 4559 2759 4618 diceret
2790 4580 2806 4630 ;
2849 4560 3162 4617 minimum
3211 4562 3299 4617 est
3346 4557 3504 4613 enim
3548 4555 3677 4623 hoc,
3711 4554 3813 4611 sed

2109 4651 2244 4721 Deo,
2277 4666 2515 4725 corpora
2545 4651 2790 4724 operari.

2180 4742 2377 4798 XXIX.
2418 4742 2522 4815 [lb.
2572 4760 2670 4814 xu,
2714 4742 2830 4814 29.]
2875 4745 3015 4798 Cum
3055 4742 3271 4799 diceret
3318 4737 3641 4811 discipulis,
3693 4752 3809 4793 non

2109 4834 2318 4891 debere
2348 4833 2545 4889 haberi
2599 4832 3057 4890 sollicitudinem
3099 4833 3169 4889 de
3199 4832 3367 4900 cibis,
3401 4830 3502 4901 ait,
3547 4829 3612 4883 Et
3642 4828 3815 4883 nolite

2109 4924 2169 4980 in
2200 4924 2435 4980 sublime
2462 4924 2676 4980 extolli.
2728 4922 2923 4980 Primo
2970 4922 3125 4979 enim
3157 4922 3279 4978 haec
3310 4921 3380 4978 ad
3412 4919 3812 4976 necessitatem

2110 5012 2470 5085 implendam
2505 5013 2680 5069 homo
2712 5012 2921 5084 quierit
2952 5028 2965 5067 :
3002 5027 3131 5069 cum
3165 5015 3355 5068 autem
3390 5010 3508 5064 haec
3547 5006 3816 5062 abunda—

2109 5104 2319 5171 verint,
2351 5102 2559 5176 incipit
2604 5106 2660 5159 et
2702 5101 3003 5174 superbire
3048 5102 3119 5157 de
3148 5100 3379 5155 talibus.
3412 5097 3552 5152 Tale
3586 5098 3674 5151 est
3704 5094 3813 5151 hoc

2111 5210 2177 5250 ac
2207 5194 2256 5250 si
2290 5210 2351 5250 se
2387 5193 2724 5250 vulneratus
2758 5193 2890 5266 quis
2912 5194 3091 5263 jactet
3122 5189 3260 5262 quia
3281 5188 3459 5243 habet
3479 5186 3663 5243 multa
3692 5204 3813 5244 em-

2109 5284 2327 5355 plastra
2356 5284 2415 5339 in
2457 5283 2652 5357 domo,
2683 5299 2817 5341 cum
2850 5282 2958 5338 hoc
2990 5279 3072 5335 illi
3112 5279 3324 5333 bonum
3373 5280 3524 5333 esset
3570 5280 3635 5332 ut
3673 5276 3809 5333 vul-

2172 5431 2186 5493 t
2220 5428 2382 5493 Lugd.
2413 5429 2539 5478 Ven.
2574 5426 2701 5493 139v.
2733 5431 3010 5493 mensoest
3042 5423 3202 5493 inops.
3262 5424 3339 5493 μ.

2169 5492 2191 5527 ²
2214 5483 2324 5541 Βίου
2337 5492 2570 5553 plerique
2589 5491 2712 5553 Mss.
2737 5489 2804 5538 At
2824 5487 2968 5545 editi,
2992 5483 3137 5553 quoii
3168 5488 3221 5553 in
3244 5487 3511 5553 Scriptura
3540 5486 3603 5533 de
3632 5483 3811 5532 huma-

2106 5555 2276 5603 nitate
2306 5549 2507 5601 Christi
2536 5550 2756 5609 dicitur,
2792 5563 2947 5614 quam
2976 5549 3071 5601 nec
3101 5550 3207 5614 ipsi
3239 5549 3555 5612 intelligere.
