4164 6192
386 251 537 311 1343

385 400 525 438 nera
553 398 666 435 non
702 378 959 443 haberet,
1009 378 1064 429 et
1098 388 1165 427 ne
1200 389 1311 428 uno
1343 371 1576 441 quidem
1632 370 1909 439 indigeret
1965 384 2082 421 em-

384 471 703 629 Ρῃῗῗιξῗοέιν,
736 558 790 618 2,
822 555 895 621 5;
931 570 1051 621 xm,
1089 553 1296 621 tI-16.]
1330 552 1403 621 (α)
1436 551 1838 620 Congruenter
1869 546 2083 616 hyoer-

381 650 576 720 picum
610 644 843 702 animali
877 644 1030 713 quod
1066 641 1275 697 cecidit
1300 642 1355 694 in
1390 645 1654 711 puteum,
1678 637 2033 709 comparavit
2068 652 2081 702 ;

380 738 621 791 humore
686 735 844 789 enim
888 732 1232 797 laborabat;
1267 730 1418 785 sicut
1456 738 1512 785 et
1560 728 1717 784 illam
1778 726 2082 782 mulierem

380 842 551 897 quam
585 827 780 880 decem
822 827 879 877 et
929 826 1055 877 octo
1088 821 1263 875 annis
1323 818 1621 890 alligatam
1654 818 1899 879 dixerat,
1925 820 1981 869 et
2012 814 2084 869 ab

378 917 579 972 eadem
613 914 946 985 alligatione
971 910 1243 977 solvebat,
1267 909 1899 980 comparavitjumento
1931 906 2084 976 quod

380 1004 647 1075 solvitur,
709 1007 769 1058 ut
814 1004 883 1058 ad
939 1017 1151 1071 aquam
1211 1001 1477 1055 ducatur.
1538 998 1859 1070 HydrOpem
1894 1000 2083 1050 autem

381 1097 533 1148 recte
592 1105 1003 1161 comparamus
1063 1088 1225 1143 diviti
1277 1102 1495 1143 avaro:
1557 1086 1706 1140 sicut
1764 1084 1917 1139 enim
1987 1082 2085 1137 ille

380 1189 598 1253 quanto
631 1179 817 1250 magis
851 1179 1112 1233 abundat
1140 1177 1384 1231 humore
1413 1176 1763 1241 inordinate,
1788 1179 1945 1229 tanto
1969 1189 2087 1228 am-

382 1270 538 1339 plius
571 1268 693 1322 sitit
725 1284 738 1333 ;
773 1268 853 1321 sic
887 1268 991 1321 iste
1022 1269 1239 1334 quanto
1271 1268 1357 1318 est
1390 1262 1677 1333 copiosior
1699 1260 1929 1330 divitiis,
1965 1260 2087 1329 qui-

376 1359 488 1413 bus
512 1374 624 1411 non
649 1359 793 1412 bene
813 1357 1018 1416 utitur,
1040 1360 1201 1409 tanto
1225 1354 1523 1409 ardentius
1548 1353 1688 1407 talia
1710 1351 2086 1421 concupiscit.

378 1446 538 1502 Illam
572 1461 705 1500 vero
754 1446 837 1499 ita
869 1445 1068 1499 morbo
1109 1443 1486 1509 incurvatam,
1541 1447 1604 1496 ut
1633 1455 1693 1495 se
1723 1441 1942 1510 erigere
1972 1455 2086 1494 non

376 1539 595 1605 posset,
631 1532 838 1589 animae
872 1536 886 1568 ¹
924 1532 1166 1588 terrenis
1218 1531 1528 1603 opionibus
1560 1529 1874 1585 debilitatm
1917 1532 2087 1598 atque

376 1640 690 1695 oppressae,
726 1625 806 1678 ita
833 1630 892 1678 ut
923 1622 1119 1677 divina
1149 1623 1399 1692 cogitare
1432 1638 1545 1676 non
1572 1619 1774 1676 valeat.

447 1713 607 1769 XXX.
643 1714 747 1784 [1b.
780 1728 893 1782 x1v,
927 1715 1016 1783 2i,
1046 1712 1163 1782 23.]
1208 1712 1365 1775 Quod
1416 1713 1486 1767 de
1551 1710 1781 1766 civitate
1830 1710 2084 1765 adducit.

378 1805 650 1859 invitatos
701 1804 770 1858 ad
822 1818 1071 1868 caenam,
1116 1805 1184 1857 de
1232 1801 1369 1873 ipsa
1398 1808 1563 1871 gente
1610 1800 1945 1855 Judzeorum
1990 1799 2091 1869 qui

381 1892 753 1948 crediderunt
782 1892 1093 1963 signiﬁcat,
1115 1891 1339 1946 debiles
1362 1889 1634 1961 peccatis,
1670 1905 1780 1943 non
1814 1889 2103 1963 ὕδωρῲᾴ

377 1981 711 2053 superbiam
746 1962 911 2053 quasi
939 1981 1199 2051 justitizs,
1226 1997 1370 2065 quae
1682 1962 2153 2065 [primates-1.64333

390 2050 520 2128 rum
554 2089 586 2128 a
616 2050 801 2145 gratia
831 2050 2004 2157 prohibabqﬁgs'ep'ibbs
2033 2072 2090 2122 et

390 2162 498 2218 viis
528 2142 670 2218 alios
698 2142 908 2218 adduci
933 2142 1296 2241 jussit.th
1327 2142 1700 2250 ddﬁuelocus
1726 2162 2114 2250 esspttgeq'a.

376 2256 466 2308 tes
496 2252 812 2323 signiﬁcat,
847 2236 1080 2323 propter
1111 2249 1523 2351 diversasxias
1539 2236 1845 2348 θεοῄῄάφ

384 2356 491 2394 nas
524 2347 907 2409 peccatorum.
956 2378 975 2396 .

448 2399 641 2484 XXXI.
676 2428 779 2498 [Ib.
809 2445 924 2495 xw,
958 2399 1602 2500 ξέεᾷἒῗζὲιῆιξρῖἰῖέξιά
1652 2432 1870 2481 turrem
1906 2425 2089 2481 aediﬁ-

378 2517 644 2583 candam,
678 2517 830 2572 vires
860 2501 1376 2587 ad'discipulatum
1408 2516 1621 2571 Christi
1655 2516 2037 2570 obtinendum
2065 2531 2078 2568 :

376 2608 432 2658 et
464 2605 663 2659 decem
698 2604 880 2661 millia
913 2605 1229 2676 praeliaturi
1265 2621 1395 2659 cum
1431 2620 1563 2676 rege
1594 2604 1686 2672 qui
1727 2603 1981 2659 habebat
2011 2604 2089 2657 vi-

376 2697 525 2768 ginti
568 2696 770 2766 millia,
806 2696 1245 2768 simplicitatem
1268 2696 1571 2751 christiani
1604 2695 1928 2752 dimicaturi
1958 2711 2089 2751 cum

375 2786 713 2858 duplicitate
745 2786 983 2854 diaboli,
1013 2786 1119 2842 hoc
1150 2793 1238 2842 est
1267 2802 1395 2842 cum
1427 2785 1575 2841 dolis
1606 2791 1660 2841 et
1679 2784 1918 2842 fallaciis
1940 2786 2088 2856 ejus,

375 2878 433 2932 in
456 2877 662 2932 aﬁ'ectu
693 2876 996 2932 constituit
1022 2875 1044 2909 ²
1076 2875 1459 2932 renuntiantis
1491 2876 1766 2932 omnibus
1798 2892 1924 2947 quas
1952 2881 2092 2933 sunt

374 2967 522 3037 ejus.
560 2967 640 3020 Ita
667 2966 823 3020 enim
857 2964 1146 3020 concludit
1183 2983 1194 3021 :
1249 2966 1340 3021 Sic
1369 2981 1493 3036 ergo
1545 2969 1693 3022 omni
1723 2982 1792 3021 ex
1823 2966 1965 3021 vobis
1996 2966 2091 3037 qui

375 3072 485 3111 non
515 3057 799 3110 renuntiat
831 3055 1083 3110 omnibus
1116 3071 1233 3126 quae
1262 3060 1389 3110 sunt
1420 3056 1559 3126 eius,
1591 3070 1701 3112 non
1736 3060 1909 3126 potest
1938 3072 2092 3111 meus

371 3160 484 3201 esse
513 3144 845 3214 discipulus.
879 3145 1034 3199 Inter
1082 3160 1208 3214 quae
1240 3144 1439 3199 omnia
1482 3144 1658 3199 etiam
1698 3144 1828 3215 ipsa
1859 3151 2084 3216 tempo-

374 3232 515 3290 ralis
543 3235 664 3289 vita
691 3233 1059 3304 intelligatur
1117 3249 1355 3289 necesse
1385 3241 1493 3300 est,
1544 3248 1721 3306 quam
1752 3238 1977 3304 oportet
2006 3232 2087 3288 sic

374 3323 672 3394 possidere
715 3325 783 3378 ad
814 3330 1079 3394 tempus,
1115 3326 1178 3376 ut
1208 3338 1322 3377 non
1354 3330 1407 3378 te
1453 3323 1728 3393 impediat
1757 3322 1828 3377 ab
1855 3330 2081 3392 (eterna,

374 3412 473 3485 qui
504 3428 632 3468 eam
656 3412 831 3467 fuerit
856 3411 1114 3467 minatus
1145 3412 1390 3467 auferre.
1419 3412 1581 3468 Sicut
1601 3419 1793 3468 autem
1831 3413 1899 3467 de
1939 3416 2085 3470 turri

376 3519 490 3557 non
526 3502 803 3572 perfecta,
857 3517 959 3572 per
1005 3500 1384 3571 opprobrium
1428 3501 1708 3557 deterruit
1739 3500 2080 3568 dicentium,

376 3591 518 3658 Quia
550 3591 641 3646 hic
672 3591 832 3647 homo
873 3594 1031 3662 σαερᾶ
1078 3590 1387 3662 aediﬁcare,
1420 3596 1603 3647 etnon
1632 3594 1809 3663 potuit
1836 3608 2086 3648 consum-

375 3696 530 3735 mare
561 3699 579 3735 :
614 3680 697 3736 sic
731 3681 787 3735 in
820 3696 952 3751 rege
983 3697 1117 3735 cum
1168 3697 1281 3751 quo
1323 3681 1722 3737 dimicandum
1752 3685 1862 3752 est,
1894 3682 2081 3752 ipsam

378 3784 577 3839 pacem
613 3769 932 3835 accusavit,
967 3784 1100 3825 cum
1120 3769 1221 3834 ait,
1253 3770 1439 3826 Adhuc
1460 3771 1555 3827 illo
1586 3771 1746 3840 longe
1766 3778 1981 3841 agente,
2007 3772 2083 3826 le-

376 3860 647 3930 gationem
680 3862 902 3913 mittens
931 3863 1089 3929 rogat
1118 3874 1179 3913 ea
1209 3875 1333 3929 qua?
1361 3865 1489 3915 sunt
1509 3866 1704 3930 pacis;
1736 3861 2079 3931 signiﬁcans

378 3948 551 4003 etiam
605 3947 794 4003 minas
846 3948 1284 4003 imminentium
1316 3966 1349 4003 a
1387 3948 1617 4004 diabolo
1666 3951 2077 4017 tentationum,

378 4052 494 4093 non
526 4036 812 4093 sustinere
844 4037 1112 4092 homines
1159 4037 1253 4108 qui
1288 4053 1401 4092 non
1443 4038 1775 4093 renuntiant
1804 4040 2078 4094 omnibus

378 4143 503 4198 qua)
536 4128 860 4199 possident,
894 4131 950 4182 et
970 4142 1167 4197 pacem
1201 4144 1333 4182 cum
1353 4143 1416 4183 eo
1445 4128 1630 4183 facere
1661 4130 2078 4184 consentiendo

376 4216 460 4271 illi
493 4218 563 4273 ad
605 4217 1021 4273 committenda
1069 4226 1319 4289 peccata.
1375 4222 1613 4273 Turrem
1648 4219 1864 4291 quippe
1895 4219 2077 4274 aediﬁ-

377 4323 529 4376 care,
564 4312 621 4363 et
652 4312 855 4364 contra
884 4323 1080 4377 regem
1130 4307 1292 4363 illum
1326 4308 1623 4373 dimicare,
1658 4324 1784 4363 esse
1815 4309 2075 4378 discipu-

374 4394 494 4450 lum
526 4396 741 4451 Christi
773 4400 899 4452 est:
934 4395 1145 4451 habere
1175 4401 1367 4451 autem
1388 4401 1658 4468 sumptus
1681 4397 1752 4452 ad
1774 4396 2077 4468 perﬁcien-

374 4487 510 4540 dam
546 4494 780 4553 turrem,
835 4494 888 4542 et
934 4486 1145 4543 habere
1197 4487 1369 4542 fortia
1416 4488 1610 4543 decem
1653 4487 1837 4542 millia
1876 4491 2079 4543 contra

373 4573 577 4644 viginti
607 4575 789 4630 millia
820 4576 991 4647 regis,
1025 4576 1357 4631 renuntiare
1373 4580 1463 4632 est
1484 4576 1760 4633 omnibus
1787 4592 1910 4648 quae
1940 4582 2079 4631 sunt

371 4677 418 4732 sj
430 4678 517 4718 us.

442 4751 676 4809 XXXII.
711 4754 815 4823 [lb.
853 4770 966 4823 xxv,
1000 4757 1089 4825 34,
1125 4757 1214 4821 35,
1250 4772 1338 4822 xv,
1373 4756 1552 4825 4-10.]
1599 4756 1788 4812 Salem
1821 4756 2073 4812 infatua-

370 4846 521 4911 tum,
554 4848 875 4915 apostatam
913 4861 925 4899 :
960 4843 1134 4899 Ovem
1164 4845 1467 4914 perditam,
1499 4861 1703 4901 omnes
1743 4852 2073 4917 peccatores

436 4980 451 5011 ί
484 4976 641 5044 Editi,
673 4974 1065 5044 refragantibus
1094 4977 1216 5025 Mss.
1248 4976 1452 5026 addunt
1470 4976 1591 5044 hic,_
1606 4978 1915 5029 tissimi/avi!
1935 4998 1951 5030 :
1974 4996 2071 5044 pro

369 5054 475 5103 quo
508 5038 939 5089 subaudiendum
972 5044 1070 5103 est,
1118 5053 1510 5103 comparamus.
1554 5042 1619 5088 Et
1648 5056 1770 5090 mox
1801 5044 1914 5093 Rat.
1950 5038 2068 5095 A'm.

369 5101 421 5151 et
454 5103 537 5151 Er.
569 5103 785 5159 habent,
820 5102 1039 5150 tem'enis
1069 5101 1395 5162 opinionibus
1424 5103 1503 5151 vel
1519 5104 1770 5165 cperibus.

430 5165 451 5197 ²
476 5165 559 5213 Sic
588 5167 721 5215 Ven.
747 5170 797 5213 et
820 5166 941 5215 Lov.
966 5165 1098 5214 dant
1119 5166 1261 5213 hunc
1282 5166 1453 5213 locum
1480 5177 1490 5213 :
1530 5165 1664 5214 vires
1685 5170 1860 5216 sunt...
1892 5177 2067 5218 osten-

368 5224 497 5291 dunt
513 5227 904 5291 simplicitatem
924 5227 1207 5291 christiani
1225 5227 1549 5291 populi...in
1570 5231 1759 5291 affectu
1782 5234 2064 5281 constituti.

368 5287 627 5358 Sicetiam
660 5290 851 5352 Lugd.,
875 5306 933 5340 ea
963 5297 1137 5340 tamen
1161 5287 1537 5358 discrepantia,
1566 5287 1709 5358 quod
1733 5294 1883 5341 uncis
1902 5300 2065 5358 septa:

368 5349 477 5414 sint
507 5349 587 5414 has
619 5349 807 5414 voces;
839 5349 977 5409 sunt,
1010 5354 1301 5410 ostendunt,
1332 5349 1540 5414 populi.
1581 5349 1675 5401 'M.

428 5412 497 5481 (cr)
532 5412 603 5481 De
635 5411 842 5481 reliqua
869 5421 1017 5475 parte
1039 5417 1198 5479 hujus
1224 5411 1534 5481 quaestionis
1562 5416 1693 5465 nihil
1716 5417 1876 5466 habet
1899 5420 2064 5481 ipsius

368 5473 633 5541 titulusjn
666 5472 918 5541 Eleucho,
956 5472 1132 5539 supra,
1165 5472 1285 5541 pag.
1312 5476 1449 5528 1324.
1484 5478 1667 5541 Exstat
1699 5484 1871 5528 tamen
1905 5472 2059 5530 etiam

367 5536 507 5599 apud
538 5536 857 5599 Eugypium,
886 5551 1006 5585 cum
1026 5536 1188 5589 titulo
1222 5536 1454 5591 auctiore
1488 5540 1570 5590 his
1600 5541 1773 5592 verbis
1807 5555 1817 5589 :
1850 5558 1871 5592 α
1906 5544 1966 5593 Et
1996 5544 2060 5594 de

366 5598 785 5662 hydropico,'vel
817 5598 882 5647 de
914 5601 1131 5650 muliere
1165 5606 1397 5652 curvata.
1430 5618 1455 5649 ι

1243 235 1779 308 OU/ES'I‘IONUM
1830 228 2483 299 EVANGELIORUM,
2529 232 2592 290 S.
2641 230 3071 293 AUGUSTINI

3750 243 3903 301 1344

2194 365 2357 431 dixit,
2391 365 2484 434 qui
2520 382 2614 433 per
2646 365 3038 435 pmnitentiam
3086 369 3531 426 reconciliantur
3560 373 3694 430 Deo.
3725 377 3907 439 Quam

2196 456 2451 511 humeris
2480 456 2600 509 suis
2636 461 2846 525 portat,
2870 458 3003 526 quia
3038 458 3396 515 humiliando
3436 479 3497 516 se
3533 463 3674 519 tales
3706 467 3903 521 erexit.

2196 546 2329 599 Ideo
2359 548 2550 598 autem
2581 544 2707 599 illas
2742 548 3057 617 nonaginta
3090 564 3293 603 novem
3319 550 3482 621 dixit,
3504 569 3648 622 quas
3672 554 3909 624 reliquit

2194 635 2251 689 in
2284 636 2533 701 deserto,
2566 636 2702 704 quia
2751 635 3030 705 superbos
3061 638 3412 708 signiﬁcant,
3448 645 3730 712 tanquam
3764 643 3905 698 soli-

2194 726 2450 780 tudinem
2467 728 2729 794 gerentes
2753 724 2811 779 in
2833 726 3046 793 animo,
3064 728 3198 781 dum
3223 728 3380 784 solos
3403 746 3463 785 se
3486 732 3663 788 videri
3682 732 3903 799 volunt,

2193 818 2402 887 quibus
2418 816 2488 870 ad
2505 815 2912 885 perfectionem
2931 818 3120 874 unitas
3141 820 3407 876 deest.Cu
3420 839 3472 877 m
3488 822 3642 878 enim
3658 824 3907 896 quisque

2195 904 2605 962 averaunitate
2620 904 2767 960 divel
2780 906 3217 979 litur,superbia
3230 909 3543 969 divellitur:
3561 930 3677 968 suae
3694 915 3906 986 quippe

2195 994 2495 1064 potestatis
2535 1009 2661 1050 esse
2709 995 2970 1067 cUpiens,
3028 1014 3142 1053 non
3186 1000 3457 1069 sequitur
3504 1018 3712 1071 unum,
3754 1004 3905 1074 quod

2195 1083 2346 1138 Deus
2368 1087 2475 1139 est.
2510 1084 2761 1155 Ideoque
2785 1089 2839 1140 et
2872 1086 2931 1140 in
2956 1088 3271 1159 nonaginta
3303 1107 3505 1146 novem
3532 1093 3737 1148 ovibus
3768 1097 3823 1147 et
3843 1095 3899 1148 in

2196 1189 2401 1229 novem
2436 1174 2734 1230 drachmis
2758 1176 2919 1246 ponit
2941 1192 3138 1233 eorum
3166 1178 3680 1250 signiﬁcationem,
3715 1182 3811 1252 qui
3834 1183 3904 1237 de

2197 1279 2258 1317 se
2292 1268 2704 1332 praesumentes
2739 1267 3141 1335 peccatoribus
3163 1269 3232 1323 ad
3258 1268 3503 1325 salutem
3525 1270 3906 1325 redeuntibus

2197 1367 2260 1407 se
2291 1358 2654 1422 praeponunt.
2688 1352 2878 1409 Unum
2905 1356 3061 1410 enim
3094 1357 3257 1413 deest
3279 1359 3349 1414 ad
3386 1376 3589 1415 novem
3616 1364 3679 1414 ut
3699 1361 3900 1414 decem

2199 1439 2334 1506 sint,
2375 1443 2431 1494 et
2462 1441 2527 1494 ad
2580 1442 2895 1512 nonaginta
2941 1458 3142 1499 novem
3191 1453 3249 1499 ut
3300 1450 3528 1502 centum
3575 1448 3710 1503 sint.
3758 1447 3826 1501 Et
3856 1446 3904 1502 si

2200 1543 2302 1600 per
2332 1532 2567 1584 cazteros
2616 1545 2884 1586 numeros
2937 1532 3045 1588 hoc
3094 1534 3442 1591 consideres.
3478 1535 3623 1591 Nam
3658 1540 3715 1591 et
3753 1552 3899 1591 non—

2202 1619 2389 1691 gentis
2421 1619 2741 1690 nonaginta
2782 1637 3007 1691 novem,
3053 1638 3233 1679 unum
3266 1624 3428 1681 deest
3466 1631 3527 1680 ut
3559 1624 3719 1680 mille
3766 1625 3902 1693 sint,

2200 1712 2258 1763 et
2288 1708 2356 1761 ad
2381 1723 2584 1762 novem
2623 1709 2799 1764 millia
2817 1720 3109 1781 nongenta
3133 1713 3445 1784 nonaginta
3469 1729 3696 1781 novem,
3724 1728 3901 1768 unum

2202 1797 2360 1852 deest
2408 1801 2468 1851 ut
2499 1797 2698 1852 decem
2744 1799 2930 1853 millia
2960 1800 3091 1854 sint.
3148 1800 3369 1856 Variari
3414 1817 3547 1872 ergo
3579 1818 3681 1873 per
3711 1803 3899 1857 brevi-

2203 1890 2373 1941 tatem
2392 1890 2447 1940 et
2471 1886 2931 1957 magnitudinem
2954 1889 3178 1943 numeri
3203 1894 3466 1959 possunt,
3491 1890 3704 1961 quibus
3722 1906 3906 1946 unum

2201 1977 2363 2032 deest
2394 1980 2456 2031 ut
2488 1975 2862 2047 perﬁciantur
2896 1995 2909 2032 :
2943 1978 3132 2048 ipsum
3166 1994 3296 2034 vero
3328 1995 3506 2035 unum
3558 1980 3684 2037 sine
3713 1982 3904 2037 varie-

2196 2068 2319 2150 tate.
2355 2064 2414 2118 in
2469 2080 2530 2120 se
2579 2081 2825 2121 manens
2879 2082 3009 2122 cum
3060 2068 3366 2123 accesserit
3410 2069 3649 2139 perﬁcit,
3683 2070 3777 2124 cui
3808 2070 3905 2125 de-

2194 2146 2364 2231 petat
2394 2170 2595 2208 omnes
2627 2170 2725 2225 per
2755 2156 3153 2226 paenitentiam
3188 2158 3606 2219 reconciliatos.
3641 2175 3766 2231 qua:
3799 2158 3904 2214 hu-

2200 2229 2442 2299 militate
2474 2243 2781 2300 obtinetur.

2269 2348 2513 2405 XXXIII.
2549 2351 2656 2422 [1b.
2690 2368 2780 2421 xv,
2817 2352 3037 2424 11-32.]
3072 2354 3252 2409 Homo
3295 2353 3512 2409 habens
3546 2354 3695 2409 duos
3728 2354 3900 2419 ﬁlios,

2198 2439 2348 2497 Deus
2381 2443 2446 2496 ad
2498 2442 2644 2497 duos
2679 2442 2922 2514 populos
2971 2442 3337 2515 intelligitur,
3374 2449 3651 2515 tanquam
3683 2444 3900 2516 stirpes

2199 2528 2343 2584 duas
2361 2529 2587 2601 generis
2607 2530 2849 2585 humani
2875 2547 2887 2587 :
2916 2548 3091 2587 unam
3114 2548 3307 2589 eorum
3333 2533 3432 2603 qui
3457 2536 3905 2603 permanserunt

2201 2618 2259 2673 in
2292 2619 2469 2675 unius
2499 2619 2599 2674 Dei
2632 2620 2810 2682 cultu,
2846 2621 3087 2677 alteram
3129 2638 3325 2678 eorum
3360 2622 3459 2692 qui
3491 2638 3675 2694 usque
3702 2622 3771 2677 ad
3805 2637 3899 2677 co-

2202 2708 2371 2764 lenda
2402 2708 2552 2765 idola
2582 2710 2966 2766 deseruerunt
3000 2716 3194 2768 Deum.
3226 2711 3315 2766 Ab
3348 2711 3477 2783 ipso
3509 2717 3704 2767 autem
3735 2726 3902 2767 exor-

2198 2799 2291 2854 dio
2321 2805 2596 2855 creatura
2650 2801 2985 2857 mortalium
3040 2802 3423 2859 consideratio
3454 2803 3623 2859 debet
3654 2803 3897 2858 intendi.

2198 2888 2385 2960 Major
2409 2906 2543 2962 ergo
2568 2891 2725 2947 ﬁlius
2757 2893 2826 2947 ad
2861 2891 3085 2947 cultum
3111 2893 3285 2948 unius
3308 2892 3407 2948 Dei
3433 2895 3701 2965 pertinet.
3726 2893 3908 2948 Mino-

2198 2995 2318 3035 rem
2351 2980 2409 3034 in
2446 2981 2739 3051 regionem
2770 2980 3150 3053 longinquam
3202 2982 3521 3053 profectum
3570 2998 3697 3038 esse
3742 2982 3904 3037 dicit.

2199 3068 2369 3124 Petiit
2386 3069 2541 3124 enim
2572 3074 2635 3125 ut
2655 3071 2767 3125 sibi
2790 3088 2924 3142 pars
2945 3071 3286 3127 substantias
3310 3087 3437 3142 quae
3460 3086 3594 3127 eum
3617 3076 3902 3144 tangeret,

2197 3155 2433 3210 daretur
2463 3172 2496 3210 a
2525 3160 2709 3227 patre,
2742 3165 3019 3227 tanquam
3062 3157 3253 3213 anima
3302 3162 3592 3229 potestate
3641 3174 3749 3213 sua
3792 3159 3899 3213 de-

2196 3243 2423 3314 lectata,
2476 3245 2530 3300 id
2579 3246 2732 3316 quod
2778 3246 2861 3300 illi
2907 3254 2993 3302 est
3037 3246 3247 3313 vivere,
3297 3245 3641 3317 intelligere,
3686 3247 3897 3301 memi-

2198 3334 2375 3403 nisse,
2424 3334 2657 3407 ingenio
2700 3334 2873 3391 alacri
2920 3332 3244 3392 excellere:
3293 3335 3491 3392 omnia
3538 3337 3648 3391 ista
3703 3335 3899 3390 divina

2195 3428 2333 3479 sunt
2366 3441 2632 3492 munera,
2663 3441 2788 3496 quae
2821 3425 2880 3480 in
2914 3430 3259 3496 potestatem
3294 3426 3585 3496 accipiens
3627 3441 3730 3496 per
3762 3426 3901 3481 libe-

2196 3530 2325 3569 rum
2357 3514 2685 3583 arbitrium,
2707 3514 2844 3585 quia
2874 3514 3072 3570 divisit
3094 3514 3460 3586 paterliberis
3482 3513 3898 3583 substantiam,

2196 3604 2387 3659 minor
2419 3603 2574 3658 ﬁlius
2606 3605 2663 3659 in
2696 3605 2988 3675 regionem
3038 3605 3417 3675 longinquam
3458 3604 3752 3675 profectus
3790 3608 3895 3671 est,

2194 3692 2340 3749 male
2379 3694 2594 3749 utendo
2654 3692 3016 3749 naturalibus
3059 3693 3251 3762 bonis,
3301 3710 3367 3749 eo
3412 3694 3539 3765 ipso
3587 3693 3736 3765 quod
3793 3710 3894 3764 pa-

2190 3784 2337 3838 trem
2370 3783 2625 3840 deseruit
2654 3782 2968 3854 cupiditate
2992 3783 3218 3838 fruendi
3240 3787 3522 3852 creatura,
3550 3782 3748 3839 relicto
3770 3783 3895 3854 ipso

2189 3872 2476 3932 Creatore.

2260 3982 2421 4043 Quod
2456 3998 2565 4036 non
2598 3985 2728 4053 post
2752 3983 2966 4037 multos
2987 3982 3110 4037 dies
3132 3980 3278 4036 dixit
3300 3982 3540 4050 factum,
3568 3984 3630 4035 ut
3653 3995 3893 4051 congre-

2188 4073 2339 4142 gatis
2389 4072 2663 4125 omnibus
2714 4087 2949 4143 peregre
2995 4072 3459 4141 proﬁcisceretur
3511 4071 3569 4125 in
3601 4070 3890 4140 regionem

2190 4160 2572 4232 longinquam
2608 4179 2620 4215 :
2657 4161 2793 4232 quia
2824 4179 2937 4217 non
2970 4161 3151 4217 multo
3184 4162 3755 4231 postinstitutionem
3792 4160 3891 4214 hu-

2189 4250 2344 4305 mani
2381 4251 2606 4319 generis
2638 4251 2858 4321 placuit
2888 4252 3093 4306 animas
3145 4268 3246 4321 per
3286 4251 3534 4306 liberum
3585 4249 3889 4303 arbitrium

2192 4339 2337 4394 ferre
2369 4353 2567 4394 secum
2602 4338 2910 4409 quamdam
2944 4337 3096 4392 velut
3129 4337 3444 4408 potentiam
3479 4339 3700 4390 natura:
3747 4352 3888 4402 suae,

2190 4432 2245 4483 et
2277 4429 2538 4483 deserere
2568 4443 2697 4482 eum
2733 4444 2765 4481 a
2796 4444 2909 4498 quo
2942 4428 3169 4483 condita
3198 4434 3303 4493 est,
3335 4425 3641 4497 prmﬁdens
3668 4425 3888 4481 viribus

2192 4516 2315 4573 suis
2350 4534 2362 4585 ;
2398 4533 2544 4589 quas
2574 4517 2723 4572 vires
2762 4520 2926 4572 tanto
2959 4515 3244 4572 consumit
3278 4515 3470 4581 citius,
3505 4518 3720 4584 quanto
3752 4530 3883 4569 eum

2188 4606 2403 4663 deserit
2434 4624 2466 4661 a
2490 4623 2604 4677 quo
2627 4606 2779 4661 datas
2809 4613 2964 4663 sunt.
2991 4608 3185 4675 Itaque
3209 4606 3356 4659 hanc
3378 4604 3556 4659 vitam
3583 4603 3884 4676 prodigam

2184 4700 2367 4763 vocat,
2402 4699 2697 4751 amantem
2731 4696 2970 4751 fundere
3002 4699 3174 4765 atque
3203 4691 3439 4765 Spatiari
3472 4692 3699 4764 pompis
3732 4697 3886 4747 exte-

2185 4785 2462 4851 rioribus,
2494 4785 2653 4840 intus
2684 4784 3136 4850 inanescentem,
3170 4799 3300 4837 cum
3339 4798 3404 4837 ea
3428 4782 3675 4855 quisque
3694 4783 3884 4853 sequi-

2185 4880 2276 4929 tur
2306 4890 2429 4944 quae
2461 4873 2533 4930 ab
2565 4873 2665 4930 illa
2692 4874 3035 4946 procedunt,
3066 4879 3121 4926 et
3151 4871 3431 4943 relinquit
3461 4886 3589 4926 cum
3643 4870 3742 4940 qui
3775 4869 3883 4924 sibi

2183 4969 2273 5020 est
2304 4965 2562 5021 interior.
2596 4965 2772 5035 Regio
2803 4964 2997 5035 itaque
3028 4961 3369 5035 longinqua,
3401 4961 3612 5018 oblivio
3645 4962 3739 5015 Dei
3773 4966 3879 5017 est.

2182 5055 2389 5109 Fames
2422 5060 2612 5110 autem
2646 5055 2702 5109 in
2736 5053 2837 5109 illa
2870 5053 3124 5123 regione,
3154 5052 3583 5125 estindigentia
3612 5050 3881 5105 verbive-

2179 5144 2390 5198 ritatis.
2444 5144 2603 5199 Unus
2652 5141 2862 5197 civium
2926 5143 3174 5213 regionis
3237 5141 3415 5207 illius,
3451 5138 3659 5209 aliquis
3689 5140 3882 5195 acrius

2179 5232 2444 5304 princeps
2501 5234 2571 5288 ad
2606 5231 2876 5287 militiam
2921 5231 3136 5287 diaboli
3194 5231 3511 5303 pertinens.
3544 5227 3697 5284 Villa
3728 5229 3879 5301 ejus,

2179 5322 2389 5376 modus
2419 5320 2727 5393 potestatis
2758 5319 2898 5390 ejus.
2933 5318 3121 5389 Porci,
3172 5318 3458 5375 immundi
3503 5317 3747 5390 spiritus
3782 5317 3879 5389 qui

2173 5410 2280 5465 sub
2312 5409 2437 5480 ipso
2469 5417 2680 5464 essent.
2717 5408 2949 5482 Siliquae
2984 5410 3197 5480 quibus
3224 5425 3426 5482 porcos
3447 5407 3738 5479 pascebat,
3770 5424 3882 5461 see-

2172 5499 2397 5554 culares
2429 5499 2721 5567 doctrinae,
2756 5500 2937 5555 sterili
2972 5501 3218 5554 vanitate
3242 5502 3578 5553 resonantes
3611 5513 3626 5563 ;
3660 5496 3728 5549 de
3752 5495 3879 5567 qui-

2172 5597 2281 5651 bus
2314 5595 2515 5653 laudes
2547 5597 2833 5654 idolorum
2868 5597 3317 5667 fabularumque
3346 5595 3418 5650 ad
3448 5596 3583 5651 deos
3605 5594 3874 5650 Gentium
