4164 6192
200 241 363 303 1345

203 369 615 447 pertinentium
648 363 809 420 vario
833 372 1097 417 sermone
1123 364 1291 428 alque
1312 355 1670 413 carminibus
1690 371 1909 428 percre-

215 445 366 537 pant,
400 459 615 532 quibus
661 451 946 510 daemonia
985 448 1344 505 delectantur
1377 463 1391 502 :
1453 447 1605 502 unde
1635 462 1766 501 cum
1789 445 1909 537 iste

205 533 445 609 satursri
471 545 766 619 cupiebat,
799 540 1019 612 aliquid
1043 537 1292 594 solidum
1320 541 1376 592 et
1408 541 1629 592 rectum
1652 533 1808 605 quod
1840 535 1909 590 ad

202 645 426 698 beatam
440 639 622 693 vitam
646 633 978 707 pertineret,
1002 627 1262 684 invenire
1283 624 1580 682 volebatin
1601 624 1910 691 talibus,et

205 747 312 786 non
334 732 584 800 poterat.
616 725 735 781 Hoc
758 730 843 780 est
874 721 1030 776 enim
1055 719 1205 791 quod
1231 718 1330 772 ait.
1353 717 1416 771 Et
1433 731 1586 771 nemo
1618 715 1708 770 illi
1727 715 1906 770 dabat.

269 821 331 874 In
361 834 422 875 se
451 825 634 872 autem
667 827 935 878 reversus,
961 810 1086 880 jam
1118 806 1338 864 scilicet
1358 807 1428 860 ab
1450 805 1532 860 eis
1575 821 1698 877 quae
1733 805 1912 860 forin-

206 925 376 963 secus
409 907 631 961 frustra
658 902 910 958 illiciunt
940 902 995 954 et
1022 898 1330 964 seducunt,
1357 895 1412 950 in
1439 893 1798 950 conscientia
1830 893 1916 948 in-

203 998 417 1053 teriora
439 996 706 1050 reducem
737 991 952 1046 faciens
973 985 1350 1042 intentionem
1375 1001 1499 1050 sua,
1523 984 1690 1050 dixit,
1717 984 1918 1051 Quanti

205 1087 540 1143 mercenarii
561 1086 621 1138 in
650 1083 804 1138 domo
828 1081 1004 1152 patris
1024 1076 1135 1133 mei
1155 1074 1442 1131 abundant
1462 1073 1730 1146 panibus!
1754 1073 1916 1128 Unde

201 1176 312 1232 hoc
344 1176 497 1231 scire
529 1176 774 1246 poterat,
806 1171 864 1224 in
899 1183 1013 1239 quo
1045 1170 1168 1221 erat
1196 1169 1358 1220 tanta
1390 1163 1600 1218 oblivio
1624 1163 1741 1230 Dei,
1766 1162 1919 1217 sicut

203 1263 260 1317 in
292 1261 570 1318 omnibus
601 1254 916 1313 idololatris
945 1253 1076 1320 fuit,
1111 1251 1222 1307 nisi
1257 1250 1392 1320 quia
1426 1251 1538 1304 ista
1586 1249 1916 1320 recogilalio

200 1354 326 1423 jam
362 1349 763 1422 resipiscentis
785 1351 894 1416 est,
914 1362 1044 1400 cum
1070 1341 1441 1414 Evangelium
1469 1341 1920 1411 prmdicaretur?

204 1443 336 1498 Jam
397 1441 556 1496 enim
607 1442 830 1511 poterat
864 1435 992 1490 talis
1035 1432 1494 1488 animadvertere
1527 1431 1740 1486 multos
1773 1447 1915 1502 pra:-

216 1535 412 1590 dicare
433 1531 756 1598 veritatem,
780 1526 930 1583 inter
949 1540 1096 1597 quos
1119 1523 1354 1594 quidam
1380 1526 1577 1578 essent
1598 1539 1712 1578 non
1737 1522 1920 1594 ipsius

206 1638 404 1678 amore
434 1619 697 1676 veritatis
726 1617 905 1683 ducti,
939 1615 1039 1670 sed
1064 1612 1378 1683 cupiditate
1394 1613 1916 1683 comparandorum

210 1711 574 1768 saecularium
603 1707 1062 1765 commodorum.
1095 1702 1175 1759 De
1198 1703 1409 1774 quibus
1428 1702 1656 1758 dicebat
1680 1704 1920 1773 Aposto-

209 1803 318 1870 lus,
343 1815 474 1855 esse
497 1797 787 1871 quosdam
821 1795 918 1867 qui
954 1791 1327 1864 Evangelium
1352 1791 1766 1846 annuntiarent
1803 1809 1919 1848 non

209 1895 365 1947 caste
430 1887 702 1958 (Philipp.
757 1901 796 1949 ι,
849 1884 958 1954 17),
1018 1882 1416 1937 existimantes
1457 1886 1744 1950 quaestum
1795 1897 1922 1937 esse

207 1981 486 2050 pietatem
537 1978 578 2046 (ι
609 1978 743 2031 Tim.
787 1991 863 2041 vr,
908 1975 986 2044 5).
1031 1972 1155 2027 Non
1207 1972 1361 2025 enim
1407 1970 1562 2025 aliud
1599 1971 1922 2028 annuntia-

207 2071 368 2136 bant,
401 2068 556 2121 sicut
586 2063 872 2128 haeretici;
907 2062 1004 2116 sed
1040 2059 1148 2115 hoc
1180 2060 1332 2130 quod
1357 2057 1652 2129 apostolus
1685 2059 1920 2130 Paulus,

211 2174 322 2212 non
385 2170 456 2210 eo
514 2158 712 2209 tamen
765 2151 959 2206 animo
999 2165 1114 2221 quo
1144 2147 1440 2220 apostolus
1470 2148 1724 2203 Paulus:
1770 2151 1922 2205 unde

209 2252 264 2301 et
317 2243 670 2300 mercenarii
728 2247 880 2297 recte
925 2237 1312 2309 appellantur,
1348 2239 1405 2291 in
1444 2237 1642 2293 eadem
1685 2238 1920 2309 quidem

211 2336 384 2390 domo
417 2333 692 2388 eumdem
727 2345 935 2402 panem
975 2328 1136 2384 verbi
1186 2331 1500 2382 tractantes
1534 2342 1547 2392 ;
1584 2343 1692 2380 non
1728 2331 1923 2383 tamen

206 2427 260 2480 in
291 2421 700 2479 haereditatem
737 2427 1010 2475 mternam
1059 2418 1267 2483 vocati,
1302 2418 1401 2472 sed
1433 2417 1738 2487 temporali
1774 2433 1921 2472 mer-

202 2517 338 2571 cede
371 2512 662 2569 conducti.
685 2511 764 2565 De
783 2509 998 2564 talibus
1023 2507 1240 2562 dictum
1266 2511 1375 2576 est,
1405 2508 1592 2572 Amen,
1614 2507 1732 2562 (lico
1757 2507 1921 2576 vobis,

200 2611 571 2676 perceperunt
617 2599 916 2655 mercedem
962 2614 1119 2652 suam
1169 2597 1377 2668 (Matth.
1411 2612 1490 2663 v1,
1523 2601 1594 2666 2).
1629 2599 1734 2666 Ego
1765 2613 1920 2670 ergo,

201 2692 424 2764 inquit,
460 2692 549 2746 hic
577 2692 720 2754 fame
747 2703 924 2758 pereo.
973 2687 1185 2742 Deinde
1208 2686 1308 2754 ait,
1335 2686 1589 2754 Surgam,
1618 2687 1926 2758 quiajace-

204 2785 301 2838 bat
335 2800 351 2837 :
386 2790 442 2837 et
463 2783 571 2850 ibo,
605 2781 734 2851 quia
759 2779 928 2847 longe
960 2779 1158 2832 aberat
1191 2793 1203 2831 :
1237 2777 1306 2831 ad
1321 2783 1530 2847 patrem
1564 2793 1761 2845 meum,
1788 2778 1926 2847 quia

207 2873 317 2928 sub
354 2872 621 2942 principe
652 2883 959 2939 porcorum
990 2871 1132 2922 erat.
1156 2867 1371 2922 Caetera
1392 2868 1564 2921 verba
1586 2871 1724 2922 sunt
1749 2867 1926 2937 ι)ωηὶ-

202 2961 455 3016 tentiam
518 2957 852 3013 meditantis
907 2956 964 3010 in
996 2955 1358 3010 confessione
1391 2955 1625 3026 peccati,
1666 2958 1923 3011 nondum

200 3056 400 3105 tamen
438 3048 690 3119 agentis.
719 3046 846 3102 Non
878 3046 1031 3101 enim
1057 3045 1178 3114 jam
1215 3044 1357 3100 dicit
1408 3044 1577 3115 patri,
1605 3045 1703 3100 sed
1741 3045 1926 3100 dictu-

198 3155 334 3193 rum
368 3155 430 3193 se
470 3153 599 3192 esse
630 3135 918 3208 promittit
947 3150 1080 3191 cum
1128 3133 1367 3188 venerit.
1404 3133 1700 3203 Intelligas
1749 3133 1925 3204 igitur

204 3227 312 3281 hoc
366 3243 530 3281 nunc
590 3225 992 3295 accipiendum
1053 3240 1181 3278 esse
1227 3222 1421 3278 venire
1466 3224 1533 3277 ad
1584 3228 1830 3293 patrem,
1863 3224 1921 3278 in

208 3316 476 3370 Ecclesia
515 3314 788 3369 constitui
838 3330 942 3385 per
990 3313 1183 3377 fi-lem,
1247 3313 1345 3367 ubi
1372 3313 1495 3382 jam
1559 3315 1744 3384 possit
1797 3330 1924 3369 esse

202 3409 582 3475 peccatorum
606 3403 870 3474 legitima
891 3408 947 3457 et
973 3403 1268 3457 fructuosa
1290 3402 1595 3457 confessio.
1619 3404 1764 3469 Quid
1789 3419 1922 3474 ergo

208 3497 363 3564 patri
428 3495 726 3548 dicturum
787 3509 844 3547 se
885 3491 1064 3547 dicit?
1104 3493 1284 3560 Pater,
1314 3496 1533 3563 peccavi
1564 3494 1616 3545 in
1650 3493 1844 3547 caelum
1872 3498 1924 3547 et

197 3601 389 3638 coram
423 3591 500 3649 te,
539 3587 590 3638 et
609 3586 739 3654 jam
779 3598 882 3636 non
922 3598 1041 3636 sum
1082 3581 1281 3647 dignus
1322 3583 1516 3636 vocari
1557 3581 1710 3651 ﬁlius
1746 3585 1872 3636 tuus
1905 3603 1922 3649 ,-

197 3677 287 3743 [ας
317 3692 408 3728 me
428 3673 574 3728 sicut
599 3690 766 3727 unua:
796 3673 860 3726 de
892 3674 1251 3727 mercenariis
1289 3671 1420 3726 tuis.
1455 3671 1662 3726 Utrum
1704 3671 1811 3727 hoc
1837 3677 1926 3728 est

203 3765 446 3820 Peccavi
477 3765 535 3817 in
559 3764 776 3828 certum,
808 3762 956 3832 quod
1011 3767 1097 3815 est
1147 3761 1338 3815 Coram
1362 3765 1452 3819 te;
1486 3770 1543 3814 ut
1586 3760 1790 3816 coelum
1828 3778 1922 3832 ap-

211 3851 733 3923 pellaveritipsam
766 3850 1157 3906 summitatem
1195 3850 1413 3904 Patris:
1456 3851 1610 3905 unde
1639 3852 1922 3906 estetiam

210 3941 360 3996 illud
410 3942 471 3995 in
536 3941 848 4005 Psalmo,A
901 3956 1114 3994 summo
1153 3941 1283 3994 ccelo
1335 3941 1573 4006 egressio
1594 3940 1709 4009 ejus
1742 3940 1919 4003 (Psal.

209 4055 384 4106 xvm,
411 4039 496 4108 Ἴ),
526 4053 652 4092 cum
678 4038 748 4091 ab
801 4038 923 4108 ipso
973 4037 1142 4092 Patre
1189 4035 1361 4091 vellet
1391 4036 1676 4106 intelligi?
1704 4043 1788 4091 An
1823 4054 1922 4106 po-

210 4129 370 4194 tius,
407 4130 623 4181 Peccavi
646 4130 701 4182 in
729 4127 945 4195 cretum,
974 4143 1165 4182 coram
1200 4125 1418 4180 sanctis
1451 4126 1678 4192 animis,
1709 4127 1765 4180 in
1800 4125 1932 4195 qui-

211 4220 335 4274 bus
367 4219 459 4272 est
490 4218 648 4272 sedes
674 4217 780 4272 Dei
811 4233 823 4271 :
862 4219 1054 4272 Coram
1084 4221 1133 4273 te
1164 4222 1379 4284 autem,
1416 4215 1472 4269 in
1498 4215 1622 4286 ipso
1655 4217 1935 4288 penetrali

213 4307 500 4364 interiore
529 4308 896 4363 conscientia
918 4307 946 4361 ‘t

291 4399 360 4452 Et
382 4411 613 4463 surgens
641 4400 792 4451 venit
819 4397 888 4452 ad
911 4403 1125 4468 patrem
1153 4411 1332 4450 suum.
1388 4395 1522 4450 Cum
1551 4399 1731 4450 autem
1764 4396 1938 4450 adhuc

224 4488 384 4557 longe
407 4490 545 4540 esset
569 4503 587 4540 :
620 4493 933 4558 antequam
973 4486 1327 4558 intelligeret
1367 4485 1569 4550 Deum,
1612 4485 1709 4539 sed
1743 4490 1935 4539 tamen

223 4577 505 4646 curnjam
539 4576 633 4646 pie
683 4579 980 4647 quaereret,
1033 4575 1188 4631 Vidit
1219 4575 1377 4630 illum
1406 4580 1566 4646 pater
1598 4575 1785 4646 ipsius.
1819 4577 1936 4629 Im-

224 4665 357 4736 pios
389 4665 550 4720 enim
584 4668 637 4719 et
670 4665 952 4736 superbos
980 4665 1390 4720 convenienter
1425 4681 1539 4718 non
1571 4664 1765 4718 videre
1795 4665 1939 4720 dici-

223 4759 346 4820 tur,
407 4760 693 4826 tanquam
741 4763 870 4810 ante
918 4755 1117 4811 oculos
1148 4772 1260 4810 non
1293 4754 1506 4809 habere
1540 4771 1553 4808 :
1589 4759 1721 4809 ante
1743 4753 1938 4809 oculos

221 4847 378 4900 enim
415 4845 640 4915 haberi,
675 4845 906 4901 nonnisi
951 4846 1050 4917 qui
1097 4845 1442 4917 diliguntur,
1475 4844 1588 4899 dici
1637 4843 1840 4899 solent.
1874 4847 1944 4898 Et

226 4937 618 4992 misericordia
649 4947 824 4992 motus
854 4941 966 4992 est:
995 4940 1045 4992 et
1074 4953 1363 4992 occurrens
1409 4936 1602 4991 cecidit
1629 4951 1791 5002 super
1820 4935 1932 4989 col-

225 5029 346 5082 lum
368 5029 509 5092 eius.
535 5026 659 5082 Non
679 5027 830 5082 enim
858 5026 1022 5081 Pater
1044 5025 1404 5096 unigenitum
1429 5025 1636 5080 Filium
1662 5025 1920 5080 deseruit

226 5115 282 5169 in
319 5131 438 5185 quo
475 5129 660 5186 usque
692 5115 765 5170 ad
801 5123 1045 5170 nostram
1077 5113 1451 5186 longinquam
1487 5113 1654 5167 etiam
1683 5113 1943 5184 peregri-

227 5204 531 5260 nationem
581 5205 843 5259 cucurrit
891 5212 1062 5275 a'que
1093 5203 1429 5270 descendit;
1466 5203 1602 5273 quia
1633 5202 1782 5256 Deus
1823 5207 1945 5257 crat

225 5294 284 5350 in
309 5293 554 5349 Christo
583 5294 869 5350 mundum
903 5294 1283 5350 reconcilians
1322 5291 1432 5349 sibi
1464 5293 1537 5360 (ll
1573 5292 1690 5348 Cor.
1724 5309 1779 5358 ν,
1810 5293 1896 5362 19)
1929 5311 1941 5347 :

230 5392 281 5439 et
344 5384 474 5455 ipse
533 5383 816 5439 Dominus
875 5385 973 5453 ait,
1018 5385 1176 5438 Pater
1207 5385 1267 5437 in
1298 5399 1373 5439 me
1417 5399 1646 5438 manens
1672 5385 1780 5453 ipse
1809 5383 1947 5452 facit

235 5491 399 5545 opera
432 5491 534 5528 sua
571 5475 750 5544 (Joan.
803 5492 912 5542 xxv,
951 5474 1059 5546 10).
1095 5474 1235 5537 Quid
1277 5482 1355 5528 est
1382 5479 1595 5543 autem,
1627 5489 1801 5545 super
1831 5472 1946 5528 col-

240 5564 360 5619 lum
400 5565 534 5634 ejus
567 5566 793 5632 cadere,
827 5565 937 5620 nisi
984 5565 1265 5621 inclinare
1313 5568 1368 5618 et
1399 5562 1705 5618 humiliore
1734 5563 1787 5617 in
1813 5580 1943 5618 am-

1610 217 1834 278 LlBEIt
1881 215 2321 281 SECUNDUS.

3567 229 3724 291 1346

2019 357 2249 428 plexum
2302 358 2429 427 ejus
2479 360 2780 416 brachium
2830 378 3002 418 suum
3032 364 3059 417 ?
3103 367 3164 419 Et
3197 366 3480 422 brachium
3513 369 3727 424 Domini

2017 447 2112 502 cui
2139 448 2434 504 revelatum
2475 458 2553 504 est
2610 453 2763 522 (Isai.
2799 468 2914 519 Lill,
2952 451 3053 523 1)?
3081 454 3237 524 quod
3267 461 3355 511 est
3385 458 3584 528 utique
3615 459 3728 514 Do-

2021 537 2217 594 minus
2262 546 2454 595 noster
2498 540 2672 596 Jesus
2713 542 2996 598 Christus.
3028 545 3092 599 Et
3142 547 3418 604 osculatus
3439 551 3518 604 est
3545 549 3726 602 illum.

2021 627 2319 683 Consolari
2352 629 2521 685 verbo
2551 632 2748 702 gratia:
2781 632 2879 686 Dei
2911 634 2979 687 ad
3013 650 3175 705 spem
3198 635 3572 706 indulgentia:
3606 653 3735 707 pec-

2023 729 2308 783 catorum,
2343 719 2450 775 hoc
2476 724 2584 786 est,
2611 726 2739 790 post
2766 719 2938 792 longa
2979 722 3190 778 itinera
3231 730 3583 796 remeantem
3618 742 3734 782 me-

2024 808 2136 862 reri
2168 825 2200 863 a
2231 812 2388 879 patre
2413 809 2677 864 osculum
2703 810 3021 867 charitatis.
3049 814 3114 867 Et
3135 814 3472 886 incipitjam
3499 819 3733 888 peccata

2025 897 2370 953 constitutus
2403 899 2461 952 in
2494 899 2750 955 Ecclesia
2773 901 3056 956 confiteri.
3081 903 3194 957 Nec
3226 903 3360 960 dicit
3384 905 3583 960 omnia
3605 921 3730 976 qua:

2027 987 2316 1043 dicturum
2377 1006 2436 1043 se
2493 1003 2622 1044 esse
2681 990 3046 1059 promiserat,
3080 993 3179 1047 sed
3231 1010 3418 1067 usque
3459 995 3529 1050 ad
3563 995 3730 1061 illud,

2025 1078 2140 1132 Non
2161 1093 2283 1132 sum
2312 1078 2510 1147 dignus
2539 1078 2723 1134 vocari
2741 1079 2894 1148 filius
2925 1083 3067 1136 tuus.
3105 1081 3220 1139 Hoc
3251 1083 3408 1139 enim
3458 1085 3581 1141 vult
3611 1085 3732 1140 ﬁeri

2027 1181 2128 1236 per
2148 1167 2544 1237 gratiam,quo
2569 1183 2626 1222 se
2650 1167 2956 1240 indignum
2986 1186 3110 1225 esse
3138 1186 3235 1241 per
3259 1173 3461 1227 merita
3489 1173 3726 1228 fatetur.

2024 1253 2148 1310 Non
2178 1255 2338 1310 addit
2383 1257 2534 1326 quod
2586 1255 2644 1310 in
2693 1256 2792 1312 illa
2831 1259 3200 1316 meditatione
3239 1262 3479 1328 dixerat,
3515 1263 3619 1317 Fac
3649 1280 3733 1319 me

2024 1346 2162 1398 sicut
2192 1361 2364 1398 unum
2395 1345 2459 1400 de
2487 1349 2841 1400 mercenariis
2862 1346 2990 1402 tuis.
3027 1349 3169 1404 Cum
3202 1350 3355 1405 enim
3387 1367 3594 1420 panem
3617 1369 3729 1407 non

2031 1431 2283 1500 haberet,
2317 1434 2403 1489 vel
2456 1437 2846 1492 mercenarius
2885 1453 3011 1494 esse
3068 1437 3378 1509 cupiebat:
3415 1442 3566 1511 quod
3602 1446 3734 1512 post

2028 1523 2289 1579 osculum
2326 1524 2505 1596 patris
2536 1526 2981 1596 generosissime
3008 1529 3130 1598 jam
3161 1529 3527 1602 dedignatur.

2099 1611 2259 1668 Stola
2305 1614 2508 1683 prima,
2558 1619 2647 1669 est
2695 1615 2948 1685 dignitas
3007 1634 3184 1688 quam
3240 1619 3490 1687 perdidit
3521 1619 3732 1674 Adam.

2029 1701 2184 1756 Servi
2232 1701 2328 1771 qui
2380 1718 2500 1758 eam
2560 1703 2876 1773 proferunt,
2930 1706 3416 1762 reconciliationis
3449 1707 3736 1778 praedica—

2032 1796 2199 1847 tores.
2235 1793 2500 1848 Annulus
2525 1794 2579 1848 in
2613 1810 2808 1860 manu,
2845 1795 3050 1866 pignus
3104 1797 3352 1870 Spiritus
3388 1800 3571 1856 sancti
3607 1815 3734 1864 pro-

2030 1888 2159 1952 pter
2189 1884 2381 1953 gratia:
2415 1884 2787 1954 partitionem
2823 1885 2862 1952 ¹,
2899 1903 3024 1956 qua:
3057 1886 3236 1958 digito
3259 1887 3404 1943 bene
3436 1888 3736 1960 significa-

2029 1976 2140 2026 tur.
2173 1972 2572 2028 Calceamenta
2615 1974 2671 2028 in
2707 1975 2901 2043 pedes,
2936 1977 3274 2047 prazparatio
3303 1976 3736 2048 evangelizandi

2032 2062 2104 2117 ad
2121 2079 2231 2116 non
2257 2065 2549 2134 tangenda
2573 2067 2817 2120 terrena.
2847 2065 3068 2121 Vitulus
3090 2067 3405 2135 saginatus,
3440 2068 3564 2138 ipse
3580 2067 3736 2122 idem

2031 2151 2336 2217 Dominus,
2372 2152 2474 2207 sed
2505 2154 2828 2208 secundum
2861 2171 3090 2210 carnem
3117 2157 3360 2211 satiatus
3385 2156 3732 2227 opprobriis.

2031 2244 2192 2307 Quod
2229 2249 2422 2299 autem
2462 2245 2710 2316 imperat
2755 2250 2814 2300 ut
2860 2247 3154 2303 adducant
3199 2263 3352 2315 eum,
3387 2247 3521 2319 quid
3554 2247 3733 2314 aliud,

2032 2332 2144 2387 nisi
2178 2338 2240 2386 ut
2270 2334 2576 2405 prazdicent
2607 2351 2760 2400 eum,
2794 2339 2850 2390 et
2881 2335 3279 2391 aununtiando
3298 2337 3492 2391 venire
3525 2336 3738 2390 faciant

2033 2421 2090 2475 in
2125 2421 2401 2477 exhausta
2435 2423 2584 2477 fame
2615 2422 2834 2479 viscera
2866 2422 2966 2476 lilii
3000 2423 3304 2478 esurientis
3327 2422 3354 2478 ἴ
3385 2423 3529 2478 Nam
3561 2423 3735 2478 etiam

2034 2518 2093 2564 ul
2117 2512 2383 2567 occidant
2433 2528 2565 2566 eum
2610 2513 2802 2581 jubet,
2829 2513 2933 2568 hoc
2968 2517 3077 2581 est,
3115 2518 3174 2567 ut
3216 2517 3460 2568 mortem
3493 2513 3612 2581 ejus
3644 2512 3734 2566 in-

2033 2602 2271 2658 sinuent
2305 2620 2317 2657 :
2347 2605 2482 2658 tunc
2516 2602 2668 2658 enim
2703 2602 2912 2673 cuique
2934 2603 3242 2669 occiditur,
3267 2619 3397 2657 cum
3430 2603 3611 2658 credit
3641 2618 3735 2656 oc-

2035 2691 2248 2748 cisum.
2294 2693 2354 2747 Et
2402 2693 2708 2762 epulamur,
2759 2691 2953 2762 inquit
2995 2690 3144 2746 :hoc
3169 2691 3241 2745 ad
3272 2690 3532 2745 laetitiam
3567 2688 3735 2757 valet,

2035 2787 2269 2853 propter
2312 2781 2410 2836 illa
2461 2799 2587 2852 qua
2633 2783 3056 2852 consequenter
3100 2779 3264 2848 dicit,
3299 2780 3435 2846 Quia
3469 2778 3558 2834 hic
3587 2778 3736 2846 ﬁlius

2032 2887 2182 2926 meus
2210 2879 2457 2926 mortuus
2489 2877 2630 2937 erat,
2653 2881 2704 2924 et
2734 2872 2938 2925 revixit
2969 2892 2987 2939 ί
3007 2868 3270 2940 perierat,
3292 2875 3341 2924 el
3363 2870 3612 2923 inventus
3635 2879 3733 2924 est.

2034 2961 2098 3016 Et
2125 2960 2249 3015 ista)
2277 2960 2456 3030 epulas
2489 2965 2659 3031 atque
2705 2959 2980 3015 festivitas
3022 2976 3174 3014 nunc
3220 2958 3604 3022 celebrantur,
3639 2972 3738 3027 per

2032 3049 2229 3106 orbem
2262 3055 2540 3104 terrarum
2564 3049 2814 3104 Ecclesia
2846 3049 3084 3104 dilatata
3115 3053 3288 3120 atque
3315 3048 3542 3103 dill'usa.
3577 3046 3738 3101 Vitu-

2033 3141 2126 3196 lus
2157 3140 2310 3196 enim
2345 3139 2509 3194 illein
2536 3157 2771 3211 corpore
2794 3144 2849 3194 et
2869 3138 3152 3210 sanguine
3167 3137 3466 3194 Dominico
3491 3141 3546 3192 et
3571 3137 3736 3192 ollar-

2039 3234 2135 3284 tur
2167 3229 2344 3294 Patri,
2380 3234 2434 3284 et
2466 3228 2650 3300 pascit
2682 3233 2859 3283 totam
2903 3231 3163 3285 domum.

2102 3320 2244 3376 Cum
2277 3320 2495 3376 interea
2526 3319 2705 3388 major
2737 3318 2909 3382 ﬁlius,
2937 3318 3182 3389 populus
3215 3316 3383 3372 Israel
3418 3317 3736 3374 secundum

2033 3425 2281 3475 carnem,
2317 3426 2431 3464 non
2463 3409 2694 3478 quidem
2730 3409 3017 3478 profectus
3050 3407 3106 3461 in
3140 3406 3518 3477 longinquam
3553 3402 3738 3473 regio-

2035 3515 2187 3566 nem,
2219 3500 2319 3553 sed
2354 3503 2546 3553 tamen
2580 3498 2636 3551 in
2670 3497 2841 3550 domo
2867 3500 3101 3550 nonest.
3137 3497 3194 3549 In
3231 3511 3364 3562 agro
3398 3499 3591 3548 autem
3626 3495 3732 3557 est,

2033 3589 2088 3644 id
2124 3597 2222 3656 est,
2259 3588 2317 3641 in
2345 3586 2472 3658 ipsa
2504 3584 2865 3640 haereditnria
2895 3582 3192 3654 opulentia
3221 3580 3387 3652 Legis
3405 3585 3461 3636 et
3493 3577 3738 3649 Prophe-

2033 3683 2222 3732 tarum
2258 3681 2490 3730 tcrrcna
2522 3674 2711 3744 potius
2761 3675 3051 3742 operatur,
3085 3675 3140 3726 et
3173 3671 3228 3724 in
3264 3669 3738 3741 quibuscumque

2038 3765 2362 3821 lsracliticis
2412 3761 2966 3817 considerationibus
2999 3761 3040 3814 ³.
3095 3759 3238 3814 Nam
3287 3757 3450 3813 multi
3479 3757 3621 3813 tales
3650 3757 3740 3811 in-

2033 3856 2186 3910 venti
2239 3858 2376 3908 sunt
2421 3853 2477 3906 in
2521 3852 2626 3918 eis,
2658 3856 2714 3905 et
2763 3865 2912 3921 saepe
2958 3849 3355 3905 inveniuntur.
3387 3847 3640 3902 Veniens
3672 3845 3742 3900 de

2033 3962 2169 4016 agro
2202 3944 2398 3999 domui
2442 3942 2830 4014 propinquare
2855 3940 3049 4011 C(Bpit,
3083 3939 3138 3994 id
3171 3946 3276 4007 est,
3303 3938 3495 3994 labore
3518 3936 3742 3992 servilis

2033 4035 2220 4108 cperis
2251 4034 2598 4106 improbato,
2638 4049 2705 4086 cx
2753 4032 2960 4086 iisdem
3012 4030 3326 4099 Scripturis
3368 4028 3629 4084 Ecclesiae
3674 4027 3742 4079 li-

2041 4126 2312 4181 bertatem
2338 4123 2744 4179 consideravit.
2779 4120 2956 4175 Audit
2979 4119 3387 4192 symphoniam
3411 4117 3737 4184 etchorum,

2041 4213 2260 4269 scilicet
2291 4213 2508 4284 Spiritu
2544 4210 2744 4282 plenos
2767 4209 2788 4242 3
2813 4209 3048 4264 vocibus
3071 4208 3343 4263 consonis
3367 4204 3743 4277 Evangelium

2042 4304 2404 4378 praedicare:
2449 4301 2658 4372 quibus
2707 4299 2926 4354 dictum
2972 4302 3078 4363 est,
3127 4296 3348 4350 Obsecro
3383 4310 3490 4358 vos,
3520 4297 3746 4361 fratres,

2041 4412 2136 4466 per
2159 4411 2357 4451 nomen
2402 4394 2626 4448 Domino
2675 4391 2850 4444 nostri
2895 4391 3014 4443 Jesu
3051 4387 3276 4453 Christi,
3309 4393 3364 4441 ut
3395 4383 3625 4455 idipsum
3655 4383 3744 4436 (li-

2042 4487 2177 4540 calis
2206 4499 2391 4539 omnes
2425 4483 2468 4550 (1
2507 4481 2625 4535 Cor.
2661 4497 2700 4545 ι,
2738 4479 2843 4547 10).
2882 4477 3060 4530 Audit
3109 4491 3341 4546 quoque
3381 4473 3746 4528 concorditer

2045 4571 2514 4630 conversantium
2547 4569 2804 4625 animam
2835 4573 2891 4622 et
2939 4581 3036 4620 cor
3068 4580 3249 4618 unum
3300 4564 3358 4618 in
3391 4562 3590 4617 laudes
3623 4561 3744 4616 Dei.

2045 4665 2223 4718 Vocat
2247 4678 2423 4716 unum
2458 4660 2526 4714 de
2558 4657 2764 4722 servis,
2805 4662 2859 4710 et
2915 4654 3232 4724 interrogat
3283 4669 3411 4723 quae
3458 4650 3556 4706 illa
3588 4651 3743 4706 sint:

2047 4754 2230 4812 sumit
2288 4751 2487 4821 utique
2539 4750 2606 4802 ad
2667 4747 2982 4818 legendum
3017 4743 3271 4814 aliquem
3304 4741 3749 4814 Prophetarum,

2048 4851 2104 4901 et
2135 4845 2190 4897 in
2222 4859 2288 4897 eo
2321 4855 2603 4911 quaerens,
2637 4834 3059 4907 quodammodo
3112 4834 3425 4904 interrogat
3459 4832 3608 4887 unde
3642 4831 3748 4884 ista

2050 4938 2194 4991 festa
2227 4931 2280 4985 in
2316 4928 2566 4986 Ecclesia
2594 4927 2979 4994 celebrantur,
3001 4923 3058 4978 iu
3080 4938 3192 4993 qua
3211 4937 3269 4977 se
3289 4937 3417 4976 esse
3441 4938 3554 4976 non
3577 4920 3747 4972 videt.

2052 5023 2378 5095 Respondet
2409 5020 2458 5075 ei
2491 5034 2688 5074 servus
2721 5015 2900 5088 patris
2936 5013 3220 5086 propheta
3253 5029 3265 5068 :
3299 5017 3493 5068 Frater
3520 5016 3644 5062 tuus
3669 5024 3750 5061 vc-

2051 5119 2153 5181 nil,
2185 5123 2232 5169 et
2263 5110 2458 5167 occidit
2486 5111 2640 5180 pater
2674 5118 2798 5164 tuus
2836 5105 3067 5161 vitulum
3116 5103 3443 5172 saginatum,
3476 5099 3604 5168 quia
3631 5096 3750 5150 sal-

2123 5266 2136 5298 ι
2165 5260 2312 5314 Lov.,
2341 5255 2816 5321 participationem.
2860 5254 2960 5301 Alii
2995 5250 3220 5307 codices,
3255 5245 3586 5307 partitionem
3607 5260 3624 5293 :
3649 5259 3754 5295 me-

2055 5325 2174 5380 lius,
2208 5323 2284 5372 uti
2315 5317 2492 5383 supra,
2525 5317 2712 5383 qutest.
2745 5317 2821 5365 17.
2886 5379 2928 5383 __
3004 5375 3016 5383 _
3183 5376 3192 5383 _
3229 5370 3266 5383 ﬂ
3376 5372 3397 5383 ν

2121 5370 2394 5435 Qv'Sicltat.‘
2417 5370 2694 5445 et'quator
2720 5383 2854 5445 Mss.
2873 5379 2955 5445 At.
2987 5375 3126 5444 Am._
3149 5376 3200 5445 et
3229 5370 3334 5445 Er.”
3367 5371 3620 5445 [eraditis
3643 5386 3756 5445 cpn-

2061 5433 2455 5497 sideratoribus.
2484 5433 2622 5498 nov,
2655 5440 2946 5496 Israelitis,
2988 5433 3506 5498 coris-iderationibus.
3533 5436 3623 5484 Ms.
3665 5436 3754 5483 Mi-

2060 5514 2352 5566 chaelinus,
2379 5509 2542 5559 Israel
2550 5497 2640 5554 itis
2671 5497 3184 5566 consideratioribus.

2120 5559 2300 5625 flint:
2321 5559 2372 5621 et
2401 5571 2506 5619 duo
2540 5571 2684 5627 Mss,
2713 5563 2920 5628 Spiritu
2950 5563 3134 5611 sancto
3161 5559 3353 5625 plenos.
