4164 6192
338 265 496 332 1347

338 422 467 465 eum
499 404 658 460 illum
687 399 912 470 recepit.
947 397 1012 452 In
1044 388 1316 449 extremis
1348 387 1504 440 enim
1537 386 1698 438 terra
1745 379 1852 436 fuit
1874 379 2048 470 frater

343 504 498 552 tuus.
532 492 644 547 Sed
677 467 819 545 inde
844 485 1028 556 major
1057 478 1363 539 exsultatio
1413 472 1772 530 cantantium
1805 467 2047 525 Domino

339 585 630 641 canticum
678 593 917 644 novum,
953 574 1087 645 quia
1133 571 1265 627 laus
1322 567 1450 638 ejus
1485 564 1554 620 ab
1580 560 1851 618 extremis
1880 563 2044 613 terras

334 676 487 748 (Isai.
548 689 689 740 xm,
723 671 939 741 lO);et
997 665 1231 736 propter
1292 673 1426 715 eum
1485 653 1848 748 quiabse‘ns
1903 651 2043 748 erat,

335 738 564 822 occisus
596 738 682 819 est
712 738 800 817 vir
831 760 887 814 in
933 757 1100 829 plaga
1143 751 1390 824 positus,
1433 750 1488 803 et
1537 744 1728 800 sciens
1765 741 1910 796 ferre
1939 738 2049 794 im-

335 854 707 913 becillitatem
781 848 881 918 (Id.
923 862 1040 907 Llll,
1077 844 1170 915 3);
1218 840 1356 911 quia
1399 835 1612 908 quibus
1666 847 1779 888 non
1810 832 1898 886 est
1917 845 2046 918 nar-

336 951 527 1004 ratum
571 946 642 999 de
687 917 1186 1007 eo,rviderunt;et
1235 929 1331 1003 qui
1363 943 1479 984 non
1513 923 1841 990 audierunt,
1873 917 2045 976 intel-

342 1037 605 1092 lexerunt
633 1031 739 1105 (Id.
772 1045 866 1096 ιιι,
893 1028 1002 1098 15).
1471 1107 1510 1110 __
1869 1099 1905 1110 __
1955 1099 1967 1110 ,

407 1126 516 1181 Sed
550 1099 889 1193 indignatur
918 1115 1094 1173 etiam
1126 1129 1302 1178 nune,
1337 1113 1394 1166 et
1422 1107 1609 1164 adhuc
1641 1119 1756 1160 non
1787 1099 1914 1158 vult
1952 1099 2044 1155 in-

340 1216 531 1273 troire.
558 1214 701 1269 Cum
733 1227 866 1282 ergo
902 1205 1200 1280 plenitudo
1225 1201 1498 1258 Gentium
1523 1193 1847 1263 intraverit,
1880 1206 2041 1282 egre-

337 1279 876 1374 dieturopportuno
897 1279 1154 1368 tempore
1176 1295 1340 1364 pater
1355 1289 1502 1359 ejus,
1525 1291 1591 1342 ut
1620 1288 1676 1340 et
1702 1283 1830 1354 jam
1861 1279 2044 1337 omnis

338 1395 512 1453 Israel
544 1393 741 1449 salvus
771 1392 909 1446 fiat:
946 1388 1037 1443 cui
1077 1402 1144 1442 ex
1195 1387 1356 1456 parte
1395 1378 1622 1436 caecitas
1654 1376 1804 1430 facta
1833 1377 1926 1429 est
1951 1387 2044 1428 ve-

334 1487 422 1542 lut
470 1482 733 1541 absentia
790 1481 848 1535 in
907 1493 1065 1549 agro,
1101 1476 1283 1530 donec
1314 1468 1611 1542 plenitudo
1655 1465 1760 1520 filii
1802 1462 2042 1519 minoris

339 1577 507 1648 longe
532 1574 590 1629 in
623 1569 952 1630 idololatria
968 1566 1239 1625 Gentium
1266 1559 1564 1620 constituti
1586 1558 1769 1613 redux
1791 1555 1860 1648 ad
1884 1570 2045 1648 man-

336 1646 668 1723 ducandum
698 1661 947 1719 vitulum
980 1660 1221 1715 intraret
1254 1657 1423 1724 (Rom.
1455 1669 1531 1717 xl,
1573 1649 1684 1722 25).
1719 1647 1840 1704 Erit
1886 1646 2044 1703 enim

335 1757 690 1829 quandoque
752 1755 953 1825 aperta
1013 1747 1235 1804 vocatio
1289 1744 1622 1801 Judasorum
1678 1739 1739 1829 in
1797 1736 2043 1793 salutem

335 1828 652 1920 Evangelii.
697 1847 880 1910 Quam
931 1835 1455 1896 manifestationcm
1511 1828 1855 1898 vocationis,
1913 1831 2045 1920 tan-

333 1953 508 2008 quam
551 1949 850 2006 egressum
910 1929 1089 2003 patris
1123 1925 1372 2001 appellat
1401 1922 1472 1980 ad
1514 1920 1832 1992 rogandum
1867 1919 2047 1989 majo-

346 2043 466 2084 rem
500 2025 709 2080 ﬁlium.

410 2115 626 2171 Deinde
648 2129 772 2184 quas
803 2111 1112 2182 respondet
1134 2109 1286 2164 idem
1313 2108 1494 2178 major
1518 2107 1695 2174 filius,
1716 2107 1862 2160 duas
1890 2120 2047 2173 quae-

338 2205 559 2262 stiones
590 2203 808 2258 habent
843 2217 854 2254 :
879 2199 1168 2271 quomodo
1191 2195 1455 2252 videlicet
1477 2195 1795 2266 accipiatur
1826 2193 1922 2248 ille
1944 2209 2045 2264 po-

341 2295 517 2368 pulus
549 2307 853 2362 nunquam
877 2289 1222 2344 mandatum
1253 2285 1354 2340 Dei
1377 2284 1722 2355 prmteriisse
1745 2304 1758 2351 ;
1784 2287 1841 2338 et
1871 2298 2044 2354 quem

339 2387 496 2441 dicat
527 2382 756 2438 haedum
785 2393 961 2450 quem
994 2391 1294 2446 nunquam
1319 2373 1558 2445 accepit,
1594 2376 1660 2428 ut
1679 2387 1813 2429 eum
1841 2373 2046 2428 amicis

333 2474 456 2530 suis
504 2470 860 2542 epularetur.
904 2466 1016 2522 Sed
1055 2465 1127 2520 de
1167 2463 1442 2518 mandato
1493 2477 1606 2518 non
1639 2465 2043 2533 praetergresso

335 2561 503 2618 facile
545 2560 686 2615 illud
718 2556 990 2621 occurrit,
1015 2570 1201 2626 neque
1235 2554 1305 2609 de
1335 2552 1494 2607 omni
1527 2552 1799 2607 mandato
1821 2551 2043 2608 dictum

335 2667 484 2716 esse,
522 2649 623 2705 sed
672 2649 741 2701 de
793 2662 907 2701 uno
955 2643 1206 2699 maxime
1260 2640 1608 2708 necessario,
1653 2657 1766 2712 quo
1815 2641 2042 2695 nullum

342 2746 519 2794 Deum
554 2737 734 2792 alium
767 2739 972 2807 praeter
994 2749 1175 2788 unum
1208 2731 1534 2787 Creatorem
1566 2731 1827 2786 omnium
1859 2729 2045 2786 colere

327 2833 540 2901 jussus
589 2832 674 2882 est
723 2824 911 2894 (Exod.
964 2841 1055 2890 xx,
1081 2822 1134 2893 3)
1165 2839 1177 2876 :
1214 2837 1396 2891 neque
1429 2821 1539 2876 iste
1570 2821 1725 2876 filius
1767 2822 1825 2877 in
1857 2821 2048 2877 omni-

339 2923 446 2975 bus
477 2915 770 2981 lsraelitis,
797 2915 895 2970 sed
921 2913 980 2968 in
1005 2912 1096 2966 his
1120 2910 1464 2981 intelligitur
1487 2910 1695 2966 habere
1715 2927 2046 2982 personam,

335 3010 434 3081 qui
468 3022 771 3078 nunquam
802 3004 873 3059 ab
895 3019 1007 3059 uno
1028 3002 1141 3058 Deo
1168 3001 1235 3056 ad
1259 2999 1576 3056 simulacra
1599 3001 1860 3057 conversi
1884 3007 2043 3059 sunt.

337 3100 678 3168 Quanquam
713 3093 869 3149 enim
912 3096 1190 3162 tanquam
1224 3089 1281 3144 in
1322 3105 1456 3160 agro
1490 3089 1717 3160 positus
1749 3090 1860 3147 iste
1891 3091 2048 3148 filius

337 3195 563 3243 terrena
610 3183 986 3247 desideraret,
1027 3179 1099 3236 ab
1148 3195 1266 3234 uno
1315 3181 1506 3233 tamen
1539 3177 1654 3234 Deo
1684 3177 1799 3234 ista
1828 3179 2048 3236 deside—

342 3277 507 3332 rabat
537 3275 711 3342 bona,
737 3271 998 3344 quamvis
1021 3268 1352 3328 communia
1374 3283 1504 3324 cum
1531 3267 1853 3337 pecoribus.
1887 3269 2047 3326 Unde

345 3367 404 3422 in
438 3364 663 3421 Psalmo
695 3380 762 3419 ex
807 3377 1050 3434 persona
1079 3360 1417 3429 Synagogte,
1452 3357 1605 3430 quod
1639 3357 2048 3430 interpretatur

340 3455 559 3528 Asaph,
593 3452 996 3510 convenienter
1044 3448 1326 3519 accipitur
1382 3446 1623 3516 dictum,
1671 3449 1839 3516 Quasi
1888 3466 2049 3522 pecus

331 3550 509 3620 factus
556 3563 675 3602 sum
729 3545 798 3600 ad
846 3551 914 3611 te,
967 3551 1020 3597 et
1051 3557 1145 3612 ego
1193 3555 1405 3611 semper
1435 3547 1610 3594 tecum
1650 3539 1821 3610 (Psat.
1873 3557 2047 3608 Lxxu,

328 3640 450 3710 33).
484 3637 643 3702 Quod
667 3635 840 3692 etiam
884 3631 1065 3704 patris
1111 3630 1293 3702 ipsius
1341 3628 1675 3684 testimonio
1707 3631 2049 3702 comproba-

335 3733 451 3787 tur,
487 3743 621 3782 cum
655 3726 820 3794 dicit,
857 3725 930 3778 Tu
960 3738 1168 3778 mecum
1199 3737 1252 3776 es
1283 3735 1512 3792 semper.
1543 3717 1667 3774 Non
1700 3719 1855 3775 enim
1879 3721 2047 3791 quasi

333 3816 712 3872 mentientem
736 3812 1054 3882 redarguit,
1076 3809 1177 3866 sed
1200 3824 1397 3864 secum
1417 3807 1901 3877 perseverantiam
1919 3812 2045 3881 ejus

334 3905 691 3976 approbans,
729 3904 800 3959 ad
851 3899 1301 3972 perfructionem
1345 3898 1584 3970 potioris
1633 3904 1805 3969 atque
1829 3902 2044 3972 jucun.

339 3997 518 4053 dioris
549 3993 956 4051 exsultationis
988 3992 1214 4046 invitat.

407 4087 546 4150 Quis
603 4088 693 4140 est
741 4098 878 4154 ergo
932 4082 1129 4136 haedus
1169 4095 1342 4151 quem
1385 4094 1688 4149 nunquam
1721 4077 1940 4149 accepit
1970 4079 2040 4133 ad

337 4174 696 4248 epulandum
730 4172 758 4227 ?
800 4173 1070 4226 Peccator
1111 4169 1358 4238 profecto
1394 4166 1538 4222 haedi
1565 4165 1797 4222 nomine
1820 4166 2046 4236 signifi-

333 4265 449 4322 cari
483 4263 648 4322 solet.
683 4263 792 4318 Sed
824 4259 975 4316 absit
1007 4262 1069 4314 ut
1098 4256 1517 4313 Antichristum
1560 4253 1898 4326 intelligam.
1921 4254 2045 4310 Non

333 4358 492 4415 enim
519 4356 739 4413 exitum
760 4351 989 4408 invenio
1008 4351 1255 4420 hujusce
1278 4347 1595 4407 sententiast
1626 4346 1872 4402 Multum
1889 4345 2044 4402 enim

335 4447 658 4504 absurdum
673 4446 782 4504 est,
802 4441 1038 4498 eumcui
1054 4438 1286 4509 dicitur,
1306 4439 1379 4493 Tu
1400 4452 1608 4492 mecum
1625 4451 1915 4508 essemper,
1937 4435 2045 4493 hoc

336 4555 368 4593 a
393 4540 555 4608 patre
575 4537 827 4606 optasse,
848 4535 911 4587 ut
926 4528 1282 4586 Antichristo
1301 4527 1576 4584 crederet.
1597 4525 1792 4597 Neque
1808 4526 2046 4582 omnino

333 4627 394 4681 in
453 4625 537 4680 eis
591 4623 947 4688 Iudaeorum,
998 4619 1098 4692 qui
1154 4615 1517 4673 Antichristo
1559 4615 1838 4672 credituri
1888 4619 2046 4683 sunt,

335 4715 514 4770 istum
570 4711 757 4767 filium
800 4711 885 4766 fas
923 4713 1011 4765 est
1051 4706 1319 4779 intelligi.
1353 4705 1650 4771 Quomodo
1681 4708 1872 4760 autem
1908 4721 2049 4776 epu-

334 4805 556 4859 laretur
607 4818 674 4857 ex
714 4799 812 4855 illo
854 4799 1032 4864 haedo,
1076 4797 1122 4852 si
1163 4797 1282 4866 ipse
1315 4802 1469 4851 esset
1498 4794 1913 4861 Antichristus,
1948 4793 2049 4864 qui

337 4895 385 4951 ei
414 4911 526 4950 non
561 4893 874 4948 crederet?
902 4892 1014 4945 Aut
1046 4888 1092 4943 si
1128 4887 1234 4943 hoc
1266 4893 1351 4942 est
1383 4885 1606 4956 epulari
1637 4901 1704 4940 ex
1727 4884 1873 4939 haedi
1905 4886 2051 4941 occi-

339 4987 524 5052 sione,
561 4982 716 5055 quod
750 4985 839 5035 est
867 4981 936 5035 de
967 4976 1301 5033 Antichristi
1336 4976 1653 5047 perditione
1684 4974 2046 5045 lentari,quo-

339 5077 506 5132 modo
567 5073 708 5129 dicit
766 5070 924 5126 filius
978 5083 1152 5140 quem
1207 5065 1427 5137 recepit
1459 5073 1618 5135 pater
1647 5065 1756 5120 hoc
1787 5064 1899 5119 sibi
1931 5081 2047 5120 non

337 5166 520 5220 fuisse
543 5177 907 5230 concessum,
951 5174 1080 5216 cum
1119 5171 1318 5213 omnes
1363 5154 1465 5209 filii
1519 5155 1620 5211 Dei
1658 5155 1726 5210 de
1757 5153 1915 5210 illius
1945 5155 2048 5209 ad-

337 5253 580 5308 versarii
634 5251 1009 5309 damnatione
1066 5245 1315 5304 lmtaturi
1374 5245 1540 5300 sint?
1579 5244 1869 5300 Nimirum
1911 5260 2046 5316 ergo

341 5343 521 5414 (quod
579 5343 638 5397 in
697 5359 754 5398 re
785 5339 1202 5398 obscurissima
1241 5336 1364 5393 sine
1413 5335 1747 5407 pra'judicio
1797 5334 2045 5406 diligen-

336 5431 501 5486 tioris
552 5429 943 5501 inquisitionis
1002 5429 1266 5497 dixerim)
1309 5426 1501 5498 ipsum
1563 5425 1876 5480 Dominum
1935 5422 2047 5478 sibi

341 5527 614 5592 negatum
649 5520 716 5573 ad
733 5517 1084 5589 epulandum
1105 5516 1495 5588 conqueritur,
1519 5516 1657 5572 dum
1684 5531 1817 5570 eum
1853 5530 2050 5585 pecca-

341 5614 530 5668 torem
563 5611 744 5680 putat.
780 5607 924 5663 Cum
967 5607 1124 5663 enim
1177 5607 1378 5663 haedus
1409 5610 1497 5662 est
1527 5605 1611 5660 illi
1642 5603 1816 5675 genti,
1850 5603 1908 5659 id
1941 5607 2050 5675 est,

1195 247 1734 325 QU/ESTIONUM
1781 244 2430 318 EVANGELIORUM,
2477 249 2539 308 S.
2588 251 3022 316 AUGUSTINI

3713 263 3865 322 1348

2160 393 2290 433 cum
2331 394 2465 436 eum
2498 382 2720 440 sabbati
2758 385 3088 443 violatorem
3125 391 3182 443 et
3224 389 3654 460 profanatorem
3700 394 3865 465 Legis

2159 466 2795 541 existimat,jucundari
2827 475 3012 547 epulis
3037 477 3164 546 ejus
3196 494 3309 534 non
3336 480 3583 537 meruit:
3621 486 3684 537 ut
3714 484 3866 554 quod

2159 556 2258 623 ait,
2290 559 2579 632 Nunquam
2615 565 2810 620 dedisti
2833 568 2972 623 mihi
3001 567 3233 635 haedum,
3260 578 3318 624 ut
3351 585 3476 626 cum
3506 575 3702 628 amicis
3731 578 3866 630 meis

2155 647 2452 715 epularer;
2484 651 2598 708 tale
2630 653 2704 708 sit
2733 671 2797 710 ac
2820 655 2892 710 sit
2917 657 3153 726 diceret,
3187 675 3320 714 eum
3353 660 3447 730 qui
3481 662 3627 716 mihi
3661 662 3864 719 haedus

2154 734 2474 807 videbatur,
2506 757 2803 814 nunquam
2847 745 3058 801 dedisti
3103 747 3247 802 mihi
3283 749 3352 804 ad
3385 750 3765 822 epulandum,
3799 769 3864 822 eo

2153 821 2444 894 ipsomibi
2476 828 2638 886 illum
2665 831 2859 903 ipsum
2893 849 3007 890 non
3053 837 3395 905 concedens,
3430 854 3540 909 quo
3573 839 3714 896 mihi
3746 841 3864 896 ha:-

2153 912 2262 969 dus
2309 915 2630 975 videbatur.
2689 924 2847 988 Quod
2907 928 3104 980 autem
3137 926 3300 994 dicit,
3331 944 3455 983 cum
3483 931 3678 985 amici:
3707 933 3864 1002 meis,

2154 1008 2338 1060 autex
2368 1023 2618 1078 persona
2648 1012 2983 1085 principum
3015 1031 3145 1071 cum
3167 1015 3334 1087 plebe
3365 1017 3733 1090 intelligitur,
3766 1029 3864 1078 aut

2153 1110 2222 1150 ex
2252 1111 2498 1167 persona
2558 1103 2757 1173 populi
2805 1105 3274 1178 Jerosolymitani
3319 1123 3452 1163 cum
3505 1110 3723 1167 caeteris
3763 1129 3863 1182 po—

2153 1185 2502 1255 pulisJuda.
2537 1189 2869 1250 Meretrices
2901 1203 3092 1252 autem
3134 1212 3263 1253 cum
3298 1198 3514 1269 quibus
3543 1200 3862 1272 dissipasse

2155 1275 2543 1336 substantiam
2602 1299 2771 1339 suam
2816 1284 2973 1341 filius
3005 1286 3202 1357 junior
3232 1293 3538 1344 accusatus
3569 1294 3677 1357 est,
3712 1296 3862 1348 recte

2152 1363 2562 1439 intelliguntur
2591 1374 3052 1445 superstitiones,
3087 1375 3282 1433 relicto
3315 1393 3429 1434 uno
3461 1380 3749 1436 connubio
3783 1381 3862 1436 le-

2154 1455 2356 1526 gitimo
2387 1459 2543 1514 verbi
2568 1461 2687 1532 Dei,
2729 1480 2862 1520 cum
2915 1465 3079 1520 turba
3109 1468 3521 1523 demoniorum
3546 1470 3862 1541 cupiditate

2155 1546 2496 1616 turpissima
2523 1550 2813 1609 fornicari.

2225 1647 2372 1711 Quid
2406 1649 2614 1706 deinde
2636 1652 2748 1708 sibi
2797 1655 2921 1710 vult
2971 1657 3127 1728 quod
3159 1674 3292 1714 cum
3324 1663 3487 1730 pater
3517 1659 3752 1727 diceret,
3790 1663 3860 1716 Tu

2153 1754 2364 1794 mecum
2419 1757 2474 1797 es
2525 1759 2758 1816 semper,
2793 1747 2948 1818 quod
2986 1748 3113 1818 jam
3138 1753 3447 1807 tractatum
3470 1755 3578 1818 est,
3612 1752 3859 1821 addidit,

2153 1828 2219 1882 Et
2245 1831 2430 1884 omnia
2460 1849 2579 1887 mea
2616 1837 2709 1889 tua
2739 1845 2864 1891 sunt
2895 1840 2918 1889 .9
2958 1837 3080 1901 Qua
3112 1839 3170 1895 in
3221 1853 3280 1894 re
3325 1841 3510 1910 primo
3541 1842 3859 1897 cavendum

2154 1922 2241 1973 est
2271 1934 2342 1974 ne
2364 1919 2653 1993 intelligas
2677 1924 2757 1979 ita
2779 1925 3022 1993 dictum,
3047 1930 3228 1982 omnia
3252 1943 3370 1982 mea
3394 1936 3490 1984 tua
3518 1937 3670 1997 sunt,
3694 1933 3861 2001 quasi

2155 2025 2268 2064 non
2303 2009 2418 2064 sint
2447 2015 2502 2065 et
2533 2010 2751 2081 fratris,
2777 2018 2841 2068 ut
2868 2017 3146 2086 tanquam
3179 2018 3236 2072 in
3257 2022 3484 2073 terrena
3503 2018 3860 2091 haereditate,

2156 2097 2394 2167 patiaris
2424 2101 2750 2172 angustias,
2771 2106 3060 2174 quomodo
3083 2106 3659 2177 possintomniaesse
3683 2110 3860 2180 majo-

2155 2187 2258 2255 ris,
2289 2188 2339 2242 si
2372 2188 2539 2245 habet
2570 2190 2646 2246 ibi
2671 2192 2844 2250 etiam
2869 2195 3070 2265 junior
3113 2201 3332 2268 partem
3368 2212 3555 2254 suam.
3586 2199 3678 2254 Sic
3699 2200 3852 2254 enim

2156 2294 2189 2332 a
2220 2279 2492 2349 perfectis
2523 2286 2578 2337 et
2611 2286 2993 2357 perpurgatis,
3028 2302 3094 2344 ac
3119 2288 3240 2358 jam
3268 2289 3696 2346 immortalibus
3720 2290 3857 2348 filiis

2156 2368 2448 2426 habentur
2467 2373 2683 2440 omnia,
2717 2379 2779 2430 ut
2808 2376 2926 2430 sint
2945 2379 3000 2431 et
3019 2377 3281 2433 omnium
3313 2377 3565 2450 singula,
3593 2380 3858 2436 etomnia

2156 2459 2536 2530 singulorum.
2565 2461 2634 2517 Ut
2656 2463 2808 2518 enim
2829 2465 3120 2536 cupiditas
3144 2466 3288 2522 nihil
3318 2467 3444 2523 sine
3463 2469 3756 2540 angustia,
3781 2469 3858 2524 ita

2155 2549 2299 2604 nihil
2316 2565 2444 2606 cum
2459 2553 2730 2624 angustia
2744 2553 2996 2611 charitas
3015 2559 3188 2612 tenet.
3205 2557 3309 2612 Sed
3327 2559 3619 2629 quomodo
3633 2558 3861 2614 omnia?

2153 2639 2302 2696 Num
2352 2647 2409 2699 et
2459 2643 2732 2713 Angelos,
2765 2643 2844 2700 ait
2886 2644 3123 2717 aliquis,
3156 2651 3211 2702 et
3270 2647 3521 2705 Virtutes
3568 2649 3856 2705 sublimes

2155 2746 2220 2786 ac
2251 2734 2596 2804 Potestates,
2628 2741 2798 2806 atque
2822 2735 3087 2792 universa
3118 2735 3373 2793 ccelestia
3399 2737 3498 2794 Dei
3532 2738 3856 2794 ministeria

2155 2821 2308 2878 Deus
2340 2824 2396 2878 in
2439 2824 2869 2893 possessionem
2928 2824 3028 2880 tali
3069 2825 3187 2881 filio
3219 2826 3542 2898 subjecisse
3563 2828 3855 2899 putandus

2155 2909 2292 2966 est?
2322 2909 2376 2964 Si
2427 2911 2856 2982 possessionem
2889 2913 2972 2968 sic
3012 2913 3283 2985 accipias,
3317 2919 3380 2970 ut
3401 2916 3524 2986 ejus
3554 2931 3856 2986 possessor

2154 2997 2280 3070 ipse
2311 2998 2672 3056 sitdominus
2689 3018 2702 3068 ;
2720 3017 2836 3057 non
2860 3003 3060 3075 utique
3078 3005 3291 3060 omnia.
3314 3004 3438 3060 Non
3453 3004 3609 3060 enim
3631 3005 3856 3060 domini

2156 3093 2347 3158 erunt,
2399 3091 2500 3146 sed
2537 3095 2831 3147 consortes
2881 3093 3073 3163 potius
3115 3093 3489 3165 Angelorum,
3532 3094 3601 3150 de
3640 3094 3856 3166 quibus

2155 3179 2375 3235 dictum
2429 3184 2539 3250 est,
2573 3181 2744 3236 Erunt
2802 3183 3034 3253 aequales
3081 3183 3298 3252 Angelis
3329 3184 3427 3240 Dei
3463 3183 3684 3255 (Matth.
3717 3199 3854 3251 xxii,

2155 3270 2268 3338 30).
2300 3271 2400 3325 Sin
2457 3286 2593 3326 vero
2638 3271 2930 3342 possessio
2986 3273 3070 3328 sio
3136 3273 3500 3344 intelligitur,
3561 3275 3855 3347 quomodo

2157 3368 2307 3415 recte
2337 3359 2590 3416 dicimus
2621 3361 2915 3432 possidere
2936 3363 3164 3419 animas
3193 3363 3486 3421 veritatem
3527 3382 3673 3434 ;non
3704 3365 3857 3422 inve-

2157 3449 2253 3505 nio
2285 3467 2390 3505 cur
2419 3466 2533 3505 non
2556 3466 2688 3506 vere
2717 3467 2784 3508 ac
2815 3452 3046 3524 proprie
3066 3452 3321 3524 accipere
3345 3454 3638 3524 possimus
3659 3456 3859 3512 omnia

2157 3555 2284 3611 qua
2318 3539 2474 3596 dicta
2501 3545 2639 3596 sunt
2670 3542 2885 3597 omnia.
2920 3541 3044 3598 Non
3076 3542 3395 3599 enimillud
3425 3544 3507 3600 ita
3536 3544 3854 3616 loquimur,

2157 3633 2222 3685 ut
2251 3628 2518 3685 dominas
2550 3629 2808 3686 veritatis
2865 3629 3129 3688 dicamus
3186 3632 3435 3700 animas,
3471 3649 3644 3705 quam
3672 3635 3744 3691 ab
3774 3635 3856 3690 eis

2155 3719 2405 3775 dicimus
2447 3719 2753 3790 possideri.
2809 3721 2922 3774 Aut
2980 3720 3028 3775 si
3089 3721 3323 3776 nomine
3363 3725 3751 3793 possessionis
3782 3726 3852 3780 ad

2156 3809 2315 3864 hunc
2346 3825 2586 3865 sensum
2613 3809 2986 3880 impedimur,
3012 3809 3067 3865 id
3107 3828 3340 3882 quoque
3371 3813 3685 3870 auferatur.
3728 3815 3854 3870 Non

2151 3898 2308 3954 enim
2357 3898 2437 3952 ait
2495 3901 2677 3968 pater,
2723 3897 2932 3952 Omnia
2989 3899 3046 3953 in
3090 3899 3520 3968 possessionem
3553 3902 3654 3956 tibi
3689 3903 3855 3970 dabo,

2149 3990 2290 4055 sive,
2325 3987 2537 4042 Omnia
2561 4004 2689 4043 mea
2708 3988 2962 4060 possides
2993 3987 3080 4043 vel
3113 3989 3477 4062 possidehis;
3521 3993 3857 4059 sed,0mnia

2145 4093 2264 4132 mea
2295 4081 2544 4134 tuasunt.
2577 4076 2690 4131 Nec
2728 4080 2916 4134 tamen
2957 4077 3034 4133 ita
3082 4087 3218 4133 sunt
3256 4080 3401 4150 ejus,
3436 4085 3499 4134 ut
3526 4078 3712 4152 ipsius
3734 4080 3856 4136 Dei.

2153 4167 2315 4233 Quod
2347 4167 2503 4221 enim
2534 4169 2622 4222 est
2645 4165 2706 4221 in
2740 4170 2934 4222 nostra
2979 4168 3244 4240 pecunia,
3279 4174 3472 4241 potest
3503 4170 3728 4226 familia
3760 4187 3858 4226 no-

2152 4259 2284 4311 strae
2323 4255 2406 4312 vel
2439 4254 2924 4312 alimentumesse
2949 4256 3036 4311 vel
3059 4263 3492 4325 ornamentum,
3516 4259 3603 4313 vel
3635 4258 3854 4329 aliquid

2152 4345 2512 4417 hujusmodi.
2549 4347 2611 4401 Et
2668 4350 2820 4400 certe
2877 4361 3008 4400 cum
3064 4345 3256 4417 ipsum
3300 4351 3520 4417 patrem
3562 4353 3714 4404 recte
3764 4348 3859 4404 ille

2155 4439 2346 4505 posset
2378 4451 2551 4490 suum
2585 4433 2795 4502 dicere,
2819 4450 2933 4489 non
2965 4433 3126 4489 video
3150 4451 3272 4506 qua:
3325 4435 3512 4506 ipsius
3570 4441 3725 4492 recte
3756 4453 3862 4492 sua

2153 4541 2352 4580 vocare
2375 4541 2492 4580 non
2512 4524 2710 4596 possit,
2735 4524 2980 4580 diversis
2999 4525 3280 4580 duntaxat
3303 4526 3511 4581 modis.
3536 4526 3680 4581 Cum
3706 4525 3856 4580 enim

2154 4615 2489 4671 beatitatem
2541 4614 2700 4671 illam
2751 4614 3203 4683 obtinuerimus,
3234 4624 3429 4672 nostra
3470 4620 3641 4671 erunt
3683 4617 3754 4671 ad
3787 4615 3862 4670 vi-

2154 4706 2411 4760 dendum
2456 4705 2776 4776 superiora,
2829 4709 3028 4761 nostra
3067 4709 3240 4761 erunt
3300 4707 3370 4762 ad
3434 4707 3858 4763 convivendum

2154 4794 2420 4867 aequalia,
2447 4799 2648 4851 nostra
2670 4799 2841 4850 erunt
2865 4795 2932 4850 ad
2961 4794 3376 4850 dominandum
3403 4795 3695 4851 inferiora.
3722 4799 3862 4854 Con-

2153 4885 2406 4956 gaudeat
2445 4899 2580 4956 ergo
2623 4884 3027 4939 securissimus
3073 4885 3257 4954 major
3289 4887 3482 4952 frater,
3516 4886 3862 4956 quiajunior

2155 4975 2330 5031 frater
2357 4977 2601 5029 mortuus
2635 4984 2774 5044 erat,
2792 4983 2841 5029 et
2865 4975 3106 5035 revixit;
3126 4976 3392 5045 perierat,
3417 4980 3466 5031 et
3491 4977 3855 5032 inventusest.

2224 5063 2437 5119 XXXIV
2469 5063 2574 5137 [1b.
2604 5081 2717 5130 xvr,
2754 5065 2896 5135 l-9.]
2929 5064 2988 5118 ln
3011 5064 3206 5122 villico
3242 5081 3414 5138 quem
3441 5065 3719 5121 Dominus
3751 5064 3859 5134 eji—

2156 5153 2342 5209 cicbat
2373 5155 2442 5208 de
2472 5152 2746 5218 villicatu,
2782 5157 2838 5208 et
2877 5154 3134 5210 laudavit
3163 5171 3296 5212 eum
3329 5156 3479 5227 quod
3517 5155 3572 5210 in
3595 5156 3858 5210 futurum

2156 5243 2268 5298 sibi
2300 5242 2685 5314 prospexerit,
2717 5259 2832 5298 non
2861 5243 3059 5300 omnia
3095 5245 3370 5301 debemus
3403 5245 3473 5300 ad
3506 5245 3859 5301 imitandum

2159 5349 2405 5390 sumere.
2434 5331 2554 5389 Non
2587 5331 2742 5388 enim
2773 5336 2873 5388 aut
2904 5332 3150 5390 Domino
3178 5343 3374 5390 nostro
3398 5335 3662 5390 facienda
3692 5339 3780 5391 est
3803 5335 3860 5391 in

2161 5423 2353 5494 aliquo
2384 5424 2640 5496 lraus,ut
2663 5423 2729 5478 de
2763 5424 2889 5496 ipsa
2917 5425 3115 5481 fraude
3140 5425 3534 5497 eleemosynas
3555 5426 3856 5489 faciamus,

2161 5518 2259 5569 aut
2313 5529 2410 5568 eos
2459 5531 2490 5567 a
2556 5513 2773 5585 quibus
2818 5515 2992 5586 recipi
3028 5515 3297 5570 volumus
3363 5516 3421 5570 in
3490 5515 3863 5572 tabernacula

2161 5604 2394 5671 eterna,
2419 5606 2697 5674 tanquam
2732 5603 3019 5661 debitores
3068 5601 3168 5659 Dei
3200 5607 3256 5660 et
3293 5603 3522 5660 Domini
3555 5603 3736 5660 nostri
3775 5603 3861 5660 fas
