4164 6192
201 233 367 296 1349

212 380 297 427 est
329 367 568 440 intelligi
590 364 910 435 ;cumjusti
935 367 989 419 et
1015 362 1202 418 sancti
1222 360 1617 433 significentur
1646 358 1756 414 hoc
1774 356 1920 424 loco,

212 461 308 532 qui
336 476 431 516 eos
462 458 839 513 introducant
871 455 926 508 in
951 453 1329 509 tabernacula
1351 456 1585 519 aeterna,
1608 449 1707 521 qui
1732 464 1926 503 neces-

210 549 483 608 sitatibus
516 550 646 603 suis
678 552 904 602 terrena
921 546 1074 600 bona
1096 541 1680 606 communicaverint;
1713 541 1783 594 de
1801 538 1924 610 qui-

206 644 311 698 bus
346 639 528 695 etiam
564 637 727 703 dicit,
787 636 942 706 quod
975 634 1021 690 si
1063 634 1190 705 quis
1232 632 1401 689 alicui
1447 647 1650 688 eorum
1683 629 1921 687 calicem

202 750 369 805 aqua:
403 731 627 800 frigida:
658 726 874 783 dederit
896 730 1129 781 tantum
1154 726 1211 781 in
1237 724 1473 780 nomine
1493 720 1785 794 discipuli,
1808 737 1921 775 non

200 822 409 893 perdet
463 818 792 874 mercedem
846 832 1015 871 suam
1048 814 1257 886 (Matth.
1293 832 1349 880 x,
1380 814 1469 885 42)
1504 829 1517 868 :
1554 812 1655 867 sed
1688 812 1861 867 etiam
1895 825 1924 864 e

205 909 509 966 contrario
532 906 962 963 ducunturistae
983 904 1422 971 similitudines,
1445 907 1506 957 ut
1527 901 1925 972 intelligamus

209 1000 261 1056 si
295 999 525 1055 laudari
561 997 748 1068 potuit
780 995 874 1051 ille
906 1012 939 1049 a
982 995 1220 1050 Domino
1243 994 1342 1066 qui
1375 993 1635 1048 lraudem
1661 990 1926 1058 faciebat,

210 1093 440 1160 quanto
473 1085 721 1158 amplius
753 1085 1023 1157 placeant
1044 1084 1289 1140 Domino
1320 1083 1457 1148 Deo,
1482 1083 1580 1153 qui
1606 1080 1927 1136 secundum

209 1182 345 1250 ejus
380 1183 735 1250 praeceptum
777 1177 878 1232 illa
907 1192 1077 1247 epera
1111 1175 1356 1243 faciunt;
1391 1172 1814 1229 sicutetiamde
1846 1172 1931 1240 iu-

212 1271 347 1326 dice
380 1266 709 1339 iniquitatis
730 1266 829 1338 qui
852 1264 1328 1335 interpellabatur
1350 1282 1382 1319 a
1408 1264 1604 1331 vidua,
1629 1277 1934 1333 compara-

211 1362 443 1416 tionem
479 1357 640 1412 duxit
674 1356 745 1411 ad
769 1357 1030 1426 judicem
1055 1355 1258 1421 Deum,
1282 1354 1375 1410 cui
1404 1352 1566 1409 nulla
1588 1369 1653 1407 ex
1676 1351 1937 1422 parteth-

213 1452 324 1505 dex
358 1448 609 1519 iniquus
658 1447 1044 1503 conferendas
1084 1450 1171 1501 est
1219 1446 1369 1516 (Luc.
1418 1462 1576 1509 XVIII,
1602 1444 1736 1512 2-8).
1772 1442 1935 1505 Quod

224 1544 425 1595 autem
461 1538 532 1593 de
562 1542 796 1594 centum
820 1536 980 1592 cadis
1001 1535 1133 1601 olei,
1156 1533 1584 1607 quinquaginta
1606 1531 1783 1588 scribi
1810 1530 1940 1586 fecit

225 1648 258 1686 a
289 1629 555 1684 debitore
589 1648 603 1695 ;
638 1632 693 1683 et
724 1627 793 1682 de
825 1631 1055 1683 centum
1089 1626 1241 1682 coris
1273 1624 1470 1693 tritici,
1516 1624 1843 1696 octoginta;
1869 1622 1938 1676 ad

228 1718 376 1773 nihil
409 1716 575 1773 aliud
608 1716 796 1771 valere
815 1716 1083 1781 arbitror,
1107 1714 1218 1770 nisi
1244 1720 1303 1769 ut
1326 1730 1392 1769 ea
1416 1730 1543 1785 quae
1568 1711 1842 1768 similiter
1865 1713 1942 1764 at-

229 1824 342 1881 que
375 1806 434 1861 in
463 1806 694 1861 Levitas
714 1804 920 1873 Judaei,
946 1803 1195 1876 quisque
1243 1802 1592 1875 operaturin
1607 1801 1813 1856 Christi
1838 1801 1939 1854 Ec-

224 1897 470 1953 clesiam
507 1900 547 1963 ι,
582 1894 1093 1964 abundetjustitia
1132 1895 1257 1963 ejus
1307 1909 1483 1964 super
1529 1891 1856 1947 Scribarum
1889 1893 1945 1945 et

226 1987 661 2042 Pharisaeorum
695 1984 917 2055 (Matth.
952 2002 1007 2051 v,
1040 1984 1155 2053 20),
1190 1987 1253 2038 ut
1283 2000 1415 2037 cum
1440 1982 1522 2037 illi
1555 1982 1808 2037 decimas
1838 1981 1942 2035 da-

231 2081 381 2143 rent,
414 2073 516 2129 isti
539 2073 816 2127 dimidias
841 2076 978 2127 dent
1012 2090 1022 2125 :
1054 2072 1205 2127 sicut
1250 2088 1362 2125 non
1414 2071 1482 2125 de
1515 2070 1821 2136 fructibus,
1846 2069 1945 2124 sed

233 2166 300 2219 de
325 2163 477 2235 ipsis
502 2162 675 2217 bonis
698 2162 818 2217 suis
845 2162 978 2216 fecit
1016 2161 1321 2215 Zaccbaeus
1355 2162 1504 2231 (Luc.
1541 2176 1658 2227 XIX,
1708 2161 1797 2226 8);
1847 2162 1947 2212 aut

237 2258 389 2311 certe
413 2252 677 2323 duplicet
706 2252 1014 2317 decimam,
1050 2254 1115 2305 ut
1146 2250 1286 2305 duas
1317 2251 1571 2305 decimas
1612 2249 1805 2304 dando
1852 2263 1947 2303 su-

236 2346 406 2415 peret
424 2341 721 2411 impendia
742 2340 1094 2396 Judarorum.
1119 2340 1447 2396 Mammona
1469 2356 1601 2395 vero
1624 2338 1950 2411 iniquitatis

233 2434 307 2490 ob
345 2433 459 2488 hoc
496 2448 529 2485 a
570 2430 810 2486 Domino
861 2429 1151 2502 appellata
1200 2434 1284 2485 est
1316 2430 1423 2484 ista
1473 2429 1739 2500 pecunia,
1772 2444 1949 2499 quam

235 2522 615 2595 possidemus
636 2521 706 2575 ad
732 2524 979 2591 tempus,
1002 2519 1141 2591 quia
1163 2520 1497 2575 Mammona
1529 2518 1742 2574 divitiae
1774 2519 1954 2574 inter—

236 2614 575 2683 pretantur,
611 2625 714 2665 nec
747 2613 887 2664 sunt
917 2608 1041 2664 ista:
1074 2608 1283 2664 divitiae
1326 2607 1440 2663 nisi
1478 2608 1721 2680 iniquis,
1755 2609 1853 2679 qui
1896 2608 1953 2662 in

240 2702 327 2758 eis
354 2700 716 2756 constituunt
741 2715 905 2769 spem
933 2708 1104 2771 atque
1136 2700 1359 2771 copiam
1384 2698 1759 2755 beatitudinis
1789 2716 1906 2755 sua:
1940 2718 1953 2756 :

244 2810 277 2847 a
306 2791 491 2861 justis
525 2806 652 2845 vero
686 2806 818 2844 cum
850 2789 971 2843 base
1014 2790 1411 2860 possidentur,
1445 2795 1531 2844 est
1572 2790 1804 2861 quidem
1847 2792 1961 2847 ista

246 2881 524 2950 pecunia,
559 2880 657 2933 sed
692 2896 806 2934 non
840 2884 981 2934 sunt
1012 2879 1128 2934 illis
1173 2879 1383 2934 divitia:
1434 2880 1542 2935 nisi
1595 2881 1856 2938 caelestes
1907 2888 1962 2938 ct

244 2970 607 3041 spirituales,
643 2970 861 3040 quibus
921 2968 1302 3039 indigentiam
1364 2986 1529 3025 suam
1582 2971 1966 3040 spiritualiter

244 3060 599 3131 supplentes
631 3058 869 3114 exclusa
889 3062 1143 3129 egestate
1167 3059 1435 3128 miseriae,
1460 3059 1843 3117 beatitudinis
1875 3078 1967 3117 co-

248 3149 348 3219 pia
371 3150 660 3203 ditantur.

323 3236 529 3292 XXXV
563 3237 672 3308 (Ib.
708 3254 816 3304 xw,
858 3238 966 3310 12.]
1000 3240 1161 3304 Quod
1208 3238 1368 3306 dicit,
1400 3238 1460 3294 Si
1507 3238 1564 3293 in
1612 3238 1793 3296 alieno
1841 3240 1971 3309 ﬁcte-

257 3329 333 3383 tss
368 3343 481 3384 non
501 3328 714 3397 fuistis,
748 3326 970 3384 alienas
1021 3328 1273 3400 appellat
1321 3334 1583 3386 terrenas
1629 3330 1969 3400 facultates;

254 3418 398 3489 quia
434 3433 608 3473 nemo
640 3434 739 3473 eas
770 3434 970 3474 secum
1004 3419 1258 3475 moriens
1290 3420 1493 3476 aufert.
1527 3420 1643 3474 Hoc
1684 3425 1773 3475 est
1818 3423 1970 3492 quod

256 3510 404 3563 dicit
428 3508 610 3564 David
646 3526 658 3563 :
694 3511 773 3565 Ne
802 3510 1051 3565 timueris
1080 3527 1201 3565 eum
1234 3511 1381 3567 dives
1397 3512 1583 3583 factus
1603 3513 1771 3582 fuerit
1794 3511 1972 3583 homo,

256 3608 305 3653 et
332 3615 463 3651 cum
496 3598 860 3669 multiplicata
886 3599 1067 3670 fuerit
1095 3601 1279 3669 gloria
1303 3601 1496 3656 domus
1538 3602 1686 3671 ejus;
1718 3602 1975 3672 quoniam

259 3703 392 3752 non,
428 3702 556 3741 cum
591 3690 877 3757 morietur,
900 3691 1123 3759 accipiet
1145 3691 1349 3759 omnia,
1374 3706 1547 3762 neque
1568 3691 1735 3745 simul
1754 3692 1975 3746 descen-

255 3778 345 3831 det
376 3793 504 3831 cum
536 3792 598 3831 eo
627 3775 808 3847 gloria
840 3778 957 3848 ejus
986 3780 1160 3848 (Psal.
1198 3796 1392 3847 XLVIII,
1429 3779 1513 3848 17,
1563 3780 1666 3848 18).

331 3865 574 3920 XXXVI.
612 3864 723 3935 [1b.
756 3883 869 3936 XVI,
906 3867 1018 3937 13.]
1047 3867 1208 3933 Quod
1241 3867 1342 3935 ait,
1375 3868 1476 3922 Aut
1534 3884 1703 3923 unum
1733 3869 1894 3937 odiet,
1928 3875 1980 3925 et

255 3959 499 4013 alterum
513 3955 716 4026 diliget
736 3976 754 4021 ;
771 3961 863 4011 aut
882 3956 979 4010 uni
1000 3956 1326 4024 ad/twrebit,
1343 3958 1642 4013 etallerum
1656 3966 1981 4026 contemnet,

268 4062 387 4101 non
415 4045 539 4099 sine
561 4044 1020 4100 consideratione
1052 4044 1462 4116 distinguenda
1492 4054 1647 4101 sunt.
1676 4046 1803 4102 Non
1825 4048 1982 4102 enim

272 4137 507 4207 passim
533 4140 625 4189 aut
645 4134 809 4206 quasi
836 4139 1051 4191 temere
1071 4135 1225 4191 dicta
1245 4139 1404 4192 sunt.
1429 4135 1610 4192 Nemo
1632 4138 1789 4192 enim
1816 4139 1984 4193 inter-

271 4228 520 4295 rogatus
546 4231 729 4279 utrum
756 4224 962 4296 diligat
1002 4224 1318 4290 diabolum,
1343 4227 1654 4297 respondet
1684 4244 1746 4282 se
1780 4228 1982 4299 dilige-

271 4330 359 4381 re,
382 4314 482 4369 sed
506 4314 702 4385 potius
724 4314 917 4371 odisse
945 4334 957 4372 :
982 4315 1159 4371 Deum
1189 4321 1383 4372 autem
1408 4332 1467 4372 se
1502 4317 1743 4389 diligere
1782 4335 1985 4375 omnes

269 4404 391 4459 fere
424 4400 811 4473 proclamant.
838 4406 983 4475 Ergo
1016 4408 1133 4470 aut,
1160 4421 1343 4459 unum
1374 4405 1570 4474 :odiet,
1625 4410 1682 4461 et
1738 4406 1986 4462 alterum

274 4491 508 4563 diliget,
534 4494 597 4545 ut
621 4491 741 4547 fieri
767 4492 934 4548 debet
968 4492 1163 4549 :odiet
1201 4492 1415 4548 scilicet
1438 4493 1762 4561 diabolum,
1786 4495 1991 4567 diliget

273 4584 479 4637 Deum.
543 4581 703 4645 Quod
761 4598 890 4637 vero
965 4583 1247 4653 adjunxit,
1284 4585 1386 4637 Aut
1415 4584 1580 4637 alteri
1608 4585 1992 4652 adhwrebit,“

276 4674 521 4726 alterum
552 4673 854 4726 contemnet
886 4692 903 4727 :
933 4672 1241 4728 adhaerebit
1290 4672 1509 4729 scilicet
1555 4672 1802 4735 diabolo,
1855 4691 1989 4730 cum

279 4760 446 4831 quasi
482 4760 611 4829 ejus
653 4760 889 4830 praemia
940 4762 1283 4831 temporalia
1332 4767 1614 4829 sectatur;
1664 4768 1995 4819 contemnet

275 4854 484 4905 autem
516 4850 721 4905 Deum.
765 4850 890 4904 Non
944 4851 1110 4917 dixit,
1145 4853 1317 4918 odiet,
1352 4853 1448 4908 sed
1470 4861 1809 4909 contemnet:
1844 4855 1998 4909 sicut

276 4940 475 4995 solent
506 4939 693 4995 minas
717 4942 842 5009 ejus
870 4945 1215 5012 postponere
1258 4944 1675 5015 cupiditatibus
1707 4945 1843 5009 suis,
1894 4946 1995 5015 qui

280 5032 357 5084 de
387 5029 654 5084 bonitate
686 5030 809 5099 ejus
850 5030 920 5085 ad
973 5030 1382 5102 impunitatem
1429 5034 1539 5088 sibi
1591 5034 1991 5089 blandiuntur.

282 5121 514 5184 Quibus
537 5136 639 5189 per
659 5120 1031 5176 Salomoncm
1066 5120 1283 5177 dicitur
1324 5139 1335 5177 :
1373 5123 1493 5189 Fili,
1528 5141 1593 5178 ne
1622 5126 2000 5195 adjiciaspec-

282 5216 473 5264 catum
494 5226 657 5280 super
676 5218 978 5281 peccatum,
1003 5216 1055 5265 et
1078 5210 1246 5279 dicas,
1272 5213 1550 5268 Miseratio
1576 5214 1669 5268 Dei
1699 5230 1899 5283 magna
1917 5221 1999 5269 est

284 5300 485 5367 (Ereti.
518 5315 572 5369 v,
605 5304 655 5365 5,
689 5301 766 5369 ti).

358 5440 368 5471 ι
398 5438 477 5503 ita
494 5437 731 5503 melioris
754 5440 893 5503 nolre
918 5438 1038 5485 Mss.
1060 5450 1275 5503 necnon
1302 5440 1420 5487 Rat.
1442 5444 1550 5489 Am.
1573 5441 1847 5493 etEr..nisi
1865 5441 2002 5503 quod

288 5502 339 5547 in
400 5500 486 5546 bis
526 5501 852 5548 editionilms

288 5563 431 5629 apud
458 5562 583 5629 [την.
621 5561 846 5629 [iubetur
876 5565 949 5629 sic
974 5576 984 5609 :
1022 5563 1138 5621 Qua
1167 5564 1412 5629 simi/iter
1516 5566 1826 5629 sacerdotes,
1855 5572 2006 5629 atque

291 5626 347 5673 in
382 5626 575 5672 levitas
603 5625 792 5679 Juv/rei.
817 5626 1031 5688 quisque
1060 5630 1305 5688 operatur
1336 5626 1391 5677 in
1424 5628 1623 5680 Christi
1657 5628 1909 5677 Ecclesia.

1665 222 1891 282 LIBER
1936 221 2367 285 SECUNDUS.

904 5514 1013 5561 pro,
1061 5500 1359 5553 Ecclesium,
1413 5503 1616 5563 legitur,
1650 5500 1903 5551 Ecclesia.
1942 5507 2007 5553 At

3569 236 3724 298 1350

2104 358 2333 414 XXVII.
2369 361 2475 431 [1b.
2516 380 2628 431 XVI,
2665 365 2774 434 16.]
2827 367 3061 437 Regnum
3117 370 3377 425 calorum
3426 374 3538 427 vim
3580 376 3728 444 pali-

2032 455 2144 513 tur,
2175 452 2227 503 et
2255 452 2351 521 qui
2378 453 2487 507 vim
2516 454 2749 525 faciunt,
2772 456 3047 525 diripiunt
3088 458 3233 515 illud
3259 461 3470 531 (Matth.
3504 479 3582 530 χι,
3616 464 3726 535 12).

2030 536 2156 592 Non
2179 538 2366 595 solum
2391 544 2453 596 ut
2483 543 2729 614 quisque
2755 545 2863 601 ista
2882 550 3237 616 contemnat,
3272 550 3369 605 sed
3402 550 3575 606 etiam
3616 551 3729 607 lin-

2032 644 2177 698 guas
2207 629 2599 688 deridentium
2632 650 2693 689 se
2727 634 2858 690 talia
2898 641 3360 695 contemnentem
3388 657 3401 695 ε
3437 640 3543 696 bac
3576 642 3731 697 enim

2033 717 2085 772 vi
2117 718 2266 775 facta
2295 720 2517 777 invadit
2548 725 2976 793 quodammodo
3008 728 3174 798 quasi
3207 730 3489 801 praedator
3519 730 3736 787 violen-

2034 812 2130 863 tus
2159 825 2401 879 regnum
2434 812 2733 869 cmlorum.
2770 815 2886 871 Hoc
2925 818 3080 873 enim
3131 819 3435 889 subjunxit
3481 820 3736 893 Evange-

2036 898 2350 969 lista,cum
2393 902 2635 960 dixisset
2678 904 2937 962 derisum
2979 907 3160 964 fuisse
3202 910 3404 966 Jesum
3460 928 3492 965 a
3536 910 3741 967 Phari-

2038 991 2188 1059 saeis,
2222 1007 2355 1048 cum
2387 994 2454 1049 de
2500 998 2943 1054 contemnendis
2992 1000 3238 1056 terrenis
3288 1001 3503 1057 divitiis
3550 1001 3742 1076 loque-

2038 1084 2217 1137 retur.

2112 1191 2411 1249 XXXVIII.
2439 1195 2677 1266 [lb.xv1,
2733 1197 2941 1267 19-31.]
2993 1200 3155 1255 Homo
3204 1200 3428 1272 quidam
3485 1206 3601 1257 erat
3658 1200 3748 1255 di-

2042 1299 2151 1351 ves,
2186 1288 2235 1338 et
2261 1284 2586 1341 induebatur
2608 1303 2860 1357 purpura
2881 1292 2930 1343 et
2954 1290 3128 1358 bysso,
3153 1293 3201 1344 et
3222 1291 3547 1360 epulabatur
3563 1291 3748 1363 quoti-

2045 1377 2132 1430 die
2152 1376 2450 1445 splendide,
2504 1381 2560 1432 ct
2604 1381 2823 1433 caetera.
2882 1379 2984 1434 Per
3030 1378 3361 1451 allegoriam
3420 1381 3504 1436 sic
3562 1382 3747 1454 accipi

2048 1472 2315 1537 possunt,
2342 1470 2405 1520 ut
2425 1466 2482 1522 in
2507 1467 2679 1522 divite
2703 1467 3099 1540 intelligantur
3122 1470 3355 1540 superbi
3398 1470 3748 1543 Judaaorum,

2049 1557 2382 1625 ignorantes
2404 1557 2499 1613 Dei
2516 1557 2828 1627 justitiam,
2854 1563 2909 1615 et
2932 1576 3095 1615 suam
3120 1559 3376 1617 volentes
3399 1562 3747 1617 constituere

2051 1648 2305 1715 (ltom.x,
2340 1648 2416 1715 3).
2455 1647 2717 1719 Purpura
2747 1653 2802 1703 et
2850 1649 3079 1721 byssus,
3132 1650 3386 1722 dignitas
3431 1652 3594 1723 regni
3644 1659 3747 1707 est.

2051 1739 2112 1791 Et
2140 1739 2446 1807 auferetur,
2481 1738 2692 1809 inquit,
2723 1755 2759 1793 a
2788 1739 2937 1795 vobis
2968 1755 3197 1808 regnum
3244 1741 3366 1811 Dei,
3426 1746 3479 1797 et
3532 1741 3756 1797 dabitur

2050 1836 2182 1899 gent
2207 1829 2744 1899 I/‘aeientijustitiam
2772 1830 2977 1887 (Matth.
3002 1848 3117 1898 xxI,
3143 1832 3250 1901 43).
3278 1832 3544 1903 Epulatio
3567 1832 3754 1903 splen-

2053 1918 2206 1986 dida,
2232 1919 2521 1987 jactantia
2554 1919 2718 1989 Legis
2741 1924 2848 1985 est,
2876 1922 2932 1976 in
2956 1937 3068 1991 qua
3091 1921 3485 1993 gloriabantur
3529 1922 3657 1994 plus
3683 1922 3754 1977 ad

2054 2025 2322 2081 pompam
2346 2008 2611 2064 elationis
2633 2010 2931 2067 abutentes
2952 2012 3233 2082 ea,fquam
3257 2012 3325 2067 ad
3350 2012 3756 2069 necessitatem

2056 2098 2261 2154 salutis
2293 2103 2542 2155 utentes.
2604 2098 2905 2156 Mendicus
2949 2108 3141 2156 autem
3202 2102 3438 2158 nomine
3490 2103 3756 2169 Lazarus,

2056 2189 2209 2259 quod
2257 2189 2668 2259 interpretatur
2715 2190 2983 2260 Adjutus,
3044 2190 3337 2262 signiﬁcat
3376 2191 3757 2264 indigentem,

2055 2278 2228 2334 veluti
2260 2278 2535 2349 gentilem
2562 2278 2815 2349 aliquem
2865 2283 2964 2334 aut
3010 2279 3405 2350 publicanum,
3450 2281 3550 2352 qui
3598 2285 3762 2337 tanto

2062 2368 2249 2440 magis
2271 2369 2599 2438 adjuvetur,
2623 2372 2840 2439 quanto
2874 2368 3069 2424 minus
3096 2371 3165 2425 de
3196 2386 3435 2425 suarum
3468 2370 3631 2440 copia
3676 2371 3763 2425 fa-

2062 2460 2344 2515 cultatum
2378 2457 2698 2529 praesumit.
2725 2456 2893 2513 Tales
2924 2466 3083 2513 erant
3115 2459 3229 2514 duo
3261 2459 3359 2530 qui
3410 2460 3655 2515 orabant
3704 2459 3762 2514 in

2063 2547 2315 2619 templo;
2352 2564 2502 2603 unus
2528 2546 2895 2618 publicanus,
2938 2552 2993 2603 ct
3032 2548 3181 2603 alius
3220 2548 3566 2619 pharisaeus.
3600 2548 3765 2605 Dives

2064 2652 2200 2708 ergo
2232 2635 2688 2706 dicitztanquam
2720 2636 2966 2691 satiatus
2997 2637 3245 2707 justitia,
3279 2652 3393 2692 non
3440 2636 3591 2693 inter
3640 2636 3769 2691 illos

2067 2726 2267 2782 beatos
2290 2727 2689 2781 numerandus
2721 2725 2814 2796 qui
2858 2728 3126 2782 esuriant
3164 2730 3220 2781 et
3246 2726 3453 2781 sitiunt
3474 2725 3770 2795 justitiam

2072 2818 2174 2888 (Ιιί.
2211 2833 2259 2885 v,
2292 2818 2385 2885 6):
2422 2816 2632 2871 Gratias
2654 2816 2751 2871 tibi
2782 2832 2903 2885 ago,
2938 2818 3067 2887 quia
3098 2832 3205 2870 non
3244 2834 3366 2871 sum
3414 2816 3555 2871 sicut
3597 2814 3773 2886 publi-

2074 2920 2245 2958 canus
2277 2905 2395 2957 isle.
2428 2904 2647 2972 l’aUper
2678 2907 2865 2956 autem
2896 2902 2995 2973 qui
3049 2920 3110 2958 se
3162 2902 3418 2972 adjuvari
3461 2902 3770 2969 desiderat,

2075 2994 2212 3049 dicit
2245 2994 2559 3064 :Propitius
2587 3000 2692 3047 esto
2726 2993 2863 3046 mihi
2889 2996 3162 3065 peceatori
3190 2995 3340 3063 (Luc.
3372 3007 3532 3062 xvuI,
3563 2991 3770 3061 10-13).

2076 3084 2371 3140 Desiderat
2405 3088 2599 3137 tamen
2650 3082 2897 3137 saturari
2948 3084 3019 3139 de
3064 3083 3232 3138 micis
3285 3099 3413 3153 quis
3460 3082 3675 3138 cadunt
3707 3081 3776 3135 de

2079 3190 2272 3229 mensa
2291 3172 2700 3241 divitisjacens
2721 3172 2791 3226 ad
2814 3172 3074 3241 ianuam.
3098 3173 3225 3228 Non
3250 3172 3403 3228 enim
3428 3171 3778 3228 admitteba-

2079 3267 2176 3319 tur
2206 3263 2274 3317 ad
2299 3262 2497 3333 epulas
2522 3261 2667 3331 ejus,
2693 3261 2788 3333 qui
2830 3277 2932 3316 nec
2968 3260 3112 3317 bene
3160 3262 3275 3319 illis
3329 3263 3616 3330 utebatur,
3674 3278 3779 3318 nec

2082 3351 2272 3423 egenti
2308 3351 2516 3417 dabat;
2550 3353 2830 3420 tanquam
2871 3350 3073 3407 Scriba
3122 3351 3310 3408 claves
3349 3352 3571 3407 habens
3620 3349 3781 3421 regni

2081 3440 2383 3505 ccelorum,
2407 3456 2510 3495 nec
2538 3440 2655 3511 ipse
2688 3440 2933 3507 intrans,
2970 3458 3074 3497 nec
3106 3441 3249 3498 alios
3281 3442 3495 3497 intrare
3542 3441 3782 3512 permit-

2082 3538 2213 3588 tens
2243 3530 2341 3602 (Id.
2375 3547 2454 3597 XI,
2488 3530 2593 3599 42).
2637 3530 2794 3584 Micae
2842 3531 3115 3585 cadentes
3172 3532 3244 3585 de
3305 3547 3506 3586 mensa
3563 3530 3779 3596 divitis,

2085 3629 2219 3677 sunt
2251 3620 2515 3690 quaadam
2539 3618 2708 3673 verba
2760 3618 2943 3688 Legis,
2987 3635 3110 3688 qua:
3151 3619 3234 3674 illi
3275 3620 3564 3690 jactantes
3618 3620 3783 3690 quasi

2086 3710 2471 3783 projiciebant
2500 3708 2556 3761 in
2591 3712 2826 3774 terram,
2860 3724 2992 3764 cum
3027 3710 3275 3780 superbe
3322 3710 3531 3782 populo
3578 3710 3789 3781 loque—

2088 3804 2307 3857 rentur.
2335 3798 2553 3866 Ulcera,
2588 3803 2723 3852 sunt
2764 3798 3156 3855 confessiones
3216 3806 3601 3872 peccatorum,
3632 3798 3790 3854 velut

2092 3890 2227 3947 mali
2259 3889 2527 3943 humores
2552 3904 2584 3942 a
2604 3888 2917 3943 visceribus
2948 3888 3173 3946 intimis
3203 3892 3359 3947 foras
3395 3894 3784 3963 erumpentes.

2092 3983 2275 4038 Canes
2299 3980 2398 4050 qui
2422 3996 2487 4035 ca
2510 3979 2826 4050 lingebant,
2854 3980 3197 4051 nequissimi
3228 3982 3494 4039 homines
3528 3988 3789 4038 amantes

2091 4076 2349 4145 peccata,
2384 4070 2482 4141 qui
2514 4070 2631 4124 lata
2662 4069 2863 4141 lingua
2894 4072 3065 4127 etiam
3098 4072 3334 4130 laudare
3385 4090 3499 4128 non
3559 4077 3794 4129 cessant

2092 4178 2264 4233 opera
2288 4161 2456 4227 mala,
2486 4175 2611 4229 qua:
2645 4159 2701 4213 in
2736 4176 2799 4215 se
2832 4160 2980 4216 alius
3011 4178 3248 4232 gemens
3280 4166 3335 4219 et
3368 4162 3650 4219 confitens
3695 4163 3794 4217 de-

2096 4253 2357 4308 testatur.
2387 4249 2561 4304 Sinus
2581 4247 2845 4314 Abrahae,
2870 4251 3095 4319 requies
3118 4252 3418 4307 beatorum
3448 4267 3792 4322 pauperum,

2093 4354 2345 4411 quorum
2378 4342 2465 4394 est
2494 4353 2737 4408 regnum
2771 4336 3073 4408 caelorum,
3106 4339 3166 4396 in
3198 4356 3311 4412 quo
3343 4347 3475 4412 post
3517 4339 3667 4395 hanc
3711 4339 3797 4395 vi-

2094 4437 2215 4487 tam
2243 4428 2619 4500 recipiuntur.
2645 4426 2953 4496 Sepultura
2974 4428 3206 4494 interni,
3225 4445 3527 4501 pmnarum
3555 4430 3797 4500 profun-

2096 4521 2267 4586 ditas,
2296 4534 2419 4589 quee
2451 4517 2731 4587 superbos
2754 4520 2809 4572 et
2838 4517 3329 4576 immisericordes
3360 4523 3491 4591 post
3524 4520 3675 4575 hanc
3720 4518 3801 4573 vi-

2098 4615 2213 4665 tam
2246 4612 2425 4663 vorat.
2458 4608 2611 4672 Quos
2646 4611 2842 4662 tamen
2878 4608 3158 4665 Dominus
3197 4610 3255 4664 in
3309 4609 3421 4665 ista
3470 4609 3800 4665 narratione

2100 4698 2239 4754 dicit
2259 4697 2451 4753 videre
2476 4699 2544 4752 de
2568 4698 2881 4769 longinquo
2905 4703 3080 4770 atque
3115 4700 3328 4756 sentire
3361 4700 3662 4758 beatorum
3710 4714 3801 4754 rc-

2101 4790 2318 4861 quiem,
2352 4803 2461 4857 quo
2494 4803 2635 4843 sane
2665 4788 2909 4843 transire
2941 4806 3053 4844 non
3086 4795 3356 4861 possunt.

2172 4891 2329 4955 Quod
2363 4895 2557 4945 autem
2589 4889 2850 4961 linguam
2884 4889 2996 4945 sibi
3025 4891 3150 4947 vult
3188 4892 3529 4964 refrigerari,
3578 4908 3709 4945 cum
3740 4892 3799 4942 in

2104 4982 2337 5037 ﬂamma
2363 4981 2567 5051 utique
2588 4986 2739 5036 totus
2761 4980 3314 5052 arderet,signi{icat
3342 4981 3494 5051 quod
3518 4980 3800 5047 scriptum

2104 5076 2209 5137 est,
2246 5071 2380 5126 Mors
2410 5078 2461 5126 et
2496 5074 2613 5126 vita
2644 5074 2701 5125 in
2725 5070 2982 5125 manibus
3024 5071 3434 5139 linguan’rov.
3472 5084 3630 5134 xv1II,
3661 5066 3750 5133 21)
3786 5082 3799 5120 :

2106 5170 2163 5219 ct
2194 5163 2331 5235 quia
2361 5177 2450 5217 are
2487 5162 2748 5231 confessio
2765 5162 2826 5231 ﬁt
2850 5161 2918 5217 ad
2956 5162 3189 5216 salutem
3220 5161 3394 5227 (Rom.
3427 5174 3480 5223 x,
3509 5157 3619 5225 10),
3652 5157 3799 5226 quod

2108 5272 2207 5327 per
2228 5252 2557 5325 superbiam
2579 5251 2675 5307 ille
2694 5268 2805 5307 non
2832 5252 2980 5306 fecit.
3009 5250 3340 5303 Extremum
3380 5250 3573 5301 autem
3616 5244 3801 5316 digiti,

2107 5345 2193 5401 vel
2236 5343 2541 5398 minimam
2599 5342 2990 5413 operationem
3048 5335 3451 5391 misericordiae
3502 5334 3804 5405 signiﬁcat,

2110 5452 2224 5506 qua
2248 5452 2349 5505 per
2370 5433 2651 5503 Spiritum
2676 5433 2939 5484 sanctum
2966 5426 3331 5483 subvenitur.
3365 5428 3509 5483 Cum
3536 5428 3730 5479 autem
3756 5425 3806 5478 ei

2112 5524 2342 5587 dicitur,
2380 5519 2641 5591 Recepisti
2672 5519 2809 5573 bona
2842 5518 2901 5571 in
2932 5518 3179 5587 vitatua,
3211 5515 3355 5570 illud
3377 5514 3809 5585 tangitur,quia

2112 5610 2444 5668 felicitatem
2492 5607 2692 5663 dilexit
2748 5606 2965 5674 saeculi,
2999 5622 3103 5664 nec
3162 5605 3335 5663 aliam
3386 5606 3559 5663 vitam
3604 5607 3806 5672 praeter
