4170 6188
230 244 395 305 13ὖό

223 467 332 522 ﬁde
363 469 673 525 verborum
706 469 919 539 quibus
970 485 1125 523 nunc
1156 469 1454 525 credimus
1498 470 1643 539 quod
1677 470 1937 525 nondum

225 556 501 626 videmus,
538 558 598 613 in
631 558 804 613 ﬁdem
830 574 1023 613 rerum
1061 575 1176 630 qua
1201 559 1258 612 in
1290 564 1570 614 aeternum
1596 561 1753 631 quod
1787 576 1938 614 nunc

226 646 538 711 credimus,
574 647 992 702 obtinebimus.
1028 647 1357 703 Secundum
1390 651 1741 705 sententiam
1795 650 1939 704 hanc

221 734 394 789 etiam
432 735 576 791 illud
609 737 828 792 dictum
861 742 952 792 est
989 754 1022 791 a
1050 737 1274 792 Joanne
1307 738 1362 791 in
1400 738 1655 810 Epistola
1698 740 1767 794 ad
1802 740 1940 793 Par-

217 823 388 878 thos:
424 826 811 893 Dilectissimi,
862 842 1008 880 nunc
1050 826 1161 895 ﬁlii
1192 827 1292 881 Dei
1336 843 1547 893 sumus,
1598 838 1648 883 et
1693 830 1937 883 nomium

213 918 476 985 apparuit
505 918 643 987 quid
664 916 873 971 erimus
896 934 914 970 :
944 918 1145 971 scimus
1174 918 1305 988 quia
1334 933 1457 971 cum
1484 921 1834 987 apparuerit,
1865 918 1938 973 si-

217 1005 382 1061 miles
440 1013 491 1061 ei
549 1009 777 1075 erimus,
837 1008 1100 1078 quoniam
1146 1006 1445 1062 videbimus
1489 1025 1617 1062 eum
1647 1011 1812 1063 sicuti
1854 1013 1935 1064 est

212 1097 258 1164 (Ι
290 1097 455 1151 Joan.
492 1114 577 1163 ιιι,
609 1098 685 1168 2).
724 1097 885 1153 Unde
939 1099 1091 1152 enim
1127 1114 1273 1152 nunc
1312 1097 1425 1167 ﬁlii
1454 1098 1555 1153 Dei
1582 1116 1789 1164 sumus,
1822 1100 1932 1155 nisi

212 1186 348 1255 quia
382 1191 731 1256 potestatem
767 1186 924 1261 dedit
951 1186 1121 1241 nobis
1154 1185 1302 1241 ﬁlios
1336 1187 1437 1242 Dei
1473 1186 1620 1255 ﬁeri,
1644 1188 1934 1243 credenti-

212 1274 322 1329 bus
360 1274 414 1328 in
454 1275 687 1329 nomine
711 1276 840 1345 ejus
872 1276 1058 1346 (Joan.
1096 1293 1134 1340 ι,
1171 1274 1279 1345 12),
1308 1281 1370 1330 ut
1393 1276 1689 1332 videamus
1714 1277 1770 1332 in
1799 1278 1934 1331 ami-

210 1368 406 1432 gmate
437 1363 484 1431 (l
518 1362 635 1417 Cor.
687 1380 811 1429 xm,
854 1366 935 1433 12)
959 1364 985 1417 ‘2
1019 1365 1170 1420 unde
1220 1369 1413 1421 autem
1444 1372 1581 1420 tunc
1609 1365 1827 1420 similes
1879 1368 1932 1419 ei

211 1452 442 1517 erimus,
471 1453 582 1508 nisi
608 1452 904 1523 quoniam,
936 1460 997 1507 ut
1030 1454 1146 1524 ipse
1171 1456 1249 1509 ait
1282 1454 1598 1523 videbimus,
1623 1472 1743 1509 cum
1764 1454 1932 1510 sicuti

214 1545 291 1596 est
320 1545 346 1595 .9
375 1542 536 1607 Quod
569 1543 747 1598 etiam
809 1543 1029 1598 dictum
1089 1548 1198 1611 est,
1244 1546 1393 1599 Tunc
1431 1553 1618 1600 autem
1672 1548 1830 1615 [acie
1859 1546 1929 1600 ad

214 1634 441 1699 faciem.

290 1730 454 1799 Illam
488 1747 625 1801 ergo
659 1732 831 1786 ﬁdem
859 1732 1321 1802 praesentissimus
1344 1733 1603 1788 veritatis
1637 1734 1927 1805 plerisque

215 1836 330 1876 non
379 1819 849 1892 intelligentibus
900 1822 1079 1876 videri
1135 1828 1320 1892 potest
1370 1823 1655 1878 Dominus
1706 1830 1923 1891 noster,

213 1910 523 1982 discipulis
544 1912 669 1965 suis
688 1927 804 1965 non
836 1911 905 1965 ad
933 1912 983 1965 id
1011 1913 1166 1983 quod
1198 1912 1921 1983 petiverantrespondisse.

211 2002 351 2056 Cum
386 2002 549 2057 enim
582 2001 869 2056 dixissent
902 2002 1165 2069 Domino,
1196 2004 1415 2071 Adauge
1444 2006 1595 2059 nobis
1625 2004 1814 2073 ﬁdem,
1847 2007 1926 2060 ait

216 2090 369 2146 illis:
400 2112 427 2140 α
458 2090 517 2145 Si
549 2090 845 2147 haberetis
881 2092 1051 2147 ﬁdem
1087 2097 1365 2162 tanquam
1399 2110 1640 2164 granum
1677 2096 1922 2166 sinapis,

213 2179 483 2235 diceretis
518 2179 651 2235 huic
684 2181 876 2236 arbori
910 2197 1089 2246 moro,
1131 2181 1437 2238 Eradicare
1484 2187 1542 2238 et
1589 2184 1923 2254 transplaa-

214 2274 338 2324 tare
368 2269 426 2324 in
463 2286 642 2339 mare,
674 2273 731 2325 et
778 2271 1039 2327 obediret
1067 2272 1250 2327 vobis.
1288 2294 1317 2321 »
1358 2272 1576 2328 Deinde
1615 2274 1921 2344 sequitur:

215 2384 241 2408 ιι
278 2359 416 2423 Quis
447 2368 636 2415 autem
672 2366 927 2416 vestrum
972 2361 1199 2417 habens
1246 2378 1477 2418 servum
1510 2369 1772 2418 arantem
1823 2366 1925 2419 aut

219 2456 571 2520 pascentem,
606 2449 705 2520 qui
753 2466 1016 2521 regresso
1066 2451 1136 2505 de
1186 2468 1324 2523 agro
1359 2452 1508 2507 dicet
1566 2452 1650 2506 illi
1699 2453 1921 2519 statim,

217 2538 452 2604 Transi,
478 2540 749 2594 recumbe
773 2555 787 2606 ;
814 2545 869 2594 et
919 2557 1030 2595 non
1066 2540 1216 2596 dicet
1241 2542 1472 2609 ei,Para
1505 2542 1659 2613 quod
1683 2558 1926 2609 cmnem,

217 2637 270 2685 et
304 2629 591 2700 pracinge
622 2634 696 2694 te,
720 2638 772 2685 et
807 2629 1075 2685 ministra
1107 2630 1249 2685 mihi
1281 2631 1463 2687 donec
1497 2632 1837 2686 manducem
1870 2640 1927 2688 et

216 2716 433 2785 bibam,
451 2722 509 2771 et
539 2724 670 2789 post
694 2717 814 2772 haec
842 2724 899 2773 tu
928 2719 1315 2775 manducabis
1334 2725 1390 2774 et
1412 2720 1611 2775 bibes?
1631 2721 1923 2792 Numquid

212 2808 465 2877 gratiam
496 2806 673 2863 habet
702 2824 868 2863 servo
898 2807 1003 2877 illi,
1037 2811 1172 2880 quia
1206 2808 1339 2864 fecit
1368 2827 1496 2880 quae
1528 2812 1639 2865 sibi
1673 2811 1923 2881 impera-

213 2898 422 2951 verat?
451 2896 571 2951 Non
600 2901 759 2966 puto.
795 2898 889 2953 Sic
910 2905 963 2953 et
985 2915 1085 2953 vos
1116 2915 1249 2953 cum
1276 2899 1530 2955 feceritis
1561 2899 1759 2954 omnia
1792 2916 1922 2972 qum

212 2996 497 3057 pracepta
519 2994 656 3041 sunt
681 2986 866 3057 vobis,
893 2987 1064 3043 dicite
1088 3004 1101 3042 ε
1132 2989 1286 3043 Servi
1312 2989 1653 3060 supervacui
1675 3006 1881 3045 sumus
1906 3008 1921 3059 ;

208 3077 358 3145 quod
386 3076 699 3132 debuimus
724 3080 909 3133 facere
942 3080 1202 3134 fecimus.
1228 3100 1256 3130 »
1281 3080 1424 3143 Quid
1451 3080 1572 3136 haec
1596 3081 1921 3151 pertineant

208 3166 276 3219 ad
310 3165 368 3219 id
403 3167 558 3237 quod
603 3167 823 3222 dictum
857 3172 944 3222 est
992 3168 1255 3236 Domino,
1289 3169 1518 3237 Adauge
1546 3172 1702 3225 nobis
1734 3170 1917 3240 fidem,

208 3254 443 3309 difﬁcile
472 3257 864 3327 apparet,nisi
898 3256 1290 3329 intelligamus
1321 3274 1387 3314 ex
1412 3259 1524 3314 ﬁde
1554 3259 1611 3315 in
1638 3260 1833 3327 ﬁdem,
1859 3261 1915 3316 id

208 3349 313 3409 est,
345 3360 415 3398 ex
467 3345 579 3400 ﬁde
626 3344 739 3400 ista
798 3346 856 3401 in
890 3363 1007 3417 qua
1053 3348 1413 3403 ministratur
1461 3348 1597 3415 Deo,
1648 3350 1704 3405 in
1756 3350 1913 3406 illam

210 3434 378 3489 ﬁdem
414 3450 512 3490 eos
562 3435 931 3505 signiﬁcasse
979 3437 1276 3492 transferri
1311 3438 1407 3491 ubi
1464 3439 1725 3494 fruantur
1776 3440 1912 3495 Deo.

206 3524 531 3595 Augebitur
559 3526 717 3579 enim
751 3528 918 3591 ﬁdes,
951 3543 1080 3581 cum
1116 3527 1300 3598 primo
1332 3529 1520 3583 verbis
1553 3531 1915 3599 praedicanti-

211 3614 338 3681 bus,
379 3615 590 3671 deinde
648 3616 823 3671 rebus
853 3618 1268 3687 apparentibus
1314 3620 1599 3674 credetur.
1652 3621 1760 3675 Sed
1810 3620 1913 3678 illa

212 3704 623 3775 contemplatio
661 3722 953 3761 summam
979 3706 1231 3777 quietem
1259 3709 1595 3779 habet,quzs
1617 3711 1671 3765 in
1698 3716 1911 3767 mterno

213 3792 307 3848 Dei
332 3810 509 3865 regno
534 3794 849 3864 tribuitur;
876 3813 1104 3852 summa
1125 3814 1258 3853 vero
1273 3798 1439 3869 quies
1465 3799 1585 3865 illa,
1606 3802 1909 3871 praemium

211 3890 299 3938 est
319 3885 612 3954 justorum
642 3884 934 3953 laborum,
963 3887 1063 3958 qui
1094 3888 1152 3943 in
1179 3889 1452 3945 Ecclesia:
1487 3890 1912 3949 ministratione

210 3982 587 4046 peraguntur.
623 3976 688 4031 Et
720 3975 867 4045 ideo,
890 3980 1159 4049 quamvis
1189 3980 1247 4033 in
1280 3995 1417 4050 agro
1447 3987 1565 4037 aret
1586 3997 1788 4038 servus
1809 3987 1913 4039 aut

210 4070 426 4133 pascat,
461 4065 566 4121 hoc
597 4070 708 4135 est,
754 4066 814 4121 in
864 4066 979 4122 vita
1027 4067 1289 4124 saeculari
1321 4069 1409 4125 vel
1460 4075 1687 4127 terrena
1726 4078 1914 4129 verset

207 4152 455 4221 negotia,
475 4152 561 4208 vel
584 4153 777 4208 stultis
796 4154 1133 4211 hominibus
1156 4161 1438 4228 tanquam
1464 4160 1771 4227 pecoribus
1793 4178 1912 4216 ser.

200 4240 318 4295 viat
352 4258 367 4307 ;
401 4258 549 4313 opus
578 4247 667 4297 est
720 4248 782 4297 ut
825 4249 956 4314 post
985 4243 1119 4300 illos
1154 4244 1379 4301 labores
1428 4247 1667 4302 domum
1700 4252 1911 4320 veniat,

203 4328 309 4384 hoc
337 4337 450 4396 est,
482 4332 750 4387 Ecclesiae
800 4332 1086 4401 societur;
1122 4336 1345 4391 laboret
1378 4336 1553 4392 etiam
1605 4338 1683 4392 ibi
1734 4339 1917 4395 mini-

204 4425 403 4475 strans
434 4421 679 4477 Domino
712 4439 816 4477 suo
843 4422 1025 4478 donec
1059 4428 1373 4481 manducet
1402 4431 1460 4480 et
1490 4426 1647 4481 bibat
1668 4429 1827 4499 (nam
1860 4436 1917 4485 et

207 4510 476 4565 esuriens
511 4510 603 4566 ille
652 4513 920 4583 quaesivit
969 4530 1141 4583 poma
1190 4515 1248 4569 in
1304 4515 1510 4571 arbore
1556 4516 1762 4587 [ΜηιιΙι.
1798 4537 1911 4586 xxr,

214 4605 298 4671 18,
334 4602 448 4672 19],
481 4608 539 4657 et
582 4620 614 4657 a
671 4603 1035 4657 Samaritana
1086 4622 1295 4675 aquam
1357 4606 1561 4662 sitiens
1603 4609 1918 4678 postulavit

206 4692 383 4763 [Ιοαη.
420 4709 495 4756 ιν,
526 4692 643 4763 7]):
681 4694 993 4747 manducet
1025 4709 1159 4764 ergo
1192 4699 1248 4749 et
1279 4694 1439 4749 bibat
1492 4698 1917 4753 confessionem

208 4787 265 4836 et
296 4782 470 4836 ﬁdem
505 4782 787 4851 gentium,
824 4782 1312 4853 ministrantibus,
1349 4786 1452 4839 hoc
1484 4791 1591 4856 est,
1624 4788 1920 4861 evangeli-

206 4871 476 4926 zantibus
508 4870 687 4925 servis
716 4872 862 4927 suis.
917 4875 1039 4940 Quo
1071 4874 1319 4945 pertinet
1366 4877 1543 4931 etiam
1597 4878 1735 4935 illud
1769 4884 1917 4949 quod

204 4962 277 5015 de
303 4976 489 5032 grano
538 4961 761 5033 sinapis
814 4962 897 5018 eis
952 4965 1138 5033 primo
1190 4966 1510 5036 respondit,
1574 4969 1736 5039 prius
1786 4970 1918 5027 illos

204 5050 372 5106 ﬁdem
410 5050 622 5105 habere
653 5050 861 5107 debere
892 5053 1163 5123 praesenti
1196 5054 1323 5109 vitae
1356 5057 1769 5125 necessariam,
1793 5076 1918 5129 quae

199 5138 445 5194 minima
478 5140 704 5195 videtur
736 5141 1014 5211 quamdiu
1050 5142 1359 5199 thesaurus
1392 5152 1474 5200 est
1508 5146 1566 5201 in
1589 5146 1739 5204 vasis
1773 5150 1916 5204 licti-

199 5226 383 5294 libus,
419 5229 519 5283 sed
556 5228 608 5282 vi
643 5229 898 5285 maxima
928 5231 1163 5288 etl'ervet
1193 5237 1249 5287 et
1291 5236 1601 5305 germinat.
1636 5236 1919 5295 Dominus

200 5323 405 5374 noster
434 5318 606 5374 Jesus
640 5318 932 5387 Christus,
965 5320 1064 5391 qui
1099 5322 1222 5377 vult
1254 5324 1410 5393 pasci
1446 5326 1773 5382 ministerio
1806 5345 1920 5385 ser-

196 5424 411 5463 vorum
444 5423 706 5476 suorum,
741 5409 846 5464 hoc
878 5414 989 5476 est,
1024 5410 1079 5465 in
1126 5427 1301 5467 suum
1340 5430 1549 5485 corpus
1602 5417 1768 5487 quasi
1801 5435 1927 5474 ma-

201 5505 396 5555 ctatos
428 5502 485 5553 et
518 5498 899 5555 manducatos
932 5502 1244 5557 transferre
1276 5504 1597 5573 credentes,
1629 5507 1803 5564 etiam
1830 5508 1928 5565 hic

202 5587 389 5655 pascit
418 5601 519 5643 eos
552 5586 730 5642 verbo
772 5586 904 5642 ﬁdei
947 5592 1003 5644 et
1033 5597 1400 5648 sacramento
1448 5595 1737 5666 passionis
1786 5614 1922 5656 suae.

527 5728 805 5795 ΡΑ-ινιιοι..
850 5730 1093 5797 XXXV.

1646 247 1869 308 LIBER
1916 244 2348 312 SECUNDUS.

226 379 499 441 veritatis,
533 395 655 451 qua
712 385 853 434 tunc
883 380 1225 434 commutati
1285 380 1688 450 perfruentur;
1748 382 1825 435 ita
1875 397 1943 433 ex

3609 276 3763 337 1354

2052 380 2177 476 l‘lon
2210 386 2364 440 enim
2393 388 2551 443 venit
2576 390 2916 459 ministrari,
2941 394 3041 448 sed
3070 395 3400 457 ministrare
3431 403 3638 473 (Matth,
3663 424 3759 476 xx,

2054 470 2162 541 28).
2198 473 2404 529 Dicant
2434 493 2569 548 ergo
2602 478 2684 533 illi
2717 482 2865 534 servi
2900 498 3000 552 per
3030 482 3254 556 sinapis
3284 470 3533 557 granum
3564 470 3759 551 arbori

2051 559 2187 616 huic
2220 579 2398 632 moro,
2434 566 2539 623 hoc
2569 572 2677 637 est,
2712 568 2821 639 ipsi
2855 571 3161 643 Evangelio
3203 578 3395 633 crucis
3427 582 3754 652 dominica,

2050 666 2153 720 per
2184 668 2355 722 poma
2386 658 2725 727 sanguinea,
2762 664 3040 731 tanquam
3072 662 3313 721 vulnera
3345 667 3403 722 in
3428 668 3586 741 ligno
3619 688 3757 743 pen-

2048 741 2266 807 dentia,
2298 744 2516 801 victum
2574 748 2805 819 populis
2831 753 3219 822 przebitura‘;
3254 756 3451 813 dicant
3498 741 3636 830 ergo
3678 762 3763 817 illi

2047 836 2111 883 ut
2140 834 2467 889 eradicatur
2497 836 2567 891 de
2599 839 2837 906 perﬁdia
2865 840 3224 911 Judieorum,
3250 850 3307 899 et
3338 846 3395 901 in
3421 864 3581 905 mare
3611 851 3764 907 Gen-

2048 920 2193 975 tium
2238 926 2614 980 .ransferatur
2642 932 2812 999 atque
2846 929 3147 1001 plantetur
3178 950 3192 989 :
3225 934 3333 990 hac
3362 936 3519 993 enim
3553 938 3763 997 dome-

2046 1010 2188 1063 stica
2222 1013 2497 1068 servitute
2528 1017 2806 1071 esurienti
2842 1024 2897 1073 et
2926 1020 3149 1077 sitienti
3181 1023 3426 1081 Domino
3459 1028 3759 1085 ministra-

2044 1098 2206 1152 bunt.
2249 1101 2407 1157 Tunc
2441 1105 2676 1161 demum
2712 1117 2977 1175 quaerant
3015 1111 3163 1167 escis
3214 1112 3757 1187 incorruptibilibus

2044 1187 2100 1241 in
2134 1193 2410 1246 asternum
2444 1192 2647 1248 divinae
2690 1194 3000 1267 Sapientia:
3035 1201 3273 1268 perfrui,
3306 1220 3438 1259 cum
3481 1206 3752 1276 dixerint,

2041 1278 2195 1332 Servi
2254 1286 2579 1350 supervacui
2643 1301 2850 1355 sumus,
2903 1292 3047 1358 quod
3076 1289 3365 1348 debuimus
3389 1296 3590 1362 facere,
3619 1300 3758 1367 feci—

2039 1385 2188 1424 mus:
2227 1371 2370 1425 nihil
2406 1374 2572 1428 nobis
2600 1377 2786 1444 operis
2812 1382 3023 1447 restat;
3052 1395 3286 1435 cursum
3322 1388 3757 1443 consummavi-

2041 1474 2193 1524 mus,
2230 1478 2469 1531 agonem
2507 1465 2875 1534 perfecimus,
2912 1476 3180 1537 superest
3222 1472 3394 1528 nobis
3424 1478 3757 1547 coronaju-

2030 1549 2211 1607 Velitis:
2242 1552 2311 1618 (ll
2352 1553 2485 1606 Tim.
2518 1570 2592 1617 ιν,
2624 1555 2684 1615 7,
2711 1555 2786 1625 8).
2824 1557 3032 1611 Omnia
3074 1561 3231 1614 enim
3264 1561 3375 1617 dici
3410 1573 3653 1634 possunt
3684 1568 3753 1621 de

2037 1637 2139 1692 illa
2172 1639 2453 1695 ineffabili
2500 1644 2889 1712 perl‘ructione
2923 1646 3179 1703 veritatis
3213 1666 3227 1705 :
3262 1655 3319 1705 et
3358 1655 3519 1708 tanto
3561 1656 3751 1726 magis

2036 1727 2233 1781 omnia
2266 1728 2377 1781 dici
2412 1736 2680 1799 possunt,
2706 1738 2923 1801 quanto
2946 1734 3144 1791 minus
3178 1737 3350 1808 digne
3381 1740 3492 1795 dici
3524 1740 3744 1813 aliquid

2036 1822 2243 1887 potest.
2284 1816 2425 1872 Nam
2471 1828 2524 1873 et
2574 1818 2669 1874 lux
2728 1827 2817 1875 est
2874 1821 3367 1897 illuminatorum,
3412 1836 3469 1884 et
3516 1831 3748 1902 requies

2034 1904 2497 1976 exercitatorum,
2520 1912 2576 1962 et
2597 1910 2777 1979 patria
2811 1912 3206 1977 redeuntium,
3230 1921 3285 1969 et
3314 1932 3442 1972 esca
3474 1918 3748 1991 indigen-

2038 1994 2200 2065 tium,
2234 2001 2290 2051 et
2339 2012 2550 2051 corona
2598 1998 2959 2055 vincentium
2995 2016 3008 2055 :
3043 2007 3097 2057 et
3161 2021 3543 2078 quaecumque
3603 2011 3750 2067 bona

2033 2084 2432 2155 temporaliter
2463 2089 2825 2144 transeuntis
2858 2108 2960 2161 per
3009 2096 3296 2149 creaturas
3344 2102 3540 2168 partes
3592 2115 3751 2156 error

2032 2174 2251 2245 appetit
2312 2177 2659 2247 inﬁdelium,
2718 2182 2942 2237 veriora
3001 2182 3059 2238 in
3116 2189 3399 2243 aaternum
3456 2192 3750 2248 manentia

2034 2263 2092 2318 in
2124 2264 2387 2319 Creatore
2419 2267 2680 2321 omnium
2712 2270 2885 2323 simul
2923 2271 3229 2328 inventura
3262 2280 3351 2331 est
3382 2278 3561 2349 pietas
3595 2278 3746 2336 ﬁlio-

2036 2367 2187 2407 rum.

2106 2444 2221 2498 XL.
2260 2443 2364 2518 [1b.
2400 2462 2539 2515 xvii,
2577 2448 2787 2520 12-19.]
2824 2448 2883 2504 In
2918 2450 3120 2506 decem
3162 2452 3407 2525 leprosis
3457 2472 3604 2528 quos
3636 2458 3746 2514 Do-

2041 2534 2239 2589 minus
2270 2534 2348 2588 ita
2384 2536 2705 2602 mundavit,
2731 2554 2863 2592 cum
2894 2540 2995 2608 ait,
3019 2542 3122 2609 Ite,
3146 2543 3412 2599 ostendite
3447 2562 3538 2602 vos
3566 2562 3750 2603 sacer-

2036 2625 2266 2693 dotibus,
2300 2624 2483 2680 multa
2513 2628 2689 2696 quaeri
2738 2633 2982 2698 possunt
3015 2646 3144 2701 quas
3196 2634 3398 2689 merito
3431 2641 3752 2707 quaerentes

2038 2721 2291 2773 movent.
2327 2719 2451 2771 Non
2479 2718 2667 2771 solum
2693 2717 2763 2772 de
2798 2736 3038 2776 numero
3072 2723 3209 2792 quid
3248 2725 3359 2779 sibi
3395 2725 3571 2782 velint
3599 2730 3752 2799 quod

2036 2806 2241 2884 decem
2276 2810 2434 2873 sunt,
2468 2814 2519 2859 et
2550 2808 2699 2876 quod
2732 2824 2883 2862 unus
2906 2825 2975 2863 ex
3010 2809 3127 2865 illis
3157 2811 3317 2867 solus
3342 2815 3561 2885 gratias
3592 2819 3749 2888 agit;

2034 2896 2157 2949 haec
2189 2893 2345 2949 enim
2372 2893 2551 2949 libere
2575 2904 2935 2966 qumruntur,
2962 2905 3025 2954 ut
3046 2902 3218 2956 etiam
3246 2918 3364 2957 non
3386 2903 3750 2975 investigata,

2030 2984 2118 3040 vel
2152 2984 2297 3039 nihil
2330 2985 2416 3040 vel
2452 3002 2565 3039 non
2600 2987 2845 3043 multum
2885 2990 3207 3061 impediant
3254 2992 3631 3053 intentionem
3666 2998 3745 3055 le-

2029 3077 2219 3147 gentis
2254 3092 2268 3132 :
2303 3076 2404 3130 sed
2436 3075 2535 3131 illa
2562 3077 2773 3148 potius,
2798 3095 2900 3134 cur
2931 3097 3029 3136 eos
3052 3083 3121 3137 ad
3147 3085 3477 3143 sacerdotes
3504 3090 3744 3155 miserit,

2030 3170 2095 3220 ut
2129 3182 2259 3220 cum
2292 3165 2443 3220 irent
2478 3168 2917 3223 mandarentur.
2945 3170 3184 3229 Nullum
3218 3176 3372 3231 enim
3398 3193 3591 3233 eorum
3614 3178 3744 3249 qui-

2030 3256 2140 3310 bus
2173 3255 2295 3311 haec
2327 3256 2650 3327 corporalia
2684 3259 2964 3315 beneﬁcia
2996 3265 3282 3331 prazstitit,
3318 3267 3611 3323 invenitur
3635 3268 3743 3323 mi-

2029 3347 2179 3401 sisse
2202 3346 2269 3401 ad
2297 3348 2653 3413 sacerdotes,
2688 3348 2800 3403 nisi
2833 3350 3115 3421 leprosos.
3151 3354 3295 3410 Nam
3323 3360 3376 3411 et
3410 3356 3569 3412 illum
3593 3376 3621 3411 a
3655 3357 3737 3413 le-

2026 3451 2132 3506 pra
2164 3436 2543 3490 mundaverat
2575 3436 2665 3491 cui
2699 3437 2840 3491 dixit
2872 3455 2885 3493 :
2928 3441 3081 3509 Vade,
3114 3445 3329 3498 ostende
3353 3453 3403 3500 te
3428 3448 3734 3501 sacerdoti-

2026 3525 2148 3589 bus,
2176 3531 2228 3580 et
2257 3526 2395 3596 oﬂer
2421 3541 2520 3596 pro
2553 3530 2603 3579 le
2661 3529 2993 3596 sacri/icium
3038 3532 3177 3599 quod
3223 3535 3478 3602 praecepit
3512 3535 3732 3603 Moyses,

2021 3617 2080 3669 in
2124 3617 2499 3670 testimonium
2534 3616 2643 3669 illis
2692 3617 2840 3684 (Luc.
2876 3633 2933 3683 v,
2978 3619 3062 3685 13,
3115 3621 3221 3689 14).
3272 3620 3490 3677 Deinde
3539 3623 3733 3693 qualis

2023 3704 2329 3758 mundatis
2361 3703 2683 3772 spiritualis
2717 3705 2905 3773 possit
2937 3705 3177 3779 intelligi
3212 3726 3434 3779 eorum,
3467 3727 3615 3782 quos
3647 3712 3741 3767 in-

2022 3801 2221 3861 gratos
2268 3792 2554 3847 exstitisse
2586 3791 2901 3864 redarguit.
2958 3798 3286 3853 Secundum
3323 3816 3536 3872 corpus
3574 3801 3727 3857 enim

2023 3880 2196 3936 facile
2225 3886 2314 3936 est
2342 3881 2534 3936 videre
2570 3898 2740 3953 posse
2772 3882 3070 3940 hominem
3105 3903 3217 3942 non
3246 3887 3455 3946 habere
3486 3891 3732 3963 lepram,

2021 3976 2078 4027 et
2110 3975 2303 4027 tamen
2338 3971 2518 4026 animi
2570 3987 2696 4028 esse
2729 3990 2841 4029 non
2875 3974 3041 4031 boni:
3077 3977 3399 4034 secundum
3440 3980 3733 4051 signiﬁca-

2022 4061 2240 4116 tionem
2275 4065 2472 4115 autem
2506 4061 2684 4132 hujus
2717 4063 3004 4133 miraculi,
3028 4068 3339 4123 conturbat
3358 4070 3734 4126 consideran-

2023 4156 2169 4218 tem,
2202 4151 2487 4223 quomodo
2520 4154 2780 4208 mundus
2813 4155 2922 4210 dici
2956 4157 3139 4226 possit
3170 4158 3457 4230 ingratus.

2095 4242 2478 4307 Quaerendum
2531 4243 2709 4313 igitur
2757 4249 2841 4299 est
2890 4245 3021 4314 quid
3059 4246 3185 4317 ipsa
3234 4248 3392 4318 lepra
3424 4250 3733 4321 signiﬁcet.

2024 4332 2147 4387 Non
2179 4332 2332 4387 enim
2366 4334 2697 4399 sanati,'sed
2724 4335 2985 4389 mundati
3008 4336 3286 4392 dicuntur
3307 4339 3407 4409 qui
3438 4354 3505 4393 ea
3530 4356 3736 4397 earne-

2024 4427 2165 4476 runt
2197 4438 2211 4477 :
2239 4421 2450 4477 coloris
2477 4421 2689 4493 quippe
2718 4423 2926 4477 vitium
2960 4430 3065 4491 est,
3102 4442 3213 4481 non
3248 4427 3599 4484 valetudinis
3633 4436 3735 4487 aut

2023 4510 2371 4580 integritatis
2402 4527 2680 4566 sensuum
2707 4517 2879 4581 atque
2905 4514 3318 4571 membrorum.
3342 4517 3579 4587 Leprosi
3599 4534 3736 4591 ergo

2024 4616 2139 4653 non
2171 4599 2423 4654 absurde
2459 4599 2702 4670 intelligi
2738 4606 2997 4670 possunt,
3024 4604 3122 4673 qui
3153 4604 3455 4661 scientiam
3487 4623 3635 4663 vera:
3666 4610 3735 4665 ﬁ-

2029 4688 2119 4743 dei
2149 4704 2263 4743 non
2286 4688 2584 4756 habentes,
2609 4690 2798 4745 varias
2818 4692 3117 4748 doctrinas
3134 4694 3483 4765 proﬁtentur
3497 4698 3731 4755 erroris.

2031 4776 2155 4833 Non
2186 4777 2341 4833 enim
2376 4778 2463 4833 vel
2512 4780 2878 4836 abscondunt
2910 4782 3262 4854 imperitiam
3293 4803 3482 4857 suam,
3506 4789 3604 4843 sed
3636 4806 3735 4859 pro

2029 4886 2266 4925 summa
2296 4869 2505 4941 peritia
2538 4871 2837 4941 proferunt
2866 4872 2924 4927 in
2958 4872 3166 4941 lucem,
3186 4880 3243 4931 et
3264 4877 3547 4947 jactantia
3569 4878 3589 4912 ³
3619 4894 3739 4933 ser-

2033 4958 2220 5016 monis
2258 4965 2572 5017 ostentant.
2606 4959 2776 5015 Nulla
2809 4979 2975 5033 porro
3026 4964 3171 5019 falsa
3209 4966 3467 5022 doctrina
3495 4974 3576 5021 est
3608 4982 3735 5036 qua:

2035 5067 2149 5106 non
2181 5049 2378 5121 aliqua
2407 5068 2540 5106 vera
2573 5050 2983 5107 intermisceat.
3018 5057 3166 5109 Vera
3197 5071 3333 5125 ergo
3388 5054 3545 5109 falsis
3574 5053 3734 5108 inor-

2030 5142 2227 5195 dinate
2259 5141 2565 5212 permixta,
2598 5142 2655 5197 in
2692 5158 2806 5198 una
2846 5143 3236 5214 disputatione
3268 5143 3354 5199 vel
3402 5144 3737 5200 narratione

2030 5232 2308 5298 hominis,
2344 5237 2623 5303 tanquam
2661 5233 2716 5285 in
2754 5233 2926 5287 unius
2959 5232 3215 5302 corporis
3238 5230 3427 5287 colore
3457 5248 3739 5304 apparen-

2030 5320 2130 5389 tia,
2165 5320 2499 5392 signiﬁcant
2528 5322 2773 5392 lepram,
2828 5325 3101 5387 tanquam
3136 5319 3287 5375 veris
3330 5319 3608 5393 falsisque
3638 5341 3740 5379 co-

2103 5504 2120 5541 1
2158 5503 2273 5551 Rat.
2300 5504 2352 5550 et
2383 5501 2476 5565 Ms.
2508 5497 2871 5565 Cistercieusia
2905 5498 3075 5565 vinum
3102 5502 3314 5565 pupulis
3341 5504 3644 5564 przbi'tui-a.

2102 5564 2123 5597 ²
2144 5565 2267 5629 Mss.
2300 5564 2467 5629 nostri
2492 5577 2702 5629 ‘omues,
2725 5562 3047 5629 jactantiam
3066 5580 3083 5610 .-
3118 5562 3177 5613 et
3201 5562 3357 5627 paulo
3393 5568 3529 5616 infra
3547 5581 3641 5629 pro
3664 5582 3741 5615 co-

2040 5625 2203 5673 lorum
2234 5627 2392 5687 fucis,
2427 5625 2641 5679 habent,
2689 5624 2912 5672 colorum
2944 5626 3085 5674 locis.

2845 5742 3423 5826 (Quarantc-trois.)
