4164 6192
402 229 557 292 1355

396 363 587 419 lorum
617 360 764 417 fucis
793 360 1052 414 humana
1083 374 1323 429 corpora
1354 360 1673 413 variantem
1707 360 1883 426 atque
1915 369 2104 409 macu-

397 453 635 508 iantem.
668 450 737 506 Hi
781 454 975 505 autem
1008 452 1127 503 tam
1179 447 1397 501 vitandi
1447 450 1587 501 sunt
1617 445 1905 507 Ecclesiae.
1944 448 2005 499 ut
2053 443 2101 499 si

396 542 518 597 fieri
554 543 755 612 potest,
786 538 1021 609 longius
1054 538 1259 593 remoti
1292 552 1500 606 magno
1532 534 1783 591 clamore
1812 534 2103 590 Christum

396 631 803 703 interpellent:
840 630 990 685 sicut
1021 631 1117 685 isti
1149 630 1344 683 decem
1378 633 1642 682 steterunt
1672 644 1710 681 α
1742 626 1915 696 longe,
1944 634 1996 679 et
2030 624 2099 679 le-

393 729 657 776 vaverunt
689 736 889 780 vocem.
940 718 1177 773 dicentes
1208 735 1227 773 :
1277 719 1405 773 Jesu
1458 723 1786 787 praceptor,
1842 715 2105 767 miserere

394 811 587 866 nostri.
623 809 769 866 Nam
802 813 859 864 et
925 808 1081 878 quod
1132 815 1543 877 praeceptorem
1575 807 1802 868 vocant,
1836 819 1950 873 quo
2000 817 2106 855 no-

396 900 554 956 mine
569 901 761 956 nescio
776 904 973 955 utrum
994 897 1306 969 quisquam
1320 894 1637 951 Dominum
1655 890 2107 963 interpellaverit

394 1007 495 1062 pro
529 991 822 1047 medicina
851 988 1162 1059 corporali,
1196 988 1341 1041 satis
1367 989 1502 1057 puto
1536 982 1862 1055 signiﬁcare
1885 980 2103 1051 lepram

392 1080 598 1136 falsam
629 1095 754 1136 esse
793 1077 1143 1143 doctrinam,
1177 1091 1356 1147 quam
1394 1074 1581 1130 bonus
1616 1080 1931 1145 praeceptor
1960 1070 2102 1126 abs-

394 1170 589 1239 tergit.

470 1256 871 1313 Sacerdotium
903 1271 1035 1311 vero
1080 1254 1420 1310 Judasorum
1452 1268 1624 1309 nemo
1672 1252 1791 1308 fere
1841 1250 2100 1307 fidelium

398 1347 627 1402 dubitat
656 1348 903 1417 tiguram
933 1346 1113 1401 fuisse
1145 1342 1324 1399 futuri
1346 1342 1647 1398 sacerdotii
1679 1341 1914 1414 regalis,
1948 1340 2102 1412 quod

396 1443 485 1495 est
512 1438 571 1494 in
605 1437 878 1505 Ecclesia,
914 1453 1027 1510 quo
1062 1438 1477 1492 consecrantur
1511 1450 1713 1490 omnes
1745 1432 2103 1505 pertinentes

395 1530 464 1583 ad
496 1545 708 1599 corpus
737 1526 974 1596 Christi,
1006 1526 1225 1581 summi
1257 1532 1310 1580 et
1360 1524 1479 1580 veri
1510 1523 1792 1596 principis
1831 1520 2104 1578 sacerdo-

388 1621 534 1673 tum.
570 1616 715 1672 Nam
747 1632 904 1671 nunc
933 1619 989 1670 et
1025 1630 1228 1671 omnes
1261 1618 1574 1685 unguntur,
1607 1612 1759 1684 quod
1790 1615 1933 1666 tunc
1960 1610 2109 1681 regi-

392 1707 508 1763 bus
538 1711 770 1763 tantum
794 1713 847 1761 et
878 1705 1277 1762 sacerdotibus
1302 1704 1472 1759 fiebat
1496 1718 1511 1760 :
1541 1710 1593 1758 et
1617 1702 1771 1774 quod
1800 1701 2107 1757 aitPetrus

398 1796 471 1852 ad
522 1796 905 1853 christianum
961 1795 1238 1867 populum
1296 1794 1577 1863 scribens,
1609 1793 1807 1862 Regale
1860 1790 2105 1847 sacerdo-

388 1886 530 1943 tium
555 1888 601 1959 (l
633 1889 784 1943 Petr.
820 1904 881 1952 ιι,
903 1888 995 1958 9);
1030 1891 1344 1957 utrumque
1376 1901 1585 1941 nomen
1616 1884 1696 1938 illi
1722 1882 1935 1955 populo
1962 1898 2099 1937 con-

390 1977 587 2033 venire
620 1977 954 2040 declaravit,
991 1994 1104 2048 quo
1136 1975 1234 2031 illa
1268 1976 1466 2031 unctio
1508 1974 1849 2047 pertinebat.
1884 1973 2101 2027 Caetera

390 2066 591 2139 itaque
607 2067 744 2123 vitia
766 2075 1043 2139 tanquam
1069 2065 1417 2121 valetudinis
1437 2069 1492 2119 et
1513 2064 1680 2135 quasi
1699 2063 2096 2118 membrorum

392 2159 601 2213 animae
620 2163 796 2229 atque
836 2173 1140 2224 sensuum,
1170 2173 1271 2227 per
1297 2157 1555 2226 seipsum
1587 2154 1836 2209 interius
1864 2153 1923 2207 in
1956 2168 2099 2208 con-

386 2248 631 2304 scientia
660 2252 717 2303 et
745 2248 1041 2303 intellectu
1076 2246 1361 2300 Dominus
1400 2250 1561 2299 sanat
1591 2249 1648 2299 et
1678 2242 1918 2314 corrigit
1950 2258 1963 2297 :
1997 2242 2097 2295 do-

385 2338 574 2393 ctrina
602 2353 736 2392 vero
764 2335 853 2392 vel
885 2337 1180 2391 imbuendi
1207 2352 1306 2406 per
1326 2335 1719 2400 Sacramenta,
1738 2332 1825 2388 vel
1848 2332 2097 2387 catechi-

388 2426 559 2482 zandi
592 2442 694 2497 per
723 2441 1049 2481 sermonem
1094 2429 1399 2480 sonantem
1437 2428 1612 2495 atque
1658 2422 1985 2486 lectionem,
2018 2422 2093 2475 ub

388 2516 547 2572 color
572 2516 811 2588 quidam
842 2514 1191 2585 intelligitur
1240 2529 1406 2567 verus
1438 2518 1607 2581 atque
1639 2510 1921 2576 sincerus,
1956 2511 2095 2582 quia

382 2605 441 2659 in
477 2612 744 2676 promptu
778 2611 864 2659 est
895 2608 950 2657 et
984 2603 1122 2657 foris
1155 2601 1657 2657 eminentissimus
1692 2602 1826 2670 (non
1856 2602 2010 2656 enim
2035 2600 2092 2656 in

374 2692 620 2749 occultis
652 2692 1133 2763 cogitationibus,
1162 2691 1257 2746 sed
1299 2690 1357 2745 in
1392 2689 1719 2745 manifestis
1752 2690 2096 2761 operationi-

373 2782 487 2836 bus
521 2781 645 2837 haec
692 2780 989 2853 aguntur),
1025 2780 1297 2836 Ecclesia
1329 2780 1558 2850 prOprie
1599 2779 1933 2835 contributa
1980 2785 2090 2837 est.

376 2870 579 2940 Itaque
610 2877 665 2925 et
695 2870 909 2924 Paulus
941 2884 1079 2924 voce
1110 2868 1339 2923 Domini
1372 2869 1591 2936 audita,
1629 2869 1768 2937 Quid
1799 2885 1885 2925 me
1914 2885 2092 2940 persc-

377 2959 617 3031 queris?
646 2964 722 3025 et,
773 2962 887 3031 Ego
919 2975 1039 3013 sum
1087 2960 1256 3027 Jesus,
1308 2976 1466 3030 quem
1497 2964 1557 3014 tu
1595 2961 1935 3031 persequeris
1964 2976 1988 3027 ;
2018 2962 2089 3017 ad

375 3050 661 3106 Ananiam
696 3054 889 3105 tamen
924 3049 1141 3105 missus
1167 3058 1273 3118 est,
1296 3055 1358 3105 ut
1379 3050 1475 3105 illo
1500 3051 1824 3106 sacerdotio
1856 3052 2010 3122 quod
2032 3051 2088 3106 in

375 3139 631 3197 Ecclesia
652 3139 1031 3196 constitutum
1062 3144 1170 3207 est,
1204 3144 1631 3195 sacramentum
1658 3140 1930 3195 doctrinae
1963 3142 2091 3198 fidei

372 3228 711 3298 perciperet,
744 3233 802 3283 et
834 3244 1002 3284 verus
1042 3228 1171 3299 ejus
1202 3229 1617 3299 approbaretur
1647 3228 1805 3284 color
1833 3231 1967 3299 (Act.
2012 3248 2088 3299 1x,

371 3318 554 3388 4-19).
592 3318 714 3375 Νοη
757 3318 892 3390 quia
942 3335 1056 3374 non
1117 3327 1303 3390 potest
1352 3335 1453 3390 per
1496 3319 1753 3390 seipsum
1804 3318 2091 3376 Dominus

375 3410 577 3465 omnia
607 3411 831 3475 facere;
864 3426 998 3465 nam
1031 3410 1160 3481 quis
1192 3410 1343 3465 alius
1376 3410 1493 3464 haec
1520 3410 1653 3465 facit
1683 3411 1859 3467 etiam
1892 3412 1950 3467 in
1985 3411 2092 3467 Ec-

375 3498 604 3555 clesia?
627 3501 724 3555 sed
759 3503 822 3554 ut
854 3501 981 3571 ipsa
1014 3500 1257 3556 societas
1288 3504 1767 3571 congregatorum
1802 3500 2085 3564 ﬁdelium,

376 3590 756 3661 approbando
799 3590 855 3644 in
906 3590 1150 3645 invicem
1204 3594 1377 3661 atque
1416 3589 1902 3645 communicando
1944 3607 2087 3647 verre

375 3678 512 3734 fidei
544 3679 866 3735 doctrinam
900 3680 956 3734 in
992 3681 1268 3735 omnibus
1301 3696 1424 3750 qua:
1452 3678 1721 3736 dicuntur
1754 3682 1967 3748 verbis,
1998 3682 2085 3737 vel

374 3767 691 3839 signantur
720 3770 1124 3833 sacramentis,
1161 3776 1439 3842 tauquam
1476 3787 1651 3825 unam
1687 3772 1943 3841 speciem
1966 3774 2089 3828 veri

376 3856 587 3912 coloris
614 3856 883 3913 obducat.
920 3858 999 3912 Ad
1038 3860 1142 3915 hoc
1173 3859 1343 3914 etiam
1371 3858 1615 3931 pertinet
1639 3860 1796 3931 quod
1822 3862 1973 3917 idem
2005 3863 2090 3918 di—

376 3948 453 4005 cit
484 3948 811 4019 apostolus:
842 3969 866 4000 ι
891 3948 1107 4005 Deinde
1139 3954 1261 4020 post
1312 3966 1497 4005 annos
1529 3953 1967 4021 quatuordecim
2000 3971 2090 4009 as-

377 4037 544 4094 cendi
566 4038 980 4111 Jerosolymam
1016 4056 1147 4095 cum
1194 4040 1458 4096 Barnaba
1485 4046 1820 4112 ,assumpto
1852 4046 1908 4097 et
1937 4043 2084 4098 Tito.

374 4128 627 4184 Ascendi
658 4133 850 4183 autem
884 4128 1208 4185 secundum
1262 4130 1671 4186 revelationem
1708 4148 1720 4196 ;
1764 4136 1819 4187 et
1850 4134 2086 4203 exposui

374 4216 456 4273 eis
487 4217 868 4290 Evangelium
921 4220 1075 4291 quod
1112 4220 1359 4290 praadico
1408 4220 1464 4275 in
1499 4219 1789 4291 gentibus,
1825 4237 2083 4277 seorsum

375 4311 567 4363 autem
595 4306 668 4363 iis
699 4307 799 4380 qui
826 4307 1210 4364 videbantur‘
1238 4326 1343 4365 :ne
1366 4310 1510 4365 forte
1540 4308 1599 4363 in
1623 4325 1869 4365 vacuum
1892 4327 2083 4379 curro,

371 4404 473 4455 aut
502 4399 752 4455 cucurri.
790 4422 818 4449 »
849 4400 919 4455 Et
967 4400 1141 4470 paulo
1184 4406 1310 4471 post
1349 4416 1361 4456 :
1399 4423 1424 4449 ‹‹
1459 4400 1603 4455 Cum
1654 4401 2083 4472 cognovissent,

375 4490 588 4560 inquit,
622 4492 874 4563 gratiam
899 4509 1026 4564 qua:
1058 4493 1193 4548 data
1216 4496 1307 4548 est
1338 4491 1476 4548 mihi
1503 4492 2003 4558 Jacobus,Petrus
2033 4501 2088 4548 et

372 4580 650 4649 Joannes,
678 4582 777 4653 qui
821 4583 1164 4639 videbantur
1188 4584 1474 4639 columna:
1507 4601 1655 4652 esse,
1689 4585 1953 4641 dexteras
1986 4584 2086 4640 de-

373 4669 586 4725 derunt
618 4672 758 4725 mihi
792 4671 1138 4728 etBarnabte
1170 4673 1465 4729 societatis
1497 4674 1698 4742 (Galat.
1736 4692 1799 4740 ii,
1833 4677 1884 4739 1,
1915 4675 1969 4743 2,
2003 4676 2081 4746 9).

370 4760 503 4831 Ipsa
531 4759 688 4814 enim
722 4758 952 4815 collatio
1004 4777 1179 4816 unam
1231 4762 1505 4817 doctrina:
1558 4760 1806 4833 speciem
1850 4762 2082 4818 exclusa

371 4849 533 4905 omni
571 4848 845 4904 varietate
904 4851 1307 4907 monstrabat:
1351 4852 1507 4922 quod
1554 4851 1869 4907 salubriter
1908 4853 2081 4910 etiam

370 4939 705 4997 Corinthios
799 4946 1017 5009 monet,
1107 4942 1325 5009 dicens,
1405 4941 1633 4998 Obsecro
1715 4948 1901 4999 autem
1968 4960 2080 5013 vos,

368 5033 598 5100 fratres,
627 5046 730 5101 per
757 5046 952 5086 nomen
988 5031 1203 5086 Domini
1231 5034 1409 5088 nostri
1452 5033 1575 5088 Jesu
1625 5032 1849 5099 Christi,
1900 5041 1960 5089 ut
2009 5036 2085 5090 id-

371 5109 546 5189 ipsum
580 5121 781 5177 dicatis
810 5136 995 5177 omnes
1020 5120 1163 5188 (Cor.
1198 5138 1237 5190 ι,
1274 5120 1383 5192 10).
1419 5121 1720 5178 Cornelius
1746 5123 1919 5178 etiam
1954 5140 2083 5181 cum

437 5301 630 5373 ιιεάίιξ,
667 5305 977 5373 videbantur
1010 5322 1119 5373 esse
1149 5306 1375 5373 aliquid.
1392 5308 1513 5373 Mss.
1541 5310 1788 5373 quatuor,
1821 5308 2083 5373 uidentur,

374 5363 479 5438 qui
511 5364 1002 5438 cod‘ices._aiiiquee
1024 5372 1148 5438 Mss.
1177 5363 1285 5438 non
1303 5372 1525 5438 addunt,
1550 5363 2083 5438 essen/Aiq'uidiquod

375 5427 535 5491 etiam
572 5426 638 5475 ab
671 5426 905 5491 antiquis
929 5433 1339 5484 Corbeiensibus
1360 5426 1617 5484 versiouis
1644 5426 1877 5491 Vulg'atae
1898 5426 2084 5483 Bibliis

376 5489 563 5561 abest;
589 5489 837 5561 nequein
858 5507 1031 5561 graeco
1049 5501 1195 5545 textu
1217 5497 1457 5559 Apostoli
1482 5502 1561 5547 est
1579 5498 1697 5557 nisi,
1722 5489 1820 5545 tots
1843 5494 2080 5561 dokousi,

376 5550 429 5624 id
462 5555 560 5624 est,
580 5552 733 5623 juxta
756 5550 1042 5624 Augustini,
1072 5550 1458 5624 cariosiiionem
1502 5563 1554 5610 in
1585 5550 1816 5623 Epistula
1840 5560 1905 5610 ad
1927 5550 2083 5610 Gala:-

374 5618 478 5673 tas,
514 5616 590 5663 eis
621 5619 711 5676 qui
744 5616 1052 5667 eminebant
1081 5622 1132 5666 in
1166 5620 1414 5672 Ecclesia.

1261 222 1791 294 QUIESTIONUM
1839 218 2481 289 EVANGELIORUM,
2530 224 2592 284 S.
2640 221 3063 286 AUGUSTINI

3769 227 3925 288 1556

2212 363 2265 409 et
2295 353 2677 427 eieemosynm
2706 359 2835 427 ejus
2888 361 3157 429 acceptae,
3190 360 3245 413 et
3290 373 3489 429 preces
3537 358 3667 430 ejus
3717 360 3923 416 auditas

2214 442 2299 497 illi
2332 445 2403 497 ab
2435 444 2636 515 angelo
2679 447 3043 515 nuntientur,
3104 450 3335 519 propter
3399 448 3674 505 doctrinas
3734 458 3923 506 tamen

2214 532 2837 606 Sacramentorumque
2861 538 3142 591 unitatem
3177 537 3250 591 ad
3276 537 3763 609 Petrumjuhetur
3786 542 3893 597 mit

2213 626 2355 688 tere,
2388 629 2665 695 tanquam
2700 624 2784 678 illi
2817 631 2874 679 et
2906 626 3028 680 suis
3057 626 3366 687 diceretur.
3410 629 3503 696 Ite,
3536 629 3802 684 ostendite
3830 647 3924 687 vos

2213 712 2607 769 sacerdotibus.
2642 714 2787 769 Nam
2821 719 2877 769 et
2906 730 3039 771 eum
3094 717 3265 784 irent,
3302 719 3567 773 mundati
3600 726 3758 774 sunt.
3787 720 3923 776 Jam

2215 804 2371 857 enim
2405 805 2474 858 ad
2508 820 2605 859 eos
2633 809 2869 859 venerat
2902 804 3124 872 Petrus,
3158 806 3258 860 sed
3295 812 3490 862 tamen
3515 808 3625 880 ipsi
3658 811 3924 865 nondum

2216 901 2447 964 accepto
2472 893 2849 964 Baptismatis
2868 904 3250 962 sacramento,
3270 897 3528 952 nondum
3550 898 3927 968 spiritualiter

2215 984 2283 1039 ad
2318 984 2645 1039 sacerdotes
2689 989 3069 1055 pervenerant
3102 1004 3116 1054 ;
3149 990 3207 1041 et
3239 990 3434 1042 tamen
3460 986 3751 1043 infusione
3782 987 3920 1059 Spi-

2214 1072 2363 1128 ritus
2395 1074 2604 1143 sancti,
2636 1079 2694 1130 et
2733 1075 3113 1131 admiratione
3145 1074 3480 1148 linguarum
3512 1093 3713 1133 eorum
3748 1093 3922 1133 mun-

2215 1160 2373 1216 datio
2404 1162 2690 1219 declarata
2722 1168 2811 1220 est
2843 1166 2976 1233 (Act.
3010 1182 3066 1234 x,
3098 1164 3213 1236 44).

2286 1253 2420 1317 Quae
2450 1268 2585 1308 cum
2618 1256 2697 1309 ita
2718 1270 2779 1309 se
2811 1253 3080 1323 habeant,
3104 1255 3231 1325 jam
3266 1254 3433 1312 facile
3463 1259 3551 1311 est
3571 1255 3741 1312 etiam
3775 1256 3919 1313 illud

2212 1340 2429 1407 videre,
2462 1342 2583 1399 fieri
2617 1359 2787 1415 posse
2819 1348 2882 1400 ut
2921 1344 3174 1415 quisque
3221 1343 3281 1399 in
3330 1344 3596 1402 Ecclesiae
3645 1345 3921 1403 societate

2213 1431 2533 1488 doctrinam
2566 1434 2853 1506 integram
2896 1450 3206 1507 veramque
3248 1440 3612 1507 assequatur,
3634 1441 3693 1492 et
3721 1437 3922 1495 omnia

2214 1524 2536 1579 secundum
2568 1524 2868 1582 catholicae
2903 1525 3034 1582 fidei
3057 1525 3319 1598 regulam
3342 1525 3629 1583 odisserat
3651 1526 3692 1595 ‘,
3715 1528 3920 1584 distin-

2215 1616 2357 1684 guat
2384 1630 2415 1667 a
2446 1614 2713 1671 Creatore
2760 1618 3110 1679 creaturam,
3163 1630 3342 1687 eoque
3389 1615 3788 1672 manifestatur
3818 1634 3917 1672 va-

2216 1702 2418 1759 rietate
2441 1704 2876 1761 mendaciorum
2912 1710 3188 1775 tanquam
3220 1704 3379 1777 lepra
3408 1705 3666 1763 caruisse
3707 1721 3722 1763 :
3753 1710 3810 1762 et
3833 1710 3919 1763 ta-

2214 1809 2347 1849 men
2379 1794 2642 1867 ingratus
2668 1796 2746 1851 sit
2770 1797 2880 1852 Deo
2911 1803 2963 1851 et
2990 1794 3234 1850 Domino
3258 1794 3589 1852 mundatori
3613 1813 3719 1853 suo
3743 1817 3758 1865 ;
3782 1798 3916 1871 quia

2211 1883 2399 1941 elatus
2424 1886 2719 1957 superbia,
2742 1886 3056 1957 gratiarum
3088 1885 3443 1957 agendarum
3470 1886 3563 1956 pia
3591 1887 3915 1944 humilitate

2212 1992 2326 2031 non
2360 1976 2656 2045 sternitur,
2688 1974 3011 2045 similisque
3033 1974 3417 2030 efficiturillis
3445 1976 3516 2031 de
3538 1976 3749 2046 quibus
3781 1978 3917 2034 dicit

2209 2066 2535 2137 Apostolus,
2569 2067 2676 2133 Qui
2707 2081 2829 2120 cum
2858 2066 3228 2135 cognovissent
3274 2066 3460 2133 Deum,
3490 2080 3599 2120 non
3631 2073 3694 2119 ut
3737 2069 3915 2123 Deum

2211 2153 2728 2223 magniﬁcaverunt,
2777 2159 2875 2206 aut
2928 2153 3135 2222 gratias
3182 2159 3420 2223 egerunt
3473 2152 3648 2222 (liam.
3708 2169 3750 2222 ι,
3799 2156 3910 2226 2i).

2207 2243 2372 2308 Quod
2402 2243 2557 2297 enim
2586 2241 2725 2297 dicit
2753 2257 2852 2297 eos
2882 2246 3061 2296 Deum
3095 2238 3449 2311 cognovisse,
3493 2242 3751 2297 ostendit
3782 2246 3914 2313 qui-

2207 2334 2337 2388 dem
2362 2350 2393 2388 a
2422 2332 2583 2402 lepra
2614 2332 2793 2387 fuisse
2816 2331 3141 2399 mundatos,
3165 2330 3262 2385 sed
3287 2335 3482 2386 tamen
3510 2331 3709 2387 statim
3741 2350 3913 2388 accu-

2206 2432 2294 2477 sat
2323 2422 2602 2493 ingratos.
2638 2421 2888 2493 Ideoque
2920 2420 3060 2475 tales
3094 2421 3148 2475 in
3177 2420 3488 2476 novenario
3520 2436 3765 2477 numero
3790 2429 3911 2478 tan-

2204 2528 2378 2583 quam
2413 2509 2734 2582 imperfecti
2768 2508 3380 2565 remanebunt.Unum
3404 2509 3558 2565 enim
3582 2509 3631 2565 si
3665 2510 3913 2567 addatur

2203 2603 2274 2656 ad
2318 2616 2542 2669 novem,
2594 2599 2850 2672 quaedam
2900 2598 3122 2673 effigies
3164 2598 3404 2654 unitatis
3446 2598 3758 2670 impletur:
3793 2618 3906 2673 quo

2202 2691 2269 2747 fit
2298 2694 2458 2747 tanta
2488 2689 2819 2761 eompletio,
2851 2694 2914 2744 ut
2946 2690 3098 2745 ultra
3127 2706 3242 2746 non
3268 2690 3674 2762 progrediatur
3702 2706 3909 2748 nume.

2207 2797 2332 2850 rus,
2363 2780 2477 2835 nisi
2513 2796 2717 2836 rursus
2740 2780 2809 2835 ad
2850 2796 3031 2835 unum
3065 2780 3372 2847 redeatur;
3404 2783 3461 2835 et
3491 2779 3609 2836 haec
3642 2796 3743 2851 per
3768 2780 3907 2837 inli-

2203 2871 2446 2927 nitatem
2480 2870 2711 2925 numeri
2736 2870 2935 2942 regula
2968 2870 3350 2926 custodiatur.
3371 2869 3585 2926 Novem
3610 2870 3805 2942 itaque
3829 2871 3907 2927 in-

2201 2960 2401 3033 digent
2427 2977 2564 3028 uno,
2600 2964 2663 3016 ut
2694 2964 2942 3033 quadam
2971 2960 3215 3017 unitatis
3242 2961 3417 3016 forma
3448 2961 3831 3033 coagulentur
3852 2966 3907 3018 et

2202 3050 2401 3105 decem
2435 3051 2581 3107 sint:
2620 3067 2802 3107 unum
2831 3054 3023 3106 autem
3052 3067 3163 3106 non
3183 3051 3264 3105 eis
3294 3050 3517 3124 indiget
3534 3056 3597 3106 ut
3615 3051 3906 3107 custodiat

2202 3140 2507 3195 unitatem.
2542 3140 2949 3208 Quamobrem,
2977 3146 3040 3195 ut
3072 3139 3154 3194 illi
3187 3156 3391 3195 novem
3426 3140 3520 3211 qui
3553 3140 3759 3214 gratias
3791 3157 3904 3197 non

2201 3234 2464 3301 egerunt,
2516 3231 2744 3302 reprobi
2776 3230 2985 3295 eti‘ecti,
3016 3247 3050 3287 a
3097 3231 3382 3287 consortio
3415 3230 3657 3287 unitatis
3686 3231 3903 3288 exclusi

2202 3328 2336 3374 sunt
2370 3337 2384 3387 ;
2418 3321 2495 3376 ita
2527 3337 2680 3375 unus
2727 3319 2823 3375 ille
2855 3321 2951 3391 qui
2981 3321 3200 3391 gratias
3232 3322 3369 3391 egit,
3404 3322 3589 3379 unicae
3637 3322 3905 3378 Ecclesia:

2201 3409 2625 3481 significatione
2655 3410 3014 3481 approbatus
3045 3419 3215 3481 atque
3237 3409 3508 3465 laudatus
3538 3415 3648 3466 est.
3674 3412 3739 3465 Et
3772 3413 3905 3481 quia

2200 3498 2284 3553 illi
2317 3502 2481 3555 erant
2510 3498 2715 3565 Judaei,
2778 3498 3040 3553 amisisse
3091 3514 3190 3569 per
3245 3499 3579 3571 superbiam
3630 3499 3903 3556 declarati

2200 3592 2587 3659 suntregnum
2612 3586 2913 3655 caelorum,
2931 3588 3031 3642 ubi
3050 3588 3297 3643 maxime
3323 3587 3517 3643 unitas
3540 3588 3895 3645 custoditur:

2199 3678 2307 3734 iste
2337 3693 2468 3733 vero
2511 3676 2612 3749 qui
2650 3680 2775 3733 erat
2823 3678 3251 3743 Samaritanus,
3285 3678 3436 3749 quod
3489 3679 3905 3748 interpretatur

2200 3767 2429 3834 Custos,
2466 3767 2544 3823 illi
2577 3784 2609 3822 a
2655 3784 2770 3838 quo
2802 3767 3024 3835 accepit
3054 3768 3317 3823 tribuens
3367 3767 3520 3837 quod
3572 3767 3817 3837 accepit,
3850 3776 3905 3823 et

2199 3856 2629 3926 quodammodo
2660 3860 2903 3913 cantans
2936 3855 3077 3910 illud
3111 3856 3182 3911 de
3213 3854 3461 3924 Pssimo,
3500 3855 3903 3912 Fortitudinem

2197 3961 2376 4001 meam
2400 3946 2468 4001 ad
2500 3953 2554 4001 te
2578 3946 2876 4003 custodiam
2900 3946 3069 4015 (Psat.
3102 3961 3256 4013 LVIII,
3290 3946 3414 4016 10);
3450 3961 3549 4017 per
3578 3944 3899 4016 gratiarum

2196 4034 2479 4093 actionem
2526 4036 2642 4106 regi
2674 4036 3002 4107 subjectus,
3036 4035 3321 4091 unitatem
3364 4034 3523 4104 regni
3554 4033 3766 4089 humili
3798 4034 3901 4089 de-

2198 4125 2425 4181 votione
2458 4126 2727 4184 servavit.

2269 4215 2408 4271 XLI.
2444 4216 2552 4288 [1b.
2585 4232 2723 4282 xvn,
2755 4217 2868 4287 3L]
2920 4216 3063 4283 Quid
3098 4220 3186 4272 est
3234 4218 3388 4288 quod
3422 4215 3565 4271 dicit
3599 4214 3900 4281 Dominus,

2197 4305 2302 4374 Qui
2329 4308 2506 4375 fuerit
2537 4308 2595 4360 in
2625 4311 2777 4374 tecto,
2808 4313 2861 4362 et
2891 4323 3021 4361 vasa
3043 4306 3158 4376 ejus
3178 4308 3237 4360 in
3267 4306 3442 4372 domo,
3474 4320 3587 4360 non
3616 4304 3907 4361 descendat

2194 4396 2384 4453 tollere
2415 4396 2561 4451 illa?
2594 4398 2649 4451 In
2681 4399 2822 4452 tecto
2863 4400 2970 4463 est,
3004 4395 3103 4465 qui
3134 4395 3417 4450 excedens
3466 4394 3746 4463 carnalia,
3781 4404 3905 4449 tan-

2195 4502 2373 4557 quam
2419 4486 2475 4541 in
2510 4503 2648 4541 aura
2680 4485 2864 4542 libera
2900 4484 3279 4557 spirituaiiter
3314 4483 3471 4539 vivit.
3510 4484 3644 4539 Vasa
3681 4483 3798 4555 ejus
3843 4486 3901 4539 in

2194 4577 2370 4637 domo.
2392 4581 2530 4631 sunt
2556 4592 2767 4632 sensus
2790 4575 3075 4644 carnales,
3100 4573 3316 4646 quibus
3339 4574 3409 4628 ad
3436 4572 3900 4641 investigandum

2194 4666 2510 4728 veritatem,
2546 4681 2668 4737 qua:
2700 4665 2994 4721 intellectu
3018 4664 3265 4736 capitur,
3302 4662 3468 4718 multi
3502 4670 3723 4718 utentes
3746 4662 3904 4730 peni-

2192 4760 2287 4810 tus
2319 4760 2680 4811 erraverunt.
2723 4755 2909 4826 Hujus
2955 4770 3089 4826 ergo
3129 4751 3447 4823 spiritualis
3486 4750 3736 4821 virijam
3767 4768 3901 4806 vasa

2192 4845 2304 4900 ista
2337 4852 2544 4902 vacant
2591 4846 2649 4900 in
2682 4846 2892 4913 domo;
2928 4843 3063 4914 quia
3094 4848 3289 4898 mente
3319 4841 3543 4914 corpori
3581 4840 3903 4913 superemi-

2193 4950 2337 4990 nens
2358 4950 2461 5008 per
2480 4935 2659 4991 aciem
2681 4932 3077 5003 intelligentiae
3099 4931 3452 5003 tanquamin
3476 4934 3628 4988 tecto
3652 4929 3895 5002 positus.

2191 5024 2601 5097 perspicuitate
2631 5023 2930 5097 sapientiae
2978 5021 3155 5078 veluti
3186 5020 3331 5079 caelo
3362 5020 3731 5094 apertissimo
3763 5018 3903 5074 fruit

2200 5121 2314 5170 tur.
2348 5114 2559 5170 Caveat
2588 5130 2724 5187 ergo
2758 5116 2885 5181 iste,
2918 5128 2989 5168 ne
3019 5113 3078 5167 in
3129 5112 3222 5168 die
3271 5110 3664 5168 tribulationis
3695 5125 3901 5165 rursus

2198 5206 2309 5259 vita
2345 5202 2584 5273 carnali,
2617 5220 2741 5274 qua
2773 5218 2872 5272 per
2920 5218 3129 5259 sensus
3177 5202 3437 5274 corporis
3486 5200 3765 5271 pascitur,
3796 5199 3902 5253 de-

2196 5295 2465 5364 lectatus,
2494 5295 2564 5350 ad
2598 5304 2732 5349 vasa
2765 5292 3104 5365 hujusmodi
3135 5292 3393 5349 tollenda
3422 5288 3755 5347 descendat.

2257 5494 2285 5557 71,
2308 5492 2438 5542 Tres
2469 5492 2652 5557 probae
2684 5498 2824 5544 notae
2871 5484 3901 5557 Mss,secundumCatholicz‘regulam

2198 5550 2727 5619 edisseralfromisso,
2759 5558 2888 5618 ﬁdei
2956 5557 3119 5617 Alius,
3162 5552 3444 5604 secundum
3475 5550 3791 5601 catholicam
3816 5564 3903 5598 re-

2199 5620 2382 5680 gulam
2414 5618 2686 5671 ειη-κεναί.
