4170 6188
237 260 388 323 135⁸1

302 393 597 467 XLII.[Ib.
630 410 767 449 xvu.
801 392 916 463 31.]
956 390 1104 456 Quid
1153 396 1237 445 est
1277 388 1428 460 quod
1471 388 1691 445 dictum
1736 391 1850 451 est.
1883 388 1948 440 Et

239 486 331 558 qui
357 488 416 541 in
445 501 580 553 agro
606 486 801 553 fuerit,
832 482 1095 538 similiter
1116 495 1227 534 non
1260 478 1442 535 redeat
1472 488 1620 535 retro
1641 481 1668 534 ?
1688 479 1795 544 Qui
1814 492 1949 547 ope-

244 584 393 630 ratur
423 575 485 629 in
520 572 797 637 Ecclesia,
834 571 985 626 sicut
1013 568 1232 625 Paulus
1261 576 1317 623 et
1364 568 1573 639 Apollo
1623 569 1846 637 plantat
1894 568 1952 619 et

245 664 380 731 rigat
410 663 460 735 (I
497 662 619 719 Cor.
660 679 746 731 ιιι,
775 662 854 733 6),
900 676 1013 716 non
1054 658 1324 730 respiciat
1368 673 1531 729 spem
1584 657 1945 721 saecularem,

246 756 330 811 cui
366 754 745 810 renuntiavit.

312 844 508 899 XLIII.
542 844 650 915 [1b.
684 859 818 911 xvn,
849 840 961 916 32.]
992 841 1135 905 Quid
1177 838 1527 913 significavit
1571 855 1714 893 uxor
1760 835 1903 892 Loth
1926 835 1954 891 ?

248 933 350 988 Eos
383 933 485 1002 qui
516 931 575 987 in
610 930 983 987 tribulatione
1016 936 1167 985 retro
1192 928 1533 1000 respiciunt,
1574 932 1631 981 et
1662 942 1715 981 se
1749 926 1819 980 ab
1854 937 1954 993 spe

246 1022 453 1078 divine
499 1021 908 1093 promissionis
958 1023 1243 1076 avertunt.
1281 1020 1349 1074 Et
1396 1018 1526 1074 ideo
1575 1020 1763 1071 statua
1813 1011 1955 1069 salis

244 1110 397 1167 facta
425 1117 537 1176 est,
572 1116 637 1167 ut
664 1110 1037 1167 admonendo
1063 1109 1319 1165 homines
1344 1124 1414 1163 ne
1436 1108 1541 1163 hoc
1568 1106 1802 1171 faciant,
1832 1108 1959 1158 tan-

246 1218 426 1274 quam
458 1204 695 1258 condiat
714 1218 815 1258 cor
847 1218 1043 1257 eorum
1080 1217 1150 1256 ne
1176 1200 1295 1255 sint
1326 1200 1486 1255 fatui.

312 1293 498 1350 XLIV.
535 1294 641 1364 [lb.
671 1309 812 1359 xv",
844 1292 934 1359 34,
966 1291 1080 1362 35.]
1112 1290 1219 1354 Qui
1252 1295 1391 1346 sunt
1421 1289 1479 1344 in
1515 1288 1616 1343 illa
1648 1293 1800 1343 nocte
1855 1284 1959 1340 duo

250 1388 301 1440 in
334 1385 497 1451 lecto,
521 1392 573 1438 et
599 1383 722 1437 duae
751 1382 1011 1437 metentes
1044 1382 1100 1435 in
1133 1396 1328 1447 unum,
1360 1387 1413 1435 et
1458 1380 1562 1435 duo
1597 1380 1657 1433 in
1702 1392 1857 1446 agro,
1891 1376 1960 1429 de

251 1475 468 1548 quibus
500 1473 775 1529 omnibus
808 1471 963 1526 binis
1004 1469 1219 1542 singuli
1244 1473 1641 1535 assumantur,
1665 1472 1721 1523 et
1743 1464 1965 1537 singuli

253 1564 663 1634 relinquentur
683 1561 711 1616 ‘t
730 1561 867 1617 Tria
889 1576 1105 1633 genera
1132 1559 1433 1615 hominum
1455 1558 1549 1613 hic
1571 1556 1863 1621 videntur,
1884 1554 1962 1609 si-

254 1653 516 1725 gniﬁcari
549 1667 565 1707 :
600 1668 783 1707 unum
813 1666 1013 1706 eorum
1036 1650 1137 1721 qui
1159 1649 1342 1704 otium
1366 1652 1422 1703 et
1443 1649 1697 1720 quietem
1721 1645 1964 1714 eligunt,

260 1759 442 1813 neque
467 1740 723 1813 negotiis
756 1737 1139 1795 saacularibus
1171 1752 1355 1808 neque
1404 1735 1652 1808 negotiis
1694 1732 1966 1789 ecclesia-

261 1833 426 1889 sticis
456 1830 763 1902 occupati;
787 1845 914 1901 quae
940 1827 1171 1883 illorum
1197 1827 1364 1898 quies
1386 1825 1515 1881 lecti
1539 1823 1774 1880 nomine
1796 1822 1971 1893 signi-

265 1926 425 1981 ﬁcata
456 1931 547 1979 est
580 1938 595 1978 :
628 1922 880 1977 alterum
911 1936 1111 1975 eorum
1144 1920 1245 1990 qui
1276 1918 1334 1971 in
1370 1915 1639 1989 plebibus
1662 1912 1970 1971 constituti

262 2020 543 2089 reguntur
573 2031 609 2070 a
637 2012 997 2069 doctioribus
1032 2015 1073 2078 ί,
1107 2013 1344 2082 agentes
1367 2024 1435 2064 ea
1474 2023 1598 2079 quae
1623 2011 1760 2061 sunt
1793 2004 1970 2075 hujus

261 2106 489 2172 saeculi;
526 2121 675 2178 quos
708 2108 764 2159 et
795 2102 1145 2157 feminarum
1180 2099 1415 2155 nomine
1437 2097 1803 2167 signiﬁcavit,
1829 2096 1971 2166 quia

259 2194 539 2264 consiliis,
569 2197 635 2249 ut
664 2192 802 2260 dixi,
833 2190 1172 2262 peritorum,
1207 2188 1324 2258 regi
1368 2187 1450 2242 eis
1473 2186 1696 2256 expedit
1722 2200 1735 2250 ;
1768 2188 1823 2239 et
1853 2200 1972 2238 mo-

256 2286 438 2342 lentes
469 2286 641 2351 dixit,
679 2292 913 2355 propter
941 2276 1355 2350 temporalium
1389 2275 1751 2349 negotiorum
1771 2274 1970 2328 urbem

255 2382 429 2446 atque
446 2374 756 2430 circuitum
778 2387 793 2437 ;
816 2386 967 2442 quas
986 2374 1184 2424 tamen
1211 2367 1270 2422 in
1295 2382 1479 2421 unum
1500 2364 1782 2421 molentcs
1804 2362 1970 2431 dixit,

258 2466 313 2520 in
339 2469 637 2536 quantum
662 2462 731 2516 de
752 2460 900 2533 ipsis
934 2459 1106 2513 rebus
1143 2462 1201 2512 et
1250 2456 1499 2528 negotiis
1545 2455 1669 2510 suis
1721 2455 1974 2523 praebent

258 2557 469 2610 usibus
502 2551 821 2608 Ecclesiae:
866 2549 1100 2603 tertium
1147 2563 1350 2604 eorum
1402 2545 1504 2615 qui
1552 2548 1866 2615 operantur
1913 2543 1973 2597 in

261 2646 531 2702 Ecclesia
557 2642 879 2698 ministerio
911 2650 1189 2711 tanquam
1214 2640 1270 2693 in
1294 2655 1430 2707 agro
1453 2638 1575 2703 Dei,
1600 2638 1671 2691 de
1692 2652 1805 2707 qua
1826 2634 1979 2706 agri-

267 2736 504 2792 cultura
563 2732 877 2805 Apostolus
929 2731 1188 2802 loquitur
1234 2729 1279 2799 (I
1339 2728 1458 2784 Cor.
1482 2743 1568 2795 ιιι,
1600 2730 1652 2793 9,
1680 2727 1757 2793 9).
1791 2728 1855 2781 In
1886 2725 1976 2781 his

264 2842 402 2897 ergo
437 2824 633 2879 tribus
662 2821 979 2895 generibus
998 2820 1135 2873 bina
1158 2823 1299 2874 sunt
1322 2833 1522 2872 rursus
1539 2832 1751 2887 genera
1786 2814 1977 2869 homi-

266 2932 408 2971 num
443 2916 504 2969 in
540 2911 815 2981 singulis,
846 2921 900 2965 et
934 2926 1035 2980 pro
1066 2909 1267 2963 robore
1297 2923 1535 2961 suarum
1586 2905 1795 2960 virium
1845 2905 1976 2959 dis-

264 3010 611 3063 cernuntur.
645 3004 786 3057 Cum
826 3000 981 3055 enim
1030 3014 1235 3053 omnes
1280 2997 1351 3052 ad
1402 2995 1664 3051 Ecclesia
1714 2993 1977 3049 membra

266 3097 559 3168 pertinere
588 3093 918 3155 videantur,
945 3089 1289 3144 adveniente
1310 3092 1504 3141 tamen
1528 3083 1848 3139 tentatione
1871 3082 1975 3136 tri-

270 3183 616 3251 bulationis,
648 3188 794 3237 etex
816 3180 933 3234 illis
956 3178 1054 3249 qui
1078 3182 1220 3233 sunt
1250 3177 1305 3229 in
1330 3175 1467 3242 otio,
1500 3179 1558 3229 et
1606 3190 1673 3228 ex
1715 3172 1833 3227 illis
1877 3170 1979 3242 qui

267 3282 404 3329 sunt
436 3274 494 3327 in
524 3269 771 3342 negotiis
793 3265 1013 3337 saeculi,
1038 3270 1096 3321 et
1114 3282 1183 3321 ex
1215 3264 1327 3319 illis
1356 3264 1454 3334 qui
1494 3265 1607 3318 Deo
1639 3261 1981 3317 ministrant

266 3364 323 3419 in
360 3361 645 3429 Ecclesia,
702 3357 883 3428 aliqui
940 3360 1295 3426 permanent,
1356 3352 1534 3424 aliqui
1586 3351 1803 3407 cadunt
1836 3365 1849 3403 :
1882 3347 1981 3419 qui

265 3455 613 3526 permanent
634 3451 1039 3515 assumuntur,
1063 3444 1161 3514 qui
1183 3443 1401 3498 cadunt
1422 3442 1849 3512 relinquuntur.
1875 3439 1982 3493 Er-

265 3560 335 3615 go
366 3557 519 3599 unus
550 3542 881 3603 assumetur,
936 3540 988 3591 et
1037 3551 1176 3590 unus
1231 3534 1600 3605 relinquetur,
1652 3548 1765 3586 non
1817 3529 1982 3601 quasi

267 3633 338 3689 de
378 3630 616 3686 duobus
637 3626 975 3683 hominibus
1024 3624 1248 3679 dictum
1304 3629 1413 3691 est,
1464 3621 1566 3677 sed
1626 3620 1697 3676 de
1751 3618 1980 3673 duobus

271 3722 591 3796 generibus
624 3718 1023 3784 affectionum,
1055 3715 1116 3771 in
1163 3713 1412 3786 singulis
1459 3711 1767 3782 generibus
1806 3709 1979 3764 trium

273 3810 728 3886 professionum.
764 3809 826 3863 In
846 3807 947 3862 illa
965 3821 1101 3877 ergo
1132 3809 1287 3860 nocte
1316 3805 1481 3869 dixit,
1517 3804 1574 3857 in
1604 3801 1707 3856 illa
1736 3798 1983 3855 tribula-

273 3904 449 3960 tione.

345 3994 427 4049 Ad
459 3992 589 4063 ipsa
611 3990 725 4046 tria
741 4004 957 4060 genera
976 4003 1105 4057 quas
1134 3986 1541 4050 assumuntur,
1577 3979 1863 4052 pertinere
1894 3994 1983 4033 ar-

273 4083 459 4138 bitror
487 4080 661 4135 etiam
694 4078 809 4133 tria
859 4077 957 4133 illa
1016 4076 1257 4131 nomina
1315 4074 1566 4129 virorum
1625 4074 1981 4137 sanctorum,

270 4188 425 4244 quos
456 4170 617 4225 solos
649 4166 984 4221 liberandos
1008 4162 1264 4220 Ezechiel
1306 4162 1588 4234 propheta
1628 4158 1983 4231 pronuntiat,

272 4266 412 4325 Noe,
440 4256 644 4314 Daniel
675 4262 731 4311 et
768 4256 879 4311 Job
935 4253 1148 4325 (Eucti.
1203 4268 1323 4317 xiv,
1376 4252 1485 4322 14).
1538 4250 1782 4304 Videtur
1827 4249 1984 4303 enim

272 4353 391 4408 Noe
424 4349 716 4421 pertinere
738 4348 809 4402 ad
832 4363 930 4402 eos
962 4362 1061 4417 per
1082 4360 1227 4415 quos
1246 4342 1499 4399 Ecclesia
1520 4341 1739 4413 regitur
1762 4359 1776 4409 ;
1833 4339 1988 4394 sicut

274 4459 379 4515 per
408 4441 577 4496 illum
614 4440 671 4493 in
704 4437 874 4508 aquis
913 4453 1048 4491 arca
1091 4435 1414 4507 gubernata
1453 4440 1539 4488 est
1585 4431 1741 4504 (Gen.
1771 4446 1874 4494 vu,
1905 4428 1983 4499 7),

276 4550 401 4604 quae
447 4533 701 4601 ﬁguram
738 4526 1006 4598 gestabat
1045 4525 1333 4581 Ecclesia).
1387 4521 1588 4578 Daniel
1636 4525 1853 4586 autem,
1887 4518 1986 4589 qui

276 4622 447 4692 elegit
471 4618 737 4675 ccelibem
763 4618 962 4682 vitam,
989 4617 1041 4670 id
1067 4623 1151 4670 est
1177 4613 1409 4685 nuptias
1432 4618 1687 4668 terrenas
1719 4613 1986 4665 contem-

278 4713 414 4783 psit,
441 4721 526 4775 ut,
548 4710 703 4763 sicut
726 4709 865 4762 dicit
888 4706 1221 4778 Apostolus,
1246 4705 1372 4759 sine
1408 4701 1803 4759 sollicitudine
1840 4699 1997 4753 vive-

280 4804 387 4867 ret,
409 4798 679 4868 cogitans
702 4812 832 4866 quas
854 4800 992 4849 sunt
1014 4793 1113 4847 Dei
1143 4793 1188 4863 (l
1220 4796 1343 4847 Cor.
1390 4807 1489 4857 v11,
1523 4791 1612 4856 3‘2,
1660 4788 1775 4859 34),
1808 4802 1994 4857 genus

277 4904 483 4945 eorum
529 4885 817 4956 significat
857 4882 956 4954 qui
996 4880 1673 4946 suntinotio,sedtamen
1690 4875 1992 4932 fortissimi

274 4979 334 5036 in
370 4976 819 5040 tentationibus,
852 4982 916 5029 ut
946 4974 1168 5044 possint
1190 4970 1438 5027 assumi.
1473 4971 1583 5025 Job
1615 4974 1808 5023 autem
1858 4968 1996 5037 quia

273 5085 518 5125 uxorem
533 5071 591 5122 et
614 5065 762 5120 ﬁlios
787 5065 1014 5130 habuit,
1035 5068 1092 5118 et
1128 5064 1356 5135 amplas
1388 5066 1755 5116 terrenarum
1803 5072 1997 5113 rerum

270 5159 481 5231 copias
512 5156 631 5227 (Job
661 5172 702 5217 ι,
736 5155 871 5224 1ο3),
894 5155 962 5209 ad
1004 5152 1152 5209 illud
1196 5168 1383 5225 genus
1423 5151 1698 5223 pertinet,
1729 5148 1823 5203 cui
1875 5162 1997 5201 mo-

274 5251 594 5308 Iendinum
617 5249 962 5317 deputatum
989 5253 1099 5311 est,
1123 5244 1224 5300 sed
1246 5248 1444 5299 tamen
1468 5247 1531 5298 ut
1552 5241 1669 5297 sint
1691 5237 2001 5294 fortissimi

274 5342 331 5395 in
359 5336 827 5405 testationibus,
851 5335 1006 5389 sicut
1031 5333 1129 5390 ille
1151 5334 1294 5403 fuit;
1327 5350 1443 5389 non
1465 5332 1620 5387 enim
1646 5329 1815 5385 aliter
1833 5343 1999 5382 assu-

276 5429 362 5485 mi
396 5431 702 5501 poterunt.
740 5424 857 5481 Nec
898 5429 1035 5493 puto
1093 5440 1221 5481 esse
1275 5423 1391 5480 alia
1434 5438 1647 5495 genera
1702 5417 2004 5475 hominum

276 5520 509 5593 quibus
524 5520 758 5573 conth
781 5514 1062 5584 Ecclesia,
1104 5530 1283 5587 quam
1312 5513 1424 5570 ista
1452 5511 1585 5580 tria,
1606 5509 1881 5567 habentia
1911 5507 2006 5561 bi-

351 5693 371 5732 1
403 5691 529 5742 Rat.
562 5690 619 5740 et
644 5685 889 5753 quinque
916 5686 1064 5747 Mss"
1094 5684 1409 5736 doctoribus.

1644 254 1877 317 LIBER
1922 251 2345 319 SECUNDUS.

3602 267 3759 331 i358

2077 403 2180 443 nas
2194 387 2572 459 diﬂ‘erentias,
2590 397 2813 465 propter
2830 411 3022 449 assum
3035 394 3288 466 ptionem
3305 398 3361 451 et
3372 398 3756 471 relictionem;

2060 480 2324 547 quamvis
2348 480 2404 534 in
2428 482 2673 553 singulis
2696 484 2894 539 multae
2916 486 3239 541 studiorum
3279 486 3761 561 voluntatumque

2064 566 2450 638 diversitates,
2470 572 2540 625 ad
2565 574 2933 629 concordiam
2973 579 3166 630 tamen
3204 578 3598 650 unitatemque
3622 594 3763 636 con-

2060 662 2377 724 currentes,
2405 660 2630 728 possint
2660 662 2927 717 inveniri.

2128 744 2293 801 XLV.
2325 748 2438 819 [tb.
2471 766 2630 815 XVIII,
2680 751 2806 825 1-8.]
2855 752 3000 816 Quid
3060 758 3150 809 est
3205 756 3358 827 quod
3407 755 3484 812 ad
3539 774 3765 830 semper

2060 837 2341 894 orandum
2362 844 2419 895 et
2443 857 2555 896 non
2580 841 2986 910 deficientium,
3012 845 3291 915 dejudice
3337 846 3540 921 iniquo
3585 849 3767 907 voluit

2067 928 2401 997 parabolam
2437 946 2667 1000 ponere,
2696 932 2798 1003 qui
2846 948 2980 989 cum
3034 939 3207 990 Deum
3260 952 3373 992 non
3426 938 3674 1007 timeret,
3708 946 3767 997 et

2066 1018 2365 1073 hominem
2392 1036 2506 1075 non
2530 1026 2903 1092 revereretur,
2938 1023 3123 1078 viduis
3164 1028 3357 1083 tamen
3391 1028 3644 1085 assiduis
3679 1030 3768 1085 in-

2065 1108 2570 1177 terpellationibus
2600 1110 2796 1178 cessit,
2829 1116 2891 1166 ut
2920 1127 3047 1167 eam
3080 1114 3419 1184 vindicaret,
3450 1134 3523 1173 ne
3552 1118 3663 1173 sibi
3693 1120 3768 1174 ab

2070 1196 2170 1253 illa
2190 1199 2421 1253 taedium
2447 1200 2611 1255 ﬁeret
2631 1200 2658 1255 ?
2687 1200 2832 1255 Nam
2856 1200 2964 1257 hoc
2995 1208 3084 1256 est
3110 1204 3262 1273 quod
3305 1204 3406 1271 ait,
3440 1210 3519 1264 Ne
3547 1208 3771 1264 veniens

2068 1288 2329 1359 suggillet
2359 1305 2461 1344 me.
2496 1289 2777 1353 Quoniam
2800 1291 3105 1361 parabolas
3136 1293 3417 1351 Dominus
3438 1300 3541 1352 aut
3564 1314 3771 1354 secun-

2071 1378 2210 1431 dum
2231 1377 2672 1436 similitudinem
2696 1381 2947 1453 aliquam
2969 1383 3129 1452 ponit
3154 1401 3167 1452 ;
3192 1384 3346 1440 sicut
3366 1387 3436 1441 de
3467 1403 3627 1443 servo
3648 1387 3770 1457 illo,

2073 1469 2163 1521 cui
2186 1468 2459 1525 dominus
2490 1472 2715 1527 dimisit
2746 1474 2900 1543 quod
2935 1474 3156 1529 ratione
3178 1476 3403 1531 reddita
3433 1476 3640 1533 debere
3681 1478 3771 1533 in-

2074 1562 2279 1612 ventus
2310 1566 2497 1626 esl,et
2526 1562 2651 1631 ipse
2700 1579 2975 1618 conservo
3023 1579 3128 1619 suo
3176 1563 3515 1620 dilationem
3566 1567 3775 1622 saltem

2076 1646 2213 1702 dare
2247 1647 2432 1703 noluit
2471 1650 2681 1720 (Matth.
2728 1668 2889 1717 xvm,
2939 1652 3163 1724 23-35);
3210 1658 3267 1709 et
3314 1654 3384 1710 de
3433 1654 3777 1726 feneratore,

2077 1737 2325 1808 quicum
2352 1739 2582 1795 duobus
2604 1741 2969 1798 debitoribus
2991 1745 3266 1800 donasset
3293 1745 3445 1816 quod
3467 1745 3775 1812 debebant,

2077 1826 2149 1879 ab
2172 1840 2236 1880 eo
2258 1825 2391 1897 plus
2408 1827 2661 1883 dilectus
2681 1835 2770 1884 est
2804 1831 2895 1884 cui
2928 1829 3058 1902 plus
3098 1831 3341 1887 donavit
3365 1833 3518 1903 (Luc.
3552 1849 3649 1899 vn,
3688 1834 3784 1888 41-

2078 1914 2204 1986 43);
2239 1923 2290 1969 et
2314 1917 2383 1971 de
2417 1917 2648 1972 homine
2679 1920 2780 1989 qui
2814 1920 3065 1975 habebat
3101 1920 3250 1976 duos
3286 1920 3461 1989 filios,
3498 1924 3781 1992 majorem

2078 2003 2136 2058 in
2159 2021 2292 2073 agro
2325 2005 2434 2060 sibi
2460 2005 2976 2079 propinquantem,
3014 2010 3297 2066 minorem
3348 2019 3532 2067 autem
3561 2011 3619 2066 in
3662 2011 3785 2066 lon-

2075 2094 2295 2166 ginquo
2319 2095 2704 2152 luxuriantem
2730 2098 2826 2165 (Id.
2862 2116 2953 2168 xv,
2993 2100 3307 2172 11-32);et
3339 2100 3786 2159 innumerabilia

2080 2185 2419 2255 hujusmodi
2456 2203 2469 2241 :
2504 2188 2573 2242 de
2597 2188 2691 2244 his
2723 2190 2900 2258 enim,
2936 2191 2995 2245 in
3039 2197 3321 2261 quantum
3359 2192 3576 2247 similia
3622 2198 3783 2260 sunt,

2081 2274 2310 2329 ducitur
2331 2273 2664 2331 intellectus
2684 2278 2813 2347 ejus
2840 2279 2942 2344 rei,
2968 2281 3061 2334 cui
3085 2281 3453 2348 adhibentur,
3477 2281 3784 2336 insinuan-

2082 2366 2166 2421 daa
2198 2369 2297 2421 aut
2326 2365 2681 2436 requirenda:
2716 2370 2755 2420 ί.
2789 2370 2898 2421 Aut
2919 2384 2985 2422 ex
3014 2367 3140 2439 ipsa
3171 2369 3646 2424 dissimilitudine
3686 2370 3785 2424 ali-

2083 2455 2223 2526 quid
2248 2454 2472 2527 probat,
2506 2456 2681 2510 veluti
2706 2462 2794 2511 est
2818 2456 2984 2525 illud,
3006 2458 3155 2525 Quod
3184 2460 3235 2514 .ςί
3254 2460 3447 2526 fenum
3471 2461 3621 2527 agri,
3643 2460 3789 2530 quod

2085 2544 2245 2600 hodie
2271 2554 2348 2599 est
2375 2549 2427 2600 et
2454 2561 2573 2600 cras
2599 2545 2656 2599 in
2687 2545 2965 2600 clibanum
3013 2549 3273 2616 mittitur,
3302 2550 3438 2603 Deus
3484 2548 3565 2603 sic
3613 2551 3788 2617 vestit,

2084 2643 2285 2704 quanto
2325 2637 2498 2704 magis
2527 2651 2637 2699 vos,
2658 2635 2885 2691 modij
2906 2635 3031 2704 ﬁdei
3062 2635 3271 2707 (Matth.
3302 2653 3380 2703 v1,
3403 2635 3544 2709 30)?
3573 2639 3652 2692 Ad
3682 2637 3791 2693 hoc

2085 2742 2271 2799 genus
2313 2726 2563 2798 pertinet
2608 2727 2782 2781 etiam
2805 2726 2946 2780 illud
2974 2727 3122 2796 quod
3145 2728 3215 2783 de
3244 2744 3403 2783 servo
3442 2729 3544 2799 ait,
3568 2728 3661 2784 cui
3694 2728 3795 2784 do-

2088 2816 2282 2872 minus
2301 2816 2744 2871 denuntiaverat
2770 2821 2829 2870 ut
2857 2833 2888 2870 a
2912 2817 3159 2871 villicatu
3187 2824 3613 2875 removeretur:
3642 2819 3791 2873 frau-

2087 2910 2218 2962 dem
2242 2908 2454 2978 quippe
2472 2905 2565 2961 ille
2588 2907 2719 2961 fecit
2741 2907 2978 2962 domino
2996 2924 3123 2973 suo,
3150 2913 3213 2963 ut
3252 2909 3473 2966 falsatis
3496 2910 3795 2981 chirogra—

2090 2997 2240 3067 phis,
2275 2995 2639 3050 debitoribus
2669 2997 2819 3065 ejus,
2855 3003 3143 3068 quantum
3175 3000 3551 3055 commodum
3601 3000 3790 3054 visum

2087 3090 2197 3153 est,
2223 3085 2522 3140 relaxaret.
2563 3084 2762 3156 Neque
2794 3086 2907 3141 ullo
2941 3088 3113 3141 modo
3145 3103 3251 3142 nos
3284 3088 3566 3143 Dominus
3590 3094 3652 3143 ut
3682 3088 3793 3144 sibi

2090 3177 2354 3232 fraudem
2385 3176 2659 3230 faciamus
2690 3176 2952 3231 hortatur
2984 3194 2996 3233 :
3022 3178 3120 3232 sed
3146 3179 3314 3249 siqui
3340 3180 3661 3236 fraudando
3684 3180 3794 3236 sibi

2089 3266 2415 3339 providitin
2448 3272 2769 3337 posterum,
2798 3266 3097 3322 laudatum
3131 3284 3265 3323 eum
3289 3268 3426 3324 dicit
3451 3286 3483 3324 a
3514 3269 3789 3333 domino;

2088 3365 2307 3430 quanto
2352 3358 2574 3428 majore
2632 3358 2930 3414 alacritate
2978 3358 3086 3413 sibi
3135 3360 3437 3431 providere
3487 3360 3693 3416 debent
3734 3360 3791 3413 in

2090 3457 2361 3504 aeternam
2387 3449 2586 3514 vitam,
2622 3448 2837 3519 quibus
2869 3453 2930 3503 ut
2949 3449 3106 3518 juste
3129 3449 3702 3521 operenturjubetur
3721 3448 3793 3502 de

2092 3538 2792 3609 mammonainiquitatis
2842 3539 2986 3605 (Luc.
3020 3555 3133 3605 xvr,
3183 3540 3275 3607 1)?
3313 3537 3467 3607 quod
3517 3553 3621 3591 suo
3669 3536 3794 3591 loco

2090 3628 2415 3700 expositum
2446 3635 2530 3681 est
2560 3625 2788 3697 (Supra,
2819 3631 3008 3695 quast.
3039 3626 3152 3692 34).
3181 3626 3262 3679 Ad
3302 3625 3405 3680 hoc
3436 3638 3622 3694 genus
3666 3639 3797 3694 per-

2093 3720 2241 3774 tinet
2272 3723 2329 3773 et
2350 3717 2445 3774 ille
2468 3717 2569 3787 qui
2604 3732 2715 3770 non
2752 3720 2980 3785 propter
3014 3715 3352 3781 amicitiam,
3386 3713 3490 3771 sed
3530 3718 3593 3768 ut
3623 3713 3797 3769 tiedio

2093 3808 2489 3878 careret,jam
2523 3806 2820 3863 dormiens
2851 3807 3152 3876 excitatur,
3189 3810 3252 3860 ut
3284 3811 3399 3861 tres
3432 3821 3610 3877 panes
3640 3820 3797 3861 com-

2096 3899 2287 3954 modet
2326 3896 2514 3952 amico
2546 3913 2672 3953 suo.
2702 3896 2762 3954 Si
2794 3897 2949 3952 enim
3000 3895 3094 3952 ille
3144 3893 3410 3951 molestia
3461 3894 3800 3966 compulsus

2095 3988 2272 4055 dedit,
2308 3992 2531 4060 quanto
2567 3988 2746 4058 magis
2778 3987 2947 4056 Deus,
2982 3985 3077 4057 qui
3110 4001 3307 4042 servos
3338 4001 3477 4042 suos
3531 3982 3802 4055 diligens,

2096 4082 2440 4152 utpetamus
2479 4079 2762 4147 hortatur,
2787 4078 2941 4132 dabit
2965 4077 3118 4132 bona
3143 4076 3467 4147 petentibus
3498 4090 3559 4129 se
3590 4074 3801 4146 (Matth.

2094 4186 2195 4237 vn,
2228 4170 2391 4239 7-11)
2414 4169 2440 4223 ?
2476 4170 2669 4239 Itaque
2693 4168 2832 4222 illud
2861 4171 3131 4236 superius
3153 4181 3338 4237 genus
3362 4164 3452 4219 his
3468 4163 3658 4219 verbis
3702 4162 3802 4216 ad-

2092 4259 2257 4331 jungi
2284 4262 2492 4330 potest,
2529 4258 2689 4314 Sicut
2712 4257 2877 4322 illud,
2910 4256 2988 4310 ita
3020 4259 3077 4311 et
3108 4254 3254 4309 illud
3289 4268 3303 4309 :
3341 4253 3446 4308 hoc
3476 4255 3669 4306 autem
3705 4266 3801 4319 po-

2098 4350 2311 4404 sterius
2338 4348 2432 4425 his
2453 4346 2668 4412 verbis,
2698 4345 2758 4401 Si
2810 4345 2974 4411 illud,
2999 4350 3217 4416 quanto
3254 4342 3435 4413 magis
3458 4339 3600 4394 illud
3622 4338 3650 4392 7
3678 4342 3798 4403 aut,

2097 4440 2151 4494 Si
2179 4456 2291 4494 non
2312 4439 2476 4502 illud,
2504 4444 2715 4507 quanto
2742 4436 2934 4491 minus
2961 4436 3099 4489 illud
3122 4437 3150 4490 ‘2
3172 4435 3269 4490 sed
3295 4430 3510 4488 alicubi
3531 4430 3799 4494 obscure,

2096 4530 2305 4586 alicubi
2337 4532 2531 4599 aperte
2555 4529 2667 4581 ista
2700 4529 3015 4598 ponuntur.
3049 4525 3151 4579 Hic
3182 4538 3319 4594 ergo
3352 4520 3586 4592 iniquus
3621 4519 3803 4590 judex

2100 4635 2214 4674 non
2248 4634 2314 4672 ex
2346 4616 2754 4683 similitudine,
2788 4616 2884 4670 sed
2910 4632 2976 4669 ex
3000 4612 3479 4669 dissimilitudine
3500 4608 3802 4664 adhibitus

2105 4713 2213 4777 est,
2248 4712 2311 4764 ut
2341 4709 2672 4763 ostenderet
2697 4708 2974 4761 Dominus
2995 4707 3213 4775 quanto
3235 4701 3510 4759 certiores
3545 4715 3675 4755 esse
3705 4700 3804 4754 de-

2106 4799 2278 4854 beant
2298 4799 2396 4870 qui
2422 4803 2601 4852 Deum
2630 4803 3065 4868 perseveranter
3087 4798 3317 4867 rogant,
3338 4793 3553 4848 fontem
3563 4788 3806 4860 justitiai

2106 4893 2277 4958 atque
2318 4887 2747 4954 misericordias,
2781 4886 2867 4941 vel
2899 4885 2948 4941 si
2980 4885 3117 4955 quid
3153 4881 3527 4939 excellentius
3563 4878 3674 4933 dici
3708 4880 3809 4930 aut

2107 4978 2293 5033 audiri
2318 4982 2524 5049 potest,
2545 4992 2672 5031 cum
2699 4976 2853 5047 apud
2880 4974 3310 5047 iniquissimum
3333 4971 3594 5041 judicem
3627 4977 3809 5033 usque

2110 5070 2176 5123 ad
2205 5068 2472 5124 effectum
2498 5066 2781 5139 implendi
2804 5064 3074 5121 desiderii
3104 5061 3354 5118 valuerit
3389 5053 3809 5129 perseverantia

2109 5159 2495 5231 deprecantis.

2184 5250 2317 5321 Ipsa
2345 5265 2475 5305 vero
2507 5248 2677 5304 vidua
2702 5251 2889 5318 potest
2919 5245 3132 5299 habere
3153 5238 3600 5297 similitudinem
3623 5233 3817 5291 Eccle-

2112 5341 2231 5407 sine,
2256 5340 2403 5411 quod
2431 5338 2687 5394 desolata
2712 5336 2942 5391 videtur
2963 5335 3145 5387 donec
3173 5329 3363 5385 veniat
3382 5326 3689 5391 Dominus,
3713 5324 3813 5397 qui

2114 5439 2311 5490 tamen
2334 5431 2394 5487 in
2411 5434 2631 5487 secreto
2656 5428 2825 5484 etiam
2852 5440 3005 5480 nunc
3025 5438 3227 5479 curam
3250 5422 3376 5494 ejus
3410 5423 3579 5494 gerit.
3612 5418 3673 5475 Si
3706 5432 3817 5472 au-

2182 5616 2200 5652 ί
2233 5613 2319 5663 Sic
2351 5612 2472 5661 Mss.
2504 5609 2575 5658 At
2603 5606 2868 5670 editi,rcui
2893 5605 3212 5658 adhibentur
3247 5604 3321 5655 ad
3359 5602 3661 5670 mysterium
3694 5599 3819 5651 insi-

2116 5674 2345 5726 nuanda:
2377 5676 2469 5722 aut
2498 5669 2819 5736 requirenda
2850 5670 3110 5722 veritatis.
