4164 6192
384 236 536 297 1359

377 379 491 426 tem
525 370 717 422 movet
743 382 843 420 cur
876 361 1038 418 electi
1087 361 1184 416 Dei
1235 377 1295 414 se
1351 359 1624 413 vindicari
1667 359 2073 428 deprecentur,

377 459 529 529 quod
571 456 747 512 etiam
778 454 835 507 in
869 449 1214 523 Apocalypsi
1251 447 1492 503 Joannis
1523 449 1592 501 de
1617 445 1968 516 martyribus
1992 444 2077 498 di-

377 549 526 603 oitur
555 546 736 616 (Apoc.
767 560 844 603 vi,
880 541 990 611 10),
1040 555 1173 594 cum
1206 537 1575 609 apertissime
1627 551 1972 590 moneamur
2015 537 2078 588 ut

374 653 476 708 pro
513 635 726 690 nostris
759 631 1012 687 inimicis
1035 633 1091 684 et
1113 625 1579 700 persecutoribus
1601 642 1834 680 oremus
1861 624 2072 694 (illatth.

370 744 425 793 v,
461 725 588 796 Illi);
623 720 1066 792 intelligendum
1101 722 1188 774 est
1215 734 1339 772 eam
1370 715 1680 770 vindictam
1731 731 1857 770 esse
1881 717 2077 783 justo-

369 833 521 877 rum,
557 817 620 868 ut
651 827 853 869 omnes
885 809 1020 866 mali
1054 816 1287 880 pereant
1320 824 1331 860 :
1362 811 1604 877 pereunt
1626 809 1819 859 autem
1846 805 2076 858 duobus

372 907 557 962 modis
585 908 724 970 ;aut
750 900 1126 958 conversione
1148 900 1212 952 ad
1241 897 1551 967 justitiam,
1577 900 1679 950 aut
1721 895 1941 949 amissa
1977 909 2078 965 per

369 994 721 1067 supplicium
775 995 1078 1062 potestate,
1139 1004 1252 1055 qua
1311 1002 1463 1040 nunc
1537 985 1815 1039 adversus
1866 984 2071 1050 bonos,

369 1085 648 1157 quamdiu
681 1082 788 1137 hoc
821 1082 1015 1150 ipsum
1051 1076 1214 1132 bonis
1255 1077 1504 1147 expedit,
1538 1075 1623 1129 vel
1679 1075 2076 1144 temporalitcr

372 1175 594 1245 aliquid
627 1171 838 1227 valent.
876 1173 1074 1239 Itaque
1105 1166 1335 1222 etiamsi
1375 1181 1575 1220 omnes
1624 1163 1891 1221 homines
1941 1180 2076 1220 con-

369 1265 731 1320 verterentur
755 1261 824 1316 ad
854 1264 1049 1324 Leum,
1076 1257 1227 1311 inter
1248 1272 1393 1326 quos
1433 1259 1572 1310 sunt
1602 1255 1776 1310 etiam
1825 1254 2070 1321 inimici,

367 1370 468 1424 pro
492 1349 997 1423 quibusjubemur
1019 1361 1213 1411 orare;
1255 1344 1521 1398 diabolus
1554 1348 1770 1410 tamen,
1802 1343 1901 1413 qui
1936 1359 2069 1412 Ope-

368 1450 528 1496 ratur
554 1441 614 1495 in
657 1438 792 1493 filiis
839 1435 1176 1491 diffidentiae
1211 1434 1426 1504 (Ephes.
1461 1450 1524 1500 ιι,
1554 1434 1631 1505 2),
1658 1438 1984 1487 remaneret
2012 1432 2071 1486 in

367 1531 560 1586 saeculi
586 1529 697 1584 ﬁne
719 1527 1085 1583 damnandus
1121 1542 1132 1580 :
1168 1540 1340 1593 quem
1366 1524 1534 1577 ﬁnem
1553 1523 1695 1591 justi
1719 1539 1849 1576 cum
1875 1522 2072 1576 venire

365 1620 720 1686 desiderant,
755 1615 1018 1688 quamvis
1051 1630 1152 1684 pro
1186 1613 1439 1666 inimicis
1480 1613 1604 1667 suis
1658 1616 1843 1676 orent,
1882 1620 2068 1665 tamen

366 1725 480 1766 non
512 1708 765 1764 absurde
795 1704 1109 1760 vindictam
1148 1702 1479 1758 desiderare
1511 1702 1803 1755 dicuntur.

437 1799 623 1855 XLVI.
661 1798 763 1864 [1b.
789 1813 902 1863 XIX,
939 1794 1140 1864 12-27.)
1174 1796 1342 1847 Homo
1374 1792 1598 1862 quidam
1631 1791 1833 1845 nobilis
1849 1791 1986 1846 abiit
2013 1792 2068 1844 in

366 1894 639 1958 regionem
670 1889 1023 1958 longinquam
1053 1883 1299 1953 accipere
1327 1882 1433 1936 sibi
1461 1899 1712 1950 regnum,
1737 1886 1786 1936 et
1817 1884 2022 1936 reverti
2050 1899 2070 1938 :

366 1983 490 2051 ipse
512 1979 792 2034 Dominus
817 1978 1192 2030 nosterJesus
1215 1973 1480 2028 Christus
1505 1971 1867 2042 intelligitur.
1893 1970 2068 2040 Regio

365 2072 705 2142 longinqua,
726 2066 982 2122 Ecclesia
1006 2065 1273 2119 Gentium
1292 2078 1473 2132 usque
1494 2063 1565 2117 ad
1590 2063 1733 2116 ﬁnes
1758 2066 1939 2115 terrae.
1968 2062 2068 2115 Re-

365 2161 507 2217 verti
526 2165 720 2214 tamen
739 2175 800 2214 se
822 2157 958 2210 dicit
987 2172 998 2208 :
1025 2154 1166 2208 abiit
1190 2153 1370 2215 enim,
1395 2157 1455 2206 ut
1475 2151 1774 2221 plenitudo
1797 2152 2066 2205 Gentium

365 2250 638 2313 intraret;
671 2250 1004 2305 revertetur,
1036 2246 1097 2295 ut
1119 2240 1310 2294 omnis
1335 2240 1508 2294 Israel
1543 2238 1734 2293 salvus
1769 2239 2064 2309 ﬁat(tlom.

364 2357 441 2404 x1,
473 2339 584 2408 25).
621 2339 730 2391 Per
759 2337 956 2389 decem
1005 2349 1191 2394 mnas,
1232 2334 1441 2400 Legem
1495 2329 1786 2399 significat
1838 2337 2068 2399 propter

366 2426 737 2497 Decalogum.
765 2424 971 2479 Decem
997 2429 1188 2476 autem
1209 2435 1427 2482 servos,
1462 2418 1677 2488 quibus
1714 2418 1819 2472 sub
1852 2418 1948 2473 illa
1975 2437 2067 2488 po-

365 2517 494 2573 sitis
517 2515 691 2584 gralia
716 2513 1028 2584 praedicata
1051 2515 1158 2566 est.
1186 2510 1278 2565 Sic
1303 2508 1459 2564 enim
1501 2507 1945 2576 intelligendum
1978 2516 2067 2565 est

363 2605 448 2661 eis
470 2605 638 2659 datas
661 2619 826 2658 muas
844 2601 914 2654 ad
943 2615 1130 2666 usum,
1155 2614 1288 2653 cum
1312 2595 1858 2651 intellexerunteam
1883 2597 2065 2666 ipsam

367 2697 572 2766 Legem
606 2697 823 2749 remoto
874 2689 1159 2744 velamine
1209 2688 1279 2742 ad
1331 2685 1706 2755 Evangelium
1758 2687 2066 2756 pertinere.

363 2785 527 2839 Cives
549 2785 673 2853 ejus
698 2781 794 2852 qui
822 2784 948 2850 post
971 2793 1098 2834 eum
1128 2777 1405 2832 miserunt
1427 2776 2064 2845 legationem,dicentes

364 2891 426 2929 se
451 2871 602 2928 nolle
620 2879 682 2926 ut
705 2875 904 2942 regnet
937 2869 1070 2936 sibi,
1099 2865 1275 2922 Judaei
1303 2873 1457 2928 sunt,
1484 2866 1582 2935 qui
1612 2865 1784 2919 etiam
1811 2871 1940 2934 post
1970 2883 2060 2921 re-

362 2961 783 3019 surrectionem
815 2960 936 3029 ejus
959 2958 1246 3013 miserunt
1281 2962 1676 3026 persecutores
1713 2955 2002 3023 Apostolis
2025 2958 2064 3022 ¹,

363 3059 419 3110 et
439 3051 909 3124 praedicationem
935 3045 1229 3118 Evangelii
1270 3049 1634 3114 respuerant.
1663 3043 1849 3098 Rediit
1873 3052 2065 3101 autem

364 3146 600 3213 accepto
623 3156 824 3211 regno,
849 3138 987 3209 quia
1006 3136 1064 3191 in
1089 3134 1566 3191 manifestissima
1589 3140 1641 3188 et
1660 3133 2065 3190 eminentissi-

366 3249 462 3288 ma
485 3230 744 3286 claritate
775 3233 1055 3283 venturus
1094 3229 1202 3293 est,
1236 3224 1333 3296 qui
1371 3223 1453 3278 eis
1489 3223 1724 3278 humilis
1774 3225 2066 3294 apparuit,

368 3337 498 3377 cum
539 3321 772 3382 diceret,
809 3318 1052 3384 Regnum
1103 3329 1284 3370 meum
1327 3328 1434 3367 non
1495 3318 1572 3367 est
1619 3310 1683 3366 de
1714 3311 1811 3367 hoc
1857 3314 2068 3367 mundo

367 3411 547 3481 (Joan.
579 3425 740 3476 xvui,
783 3408 894 3478 36).
928 3407 1088 3470 Quod
1120 3412 1309 3460 autem
1345 3403 1492 3458 servi
1548 3404 1852 3458 reddentes
1902 3404 2068 3458 ratio~

370 3517 502 3557 nem
535 3516 603 3556 ex
633 3515 698 3554 eo
731 3498 885 3570 quod
929 3499 1291 3566 acceperant,
1352 3492 1667 3548 laudantur
1717 3493 1812 3562 qui
1864 3493 2069 3548 luorati

370 3596 527 3662 sunt,
552 3590 845 3661 significat
866 3604 964 3644 eos
987 3587 1195 3642 bonam
1221 3585 1460 3640 reddere
1483 3582 1757 3639 rationem
1774 3584 1903 3654 ,qui
1927 3584 2070 3638 bene

370 3681 461 3737 usi
490 3685 629 3737 sunt
649 3697 713 3737 eo
736 3680 887 3750 quod
907 3681 1274 3749 acceperunt,
1298 3677 1367 3730 ad
1393 3675 1693 3745 augendas
1712 3674 1946 3730 divitias
1968 3674 2074 3730 Do-

373 3770 639 3841 miniper
658 3785 753 3825 eos
771 3769 869 3839 qui
895 3767 1218 3824 creduntin
1245 3782 1396 3821 eum.
1421 3765 1579 3829 Quod
1614 3765 1713 3836 qui
1749 3766 1933 3820 facere
1967 3780 2072 3819 no-

378 3859 595 3928 lunt,in
620 3858 717 3914 illo
741 3857 1053 3929 signiﬁcati
1075 3855 1327 3926 suntqui
1352 3871 1550 3908 mnam
1570 3870 1733 3909 suam
1752 3852 1808 3906 in
1837 3854 2072 3908 sudario

377 3948 647 4005 servavit.
683 3948 825 4001 Sunt
855 3947 1010 4000 enim
1045 3944 1312 3998 homines
1363 3941 1470 3995 hac
1510 3940 1643 3996 sibit
1704 3943 2075 4010 perversitate

374 4036 740 4092 blandientes
764 4037 826 4088 ut
847 4034 1042 4088 dicant
1070 4048 1082 4084 :
1108 4030 1337 4085 Sufﬁcit
1370 4033 1432 4083 ut
1462 4029 1530 4082 de
1573 4044 1634 4083 se
1684 4030 2076 4101 unusquisque

377 4128 661 4182 rationem
695 4125 939 4192 reddat;
974 4122 1112 4194 quid
1142 4138 1289 4192 opus
1317 4126 1406 4175 est
1436 4120 1566 4174 aliis
1617 4120 1932 4190 praedicare
1978 4127 2078 4176 aut

376 4217 730 4280 ministrare,
766 4219 830 4268 ut
860 4213 1033 4269 etiam
1068 4213 1137 4266 de
1160 4211 1302 4281 ipsis
1323 4209 1558 4265 reddere
1607 4210 1887 4265 rationem
1921 4212 2076 4281 quis-

375 4323 490 4378 que
521 4312 779 4375 cogatur,
823 4320 953 4357 cum
1013 4302 1166 4371 apud
1227 4299 1538 4355 Dominum
1598 4300 1771 4354 etiam
1825 4300 1905 4354 illi
1964 4302 2080 4355 sint

376 4394 804 4452 inexcusabiles
826 4392 1039 4462 quibus
1066 4392 1174 4445 Lex
1197 4392 1331 4445 data
1354 4407 1467 4444 non
1505 4397 1613 4456 est,
1663 4405 1848 4459 neque
1880 4391 2078 4445 audito

377 4484 687 4556 Evangelia
717 4484 1097 4548 dormierunt,
1122 4481 1260 4551 quia
1292 4496 1392 4550 per
1452 4484 1775 4534 creaturam
1815 4483 2081 4550 poterant

379 4589 724 4643 cognoscere
755 4576 1104 4633 Creatorem,
1139 4573 1307 4641 cujus
1358 4570 1690 4636 invisibilia,
1723 4589 1754 4624 a
1803 4571 2080 4625 constitu-

378 4663 538 4716 tione
569 4662 796 4730 mundi,
823 4678 921 4731 per
946 4678 1011 4717 ea
1033 4677 1161 4731 quas
1186 4661 1332 4715 facta
1354 4664 1513 4724 sunt,
1539 4658 1833 4714 intellecta
1851 4660 2083 4730 conspi-

379 4752 614 4807 ciuntur
644 4751 818 4818 (Rom.
853 4768 892 4816 ι,
925 4751 1064 4821 20)?
1095 4753 1206 4803 Hoc
1228 4754 1313 4803 est
1341 4749 1494 4802 enim
1522 4747 1692 4818 quasi
1733 4755 1947 4802 metere
1985 4748 2078 4802 ubi

377 4858 492 4898 non
519 4839 857 4908 seminavit;
894 4840 948 4894 id
982 4846 1089 4904 est,
1113 4840 1288 4894 etiam
1322 4855 1421 4893 eos
1461 4838 1776 4908 impietatis
1829 4853 1956 4893 reos
2006 4844 2082 4894 te-

378 4947 535 4998 nere,
561 4930 772 5002 quibus
802 4929 1040 4984 verbum
1066 4930 1226 4999 Legis
1257 4934 1357 4984 aut
1407 4927 1695 5000 Evangelii
1747 4943 1860 4982 non
1914 4928 2083 4983 mini-

378 5028 625 5078 stratum
650 5029 754 5076 est.
782 5025 898 5074 Hoc
930 5025 1123 5074 autem
1149 5021 1320 5074 veluti
1356 5017 1899 5089 periculumjudicii
1922 5019 2087 5073 devi-

378 5117 589 5180 tantes,
623 5111 786 5181 pigro
835 5109 1111 5178 languore
1161 5126 1193 5163 a
1237 5108 1394 5162 verbi
1455 5108 1873 5162 ministratione
1947 5123 2083 5161 con-

379 5200 723 5267 quiescunt;
759 5207 811 5254 et
844 5199 950 5254 hoc
973 5204 1061 5255 est
1110 5198 1278 5269 quasi
1332 5198 1386 5251 in
1439 5197 1667 5251 sudario
1703 5197 1878 5267 ligare
1928 5194 2084 5266 quod

379 5294 742 5356 acceperunt.
771 5289 1030 5343 Mensam
1055 5304 1170 5360 quo
1194 5289 1388 5343 danda
1413 5291 1533 5342 erat
1566 5287 1826 5355 pecunia,
1873 5285 2085 5356 profes-

379 5374 598 5430 sionem
626 5375 806 5447 ipsam
835 5379 1130 5448 religionis
1158 5377 1497 5449 accipimus,
1522 5392 1648 5446 quae
1673 5380 1942 5445 tanquam
1980 5391 2082 5445 pu-

451 5524 462 5556 ¹
497 5521 608 5568 Rat.
644 5523 694 5567 et
725 5521 830 5567 duo
863 5521 1005 5574 Mat-3..
1033 5523 1364 5572 immiserunt
1394 5520 1777 5580 persecutiones
1796 5517 2084 5578 Apostolis:

382 5595 607 5646 moxque
645 5581 729 5630 alii
764 5588 871 5630 tres
903 5596 928 5630 e
960 5584 1101 5642 Msa,
1155 5589 1203 5631 et
1248 5586 1620 5648 praedicatores
1657 5581 1954 5643 Evangelii,
1979 5587 2084 5632 etc.

1237 225 1768 295 QUASS'I‘IONUM
1815 223 2453 293 EVANGELIORUM,
2504 232 2569 288 S.
2615 228 3034 290 AUGUSTINI

3739 233 3895 292 1360

2189 358 2333 414 blice
2359 361 2696 432 pr0ponilur
2727 363 2797 418 ad
2834 379 3011 417 usum
3049 363 3446 420 necessarium
3493 363 3692 420 saluti.
3730 366 3893 429 Quod

2188 457 2380 504 autem
2408 467 2560 507 unus
2592 468 2792 507 eorum
2816 454 2912 523 qui
2943 453 3088 509 bene
3121 452 3211 508 usi
3242 459 3400 524 sunt,
3433 455 3630 511 decem
3653 455 3896 526 acquisi-

2187 541 2290 605 vit,
2324 547 2378 594 et
2409 539 2555 596 alter
2579 543 2859 612 quinque,
2892 542 3180 614 significat
3200 560 3295 598 eos
3325 559 3450 598 esse
3490 545 3811 615 acquisitos
3833 546 3894 601 in

2187 645 2419 700 gregem
2447 630 2568 695 Dei,
2594 651 2623 684 a
2647 632 2863 701 quibus
2897 633 3022 702 ipsa
3053 635 3164 686 Lex
3184 648 3285 703 per
3314 633 3559 704 gratiam
3605 635 3898 691 intellecta

2188 725 2302 784 est;
2329 721 2444 774 sive
2468 722 2602 792 quia
2623 719 2899 790 Decalogo
2947 722 3296 789 continetur,
3327 720 3445 777 sive
3485 723 3619 791 quia
3661 723 3754 777 ille
3795 740 3900 795 per

2188 825 2356 880 quem
2383 809 2500 865 lata
2523 816 2628 877 est,
2654 811 2828 865 libros
2847 811 3108 882 quinque
3126 811 3514 882 conscripsit:
3541 813 3612 866 ad
3639 812 3749 868 hoc
3776 829 3898 883 per-

2186 899 2368 956 tinent
2389 907 2447 955 et
2469 903 2664 956 decem
2689 906 2744 955 et
2764 901 3024 971 quinque
3055 899 3339 966 civitates,
3363 900 3578 970 quibus
3613 917 3712 956 eos
3758 919 3899 973 pra:-

2185 992 2366 1062 ponit.
2395 991 2802 1061 Multiplicatio
2834 991 2986 1044 enim
3021 989 3419 1059 intelligentiae
3452 990 3511 1044 in
3545 991 3670 1061 ipsa
3711 992 3894 1047 varie-

2184 1084 2321 1145 tate,
2347 1097 2473 1150 quae
2500 1080 2569 1134 de
2602 1094 2951 1150 unoquoque
2985 1084 3274 1149 praecepto
3300 1080 3387 1133 vel
3428 1079 3498 1134 de
3539 1095 3894 1151 unoquoque

2182 1169 2330 1223 libro
2365 1166 2635 1238 pullulat,
2671 1170 2739 1221 ad
2769 1183 2947 1221 unum
2974 1166 3223 1235 redacta,
3250 1167 3418 1238 quasi
3439 1167 3731 1223 civitatem
3757 1168 3894 1223 facit

2182 1259 2499 1315 viventi-um
2524 1258 3202 1313 rationumaeternarum.
3229 1258 3326 1312 Est
3345 1258 3497 1312 enim
3523 1257 3750 1324 civitas,
3779 1275 3889 1314 non

2184 1347 2580 1420 quorumlibet
2602 1347 3015 1414 animantium,
3034 1349 3129 1403 sed
3150 1346 3523 1402 rationalium
3551 1347 3887 1417 multitudo,

2183 1441 2329 1510 legis
2354 1440 2529 1496 unius
2552 1442 2828 1495 societate
2849 1438 3142 1495 devincta.
3168 1438 3324 1505 Quod
3359 1445 3551 1493 autem
3576 1438 3647 1494 ab
3670 1439 3768 1493 illo
3792 1442 3888 1509 qui

2184 1531 2263 1584 uti
2297 1530 2500 1595 noluit,
2533 1529 2792 1584 aufertur
2823 1530 2974 1599 quod
3011 1532 3331 1599 acceperat,
3355 1532 3414 1583 et
3460 1528 3511 1582 ei
3568 1529 3742 1583 datur
3790 1529 3890 1598 qui

2182 1619 2380 1673 decem
2413 1617 2679 1680 habebat,
2701 1617 3068 1686 signiﬁcatur
3098 1620 3154 1671 et
3184 1614 3352 1669 illum
3396 1631 3568 1687 posse
3623 1614 3887 1671 amittere

2182 1724 2399 1762 munus
2422 1708 2541 1775 Dei,
2568 1707 2664 1777 qui
2689 1707 2907 1762 habens
2940 1722 3056 1761 non
3090 1704 3280 1772 habet,
3301 1704 3356 1758 id
3383 1709 3472 1760 est
3500 1721 3613 1759 non
3655 1705 3884 1773 utitur;

2181 1803 2235 1854 et
2258 1800 2315 1854 in
2341 1815 2405 1854 eo
2428 1799 2621 1869 augeri
2649 1798 2750 1867 qui
2774 1797 2992 1851 habens
3018 1797 3209 1861 habet,
3235 1795 3344 1851 hoc
3361 1799 3452 1850 est
3488 1795 3632 1850 bene
3681 1795 3884 1849 utitur.

2184 1889 2460 1944 Inimicos
2504 1904 2640 1959 ergo
2681 1903 2820 1941 suos
2869 1903 3016 1956 quos
3059 1886 3224 1955 jubet
3272 1902 3464 1941 coram
3508 1902 3570 1941 se
3619 1885 3885 1948 interfici,

2181 1979 2465 2048 signiﬁcat
2489 1978 2855 2048 impietatem
2877 1975 3216 2031 Judaeorum
3240 1975 3338 2045 qui
3363 1975 3432 2029 ad
3466 1991 3600 2030 eum
3634 1975 3887 2030 converti

2179 2069 2508 2124 noluerunt.

2251 2157 2461 2211 XLVII.
2495 2156 2602 2224 [1b.
2638 2171 2788 2219 xvui,
2818 2154 3037 2225 25-27.]
3071 2153 3218 2219 Quid
3259 2158 3343 2208 est
3391 2153 3541 2224 quod
3593 2153 3692 2222 ait,
3723 2155 3886 2208 Fuci-

2179 2246 2285 2299 tius
2316 2253 2393 2298 est
2423 2244 2694 2297 camelum
2722 2258 2819 2313 per
2840 2243 3101 2310 foramen
3131 2258 3258 2296 acus
3283 2241 3720 2310 transire,quam
3741 2240 3891 2295 divi-

2175 2343 2286 2389 tem
2318 2333 2532 2387 intrare
2553 2334 2608 2386 in
2636 2348 2872 2403 regnum
2897 2331 3045 2386 Dei?
3079 2331 3316 2385 Divitem
3340 2329 3431 2383 hic
3463 2329 3694 2401 appelat
3723 2329 3884 2399 cupi-

2177 2427 2313 2480 dum
2349 2441 2542 2479 rerum
2570 2422 2976 2492 temporalium
3009 2427 3065 2476 et
3095 2421 3164 2477 de
3187 2420 3402 2475 talibus
3432 2420 3882 2490 superbientem.

2175 2516 2277 2570 His
2298 2513 2575 2568 divitibus
2598 2511 2876 2567 contrarii
2901 2519 3033 2566 sunt
3061 2526 3345 2582 pauperes
3375 2510 3604 2580 spiritu,
3632 2524 3882 2580 quorum

2173 2613 2259 2660 est
2291 2620 2532 2676 regnum
2559 2602 2837 2659 cmlorum
2861 2602 3072 2672 (Matth.
3110 2618 3161 2668 ν,
3193 2603 3263 2671 3).
3292 2600 3431 2655 Nam
3455 2615 3520 2655 eo
3546 2599 3883 2655 manifesta-

2173 2699 2270 2751 tur
2291 2710 2491 2749 omnes
2512 2693 2778 2764 cupidos,
2803 2691 3032 2747 etiamsi
3053 2690 3430 2746 facultatibus
3470 2690 3645 2761 hujus
3678 2690 3884 2745 mundi

2175 2787 2428 2851 careant,
2453 2784 2524 2839 ad
2551 2783 2658 2837 hoc
2677 2798 2862 2853 genus
2881 2781 3121 2835 divitum
3153 2781 3307 2851 quod
3342 2788 3426 2834 est
3457 2778 3878 2849 reprehensum

2177 2875 2499 2948 pertinere;
2540 2874 2679 2945 quia
2731 2879 2929 2942 postea
2978 2872 3251 2926 dixerunt
3298 2872 3393 2941 qui
3444 2869 3784 2936 audiebant,
3817 2870 3884 2924 Et

2175 2965 2296 3034 quis
2322 2965 2521 3034 poterit
2553 2962 2746 3017 salvus
2775 2963 2940 3031 ﬁeri?
2970 2977 3100 3015 cum
3135 2956 3666 3029 incomparabiliter
3697 2958 3885 3028 major

2178 3056 2350 3108 turba
2376 3053 2452 3107 sit
2479 3068 2798 3123 pauperum
2826 3069 2839 3106 :
2877 3050 3135 3106 videlicet
3157 3049 3541 3120 intelligentes
3563 3048 3619 3102 in
3670 3064 3734 3102 eo
3785 3063 3886 3102 nu-

2179 3160 2339 3198 mero
2363 3143 2629 3212 deputari
2653 3143 2828 3196 etiam
2855 3140 2984 3195 illos
3009 3141 3105 3212 qui
3132 3156 3468 3212 quanquam
3493 3139 3629 3193 talia
3648 3155 3762 3193 non
3793 3137 3887 3192 ha-

2177 3234 2363 3301 beant,
2394 3236 2588 3287 tamen
2624 3231 2872 3285 habendi
2913 3229 3233 3300 cupiditate
3284 3229 3614 3299 rapiuntur.
3663 3227 3886 3282 Sensus

2178 3327 2264 3378 est
2285 3329 2503 3386 autem,
2528 3320 2756 3377 facilius
2778 3318 3073 3375 Christum
3111 3319 3221 3387 pati
3248 3335 3349 3389 pro
3381 3317 3755 3372 dilectoribus
3777 3332 3888 3370 saa-

2179 3413 2314 3480 culi,
2340 3428 2516 3479 quam
2540 3411 2844 3466 dilectores
2872 3409 3066 3465 saeculi
3099 3409 3168 3464 ad
3205 3408 3498 3464 Christum
3545 3424 3716 3480 posse
3745 3423 3885 3462 con-

2177 3502 2346 3558 verti.
2378 3500 2594 3556 Cameli
2629 3501 2823 3554 autem
2859 3500 3097 3554 nomine
3127 3513 3188 3553 se
3235 3497 3486 3569 intelligi
3515 3497 3722 3567 voluit,
3744 3497 3884 3570 quia

2180 3592 2524 3650 humiliatus
2551 3606 2725 3645 onera
2756 3588 3014 3644 sustulit.
3051 3593 3112 3645 In
3147 3606 3263 3660 quo
3314 3590 3472 3644 enim
3522 3587 3888 3644 manifestius

2184 3681 2548 3752 intelligitur,
2614 3695 2789 3750 quam
2869 3679 2926 3734 in
2999 3679 3148 3750 ipso,
3227 3679 3376 3750 quod
3436 3679 3720 3748 scriptum
3778 3682 3888 3744 est,

2184 3774 2394 3842 Quanto
2419 3786 2652 3841 magnus
2681 3785 2756 3836 es,
2789 3768 3028 3823 humilia
3061 3774 3112 3824 te
3159 3772 3216 3822 in
3265 3768 3518 3822 erunibus
3548 3767 3742 3838 (Eccti.
3803 3782 3890 3833 ιιι,

2183 3863 2273 3933 20)
2295 3862 2322 3913 ‘l
2372 3860 2476 3915 Per
2497 3875 2665 3914 acum
2689 3863 2906 3924 autem,
2925 3857 3266 3928 punctiones
3281 3856 3592 3926 significat;
3619 3871 3718 3926 per
3738 3870 3894 3925 pun-

2185 3953 2430 4018 ctiones,
2456 3948 2684 4004 dolores
2707 3949 2764 4002 in
2791 3948 3061 4018 passione
3095 3949 3433 4016 susceptos:
3459 3946 3719 3999 foramen
3753 3958 3890 4010 ergo

2184 4055 2326 4098 acus
2358 4038 2498 4093 dicit
2529 4039 2829 4109 angustias
2851 4036 3161 4108 passionis.
3195 4035 3355 4099 Quod
3389 4039 3585 4089 autem
3617 4035 3717 4100 ait,
3753 4033 3892 4101 Quae

2187 4128 2559 4199 impossibilia
2587 4134 2715 4182 sunt
2741 4127 2886 4197 apud
2920 4126 3186 4193 homines,
3218 4124 3500 4194 possibilia
3548 4127 3679 4178 sunt
3745 4120 3896 4193 apud

2186 4220 2377 4282 Deum,
2414 4234 2528 4272 non
2558 4218 2633 4271 ita
2665 4216 3068 4286 accipiendum
3102 4219 3211 4282 est,
3242 4215 3398 4286 quod
3449 4212 3647 4285 cupidi
3691 4221 3744 4267 et
3791 4228 3896 4266 su-

2189 4308 2375 4378 perbi,
2408 4306 2508 4376 qui
2553 4306 2789 4361 nomine
2837 4305 2992 4359 illius
3044 4305 3235 4359 divitis
3282 4301 3594 4374 signiﬁcati
3641 4305 3800 4366 sunt,
3834 4301 3894 4354 in

2187 4413 2434 4464 regnum
2458 4396 2730 4450 caelorum
2752 4395 2868 4450 sint
2891 4392 3158 4449 intraturi
3175 4392 3445 4448 cumsuis
3475 4389 3900 4461 cupiditatibus

2189 4492 2245 4542 et
2266 4485 2542 4557 superbia
2577 4501 2589 4539 :
2624 4485 2722 4539 sed
2759 4483 3030 4555 possibile
3082 4487 3170 4538 est
3213 4482 3347 4548 Deo,
3402 4484 3464 4536 ut
3510 4496 3610 4550 per
3655 4478 3897 4535 verbum

2189 4579 2340 4648 ejus,
2371 4577 2523 4631 sicut
2553 4581 2608 4631 et
2634 4577 2758 4645 jam
2793 4577 3008 4630 factum
3036 4591 3186 4640 esse,
3210 4578 3265 4629 et
3283 4574 3461 4628 etiam
3484 4570 3743 4642 quotidie
3767 4569 3899 4624 fieri

2191 4669 2473 4733 videmus,
2510 4686 2540 4722 a
2583 4667 2905 4739 cupiditate
2955 4665 3365 4736 temporalium
3422 4663 3491 4719 ad
3549 4661 3896 4718 charitalem

2191 4763 2560 4823 aeternorum,
2593 4761 2649 4812 et
2679 4775 2712 4812 a
2744 4755 3070 4825 perniciosa
3099 4753 3370 4824 superbia
3401 4753 3470 4807 ad
3507 4750 3893 4807 humilitatem

2191 4849 2635 4904 saluberrimam
2667 4851 3102 4903 convertantur.

2265 4939 2506 4994 XLVIII.
2543 4939 2651 5010 [1b.
2701 4936 3107 5006 xvm,35-43.]
3168 4937 3482 4990 Possemus
3541 4935 3610 4988 de
3669 4932 3902 5003 propin-

2192 5029 2511 5099 quantibus
2560 5028 2630 5083 ad
2678 5027 2908 5082 Jerioho
2957 5025 3040 5081 sic
3085 5024 3430 5094 intelligere,
3482 5032 3544 5077 ut
3585 5023 3708 5091 jam
3759 5021 3901 5076 inde

2197 5118 2429 5190 egressi,
2458 5133 2631 5188 prope
2652 5115 3060 5183 tamengadhuc
3083 5119 3279 5170 essent
3299 5115 3367 5168 ad
3392 5129 3518 5167 eam
3553 5111 3842 5167 civitatem
3881 5130 3896 5166 :

2195 5209 2345 5279 quod
2371 5209 2607 5280 quidem
2634 5206 2830 5262 minus
2864 5207 3080 5261 usitate
3111 5205 3346 5269 dicitur,
3371 5205 3467 5259 sed
3495 5209 3689 5257 tamen
3714 5203 3900 5258 videri

2197 5302 2382 5371 possit
2402 5299 2507 5353 hoc
2531 5297 2776 5360 dictum.
2800 5297 3078 5367 quoniam
3113 5295 3417 5352 Matlhaeus
3465 5292 3906 5363 egredientibus

2196 5393 2276 5447 eis
2297 5391 2368 5446 ab
2390 5387 2622 5444 Jericho
2642 5387 2782 5443 dicit
2813 5388 3177 5444 illuminatos
3198 5389 3345 5442 duos
3374 5400 3560 5441 crocos
3602 5382 3704 5454 qui
3731 5384 3906 5453 juxta

2197 5482 2346 5536 viam
2369 5479 2652 5536 sedebant
2677 5479 2884 5551 (Matth.
2915 5495 3007 5547 xx,
3037 5478 3243 5544 29-34).
3283 5477 3358 5531 De
3401 5490 3647 5530 numero
3686 5473 3910 5546 quippe

2200 5571 2359 5626 nulla
2394 5575 2479 5625 est
2514 5572 2776 5641 qiimstio,
2803 5570 2850 5624 si
2885 5569 3027 5625 alter
3050 5565 3547 5638 Evangelistarum
3573 5563 3642 5620 de
3675 5580 3790 5619 uno
3824 5569 3912 5620 ta-
