4170 6188
292 280 430 339 1361

286 409 415 473 cuit,
444 410 625 464 unius
657 408 1066 465 reminiscens.
1109 412 1252 464 Nam
1303 408 1475 462 etiam
1537 409 1761 463 Marcus
1802 424 1982 465 unum

280 505 722 569 commemorat,
753 515 885 556 cum
915 506 969 554 et
998 499 1120 570 ipse
1142 498 1573 571 egredientibus
1596 498 1679 551 eis
1710 498 1783 552 ab
1830 497 1984 553 Jeri—

278 588 378 644 cbo
406 588 565 645 dicat
593 588 1020 655 illuminatum,
1052 590 1220 659 cujus
1261 593 1318 644 et
1367 603 1574 643 nomen
1617 587 1761 642 dixit
1795 592 1851 643 ct
1884 604 1983 658 pa-

274 682 418 736 trem
452 684 657 749 (Marc.
690 698 751 749 x,
806 681 1025 751 46-52):
1071 689 1130 736 ut
1178 679 1573 751 intelligamus
1624 694 1749 734 cum
1804 678 1985 734 fuisse

270 770 675 840 notissimum,
719 770 970 828 alterum
1000 770 1297 842 ignotum,
1327 774 1392 825 ut
1424 770 1630 824 merito
1679 767 1773 823 ille
1815 774 1985 823 notus

265 860 445 917 etiam
475 861 640 917 solus
671 861 946 917 decenter
964 862 1541 917 commemoraretur.
1567 858 1676 914 Sed
1710 858 1983 930 quoniam

264 966 402 1021 quin
431 956 878 1023 consequuntur
908 951 967 1006 in
1016 949 1324 1021 Evangelia
1370 950 1690 1005 secundum
1744 948 1981 1013 Lucam,

266 1042 644 1114 apertissime
675 1044 995 1100 ostendunt
1026 1041 1165 1097 illud
1202 1041 1355 1108 quod
1399 1040 1520 1113 ipse
1560 1044 1754 1094 narrat
1795 1039 1983 1094 adhuc

262 1133 639 1189 venientibus
672 1134 754 1189 eis
783 1132 1018 1190 Jericho
1048 1131 1263 1186 factum
1286 1146 1442 1196 esse;
1466 1129 1780 1185 nihilaliud
1806 1134 1984 1185 restat

260 1221 620 1295 intelligere,
652 1222 766 1279 nisi
796 1223 889 1278 bis
919 1238 1043 1278 esse
1083 1221 1303 1276 factum
1337 1220 1446 1277 hoc
1490 1218 1855 1286 miraculum,
1899 1237 1982 1275 se-

261 1312 381 1368 mel
414 1311 476 1367 in
510 1328 626 1367 uno
656 1327 828 1379 cieco,
862 1312 1002 1367 dum
1036 1310 1225 1367 adhuc
1254 1310 1472 1365 veniret
1502 1308 1560 1365 in
1596 1309 1752 1364 illam
1788 1308 1985 1364 civita-

260 1408 411 1469 tem,
445 1411 502 1459 et
535 1403 746 1457 iterum
779 1402 840 1456 in
872 1401 1101 1457 duobus
1124 1417 1259 1457 cum
1300 1401 1433 1455 inde
1483 1401 1887 1471 egrederetur:
1926 1407 1983 1453 ut

258 1490 416 1546 illud
450 1507 634 1546 unum
660 1490 864 1559 Lucas,
899 1490 1041 1546 illud
1060 1489 1305 1545 alterum
1328 1489 1633 1544 Matthiaeus
1659 1492 1980 1555 enarraret;

262 1597 463 1653 neque
494 1581 605 1636 hoc
635 1581 762 1636 sine
792 1580 985 1652 aliquo
1017 1588 1405 1637 sacramento.
1450 1578 1508 1634 Si
1550 1579 1705 1634 enim
1748 1577 1983 1633 Jericho

261 1671 516 1740 Lunam,
550 1676 608 1726 et
636 1671 709 1726 ob
742 1670 849 1726 hoc
884 1670 1296 1726 mortalitatem
1322 1670 1793 1739 interpretamur,
1814 1668 1985 1723 morti

260 1762 675 1833 propinquans
708 1761 1014 1827 Dominus,
1043 1760 1265 1815 Judmis
1297 1760 1438 1815 solis
1470 1758 1665 1814 lumen
1693 1756 1981 1828 Evangelii

253 1851 526 1920 jusserat
557 1849 885 1921 praedicari,
915 1866 1059 1920 quos
1080 1849 1426 1920 signiﬁcavit
1456 1848 1555 1904 ille
1605 1863 1755 1902 unus
1796 1863 1983 1903 caecus

259 1956 439 2011 quem
463 1943 650 1995 Lucas
680 1948 1097 1995 commemorat
1131 1956 1144 1995 :
1180 1956 1214 1993 a
1245 1942 1429 1993 morte
1448 1942 1642 1993 autem
1668 1953 1982 2009 resurgens

260 2038 437 2101 atque
469 2029 792 2093 discedens,
817 2034 873 2085 et
900 2028 1118 2085 Judais
1139 2032 1195 2084 et
1220 2027 1517 2095 Gentibus,
1542 2044 1687 2098 quos
1717 2027 1864 2084 duos
1888 2044 1985 2101 po-

259 2120 433 2190 pulos
463 2118 799 2191 siguiﬁcare
827 2119 1099 2174 videntur
1137 2118 1254 2173 duo
1297 2116 1432 2173 caci
1481 2119 1919 2173 commemorati
1951 2133 1984 2172 a

258 2209 562 2266 Matthaso.

333 2299 442 2371 [lb.
477 2315 597 2367 xix,
622 2298 710 2368 45,
743 2298 857 2369 46.]
887 2299 961 2368 (τι)
993 2297 1303 2369 Templum
1357 2297 1417 2353 in
1452 2297 1761 2369 Evangelia
1782 2297 1979 2368 ipsum

264 2391 570 2446 hominem
606 2386 1021 2460 iutelliges,vel
1049 2388 1226 2444 etiam
1256 2389 1532 2460 adjuncto
1565 2404 1801 2460 corpore
1831 2389 1980 2459 ejus,

254 2482 411 2552 quod
439 2489 529 2535 est
560 2478 834 2536 Ecclesia.
860 2478 1193 2534 Secundum
1218 2484 1410 2535 autem
1431 2479 1573 2534 illud
1600 2480 1753 2551 quod
1778 2484 1867 2535 est
1887 2494 1979 2535 ca-

255 2580 363 2641 put
400 2570 694 2639 Ecclesiaa,
724 2571 942 2624 dictum
983 2575 1094 2634 est,
1144 2568 1345 2625 Solvite
1375 2569 1639 2639 templum
1677 2570 1794 2639 hoc,
1826 2572 1877 2624 et
1920 2568 1981 2623 in

253 2660 450 2715 triduo
479 2658 755 2715 suscitabo
784 2658 945 2713 illud.
978 2660 1310 2715 Secundum
1344 2659 1400 2715 id
1444 2674 1574 2715 vero
1610 2659 1767 2729 quod
1814 2658 1982 2714 etiam

254 2749 551 2821 adjuncta
581 2746 841 2804 Ecclesia
888 2746 1235 2819 intelligitur
1282 2746 1591 2819 templum,
1636 2746 1863 2803 videtur
1892 2747 1979 2802 di-

249 2840 430 2905 xisse,
465 2839 688 2906 Auferte
718 2839 824 2893 ista
850 2834 977 2893 hinc
1006 2855 1025 2893 :
1055 2839 1317 2909 scriptum
1347 2845 1442 2901 est,
1470 2837 1669 2893 Domus
1717 2853 1839 2893 mea
1884 2836 1979 2892 do-

250 2945 380 2984 mus
402 2931 679 2985 orationis
712 2928 995 2984 vocabitur
1014 2943 1142 2995 ;vos
1180 2932 1362 2984 autem
1389 2926 1592 2996 fecistis
1610 2942 1732 2982 eam
1761 2926 1979 2983 domum

248 3018 683 3093 negotiationis,
729 3020 817 3074 vel
864 3020 1183 3089 speluncam
1232 3018 1505 3073 latronum
1548 3018 1723 3088 (Joan.
1777 3034 1837 3086 ιι,
1888 3017 1975 3085 19,

252 3110 372 3179 16).
401 3108 770 3181 Signiﬁcavit
798 3109 957 3164 enim
991 3108 1216 3163 futuros
1238 3105 1299 3162 in
1324 3105 1597 3172 Ecclesia,
1631 3106 1728 3179 qui
1748 3123 1853 3163 sua
1882 3121 1976 3162 ne-

252 3198 409 3271 gotia
440 3198 644 3270 potius
672 3201 933 3269 agerent,
965 3196 1054 3251 vel
1087 3195 1519 3268 receptaculum
1565 3196 1648 3250 ibi
1694 3195 1976 3251 baberent

250 3291 321 3346 ad
354 3288 713 3346 occultanda
742 3288 957 3345 scelera
986 3305 1113 3357 sua,
1148 3304 1320 3359 quam
1354 3286 1775 3343 utcharitatem
1808 3286 1974 3341 Chri-

249 3382 321 3436 sti
356 3384 772 3452 sequerentur,
805 3385 863 3435 et
906 3386 1273 3451 peccatorum
1324 3377 1690 3434 confessione
1738 3381 1975 3449 accepta

251 3473 423 3529 venia
453 3470 904 3544 corrigerentur.

319 3561 521 3618 XLIX.
552 3561 660 3632 [lb.
692 3576 787 3630 xx,
824 3561 940 3631 36.]
998 3562 1081 3617 Ad
1135 3560 1191 3616 id
1240 3561 1392 3632 quod
1442 3559 1609 3627 dixit,
1657 3560 1773 3615 Non
1824 3558 1973 3615 enim

252 3653 408 3707 ultra
437 3650 719 3721 incipiunt
744 3651 915 3711 mori;
948 3650 1081 3720 quia
1107 3650 1400 3706 connubia
1422 3657 1657 3722 propter
1687 3648 1857 3716 ﬁlios,
1903 3649 1969 3702 ﬁ-

253 3742 314 3796 lii
346 3748 591 3812 propter
617 3739 1068 3804 successionem,
1100 3739 1359 3795 sucessio
1396 3744 1631 3811 propter
1676 3742 1921 3794 mortem
1947 3752 1961 3791 :

256 3830 347 3886 ubi
379 3846 524 3903 ergo
548 3846 705 3887 mors
732 3846 846 3885 non
878 3833 988 3898 est,
1018 3845 1200 3900 neque
1238 3829 1552 3887 connubia.
1602 3829 1763 3886 Sicut
1810 3826 1967 3881 enim

255 3938 411 3977 nunc
441 3938 640 3977 sermo
660 3924 854 3977 noster
873 3919 1287 3976 decedentibus
1311 3923 1367 3976 et
1387 3919 1831 3975 succedentibus
1852 3917 1969 3990 syl-

256 4012 403 4067 labis
433 4012 741 4084 peragitur
762 4016 938 4082 atque
969 4010 1294 4082 perﬁcitur:
1332 4010 1411 4065 ita
1442 4014 1497 4065 et
1544 4009 1655 4081 ipsi
1703 4009 1969 4065 homines

253 4116 508 4170 quorum
543 4116 737 4156 sermo
786 4104 891 4159 est,
939 4098 1266 4155 decedendo
1315 4116 1381 4155 ac
1421 4098 1787 4154 succedendo
1837 4114 1969 4168 per-

255 4193 440 4259 agunt
461 4194 640 4259 atque
655 4187 964 4260 perﬁciunt
980 4186 1241 4243 ordinem
1257 4187 1437 4258 hujus
1458 4183 1683 4259 saaculi,
1712 4186 1807 4257 qui
1829 4190 1970 4241 tem-

250 4279 544 4352 poralium
581 4293 775 4333 rerum
800 4276 1231 4350 pulchritudine
1260 4276 1609 4333 contexitur.
1646 4278 1706 4331 In
1732 4274 1833 4330 illa
1863 4292 1966 4331 au-

249 4375 361 4426 tem
394 4369 512 4424 vita
542 4369 824 4440 quoniam
871 4367 1123 4423 Verbum
1174 4367 1271 4423 Dei
1314 4383 1429 4439 quo
1478 4367 1758 4435 fruemur,
1808 4365 1967 4422 nulla

250 4460 595 4518 decessione
623 4464 680 4516 et
700 4458 1069 4515 successione
1100 4457 1457 4531 syllabarum
1490 4456 1829 4530 completur,
1863 4457 1965 4512 sed

250 4552 445 4608 omnia
477 4566 606 4622 quae
637 4548 812 4606 habet
842 4564 1073 4621 semper
1105 4548 1393 4605 manendo
1424 4546 1601 4603 simul
1648 4548 1850 4616 habet;
1883 4546 1966 4603 ita

249 4641 570 4712 participes
601 4639 750 4709 ejus,
792 4639 1008 4711 quibus
1039 4638 1231 4710 ipsum
1276 4637 1470 4694 solum
1517 4637 1631 4694 erit
1669 4638 1808 4707 vita,
1861 4652 1963 4691 ne-

249 4747 361 4801 que
396 4729 700 4785 moriendo
736 4728 844 4784 sibi
904 4729 1200 4795 decedent,
1250 4744 1439 4801 neque
1488 4729 1777 4785 nascendo
1824 4742 1964 4783 suc-

249 4821 481 4876 cedent.

316 4911 377 4968 L.
411 4909 518 4982 [lb.
552 4926 692 4979 xxxi,
717 4910 786 4963 40
805 4913 858 4964 et
887 4908 1001 4979 41.)
1034 4909 1193 4974 Quod
1228 4907 1675 4964 dixitDominus
1707 4908 1962 4979 discipu-

244 5001 337 5067 lis,
370 5002 547 5059 Orate
576 5015 644 5053 ne
672 4998 888 5054 intretis
916 5001 1352 5055 intentationem
1384 5017 1401 5055 :
1429 5007 1478 5053 et
1492 4999 1607 5070 ipse
1622 4997 1853 5054 avulsus
1882 5006 1961 5053 est

243 5090 307 5144 ab
336 5089 423 5145 eis
453 5097 721 5160 quantum
744 5088 934 5159 jactus
962 5093 1043 5144 est
1074 5088 1317 5159 lapidis:
1369 5093 1647 5159 tanquam
1702 5087 1811 5144 hoc
1859 5104 1959 5144 eos

246 5179 643 5247 admonuerit,
678 5177 833 5233 utin
879 5194 1011 5233 eum
1065 5178 1384 5249 dirigerent
1420 5176 1691 5249 lapidem,
1742 5178 1794 5231 id
1846 5182 1954 5246 est,

300 5369 379 5419 (at
410 5368 561 5417 Hanc
591 5367 646 5417 in
678 5365 925 5427 temﬂum
950 5367 1356 5417 aunotationem
1376 5368 1709 5431 Augustinus
1741 5368 1792 5416 in
1824 5381 1957 5430 prte-

244 5429 343 5494 _ﬁxo
373 5432 502 5481 huic
532 5431 682 5494 operi
715 5431 1337 5494 Qumstionumeleucho
1370 5429 1480 5494 non
1513 5435 1766 5494 recenset.
1801 5429 1954 5493 Apud

244 5491 750 5606 l.o_v.iueil;;it'sic..¢
777 5494 1059 5567 Templum
1086 5492 1141 5541 in
1167 5493 1459 5566 Evangelio
1478 5494 1651 5556 ipsum
1677 5491 1956 5542 Deum‘ho-

244 5570 436 5606 minem
525 5561 672 5606 ctum
702 5556 973 5606 intelliges
1004 5569 1063 5605 ε»
1098 5560 1147 5606 at
1180 5556 1265 5605 alti
1300 5556 1513 5605 codices
1547 5570 1642 5605 nec
1672 5576 1697 5600 ι
1730 5556 1893 5605 Deum
1927 5576 1953 5599 »

244 5558 436 5608 minem
468 5556 672 5607 tactum
702 5556 973 5619 intelliges
1004 5569 1063 5605 ε»
1098 5560 1147 5606 at
1180 5556 1265 5605 alii
1300 5556 1513 5605 codices
1547 5570 1642 5605 nec
1672 5576 1697 5600 ι
1730 5556 1893 5605 Deum
1927 5576 1953 5599 »

245 5620 461 5677 addunt,
494 5634 595 5671 nec
626 5639 652 5665 α
686 5620 909 5671 factum.
948 5639 971 5665 ι»

1692 275 1925 336 LIBER
1969 277 2401 339 SECUNDUS.

3648 290 3803 350 1362

2095 443 2276 501 usque
2306 428 2377 484 ad
2411 444 2540 485 eum
2584 432 2971 501 perducerent
3020 434 3392 491 intentionem
3446 438 3631 509 Legis,
3674 420 3799 511 quas

2070 517 2313 587 scripta
2342 522 2467 573 erat
2515 518 2571 573 in
2617 519 2806 590 lapide
2830 521 3024 592 (Exod.
3074 540 3227 589 xxxi,
3286 525 3367 591 18,
3424 528 3472 579 et
3521 542 3709 595 xxxw,
3744 533 3796 593 4,

2094 607 2204 675 28).
2240 605 2431 677 Usque
2452 608 2523 662 ad
2557 607 2722 664 illum
2755 610 2909 666 enim
2945 616 3135 683 potest
3158 613 3455 683 pervenire
3487 613 3581 670 ille
3623 616 3797 686 lapis:

2095 694 2365 765 quoniam
2394 695 2527 750 ﬁnis
2562 696 2726 769 Legis
2755 703 2845 754 est
2873 699 3164 768 Christus,
3198 702 3267 757 ad
3302 701 3591 771 iustitiam
3642 704 3804 759 omni

2094 784 2346 839 credenti
2373 783 2547 856 (Rom.
2572 803 2629 853 x,
2663 788 2737 857 4).

2168 873 2250 928 Ll.
2286 874 2391 944 [lb.
2427 892 2575 944 xxiv,
2606 877 2723 948 28.]
2757 880 2918 945 Quod
2954 881 3232 952 scriptum
3276 885 3364 937 est
3412 881 3482 937 de
3538 882 3803 951 Domino,

2092 966 2355 1023 Finxitse
2375 965 2589 1033 longius
2612 968 2714 1032 ire,
2742 984 2855 1023 non
2888 970 2958 1024 ad
2984 970 3354 1025 mendacium
3374 971 3643 1043 pertinet.
3676 972 3802 1027 Non

2094 1057 2245 1112 enim
2264 1075 2435 1114 omne
2453 1058 2602 1130 quod
2624 1057 2899 1128 fingimus
2921 1059 3287 1114 mendacium
3309 1064 3423 1116 est:
3450 1063 3546 1117 sed
3568 1063 3801 1133 quando

2093 1146 2149 1200 id
2177 1147 2449 1219 ﬁngimus
2471 1147 2623 1218 quod
2650 1146 2791 1202 nihil
2812 1147 3123 1219 signiﬁcat,
3147 1153 3287 1204 tunc
3302 1157 3385 1204 est
3409 1150 3801 1207 mendacium.

2093 1234 2233 1291 Cum
2266 1240 2461 1291 autem
2494 1236 2648 1290 ﬁctio
2681 1240 2880 1291 nostra
2912 1236 3155 1292 refertur
3183 1238 3252 1291 ad
3287 1235 3542 1310 aliquam
3574 1238 3801 1311 signiﬁ-

2092 1325 2398 1392 cationem,
2434 1343 2546 1381 non
2573 1337 2656 1381 est
2692 1326 3084 1392 mendacium,
3118 1327 3218 1381 sed
3260 1325 3455 1397 aliqua
3477 1328 3666 1400 ﬁgura
3706 1344 3804 1385 ve-

2094 1417 2296 1472 ritatis.
2334 1417 2603 1487 Alioquin
2637 1417 2836 1471 omnia
2862 1433 2988 1486 quas
3021 1434 3053 1471 a
3084 1416 3442 1485 sapientibus
3481 1422 3539 1473 et
3581 1419 3802 1475 sanctis

2093 1506 2253 1573 viris,
2288 1507 2373 1560 vel
2409 1507 2583 1561 etiam
2616 1506 2685 1560 ab
2720 1506 2843 1576 ipso
2878 1505 3121 1561 Domino
3157 1506 3398 1577 ﬁgurate
3442 1507 3593 1562 dicta
3641 1513 3800 1575 sunt,

2097 1598 2396 1653 mendacia
2415 1598 2873 1667 deputabuntur,
2902 1598 3039 1668 quia
3060 1598 3382 1653 secundum
3404 1598 3689 1655 usitatum
3712 1601 3802 1655 in-

2092 1687 2388 1743 tellectum
2442 1704 2551 1743 non
2609 1687 2876 1742 subsistit
2916 1686 3124 1741 veritas
3174 1686 3392 1743 talibus
3439 1686 3632 1743 dictis.
3661 1688 3804 1759 .Non

2093 1779 2247 1835 enim
2282 1780 2456 1835 homo
2480 1780 2578 1850 qui
2603 1778 2799 1833 habuit
2823 1778 2969 1832 duos
2999 1777 3171 1845 ﬁlios,
3196 1795 3447 1849 quorum
3466 1779 3689 1850 junior,
3714 1796 3807 1836 ac-

2094 1875 2260 1940 cepta
2292 1874 2451 1941 parte
2486 1867 2821 1940 patrimonii
2853 1866 2965 1933 sui,
3000 1868 3295 1939 profectus
3312 1868 3476 1923 estin
3511 1869 3801 1939 regionem

2093 1959 2495 2031 longinquam,
2530 1967 2583 2013 et
2623 1963 2826 2013 caetera
2866 1974 2994 2029 quae
3045 1958 3103 2012 in
3137 1956 3234 2012 illa
3285 1958 3615 2015 narratione
3665 1975 3803 2015 cou-

2094 2054 2365 2105 texuntur
2397 2051 2538 2104 (Luc.
2576 2066 2668 2115 xv,
2703 2048 2764 2102 11
2800 2048 2911 2118 32),
2945 2047 3022 2100 ita
3053 2046 3329 2102 dicuntur
3360 2052 3639 2119 tanquam
3671 2064 3803 2105 vero

2096 2139 2265 2193 fuerit
2288 2139 2596 2209 quisquam
2624 2140 2797 2193 homo
2819 2137 2915 2208 qui
2939 2137 3047 2192 hoc
3076 2136 3133 2191 in
3157 2137 3286 2192 ﬁliis
3306 2138 3427 2193 suis
3451 2140 3680 2195 duobus
3707 2146 3807 2195 aut

2092 2244 2297 2299 passus
2319 2228 2525 2294 sit,aut
2541 2226 2753 2282 fecerit.
2770 2227 2927 2281 Ficta
2943 2234 3075 2281 sunt
3088 2242 3220 2296 ergo
3240 2226 3353 2282 ista
3369 2227 3441 2282 ad
3456 2244 3574 2284 rem
3596 2244 3803 2299 quam-

2091 2318 2225 2371 dam
2247 2315 2713 2386 signiﬁcandam,
2735 2320 2852 2370 tam
2873 2315 3285 2387 longelateque
3301 2317 3665 2387 majorem,et
3686 2326 3803 2373 tam

2090 2405 2625 2477 incomparabiliter
2641 2404 3021 2468 diﬁ'erentem,
3040 2408 3104 2459 ut
3123 2405 3397 2475 perillum
3414 2406 3807 2462 ﬁctumhomi-

2092 2514 2225 2554 nem
2240 2497 2391 2551 Deus
2407 2513 2570 2553 verus
2591 2496 2965 2569 intelligatur.
2980 2496 3342 2552 Sicutautem
3357 2496 3802 2566 dicta,itaetiam

2090 2588 2240 2642 facta
2258 2586 2561 2657 ﬁnguntur
2586 2587 2709 2641 sine
2742 2585 3046 2640 mendacio
3060 2586 3131 2640 ad
3156 2584 3409 2656 aliquam
3430 2603 3545 2642 rem
3579 2586 3805 2658 signiﬁ-

2091 2678 2335 2733 candam
2372 2692 2385 2731 :
2422 2676 2573 2731 unde
2606 2679 2695 2730 est
2723 2677 2900 2730 etiam
2930 2674 3073 2729 illud
3090 2675 3350 2745 ejusdem
3374 2676 3626 2743 Domini,
3653 2678 3808 2749 quod

2090 2768 2146 2822 in
2180 2768 2270 2823 ﬁci
2302 2768 2501 2823 arbore
2534 2767 2790 2838 quaesivit
2842 2766 3094 2821 fructum
3144 2782 3210 2821 eo
3259 2771 3519 2838 tempore
3549 2783 3664 2838 quo
3704 2766 3806 2823 illa

2090 2874 2261 2929 poma
2292 2857 2551 2913 nondum
2584 2859 2779 2912 essent
2811 2856 2993 2928 (Marc.
3026 2872 3104 2915 x1.
3140 2855 3249 2926 13).
3304 2855 3427 2912 Νοιι
3486 2858 3639 2912 enim
3690 2858 3809 2914 du—

2091 2948 2251 3002 bium
2280 2950 2367 3002 est
2399 2946 2555 3001 illam
2581 2945 3020 3017 inquisitionem
3059 2962 3170 3000 non
3203 2944 3385 3001 fuisse
3418 2961 3644 3002 veram:
3679 2949 3807 3018 qui-

2088 3036 2173 3092 vis
2205 3038 2358 3092 enim
2393 3036 2692 3091 hominum
2726 3035 2915 3102 sciret,
2951 3036 2999 3090 si
3032 3052 3145 3090 non
3180 3034 3503 3105 divinitate,
3537 3036 3623 3092 vel
3655 3040 3802 3093 tem-

2090 3143 2248 3199 pore,
2283 3141 2450 3196 poma
2494 3124 2653 3180 illam
2687 3126 2953 3180 arborem
2997 3141 3108 3181 non
3144 3124 3377 3181 habere.
3411 3125 3587 3183 Fictio
3627 3127 3804 3199 igitur

2086 3232 2218 3288 quae
2246 3216 2314 3269 ad
2341 3214 2598 3286 aliquam
2631 3214 2935 3269 veritatem
2968 3214 3231 3281 refertur,
3267 3213 3455 3285 ﬁgura
3494 3219 3622 3271 est:
3671 3232 3798 3287 quas

2086 3321 2201 3361 non
2235 3304 2499 3372 refertur,
2548 3302 2913 3358 mendacium
2962 3305 3069 3358 est.
3122 3302 3269 3365 Quid
3323 3318 3458 3374 ergo
3506 3302 3801 3374 signiﬁcat

2084 3396 2235 3467 quod
2270 3410 2332 3448 se
2363 3394 2444 3449 ire
2474 3392 2707 3463 longius
2735 3391 3009 3447 Dominus
3043 3391 3231 3459 ﬁnxit,
3262 3408 3396 3446 cum
3424 3394 3799 3449 comitaretur

2084 3483 2414 3555 discipulis,
2449 3499 2741 3553 exponens
2790 3481 2872 3536 eis
2922 3487 3151 3536 sanctas
3200 3482 3547 3553 Scripturas,
3594 3486 3795 3537 utrum

2080 3576 2205 3647 ipse
2236 3578 2386 3629 esset
2418 3571 2867 3643 ignorantibus?
2895 3571 3054 3640 quid,
3082 3576 3374 3641 putamus,
3401 3572 3512 3627 nisi
3535 3572 3672 3645 quia
3698 3572 3797 3629 ho-

2081 3662 2413 3735 spitalitatis
2427 3663 2617 3716 ofﬁcio
2636 3678 2701 3717 ac
2724 3676 2893 3715 suam
2911 3659 3294 3731 cognitionem
3313 3662 3608 3733 pervenire
3623 3678 3793 3735 posse

2081 3754 2349 3810 homines
2373 3752 2655 3808 intimavit
2677 3750 2705 3806 't
2727 3758 2785 3806 ut
2808 3766 2935 3805 cum
2964 3751 3195 3822 longius
3218 3751 3341 3821 ipse
3360 3752 3432 3808 ab
3451 3752 3792 3811 hominibus

2080 3842 2428 3900 abscesserit
2477 3858 2653 3913 super
2701 3858 2903 3898 omnes
2943 3842 3139 3908 ccelos,
3182 3847 3381 3899 tamen
3428 3846 3508 3899 ita
3537 3860 3670 3900 cum
3706 3844 3791 3901 eis

2079 3934 2157 3991 sit
2188 3933 2287 4005 qui
2319 3932 2436 3986 haac
2458 3932 2733 3988 exhibent
2764 3933 2945 3988 servis
2974 3934 3122 4003 ejus,
3148 3939 3212 3987 ut
3240 3950 3371 3989 cum
3397 3934 3587 3990 dicere
3608 3949 3792 4005 ccepe-

2078 4026 2214 4092 rint,
2249 4025 2492 4090 Domine,
2522 4023 2741 4094 quando
2771 4033 2820 4079 te
2849 4023 3084 4079 vidimus
3112 4025 3398 4095 hospitem,
3441 4028 3491 4081 et
3536 4026 3791 4081 adduxi-

2076 4132 2197 4171 mus
2220 4116 2248 4170 φ
2277 4120 2560 4187 tanquam
2594 4130 2726 4169 eum
2757 4114 2979 4171 scilicet
3027 4114 3127 4186 qui
3177 4116 3345 4187 longe
3382 4116 3738 4172 abscesserat
3770 4134 3786 4174 :

2077 4204 2716 4275 respondeatille,(.‘um
2746 4206 2927 4259 unica:
2950 4204 3199 4259 minimis
3231 4206 3367 4259 meis
3386 4205 3614 4273 fecistis,
3645 4208 3787 4261 mihi

2074 4296 2284 4365 fecistis
2314 4295 2522 4363 (Matth.
2546 4311 2673 4363 xxv,
2706 4294 2797 4361 38,
2832 4295 2939 4365 40).
2972 4299 3149 4349 Tenet
3179 4310 3310 4366 ergo
3359 4294 3654 4349 Christum
3711 4310 3782 4349 ne

2076 4385 2307 4457 longius
2338 4386 2408 4440 ab
2442 4386 2539 4440 illo
2571 4391 2684 4453 eat,
2728 4385 2997 4457 quisquis
3052 4386 3441 4441 catechizatus
3482 4384 3673 4449 verbo,
3721 4384 3780 4439 in

2075 4476 2354 4531 omnibus
2385 4475 2554 4530 bonis
2577 4476 2627 4530 ei
2646 4474 2746 4544 qui
2767 4490 2829 4529 se
2852 4474 3167 4529 catechizat
3184 4473 3606 4541 communicat;
3628 4473 3783 4529 sicut

2073 4563 2388 4634 Apostolus
2419 4563 2579 4633 dicit,
2631 4561 3000 4619 Communicet
3021 4564 3116 4632 qui
3149 4562 3517 4617 catechixatur
3544 4562 3705 4619 verbo
3738 4567 3781 4632 ί,

2073 4655 2126 4709 ei
2154 4655 2248 4725 qui
2278 4668 2333 4708 se
2351 4652 2672 4720 catechizat,
2698 4652 2754 4707 in
2783 4652 3035 4708 omnibus
3063 4652 3216 4708 bonis
3249 4650 3459 4720 (Calai.
3494 4668 3571 4717 v1,
3603 4652 3655 4723 6)
3682 4669 3693 4705 :
3728 4659 3784 4708 et

2073 4743 2183 4800 alio
2216 4743 2341 4800 loco
2373 4759 2504 4799 cum
2535 4743 2791 4809 dixisset,
2826 4743 3243 4799 Necessitatibus
3283 4750 3601 4799 sanctorum
3640 4758 3780 4797 com-

2069 4836 2456 4895 municantes;
2488 4832 2684 4887 statim
2741 4831 3027 4902 subjecit,
3054 4833 3487 4903 Hospitalitatem
3520 4834 3782 4886 sectantes

2068 4923 2371 4996 (Romam,
2410 4924 2515 4992 13).
2551 4922 2617 4977 Et
2648 4922 2744 4979 isti
2786 4923 2941 4978 enim
2987 4923 3320 4978 catechizati
3363 4926 3525 4977 erant
3580 4921 3771 4984 verbo,

2069 5032 2202 5071 cum
2238 5016 2321 5070 eis
2353 5019 2664 5086 exponeret
2688 5013 3034 5085 Scripturas,
3078 5024 3130 5070 et
3161 5017 3297 5087 quia
3329 5011 3776 5081 hospitalitatem

2069 5108 2270 5164 sectati
2297 5112 2459 5172 sunt,
2485 5123 2616 5161 eum
2652 5123 2824 5177 quem
2858 5106 2916 5159 in
2949 5105 3073 5176 ipsa
3114 5103 3469 5175 expositione
3518 5098 3776 5170 Scriptu-

2066 5212 2262 5251 rarum
2297 5212 2410 5251 non
2454 5198 2860 5263 cognoverant,
2909 5193 2966 5247 in
3019 5194 3181 5261 panis
3227 5188 3502 5243 fractioue
3551 5202 3771 5258 cogno-

2065 5291 2257 5343 scunt.
2282 5285 2405 5341 Non
2425 5285 2579 5340 enim
2605 5284 2897 5339 auditores
2918 5282 3057 5347 legis
3076 5280 3222 5349 justi
3243 5286 3375 5333 sunt
3397 5278 3547 5345 apud
3572 5278 3773 5345 Deum,

2065 5375 2165 5431 sed
2202 5376 2444 5430 factores
2480 5374 2627 5443 legis
2651 5370 3131 5443 justiﬁcabuntur
3161 5368 3259 5436 (Id.
3294 5383 3354 5434 ιι,
3392 5366 3500 5440 13).

2133 5550 2147 5582 ¹
2185 5546 2269 5595 Sic
2291 5546 2373 5594 Er.
2411 5545 2575 5604 Lugd.
2602 5543 2732 5591 Ven.
2766 5542 2909 5597 Lov.,
2944 5543 2995 5588 et
3026 5538 3078 5588 in
3104 5538 3222 5588 aliis
3258 5538 3388 5589 locis
3416 5539 3529 5602 ipse
3565 5538 3769 5601 Augus-

2065 5609 2231 5658 tinus.
2265 5608 2321 5657 ln
2356 5609 2429 5668 Β.,
2459 5604 2685 5655 verbum.
2754 5604 2821 5653 Μ.
