4164 6192
408 350 565 414 1363
713 348 1147 415 ADMONITIO
1194 350 1269 413 IN
1319 353 1614 417 LIBRUM
1661 346 2217 419 SEPTEMDECIM
2261 355 2791 430 QUESTIONUM
2840 359 3092 424 SUPER
3139 362 3604 431 MATTHZEUM
3763 366 3917 426 1364

473 482 585 559 [1b.
631 502 793 553 χχιιι,
847 487 960 558 11.]
1017 486 1094 557 (a)
1154 488 1314 553 Quod
1367 488 1676 545 Dominum
1734 488 1794 545 in
1836 489 2105 560 passione
2214 509 2389 563 xxvn,
2432 494 2548 564 28),
2608 496 2922 567 significati
2988 502 3127 554 sunt
3195 499 3253 553 hi
3309 499 3586 573 haeretici,
3636 501 3734 571 qui
3785 516 3920 555 eum

406 581 865 633 exueruntveste
910 577 1163 649 propria,
1209 582 1266 632 et
1318 578 1632 634 induerunt
1674 580 1860 635 fucata
1892 580 2104 652 (Matth.
2215 587 2379 640 aiunt
2411 600 2525 639 non
2556 602 2755 641 verum
2789 604 3000 659 corpus
3035 589 3326 655 habuisse,
3360 592 3458 646 sed
3488 591 3710 648 fictum.

466 773 545 831 (al
571 771 768 842 .Istbmc
784 773 1421 842 annotatiuncula‘neque
1440 780 1778 842 computatur
1798 775 1850 824 in
1872 776 2104 842 Elencho
2216 773 2501 842 reperitur.
2521 774 2688 842 Abest
2711 773 2777 821 ab
2806 772 2962 842 editis
2992 776 3106 842 Am.
3134 780 3184 842 et
3202 777 3287 825 Er.
3320 777 3388 825 At
3413 777 3684 842 apu‘ditat.
3711 788 3921 824 necnon

404 836 651 906 superius
680 838 984 906 proposito.
1027 851 1202 906 neque
1235 836 1320 906 hic
1341 836 1601 906 omnibus
1636 840 1693 906 in_
1730 838 1855 906 Mss.
1881 853 1894 897 ;
1922 841 2011 906 sed
2050 840 2103 887 in
2300 836 2393 884 Ms.
2420 838 2712 906 S_orb_onic_o
2735 840 2962 895 pertinet
2990 839 3051 886 ad
3075 836 3495 903 subsequentem
3525 838 3721 888 librum
3746 842 3923 898 Quass-

402 897 651 959 plurimis
678 902 855 948 tamen
892 904 1050 963 atque
1086 897 1240 949 etiam
1287 902 1339 949 iu
1388 902 1695 950 Corbeiensi
1726 900 2103 963 antiquissimo
2215 900 2421 949 tic-num
2457 899 2510 947 in
2544 901 2869 949 Mattbmum.

1654 1324 2670 1447 ADMONITIO

927 1600 1003 1662 ΙΝ
1048 1603 1345 1666 [ΛΒ.ὶολί
1394 1604 1949 1666 SEPTEMDECIM
1994 1606 2533 1673 QUxES'l‘lONUM
2582 1606 2835 1667 SUPER
2886 1603 3369 1666 MA'l‘THzEUM.

1985 1822 2357 1876 -.θυω-

476 2084 548 2142 Ut
576 2085 672 2143 hic
692 2085 1036 2143 exhibeatur
1064 2082 1212 2139 inter
1227 2082 1535 2155 Augustini
1556 2099 1831 2155 germana
1860 2099 2055 2155 opera,
2081 2096 2182 2136 nec
2206 2084 2404 2136 tamen
2428 2078 2633 2149 ipsius,
2661 2078 2741 2132 uti
2764 2076 2929 2145 solet,
2961 2076 3274 2147 Augustini
3304 2077 3539 2133 nomine
3574 2080 3925 2149 praenotatur

406 2178 513 2233 iste
534 2177 684 2233 alius
701 2176 1097 2242 Quaestionum
1117 2173 1173 2228 in
1202 2172 1535 2229 Matthmum
1554 2172 1719 2239 liber,
1741 2189 1856 2228 non
1874 2177 2089 2226 temere
2106 2170 2371 2240 ﬁtnequc
2394 2169 2630 2222 frustra.
2651 2166 2868 2237 Nempe
2886 2166 3087 2221 stilum
3109 2166 3165 2221 in
3192 2165 3396 2238 primis
3424 2172 3585 2223 etres
3606 2182 3925 2239 congruere

404 2268 727 2339 Augustino
742 2269 982 2321 censent
1003 2267 1135 2335 post
1156 2262 1463 2317 Erasmum
1500 2260 2185 2329 LovaniensesTheologi.
2212 2259 2428 2313 Deinde
2448 2258 2770 2328 fragmenta
2793 2257 3049 2324 ejusdem
3074 2256 3205 2310 libri
3238 2257 3506 2326 quaedam
3532 2272 3662 2311 cum
3687 2255 3923 2311 nomine

406 2355 717 2428 Augustini
750 2355 967 2425 profert
998 2353 1271 2407 Rabanus
1293 2351 1529 2405 Maurus
1553 2351 1608 2404 in
1644 2351 1743 2405 lib.
1776 2351 1806 2403 4
1837 2348 2246 2404 Commentarii
2272 2362 2445 2418 super
2478 2346 2730 2401 Matthaai
2767 2345 3161 2417 Evangelium,
3196 2362 3369 2416 quem
3402 2346 3525 2415 ipse
3561 2346 3792 2401 circiter
3820 2346 3926 2399 840

405 2444 613 2499 Christi
644 2459 888 2507 annum,
908 2440 1164 2496 collectis
1186 2439 1322 2495 hinc
1342 2439 1475 2495 inde
1501 2444 1753 2494 veterum
1773 2437 2255 2511 expositionibus,
2276 2435 2677 2492 concinnabat.
2703 2435 2963 2507 Denique
2993 2435 3050 2489 in
3067 2435 3332 2491 Indiculo
3355 2452 3591 2506 Operum
3614 2435 3926 2507 Augustini

406 2531 768 2598 Possidiano,
800 2531 901 2602 qui
933 2547 1032 2603 per
1059 2530 1345 2587 Joannem
1379 2528 1780 2584 Ulimmerium
1814 2544 1882 2583 ex
1905 2526 2234 2582 Villariensi
2266 2526 2463 2581 codice
2494 2525 2762 2596 vulgatus
2793 2530 2900 2593 est,
2934 2533 3312 2582 recensentur
3342 2542 3470 2598 pag.
3504 2526 3539 2580 5
3569 2525 3929 2589 Quaestionea

403 2622 848 2694 Evangeliorum
882 2620 983 2677 lib.
1017 2624 1079 2690 2;
1114 2637 1381 2692 moxque,
1414 2619 1829 2675 Annotationes
1861 2618 2081 2690 aliquot
2110 2619 2166 2673 in
2202 2615 2533 2671 Mattbasum
2569 2615 2672 2671 lib.
2710 2617 2758 2671 1.

475 2714 761 2773 Attamen.
795 2711 949 2779 quod
982 2711 1186 2765 merito
1212 2717 1453 2775 moveat,
1481 2708 1821 2779 bujustertii
1841 2706 1970 2761 libri
1997 2705 2867 2776 nibilmeminitAugustinusin
2892 2704 3442 2773 Retractationibus,
3468 2720 3722 2778 cumque
3752 2704 3927 2761 libros

406 2802 804 2866 Quaestionum
829 2801 886 2855 in
920 2799 1232 2871 Evangelia
1250 2801 1392 2855 duos
1415 2799 1821 2855 tantummodo
1843 2802 2232 2868 recognoscat,
2248 2797 2315 2857 in
2339 2811 2433 2851 eos
2455 2794 2722 2853 redactas
2752 2795 2912 2863 dicit,
2937 2812 3081 2868 quas
3103 2801 3224 2851 tum
3246 2812 3427 2868 super
3447 2796 3780 2852 Mattbaaum
3809 2800 3928 2851 tum

406 2908 582 2964 super
611 2892 821 2948 Lucam
854 2891 1212 2962 quaestiones
1234 2890 1548 2944 dictaverat
1580 2904 1593 2943 ε
1626 2893 1683 2943 et
1716 2892 1913 2942 monet
1944 2886 2343 2958 postmodum,
2377 2902 2502 2956 quae
2534 2885 2604 2940 de
2636 2900 2814 2956 supra
2855 2884 3025 2940 dictis
3071 2884 3454 2957 Evangelistis
3497 2884 3624 2941 loca
3668 2883 3933 2955 exposita

405 2980 644 3050 fuerint,
669 2979 974 3053 prologum
994 2995 1163 3034 suum
1186 2978 1477 3048 adjunctis
1494 2984 1662 3048 atque
1686 2975 2087 3032 annumeratis
2110 2975 2329 3030 eisdem
2354 2974 3069 3046 questionibusindicarc.
3096 2974 3282 3041 Habes
3318 2975 3782 3030 retractationem
3810 2978 3849 3028 t.
3878 2976 3935 3041 l,

405 3069 655 3137 col.634,
680 3073 736 3125 et
754 3068 1139 3141 quaestionum
1158 3068 1421 3123 omnium
1447 3067 1765 3122 Elencbum
1791 3066 1898 3120 sub
1926 3066 2273 3136 Prologoper
2289 3082 2393 3119 nos
2408 3068 2744 3120 restitutum
2758 3065 3151 3136 supra,boccc
3170 3068 3350 3132 torno,
3369 3079 3498 3136 pag.
3525 3062 3788 3118 i32i.Sic
3802 3078 3934 3118 vero

405 3160 580 3217 etiam
606 3159 662 3213 in
689 3158 1230 3224 libriQuaastionum
1248 3157 1539 3228 octoginta
1569 3156 1739 3211 trium
1764 3155 2180 3225 recognitione,
2203 3170 2405 3209 omnes
2424 3159 2479 3209 et
2497 3154 2758 3225 singulas
2777 3171 2845 3209 ex
2866 3154 3068 3209 ordine
3082 3153 3454 3224 quaestiones,
3476 3169 3546 3208 ne
3569 3169 3685 3208 una
3702 3152 3933 3223 quidem

408 3249 646 3315 omissa,
682 3264 972 3304 recensere
1006 3248 1193 3317 ipsum
1231 3264 1340 3301 non
1380 3246 1579 3317 piguit.
1613 3246 1737 3310 Qua
1770 3246 2025 3317 profecto
2067 3244 2367 3315 diligentia
2398 3243 2635 3299 cavebat
2665 3244 2721 3299 S.
2754 3246 2964 3299 Doctor
3006 3261 3078 3300 ne
3128 3245 3256 3315 ejus
3307 3247 3539 3300 nomine
3583 3242 3936 3315 quaestiones

407 3336 550 3393 alias
573 3336 867 3409 quaslibet
898 3336 1312 3407 reciperemus;
1335 3351 1475 3390 neve
1508 3334 1752 3399 librarii,
1777 3334 1930 3405 quod
1956 3334 2013 3388 in
2048 3350 2112 3390 eo
2132 3333 2328 3404 scripti
2350 3349 2559 3405 genere
2580 3332 2819 3389 liberius
2842 3334 3306 3403 committebant,
3336 3334 3566 3407 spurias
3583 3332 3936 3405 appendices

411 3426 685 3499 operibus
714 3425 901 3496 ipsius
934 3429 1255 3481 assuerant.

476 3524 677 3597 Neque
707 3539 836 3580 vero
870 3523 1205 3579 existimare
1244 3523 1377 3579 licet
1406 3522 1635 3578 tertium
1669 3522 1824 3577 hunc
1855 3520 2069 3576 librum
2106 3520 2633 3577 Retractationibus
2668 3521 2954 3593 posterius
2985 3522 3232 3591 editum,
3266 3523 3338 3578 ob
3381 3522 3557 3593 idque
3588 3522 3646 3577 in
3698 3520 3770 3577 iis
3818 3537 3933 3575 non

405 3617 758 3673 recensitum
784 3613 982 3669 fuisse.
1005 3612 1223 3685 Quippe
1254 3612 1605 3668 zizaniorum
1641 3611 1921 3683 parabola
1958 3612 2049 3666 hic
2095 3612 2403 3679 exponitur
2451 3608 2621 3682 longe
2666 3626 2837 3666 secus
2884 3628 3061 3683 quam
3110 3611 3321 3668 soleret
3350 3612 3421 3667 ab
3466 3611 3818 3683 Augustino,
3868 3627 3937 3665 ex

404 3710 664 3774 tempore
696 3702 1014 3775 praesertim
1038 3702 1510 3774 Carthaginensis
1541 3700 1901 3767 Collationis,
1936 3700 1995 3755 in
2030 3716 2145 3771 qua
2177 3698 2521 3767 Donatistae,
2551 3700 2864 3756 Catholicis
2915 3700 3391 3767 reclamantibus,
3453 3701 3510 3755 id
3567 3700 3938 3755 vehementer

405 3792 800 3859 afﬁrmabant,
836 3792 988 3861 quod
1022 3792 1079 3845 in
1117 3791 1286 3860 hujus
1318 3791 1779 3861 libriquaastione
1803 3792 1962 3857 ll,n.
1984 3790 2031 3857 1,
2053 3788 2509 3860 dicitur,agrum
2536 3790 2877 3861 ipsum,non
2896 3789 3349 3858 Ecclesiam,sed
3380 3791 3663 3845 mundum
3692 3787 3935 3844 Domino

406 3882 823 3951 interpretante
845 3880 1437 3949 intelligendumesse,
1472 3880 1750 3935 utvidere
1779 3883 1868 3935 est
1898 3879 1955 3933 in
1978 3878 2131 3933 Actis
2156 3877 2515 3945 Collationis,
2540 3884 2687 3951 part.
2721 3879 2776 3948 3,
2808 3879 3121 3950 capp.258,
3152 3878 3259 3933 265
3289 3882 3345 3934 et
3385 3878 3788 3949 sequentibus.
3812 3879 3941 3943 Qua

406 3969 478 4026 de
511 3986 568 4025 re
598 3968 959 4040 Augustinus
991 3969 1049 4023 in
1081 3969 1292 4033 lib.70,
1337 3970 1427 4022 cui
1464 3969 1689 4035 titulus,
1724 3968 1860 4023 Post
1903 3967 2273 4025 collationem
2318 3968 2390 4023 ad
2442 3968 2790 4030 Donatistas,
2839 3984 2963 4040 cap.
2993 3968 3027 4022 8
3060 3983 3074 4023 :
3117 3969 3222 4024 Diu
3268 3968 3685 4035 contenderunt,
3716 3966 3935 4036 inquit,

406 4060 645 4115 dicentes
666 4058 907 4126 zizania,
940 4073 1057 4129 quae
1085 4073 1211 4112 cum
1240 4058 1418 4113 tritico
1447 4058 1613 4112 simul
1642 4072 1879 4113 crescere
1909 4074 2077 4128 usque
2105 4057 2175 4112 ad
2195 4074 2419 4113 messem
2441 4057 2702 4128 permissa
2722 4062 2871 4123 sunt,
2893 4074 3006 4113 non
3033 4059 3093 4113 in
3117 4058 3377 4123 Ecclesia,
3394 4056 3483 4112 sed
3500 4055 3561 4111 in
3583 4055 3782 4111 mundo
3802 4071 3937 4123 esse,

410 4154 600 4205 contra
621 4146 962 4203 intellectum
992 4146 1260 4218 martyris
1277 4145 1552 4218 Cypriani
1581 4148 1681 4217 qui
1700 4146 1870 4212 dixit,
1897 4147 2010 4201 Etsi
2031 4147 2286 4203 videnlur
2305 4149 2364 4202 in
2384 4148 2626 4203 Ecclesia
2640 4164 2752 4203 esse
2780 4150 3020 4216 zizania,
3042 4164 3147 4204 non
3174 4156 3353 4203 tamen
3365 4144 3638 4213 impediri
3663 4144 3813 4201 debet
3846 4149 3942 4202 aut

408 4239 536 4310 ﬁdes
566 4238 925 4293 aulcharilas
954 4246 1161 4293 nostra.
1183 4238 1323 4303 Quid
1350 4238 1502 4308 quod
1538 4237 1645 4291 iste
1669 4237 1943 4291 auctorin
1960 4239 2282 4308 quaestione
2307 4237 2392 4295 12,
2418 4254 2474 4292 ιι.
2496 4238 2557 4319 β,
2576 4254 2917 4311 responsum
2944 4239 3084 4295 illud
3111 4236 3547 4311 patrisfamilias
3568 4236 3786 4291 zizania
3804 4240 3941 4292 ante

410 4344 662 4385 messem
697 4326 859 4384 evelli
893 4326 1271 4397 prohibentis,
1299 4342 1411 4381 non
1452 4325 1619 4381 modo
1653 4341 1765 4381 non
1794 4331 2025 4397 torquet
2056 4327 2113 4381 in
2147 4326 2480 4383 Donatistae
2511 4344 2667 4383 more
2696 4328 3030 4398 Augustini,
3088 4328 3188 4384 sed
3232 4328 3643 4398 interpretatur
3678 4342 3743 4382 eo
3770 4330 3939 4397 pacto

409 4422 474 4474 ut
496 4420 553 4473 in
586 4417 717 4475 illos
751 4417 1000 4488 torqueri
1034 4433 1145 4472 non
1177 4415 1365 4472 valeat
1398 4416 1424 4471 ?
1454 4416 1929 4488 quandoquidem
1960 4417 2029 4471 de
2062 4433 2175 4471 non
2208 4417 2533 4472 auferendis
2574 4433 2641 4472 ex
2664 4417 2768 4472 hac
2800 4418 2920 4472 vita
2976 4416 3688 4488 hominibuslsermonem
3740 4414 3941 4470 haberi

413 4514 599 4580 putat.

482 4596 715 4653 Accedit
748 4596 1045 4651 silentium
1075 4595 1310 4669 Eugypii
1346 4596 1596 4660 abbatis,
1620 4596 1720 4667 qui
1764 4596 1926 4665 olim,
1974 4596 2029 4651 id
2078 4602 2162 4652 est
2207 4596 2445 4652 ineunte
2493 4604 2650 4653 sexto
2696 4598 2929 4665 seculo,
2985 4614 3120 4655 cum
3169 4615 3237 4654 ex
3314 4595 3625 4669 Augustini
3671 4594 3946 4665 operibus

410 4684 773 4755 amplissima
795 4685 1072 4742 collectan
1096 4703 1293 4742 eorum
1308 4686 1604 4742 volumina
1626 4692 2011 4760 compararet,
2036 4686 2343 4757 descripsit
2360 4704 2427 4742 ex
2448 4688 2677 4744 duobus
2694 4689 3150 4760 precedentibus
3170 4688 3335 4744 libris
3350 4686 3700 4759 qumstiones
3725 4684 3939 4755 plures,

413 4772 641 4829 scilicet
670 4790 737 4828 ex
768 4774 955 4844 primo
988 4775 1197 4832 saltem
1229 4781 1497 4847 quatuor,
1530 4793 1599 4832 ex
1626 4778 1880 4834 secundo
1912 4777 2231 4833 octodecim
2268 4793 2280 4831 :
2318 4794 2421 4832 nec
2452 4782 2643 4834 tamen
2677 4778 2991 4850 quidquam
3017 4794 3083 4834 ex
3117 4777 3223 4834 hoc
3244 4776 3412 4833 tertio
3445 4776 3593 4831 libro
3613 4774 3943 4845 deccrpisse

419 4880 450 4919 a
482 4862 652 4919 nobis
682 4863 1158 4934 deprehenditur.

482 4953 644 5018 Quod
677 4956 895 5008 veteres
910 4953 1133 5009 codices
1164 4958 1404 5026 spectat,
1439 4956 1677 5027 quidam
1699 4957 1844 5012 duos
1860 4957 2077 5027 priores
2099 4956 2276 5014 libros
2296 4958 2728 5014 continentsine
2758 4959 2954 5027 tertio;
2974 4958 3242 5014 nonnulli
3266 4957 3504 5014 tertium
3520 4956 3673 5011 hunc
3701 4954 3933 5011 duobus

417 5044 535 5101 illis
569 5043 828 5118 proxime
859 5043 1188 5113 subjectum
1220 5046 1493 5102 exhibent
1522 5063 1653 5103 cum
1681 5048 1855 5103 hocce
1887 5047 2074 5117 titulo,
2107 5050 2389 5120 Incipiunt
2431 5049 2760 5120 quaestiones
2816 5050 3271 5118 Evangeliorum,
3315 5064 3431 5104 non
3471 5047 3670 5103 addito
3703 5045 3942 5101 nomine

418 5143 743 5214 Augustini.
765 5142 1185 5198 lstiussecundi
1212 5145 1441 5214 generis
1456 5151 1646 5200 exstat
1666 5162 1734 5200 ex
1752 5163 1840 5201 em
1853 5146 1977 5218 plar
1992 5163 2175 5202 unum
2199 5147 2541 5203 Corbeiense
2554 5154 2687 5203 ante
2706 5165 2910 5216 annos,
2928 5147 3250 5216 utvidetur,
3267 5151 3593 5219 nongentos
3615 5143 3899 5214 scriptum
3927 5158 3939 5197 :

414 5240 620 5302 praeter
649 5234 1086 5291 Cisterciensem
1119 5236 1376 5289 codicem
1412 5241 1594 5289 multo
1623 5243 2025 5304 recentiorem,
2052 5240 2153 5307 qui
2184 5238 2315 5293 licet
2347 5254 2459 5293 non
2492 5238 2763 5293 eumdem
2799 5238 3026 5293 titulum
3064 5238 3349 5310 praeferat,
3394 5238 3501 5291 hoc
3558 5240 3749 5291 tamen
3794 5249 3932 5289 cum

412 5322 736 5377 Corbeicnsi
772 5325 1062 5388 convenit,
1095 5324 1248 5396 quod
1278 5324 1614 5395 praedictum
1648 5324 1863 5381 librum
1901 5342 2016 5381 non
2039 5327 2310 5382 attribuit
2332 5328 2677 5399 Augustino.

488 5408 569 5461 Ad
600 5416 924 5468 extremum
960 5415 1217 5471 lndiculo
1250 5414 1498 5470 Possidii
1530 5415 1587 5470 in
1620 5416 1851 5487 Optima:
1877 5422 2025 5471 notas
2058 5416 2193 5471 Mss.
2220 5416 2930 5489 diligentereXplorato,ld
2967 5419 3119 5490 quod
3146 5419 3268 5476 sola
3302 5414 3720 5474 Ulimmeriana
3758 5412 3940 5471 editio

418 5493 593 5551 habet
624 5499 694 5551 de
729 5505 1104 5572 subsequenti
1138 5522 1333 5578 opere,
1370 5521 1659 5578 nusquam
1694 5506 2037 5578 reperimus.

1956 5707 2426 5764 μῶθῶ
