4170 6188
2821 243 3170 253 .—_______

276 249 3805 277 —————-————-———-'—__—————-————————_il
1175 271 2482 277 ___—_____._.____.______—___
2561 249 2582 277 ..ί
2599 249 2805 277 ᾲκηξῖ
2821 249 2832 251 “
2853 249 2892 250 7
2974 276 2978 277 ,
3371 249 3378 257 '
3679 252 3696 258 "
3739 251 3795 258 “““

1211 378 2911 596 QUAESTIONUM

1553 645 2542 729 SEPTEMDECIM

411 817 606 914 IN
700 811 1844 913 BVANGBLIUM
1937 811 2874 916 SECUNDUM
2967 815 3654 918 MATTH.

1725 996 1991 1101 {itur
2066 1028 2354 1104 unus.

1878 1171 2219 1214 -<330II>-

333 1304 563 1369 Quasr.
600 1301 642 1356 Ῑ.
675 1302 919 1374 [ΜΑἹἼἮ.
953 1318 1079 1372 cap.
1115 1318 1177 1368 ll,
1211 1306 1246 1357 ῒ
1281 1301 1390 1372 16.]
1423 1301 1583 1364 Quod
1624 1301 1843 1356 dictum
1877 1310 1984 1370 est,

262 1394 488 1450 occisos
515 1393 763 1448 infantes
788 1393 1058 1449 abimatu
1083 1397 1141 1448 et
1165 1392 1333 1458 intra,
1358 1391 1754 1463 signiﬁcatum
1778 1398 1864 1448 est
1889 1394 1986 1448 hu-

264 1483 436 1538 miles
469 1481 755 1538 habentes
786 1482 1092 1553 'geminam
1134 1480 1495 1550 charitatem,
1542 1485 1819 1552 tanquam
1855 1499 1984 1552 par-

264 1571 431 1628 vulos
464 1572 657 1627 bimos
689 1588 859 1641 posse
889 1571 1034 1626 mori
1069 1587 1170 1642 pro
1211 1569 1458 1625 Christo.

338 1661 406 1715 l1.
440 1661 553 1733 [lb.
589 1677 643 1726 x,
684 1660 801 1731 27.]
855 1659 1004 1728 Quod
1034 1659 1154 1714 dico
1211 1658 1356 1712 vobis
1390 1659 1448 1713 in
1489 1660 1748 1726 tenebris,
1783 1659 1838 1713 id
1871 1664 1979 1720 est,

267 1768 396 1807 cum
432 1750 628 1806 adhuc
651 1751 710 1806 in
730 1751 941 1806 timore
964 1749 1178 1806 carnali
1201 1751 1368 1814 estis,
1391 1749 1528 1819 quia
1549 1749 1604 1804 in
1630 1750 1878 1804 tenebris
1895 1755 1984 1804 est

264 1842 439 1896 timor
474 1857 489 1908 ;
521 1839 684 1895 dicite
715 1840 773 1894 in
809 1841 1036 1902 lumine,
1068 1839 1174 1894 hoc
1206 1842 1312 1906 est,
1349 1838 1406 1893 in
1452 1839 1663 1893 ﬁducia
1703 1840 1979 1908 veritatis,

265 1939 497 2000 accepto
529 1931 749 2002 Spiritu
776 1937 974 1985 sancto
1002 1949 1013 1986 :
1051 1931 1111 1984 Et
1143 1929 1282 2002 quod
1317 1931 1371 1984 in
1406 1945 1542 1984 aure
1572 1929 1801 1995 auditis,
1835 1947 1978 2000 pra:-

263 2018 435 2073 dicate
455 2035 626 2089 super
649 2025 807 2088 tecta,
841 2018 899 2072 id
923 2023 1029 2084 est,
1062 2018 1212 2088 quod
1244 2017 1303 2071 in
1335 2021 1554 2072 secreto
1589 2017 1822 2088 auditis,
1856 2016 1977 2072 cal-

262 2118 386 2165 calo
421 2109 620 2164 carnis
650 2109 944 2165 domicilio
979 2108 1305 2180 przedicate.

330 2199 430 2255 Ill.
479 2200 587 2271 [1b.
624 2217 678 2266 x,
731 2200 938 2270 35-36.]
999 2201 1177 2255 Nolite
1224 2199 1504 2254 arbitrari
1555 2201 1685 2272 quia
1734 2201 1975 2255 venerim

258 2307 443 2362 pacem
477 2294 691 2345 mittere
722 2292 777 2344 in
803 2297 1048 2354 terram;
1076 2307 1189 2344 non
1221 2294 1346 2346 veni
1389 2307 1575 2361 pacem
1617 2291 1852 2356 mittere,
1887 2289 1978 2344 sed

259 2381 514 2447 gladium
531 2398 550 2435 :
584 2383 705 2436 veni
725 2383 874 2434 enim
895 2396 1160 2452 separare
1183 2380 1455 2435 hominem
1479 2380 1731 2436 adversus
1761 2388 1976 2450 patrem

257 2487 438 2525 suum.
465 2471 614 2535 Quia
638 2471 929 2525 renuntiat
961 2471 1091 2541 quis
1115 2470 1360 2531 diabolo,
1386 2470 1484 2540 qui
1507 2470 1614 2524 fuit
1646 2470 1802 2524 ﬁlius
1825 2470 1973 2540 ejus.

259 2562 320 2615 Et
349 2561 531 2630 ﬁliam
565 2561 824 2616 adversus
854 2565 1093 2616 matrem
1137 2576 1343 2615 suam:
1378 2560 1597 2631 plebem
1630 2559 1729 2614 Dei
1771 2560 1972 2616 adver-

259 2667 357 2706 sus
380 2651 742 2705 mundanam
764 2649 1076 2709 civitatem,
1099 2649 1206 2704 hoc
1230 2655 1317 2704 est
1339 2648 1718 2720 perniciosam
1746 2648 1975 2721 generis

258 2739 506 2795 humani
561 2738 920 2804 societatem,
973 2754 1145 2809 quam
1210 2755 1366 2793 nunc
1427 2737 1759 2809 Babylonia,
1817 2753 1974 2792 nunc

254 2831 523 2904 .Egypto,
559 2845 708 2884 nunc
739 2829 1012 2894 Sodoma,
1041 2845 1193 2884 nunc
1225 2829 1354 2883 aliis
1379 2833 1551 2899 atque
1583 2827 1712 2882 aliis
1733 2829 1977 2882 nomini-

256 2921 360 2975 bus
420 2921 724 2992 Scriptura
781 2919 1091 2991 signiﬁcat.
1151 2919 1365 2974 Nurum
1408 2919 1664 2973 adversus
1718 2935 1975 2976 socrum:

259 3011 577 3068 Ecclesiam
611 3013 895 3068 adversus
926 3013 1310 3084 Synagogam,
1346 3028 1472 3084 quas
1496 3013 1814 3067 secundum
1848 3027 1971 3065 car-

261 3118 391 3158 nem
417 3102 717 3158 Christum
745 3103 964 3174 peperit
993 3119 1274 3174 sponsum
1309 3102 1591 3157 Ecclesiae.
1627 3101 1978 3156 Dividuntur

261 3200 454 3248 autem
499 3191 694 3265 gladio
725 3193 990 3264 spiritus,
1038 3193 1191 3264 quod
1225 3198 1312 3248 est
1352 3193 1592 3247 verbum
1627 3191 1726 3247 Dei
1762 3191 1971 3263 (Ephes.

257 3300 331 3350 vi,
359 3283 473 3354 17).
499 3284 561 3338 Et
585 3282 809 3338 inimici
828 3282 1066 3338 hominis
1085 3281 1376 3338 domestici
1397 3283 1550 3353 ejus:
1582 3299 1715 3338 cum
1740 3283 1974 3354 quibus,

257 3378 428 3430 antea
450 3374 875 3428 consuetudine
914 3373 1240 3445 implicatus
1270 3377 1412 3428 erat.

326 3464 423 3519 IV.
451 3462 563 3533 [1b.
591 3477 710 3531 vui,
736 3463 871 3532 1-3.]
895 3461 1052 3527 Quod
1077 3471 1266 3519 autem
1290 3461 1649 3517 descendens
1672 3461 1740 3517 de
1757 3466 1971 3534 monte,

256 3560 643 3626 posteaquam
660 3559 938 3626 praecepta
958 3553 1078 3610 illic
1097 3553 1400 3626 discipulis
1423 3551 1848 3611 etmultitudini
1872 3557 1970 3610 de-
2004 3589 2008 3594 -

255 3646 359 3706 dit,
399 3645 685 3716 leprosum
714 3644 925 3713 statim,
975 3646 1268 3701 extendens
1298 3663 1534 3703 manum
1563 3665 1741 3713 suam;
1771 3652 1926 3703 curat
1951 3665 1972 3714 ;

258 3737 559 3809 signiﬁcat
590 3753 683 3792 eos
715 3737 815 3809 qui
852 3737 923 3792 de
953 3737 1068 3792 illis
1112 3737 1421 3809 implendis
1472 3741 1834 3808 dubitabant,
1867 3756 1972 3795 suo

258 3825 472 3882 auxilio
509 3825 583 3881 ab
613 3825 950 3895 hujusmodi
981 3827 1255 3884 varietate
1288 3830 1579 3886 mundari.

322 3917 392 3972 ν.
429 3916 540 3988 [1b.
575 3931 693 3983 vm,
728 3915 845 3987 20.]
906 3917 1067 3981 Quod
1120 3916 1402 3974 Dominus
1453 3920 1598 3974 dixit
1640 3919 1841 3974 scribae
1873 3919 1974 3991 qui

255 4022 389 4061 eum
450 4006 616 4077 sequi
663 4005 863 4073 voluit,
901 4007 1098 4077 Vulpes
1133 4008 1321 4077 foveas
1377 4009 1597 4075 habent,
1636 4017 1688 4065 et
1730 4010 1974 4064 volucres

252 4095 375 4154 ωειί
398 4096 755 4150 tabernacula
788 4112 807 4157 ,'
839 4096 1014 4152 Filius
1045 4105 1223 4152 autem
1253 4097 1492 4153 hominis
1541 4114 1646 4153 non
1689 4100 1850 4154 habet
1881 4099 1977 4157 ubi

252 4193 411 4256 caput
433 4202 602 4240 suum
624 4183 873 4255 reclinet,
896 4185 1244 4259 intelligitur
1263 4187 1556 4244 miraculis
1571 4187 1797 4244 Domini
1822 4206 1976 4244 com-

254 4280 454 4332 motus
477 4281 715 4347 propter
736 4275 966 4332 inanem
990 4278 1322 4348 iactantiam
1347 4295 1476 4334 eum
1511 4278 1677 4350 sequi
1701 4278 1972 4345 voluisse,

254 4381 424 4438 quam
458 4365 795 4438 signiﬁcant
826 4384 960 4424 aves
992 4383 1004 4423 :
1043 4367 1280 4424 ﬁnxisse
1320 4374 1517 4425 autem
1559 4369 1833 4442 discipuli
1875 4372 1975 4426 ob-

251 4459 544 4528 sequium,
582 4473 705 4528 que
747 4457 900 4513 ﬁctio
945 4458 1208 4530 vulpium
1245 4459 1478 4516 nomine
1509 4461 1832 4532 signiﬁcata
1862 4465 1970 4517 est.

254 4545 655 4602 Reclinatione
697 4563 829 4603 vero
862 4548 1070 4620 capitis
1104 4549 1491 4605 humilitatem
1535 4567 1703 4606 suam
1738 4549 1971 4622 signiﬁ-

251 4638 419 4699 cavit,
456 4655 588 4711 qua:
624 4638 681 4694 in
715 4639 814 4695 illo
849 4638 1185 4697 simulatore
1214 4657 1279 4695 ac
1304 4642 1554 4713 superbo
1582 4657 1694 4697 non
1722 4639 1972 4696 habebat

249 4724 473 4784 locum.

321 4816 414 4872 Vl.
451 4817 559 4888 [1b.
595 4835 712 4886 vui,
737 4821 852 4889 22.]
905 4819 1123 4876 Dimitte
1161 4829 1399 4876 mortuos
1446 4820 1674 4891 sepelire
1729 4827 1968 4875 mortuos

249 4923 393 4962 suos.
419 4909 655 4964 Mortuus
690 4909 782 4964 hic
813 4926 923 4965 non
959 4912 1257 4966 credentes
1290 4911 1433 4965 dixit
1467 4927 1478 4964 :
1515 4916 1752 4966 mortuos
1775 4913 1966 4964 autem

247 5013 392 5064 suos,
427 4997 528 5069 qui
565 4998 952 5054 nihilominus
987 4999 1110 5055 sine
1146 5001 1257 5056 ﬁde
1289 5001 1356 5055 de
1388 5016 1623 5070 corpore
1653 4999 1894 5055 exirent.

320 5087 444 5143 Vll.
480 5087 591 5160 [lb.
610 5105 665 5153 x,
705 5088 815 5159 14.]
837 5089 1094 5144 Excutite
1116 5091 1393 5161 pulverem
1411 5093 1478 5145 de
1491 5089 1715 5161 pedibus
1739 5089 1928 5144 uestris
1949 5104 1969 5144 :

2094 1301 2349 1357 inaniter
2397 1301 2788 1372 suscepissent
2838 1321 2850 1369 ;
2903 1307 3005 1358 aut
3071 1310 3130 1358 ut
3181 1304 3551 1360 ostenderent
3610 1317 3798 1376 usque

2094 1394 2234 1449 adeo
2268 1410 2327 1448 se
2379 1393 2449 1447 ab
2509 1394 2652 1465 ipsis
2699 1393 2842 1448 nihil
2893 1399 3181 1450 terrenum
3215 1410 3488 1464 quaerere,
3521 1399 3586 1449 ut
3618 1395 3794 1452 etiam

2093 1484 2382 1556 pulverem
2412 1484 2479 1538 de
2515 1489 2666 1539 terra
2695 1501 2893 1540 eorum
2928 1485 3034 1540 sibi
3070 1502 3179 1540 non
3235 1489 3569 1556 paterentur
3599 1484 3801 1540 adhae-

2088 1588 2235 1629 rere.

2158 1661 2304 1716 Vill.
2345 1661 2453 1732 [lb.
2487 1680 2540 1729 x,
2578 1663 2686 1733 16].
2723 1664 2894 1718 Estote
2924 1679 3050 1732 ergo
3093 1662 3384 1734 prudentes
3411 1664 3549 1716 sicut
3580 1677 3802 1733 serpen-

2090 1753 2206 1806 tes:
2255 1753 2324 1806 ad
2382 1753 2703 1807 cavendum
2750 1752 2992 1819 malum,
3051 1753 3107 1806 in
3151 1753 3337 1822 capite
3386 1751 3788 1817 custodiendo,

2089 1843 2238 1910 quod
2276 1848 2364 1898 est
2394 1842 2677 1898 Christus.
2721 1845 2864 1897 Nam
2912 1859 3151 1914 serpens
3200 1848 3384 1898 totum
3436 1860 3646 1915 corpus
3690 1859 3792 1914 pro

2088 1933 2272 2004 capite
2304 1932 2504 2003 objicit
2543 1934 2910 2004 persequenti
2943 1948 2955 1986 ε
2990 1933 3074 1988 vel
3109 1933 3260 2003 quod
3287 1949 3386 2002 per
3414 1931 3710 2001 angustias
3733 1947 3792 1986 se

2088 2028 2388 2078 coarctans
2420 2023 2593 2079 veteri
2633 2023 2826 2077 tunica
2855 2028 3062 2078 exutus
3104 2025 3432 2078 innovatur.
3466 2023 3623 2087 Quod
3657 2021 3794 2078 imi-

2087 2117 2283 2168 tantur
2314 2115 2526 2184 quibus
2574 2113 2789 2167 dictum
2824 2116 2932 2178 est,
2969 2113 3174 2167 Intrate
3209 2128 3306 2181 per
3338 2121 3629 2178 angustam
3657 2128 3796 2182 por-

2087 2213 2198 2259 tam
2247 2205 2460 2274 (Matth.
2495 2220 2592 2270 vn,
2654 2204 2743 2274 13)
2775 2221 2788 2268 ;
2832 2219 2964 2257 cum
3005 2209 3192 2256 vetere
3224 2203 3461 2257 homine
3491 2206 3797 2258 exuuntur.

2085 2295 2226 2349 Nam
2252 2295 2302 2348 si
2333 2295 2645 2347 cavendum
2674 2292 2889 2346 malum
2916 2291 2995 2345 ita
3016 2296 3300 2354 moneret,
3326 2295 3388 2344 ut
3410 2290 3690 2345 violenter
3713 2307 3796 2345 re-

2087 2385 2412 2440 sistendum
2437 2388 2586 2438 esset
2618 2381 2808 2448 malis,
2843 2398 2959 2435 non
3005 2397 3181 2450 supra
3211 2380 3474 2444 dixisset,
3519 2379 3675 2435 Mitto
3703 2395 3796 2434 vos

2083 2476 2223 2530 sicut
2246 2489 2368 2528 oves
2391 2473 2448 2527 in
2470 2474 2643 2527 medio
2668 2472 2945 2541 luporum.
2978 2469 3282 2539 Simplices
3307 2474 3500 2524 autem
3525 2469 3676 2523 sicut
3700 2484 3794 2522 co-

2084 2565 2314 2620 lumbas
2342 2579 2469 2617 esse
2499 2562 2697 2627 voluit,
2730 2562 2799 2616 ad
2829 2560 2968 2616 nulli
3006 2560 3350 2616 nocendum.
3385 2559 3528 2614 Nam
3563 2558 3669 2613 hoc
3696 2573 3794 2629 ge-

2085 2670 2192 2708 nus
2215 2656 2337 2708 avis
2363 2653 2586 2707 nullum
2614 2650 2850 2706 omnino
2869 2648 3214 2704 animalium
3239 2651 3444 2712 necat;
3469 2662 3585 2704 non
3605 2645 3791 2701 solum

2085 2744 2420 2816 grandium,
2463 2747 2663 2798 contra
2713 2758 2841 2811 qua:
2886 2740 3032 2794 vires
3083 2754 3198 2794 non
3233 2738 3423 2801 habet,
3479 2737 3579 2792 ed
3620 2737 3795 2791 etiam

2086 2833 2638 2890 minutissimorum,
2701 2831 2914 2899 quibus
2990 2829 3162 2884 etiam
3214 2825 3475 2898 perparvi
3536 2840 3798 2897 passeres

2086 2926 2345 2982 aluntur.
2377 2926 2475 2979 Est
2509 2931 2700 2978 autem
2730 2923 3002 2977 omnibus
3028 2919 3461 2975 irrationalibus
3484 2918 3798 2973 animanti-

2085 3018 2195 3072 bus
2230 3031 2344 3071 una
2375 3016 2634 3085 quaedam
2672 3013 2823 3067 inter
2854 3028 2915 3067 se
2945 3011 3210 3078 societas,
3235 3011 3386 3065 sicut
3420 3009 3592 3066 etiam
3624 3008 3797 3064 ratio-

2086 3107 2320 3162 nalibus
2352 3122 2479 3174 sua,
2513 3104 2567 3158 id
2594 3109 2680 3159 est
2704 3102 3061 3168 hominibus,
3097 3117 3208 3156 non
3231 3100 3417 3154 solum
3448 3114 3668 3164 secum,
3691 3099 3792 3153 sed

2083 3197 2258 3253 etiam
2291 3211 2424 3250 cum
2460 3193 2716 3264 Angelis.
2753 3192 2995 3248 Discant
3016 3206 3154 3261 ergo
3185 3206 3252 3246 ex
3284 3188 3668 3245 similitudine
3698 3203 3794 3242 cod

2083 3286 2418 3342 lumbarum
2456 3283 2600 3340 nulli
2635 3299 2869 3355 prorsus
2900 3296 3105 3336 nocere
3153 3280 3222 3334 ad
3256 3279 3589 3335 societatem
3623 3291 3791 3334 suam

2086 3375 2394 3448 pertinenti
2429 3374 2869 3446 participatione
2900 3371 3164 3426 rationis.

2156 3466 2250 3521 IX.
2288 3466 2392 3538 [1b.
2427 3483 2504 3526 x1,
2553 3464 2668 3535 25.]
2702 3464 2966 3534 Conﬁteor
3012 3461 3131 3527 tibi,
3166 3461 3352 3523 Pater,
3392 3457 3619 3512 Domine
3672 3455 3797 3510 ctin

2079 3566 2132 3612 et
2163 3567 2345 3614 terrae.
2379 3557 2706 3612 Notandum
2741 3553 3162 3609 confessionem
3198 3548 3331 3618 poni
3369 3549 3424 3601 in
3469 3547 3638 3600 laude
3667 3545 3792 3600 Dei.

2081 3647 2202 3702 Non
2237 3647 2389 3701 enim
2426 3649 2658 3715 peccata
2689 3642 2968 3698 Dominus
3009 3638 3411 3703 conﬁtebatur,
3474 3650 3601 3706 quae
3633 3633 3797 3688 nulla

2080 3736 2350 3796 habebat,
2383 3734 2701 3806 praesertim
2735 3731 2869 3802 quia
2891 3746 3026 3785 eum
3058 3728 3402 3784 exsultatem
3434 3724 3543 3780 hoc
3567 3722 3793 3779 dixisse

2082 3827 2226 3882 alius
2255 3824 2608 3897 evangelista
2661 3823 3080 3878 commemorat
3135 3818 3287 3887 (Luc.
3330 3833 3384 3883 x,
3415 3813 3554 3886 21):
3603 3829 3791 3884 quan-

2083 3933 2259 3990 quam
2301 3922 2352 3971 et
2399 3917 2572 3970 verba
2620 3913 2746 3984 ipsa
2792 3927 2922 3984 quae
2976 3910 3116 3963 dicit
3162 3923 3275 3962 non
3321 3905 3573 3960 habeant
3623 3902 3794 3957 dubi-

2081 4009 2381 4068 tationem,
2417 4005 2568 4075 quod
2613 4003 2671 4058 in
2721 4001 2892 4057 laude
2933 3999 3032 4054 Dei
3063 3997 3351 4053 dicantur.
3385 3995 3529 4063 Ergo
3561 3993 3791 4049 confes-

2082 4097 2304 4152 sionem
2355 4103 2513 4149 vocat
2547 4093 2842 4164 Scriptura
2873 4087 3218 4162 generaliter
3265 4084 3549 4156 quidquid
3599 4084 3794 4138 mani-

2083 4186 2246 4253 fests,
2279 4185 2433 4239 sicut
2463 4181 2739 4247 cernitur,
2782 4178 3137 4234 enuntiatur.
3190 4177 3334 4229 Nam
3379 4179 3436 4227 et
3462 4172 3602 4226 illud
3637 4172 3790 4242 quod

2082 4276 2183 4346 ait,
2215 4275 2274 4330 Si
2304 4273 2426 4347 quis
2449 4289 2533 4327 me
2569 4272 2845 4341 confessus
2873 4269 3040 4338 fuerit
3071 4281 3252 4322 coram
3285 4261 3620 4329 hominibus,
3657 4277 3791 4315 con-

2080 4367 2268 4436 ﬁtebor
2315 4369 2365 4419 et
2417 4378 2513 4434 ego
2544 4379 2670 4417 eum
2699 4376 2886 4415 coram
2927 4359 3091 4412 Patre
3138 4371 3253 4410 meo
3305 4351 3514 4423 (Matth.
3550 4367 3604 4415 x,
3649 4349 3738 4419 3'2)
3777 4364 3793 4417 ;

2079 4455 2166 4510 vel
2201 4455 2352 4509 sicut
2400 4452 2538 4507 alibi
2586 4454 2696 4518 est,
2747 4465 2938 4503 coram
2983 4444 3215 4513 lugetis
3248 4441 3341 4497 Dei
3370 4442 3520 4510 (Luc.
3554 4453 3654 4506 xu,
3685 4438 3738 4508 8)
3776 4453 3792 4492 :

2080 4562 2197 4600 non
2230 4544 2426 4613 utique
2475 4549 2705 4613 peccata
2735 4539 3048 4594 conﬁtetur
3090 4534 3188 4604 qui
3220 4533 3521 4586 Christum
3552 4529 3795 4586 conﬁte-

2080 4640 2193 4690 tur.
2227 4634 2387 4697 Quod
2437 4632 2485 4687 si
2536 4639 2836 4702 propterea
2887 4628 3092 4697 putant
3141 4622 3323 4693 aliqui
3371 4620 3792 4676 confessionem

2079 4727 2289 4792 vocari,
2343 4724 2441 4795 qui
2494 4739 2596 4794 pro
2647 4719 2891 4776 crimine
2940 4716 3249 4787 objiciatur
3308 4711 3521 4767 Christi
3583 4726 3795 4765 nomen

2075 4822 2334 4886 tempore
2402 4809 2870 4883 persecutionis;
2925 4805 3213 4876 numquid
3265 4803 3345 4858 ita
3393 4803 3568 4858 etiam
3636 4798 3795 4852 Chri-

2077 4911 2201 4963 stus
2233 4921 2423 4961 coram
2457 4907 2623 4959 Patre
2661 4899 2746 4956 vel
2780 4915 2966 4954 coram
3002 4895 3234 4964 Angelis
3267 4892 3562 4948 hominem
3605 4889 3704 4958 qui
3735 4903 3798 4940 se

2076 4994 2566 5054 confessusfucrit
2593 4987 2939 5047 conﬁtetur?
2966 4988 3056 5042 Est
3088 4987 3262 5041 etiam
3297 4984 3353 5037 in
3397 4973 3796 5035 Ecclesiastico

2074 5094 2156 5151 ita
2189 5087 2468 5159 positum,
2504 5086 2565 5138 Et
2596 5083 2708 5137 haec
2749 5079 2938 5136 dicetis
2991 5080 3046 5132 in.
3094 5075 3449 5159 confessione,
3485 5068 3654 5136 Opera
3686 5065 3797 5159 Do—

250 5182 312 5234 ut
344 5181 409 5234 ad
442 5179 930 5236 contestationem
960 5179 1173 5236 laboris
1231 5181 1462 5249 terreni,
1516 5198 1689 5253 quem
1723 5197 1825 5252 pro
1858 5179 1974 5234 illis
2071 5176 2214 5232 mini
2271 5175 2550 5244 universa,
2583 5173 2843 5243 quoniam
2880 5169 3016 5222 bona
3060 5165 3216 5220 valde
3244 5158 3435 5230 (Eccli.
3479 5171 3671 5221 χχχιι,
3705 5153 3796 5245 20²

1577 5319 1853 5356 ΑΟΙΟΝῙΤῙΟ
1906 5318 1960 5354 PP
1971 5341 1981 5354 .
2021 5315 2454 5353 BBNEDICTINOBUM
2464 5337 2473 5348 .

249 5420 620 5479 Questionum
660 5422 1042 5487 septemdecim
1076 5421 1348 5487 ξιξ-δίεμαι.
1382 5421 1520 5472 liber
1553 5424 1616 5471 ad
1651 5424 1867 5487 eosdem
1891 5420 2470 5487 codicescollatusest
2497 5430 2557 5465 ac
2589 5411 3057 5487 praecedensppus
3088 5404 3282 5463 Οαεεείο
3309 5400 3532 5464 Εναοὶζη
3557 5395 3794 5461 exceptis

1115 5484 1438 5536 Michaeliuo
1471 5491 1523 5536 et
1554 5486 1885 5544 Arnulfemi,
1929 5487 1981 5533 in
2018 5485 2214 5546 quibus
2244 5483 2329 5530 hic
2361 5482 2493 5529 liber
2527 5491 2633 5526 non
2667 5477 2948 5535 reperitur.

266 5578 858 5668 Comparavimus
881 5587 1219 5669 praeterea
1243 5597 1358 5646 eos
1392 5598 1632 5646 omnes
1662 5579 2000 5647 editiones
2035 5575 2240 5642 initio
2277 5565 2930 5649 ltetractationum,
2968 5571 3016 5628 t.
3057 5565 3118 5635 1,
3155 5565 3597 5628 memoratas.
3696 5554 3790 5619 M.
