4170 6188
330 248 478 313 1367

321 389 430 457 21).
466 388 586 454 Quo
617 385 676 439 in
709 384 831 439 loco
863 381 1264 438 indubitanter
1292 379 1392 436 Dei
1433 376 1634 435 laudes
1689 388 2034 446 exaggeran-

326 483 438 533 tur.
476 479 597 533 llec
628 477 782 530 dicta
812 479 946 529 sunt
978 477 1212 544 prepter
1243 469 1590 538 imperitiam
1633 468 1898 533 fratrum,
1934 462 2033 534 qui

327 582 458 621 cum
488 567 711 637 legente
735 563 946 619 lectore
969 561 1217 618 audiunt
1244 560 1352 614 hoc
1381 559 1645 622 verbum,
1672 559 1899 627 pectora
1915 558 2035 606 sta-

326 656 428 712 tim
460 655 735 721 tundunt,
771 669 885 709 non
919 650 1280 707 attendentes
1304 665 1417 719 quo
1443 647 1569 703 loco
1592 645 1834 711 dicatur,
1868 640 2034 714 quasi

331 762 445 801 non
488 743 672 816 possit
697 742 807 797 nisi
840 744 1207 813 peccatorum
1238 753 1365 793 esse
1397 733 1704 792 confessio.

398 835 460 890 X.
495 834 600 907 [1b.
629 850 729 894 xu,
766 833 815 898 1,
854 830 985 902 1-8.]
1010 830 1339 886 Notandum
1361 828 1429 882 de
1460 842 1526 881 eo
1549 825 1701 895 quod
1738 821 1937 878 illicite
1963 822 2039 877 fa-

327 928 482 979 ctum
512 923 805 979 videretur
834 920 1076 987 Judeis,
1100 918 1253 989 quod
1287 914 1553 985 discipuli
1578 913 1820 967 sabbato
1845 911 2037 981 spicas

328 1013 695 1077 evulsissent,
722 1027 906 1067 unum
938 1009 1269 1078 exemplum
1316 1006 1517 1060 datum
1543 1003 1708 1073 regie
1735 1002 2037 1073 potestatis

328 1105 397 1159 de
430 1102 631 1170 David,
664 1101 913 1156 alterum
955 1094 1332 1153 sacerdotalis
1376 1096 1445 1149 de
1478 1094 1547 1149 iis
1580 1093 1681 1163 qui
1732 1109 1827 1163 per
1862 1093 2035 1147 mini-

327 1194 571 1252 sterium
602 1190 803 1258 templi
835 1188 1141 1244 sabbatum
1172 1186 1423 1240 violant:
1450 1188 1509 1238 ut
1532 1183 1714 1238 multo
1752 1183 1944 1238 minus
1967 1183 2036 1238 ad

325 1285 518 1355 ipsum
538 1280 872 1337 evulsarum
895 1278 1133 1333 sabbato
1161 1275 1450 1347 spicarum
1474 1273 1691 1329 crimen
1726 1274 2037 1344 pertineat,

326 1373 428 1445 qui
457 1389 625 1429 verus
656 1388 753 1428 rex
782 1376 838 1427 et
868 1386 1034 1427 verus
1065 1371 1330 1425 sacerdos
1372 1369 1476 1433 est,
1518 1369 1573 1420 et
1604 1364 1728 1421 ideo
1762 1365 2038 1421 Dominus

326 1463 579 1521 sabbaﬁ.

397 1561 489 1618 XI.
525 1561 630 1633 [1b.
664 1575 785 1627 xm,
809 1558 1006 1624 25—30,
1039 1554 1321 1627 36-43.]1.
1349 1553 1481 1608 Cum
1511 1557 1695 1608 autem
1729 1554 2037 1608 dormirent

329 1653 599 1718 homines,
633 1651 783 1705 venit
805 1647 1062 1704 inimicus
1093 1646 1207 1717 ejus
1249 1649 1299 1700 et
1328 1643 1786 1715 superseminavit
1814 1643 2036 1699 zizania

329 1747 388 1799 in
417 1741 592 1798 medio
633 1738 833 1805 tritici,
885 1742 935 1795 et
964 1738 1115 1793 abiit.
1169 1736 1310 1792 Cum
1358 1733 1749 1806 negligentius
1801 1738 2040 1805 agerent

331 1832 622 1908 prepositi
655 1829 943 1897 Ecclesiae,
978 1832 1079 1884 aut
1110 1843 1240 1883 cum
1263 1824 1676 1880 dormitionem
1710 1825 1916 1879 mortis
1941 1840 2037 1879 ac-

328 1926 591 1997 ciperent
618 1920 898 1993 Apostoli,
939 1918 1094 1975 venit
1142 1915 1412 1973 diabolus
1456 1918 1513 1970 et
1556 1913 2040 1985 superseminavit

330 2030 426 2071 eos
440 2030 585 2086 quos
606 2011 793 2067 malos
818 2008 967 2066 ﬁlios
993 2008 1267 2064 Dominus
1293 2006 1726 2077 interpretatur.
1752 2004 1863 2059 Sed
1887 2009 2040 2059 recte

330 2106 605 2178 queritur
645 2107 836 2158 utrum
883 2098 1137 2155 heretici
1168 2097 1308 2165 sint,
1349 2113 1422 2151 an
1455 2095 1605 2151 male
1654 2094 1910 2148 viventes
1941 2110 2039 2149 ca-

328 2194 552 2251 tholici.
584 2195 837 2249 Possunt
881 2190 1035 2246 enim
1086 2188 1199 2243 diei
1234 2186 1337 2240 ﬁlii
1372 2184 1509 2239 mali
1550 2185 1726 2239 etiam
1758 2183 2034 2243 heretici,

331 2284 469 2356 quia
506 2300 575 2339 ex
631 2283 828 2338 eodem
878 2275 1171 2348 Evangelii
1202 2274 1421 2331 semine
1469 2283 1521 2329 et
1562 2273 1771 2329 Christi
1806 2271 2039 2328 nomine

333 2371 639 2444 procreati,
682 2370 877 2440 pravis
908 2365 1279 2437 Opinionibus
1301 2365 1369 2419 ad
1406 2362 1551 2419 falsa
1581 2364 1855 2435 dogmata
1894 2379 2037 2418 con-

330 2466 653 2518 vertuntur.
679 2460 790 2515 Sed
815 2457 971 2529 quod
992 2456 1131 2511 dicit
1152 2472 1250 2511 eos
1281 2455 1339 2509 in
1364 2454 1555 2510 medio
1589 2452 1760 2508 tritici
1785 2451 2040 2507 semina-

331 2558 441 2613 tos.
457 2550 616 2622 quasi
636 2550 903 2605 videntur
919 2544 1335 2617 illisignificari
1361 2544 1461 2615 qui
1478 2543 1654 2598 unius
1668 2540 2038 2597 communio-

331 2644 422 2698 nis
471 2645 613 2697 sunt
653 2655 666 2694 :
724 2642 1126 2696 verumtanem
1177 2632 1455 2706 quoniam
1493 2631 1775 2688 Dominus
1831 2647 2035 2702 agrum

326 2732 543 2805 ipsum,
570 2746 683 2785 non
708 2727 1044 2793 Ecclesiam,
1069 2725 1170 2781 sed
1198 2724 1355 2779 hunc
1378 2723 1656 2777 mundum
1685 2722 2035 2793 interpreta-

324 2832 419 2877 tus
447 2825 557 2885 est,
591 2820 735 2875 bene
766 2815 1163 2886 intelliguntur
1213 2812 1494 2879 heretici,
1522 2812 1674 2884 quia
1708 2828 1820 2867 non
1854 2812 2031 2867 socie-

324 2915 438 2968 tate
471 2910 644 2966 unius
676 2907 942 2971 Ecclesie
973 2905 1061 2962 vel
1111 2904 1284 2960 unius
1318 2903 1470 2971 fidei,
1504 2903 1604 2958 sed
1636 2902 1906 2958 societate
1938 2918 2031 2958 so-

322 3001 436 3058 lius
466 3000 721 3056 nominis
752 2996 1054 3052 christiani
1085 2994 1143 3049 in
1198 2994 1304 3049 hoc
1353 2994 1572 3048 mundo
1606 2992 2029 3062 permiscentur

319 3093 489 3149 bonis
517 3107 532 3148 :
564 3094 629 3145 ut
661 3088 742 3144 illi
774 3088 871 3160 qui
907 3087 965 3141 in
998 3087 1197 3142 eadem
1232 3085 1343 3140 {ide
1378 3084 1515 3139 mali
1547 3088 1708 3150 sunt,
1744 3082 1907 3154 palea
1936 3098 2030 3154 po-

314 3183 434 3237 tius
466 3196 640 3252 quam
658 3179 881 3234 zizania
898 3177 1252 3246 deputentur
1269 3198 1281 3241 ;
1298 3173 1430 3243 quia
1456 3174 1614 3244 palea
1629 3172 1798 3228 etiam
1817 3173 2027 3229 funda-

318 3274 580 3327 mentum
633 3270 821 3339 ipsum
889 3265 1065 3320 habet
1110 3281 1237 3320 cum
1296 3265 1612 3331 frumento,
1662 3263 2030 3333 radicemque

315 3375 703 3417 communem.
736 3358 798 3411 In
834 3355 931 3410 illa
971 3355 1139 3427 plane
1168 3370 1400 3424 sagena,
1446 3369 1560 3422 qua
1600 3352 2029 3407 concluduntur

313 3460 369 3508 et
400 3450 537 3507 mali
585 3452 642 3503 et
692 3447 821 3503 boni
858 3445 1043 3517 pisces
1076 3444 1282 3514 (Matth.
1334 3460 1458 3512 xm,
1504 3442 1719 3513 47-50),
1772 3459 1882 3498 non
1926 3444 2025 3498 ab-

314 3543 486 3600 surde
536 3539 670 3596 mali
725 3536 997 3594 catholici
1036 3535 1463 3606 intelliguntur.
1520 3532 1687 3588 Aliud
1738 3538 1826 3605 est
1881 3535 2029 3589 enim

315 3649 493 3697 mare,
524 3628 675 3702 quod
712 3627 897 3699 magis
946 3626 1231 3681 mundum
1284 3625 1461 3679 istum
1496 3623 1788 3694 signiﬁcat
1821 3642 1835 3691 ς
1870 3623 2027 3678 aliud

318 3738 551 3793 sagena,
605 3735 733 3791 que
764 3718 935 3773 unius
969 3715 1101 3771 ﬁdei
1134 3713 1219 3769 vel
1256 3714 1424 3769 unius
1465 3715 1729 3771 Ecclesiae
1760 3729 2031 3769 commu-

320 3811 555 3867 nionem
586 3808 814 3865 videtur
868 3807 1193 3863 ostendere.
1230 3805 1382 3860 inter
1420 3804 1714 3862 hereticos
1745 3810 1802 3860 et
1849 3804 2032 3859 malos

321 3898 631 3956 catholicos
704 3896 811 3953 hoc
876 3896 1135 3961 interest,
1197 3892 1355 3963 quod
1413 3892 1663 3949 heretici
1718 3893 1859 3948 falsa
1909 3909 2031 3947 cre-

321 3991 488 4050 dunt.
551 3986 636 4042 illi
690 3989 885 4042 autem
932 4000 1061 4039 vera
1120 3983 1419 4037 credentes
1452 3998 1565 4036 non
1625 3982 1829 4036 vivunt
1860 3981 1941 4036 ita
1976 3986 2039 4035 ut

323 4079 591 4135 credunt.

392 4178 447 4231 2.
466 4175 615 4232 Solet
639 4178 829 4230 autem
854 4172 1028 4229 etiam
1053 4172 1251 4244 queri,
1284 4168 1642 4225 schismatiei
1668 4169 1803 4239 quid
1830 4168 1901 4224 ab
1928 4169 2037 4223 he-

325 4265 519 4322 reticis
549 4264 764 4319 distent
790 4278 802 4327 ;
832 4267 886 4318 et
917 4260 1284 4316 hociuveniri
1310 4258 1467 4329 quod
1489 4257 1895 4313 schismaticos
1922 4275 2037 4312 non

328 4358 474 4413 ﬁdes
505 4355 731 4410 diversa
784 4350 977 4415 faciat,
1022 4351 1121 4405 sed
1168 4348 1597 4405 communionis
1646 4349 1912 4418 disrupta
1940 4364 2042 4403 so-

334 4446 528 4500 cietas.
562 4443 669 4497 Sed
703 4444 901 4497 utrum
933 4439 1085 4494 inter
1133 4438 1352 4494 zizania
1382 4437 1733 4493 numerandi
1765 4436 1901 4505 sint,
1935 4438 2041 4491 du-

330 4536 497 4591 bitari
532 4537 735 4604 potest.
770 4531 955 4603 Magis
1006 4533 1199 4586 autem
1233 4529 1501 4586 videntur
1541 4528 1717 4600 spicis
1756 4527 2046 4598 corruptis

331 4639 458 4680 esse
492 4622 823 4691 similiores,
855 4621 1009 4678 sicut
1038 4620 1321 4692 scriptum
1359 4624 1466 4685 est,
1507 4620 1673 4674 Vento
1705 4626 1891 4674 autem
1920 4633 2039 4673 cor-

332 4716 620 4785 rumpetur
648 4710 799 4780 ﬁlius
822 4711 1045 4782 iniquus
1068 4710 1215 4782 (Sap.
1251 4727 1328 4780 1v,
1363 4711 1455 4781 4):
1499 4709 1585 4764 vel
1618 4709 1800 4780 paleis
1825 4710 2038 4764 arista-

334 4822 463 4860 rum
500 4800 711 4867 fractis,
758 4801 843 4855 vel
883 4799 1083 4856 scissis
1130 4804 1185 4856 et
1232 4801 1301 4854 de
1355 4802 1549 4870 segete
1593 4799 1878 4870 abruptis.
1922 4798 2043 4860 Quo

333 4895 485 4953 enim
520 4891 773 4959 altiores,
830 4890 890 4945 id
922 4894 1027 4959 est,
1079 4890 1473 4961 superbiores,
1509 4906 1573 4946 eo
1608 4889 1932 4959 fragiliores
1966 4888 2042 4943 le-

336 4986 636 5055 vioresque
665 4987 821 5037 sunt.
856 4982 968 5037 Nec
1018 4986 1213 5036 tamen
1248 4996 1611 5051 consequens
1644 4986 1732 5035 est
1763 4985 1825 5033 ut
1856 4978 2048 5032 omnis

338 5076 643 5131 hereticus
693 5075 775 5130 vel
810 5072 1223 5129 schismuticus
1273 5072 1645 5142 corporaliter
1690 5071 1761 5125 ab
1796 5068 2050 5125 Ecclesia

338 5174 661 5233 separetur.
696 5166 753 5221 Si
785 5165 938 5220 enim
977 5162 1125 5217 falsa
1157 5162 1225 5216 de
1261 5162 1371 5216 Deo
1405 5162 1604 5227 credit,
1639 5161 1723 5214 vel
1753 5161 1820 5215 de
1853 5160 2052 5231 aliqua

344 5256 499 5319 parte
530 5251 803 5307 doctrine
857 5269 980 5321 que
1024 5252 1092 5305 ad
1143 5250 1270 5304 fidei
1303 5248 1552 5318 pertinet
1586 5248 2050 5314 aedificationem,

341 5340 421 5392 ita
455 5341 515 5390 ut
552 5354 661 5391 nou
692 5343 1005 5407 querentis
1037 5337 1403 5393 cunctatione
1437 5342 1794 5407 temperatus
1826 5336 1921 5401 sit,
1950 5334 2050 5389 sed

344 5428 685 5480 inconcusse
716 5430 1026 5494 credentis,
1071 5446 1174 5483 nec
1211 5428 1451 5483 omnino
1505 5425 1737 5481 scientis
1780 5424 2055 5495 opinione

347 5526 516 5588 atque
560 5530 752 5570 errore
800 5516 1157 5584 discordans,
1197 5520 1496 5575 hereticus
1556 5523 1660 5584 cst,
1706 5522 1760 5572 et
1803 5514 1936 5570 l'oris
1969 5519 2054 5569 est

351 5604 571 5675 animo,
605 5604 863 5675 quamvis
914 5607 1289 5676 corporaliter
1335 5608 1496 5663 intus
1530 5608 1806 5663 videatur.
1844 5603 2054 5659 Multos

896 240 1429 321 QUESTIONUM
1477 236 2025 304 SEPTEMDECIM

2151 237 2152 242 “
2203 228 2688 303 ΜΑΤΤΗᾸΞΗΜ,
2738 234 2800 293 S.
2852 231 3283 296 AUGUSTINI

3702 234 3727 292 i
3742 228 3857 293 368

2143 369 2297 424 enim
2321 367 2463 422 tales
2488 371 2676 438 portat
2698 366 2970 435 Ecclesia,
2996 368 3136 441 quia
3157 385 3271 424 non
3295 370 3375 425 ita
3405 369 3725 425 defendunt
3750 364 3859 420 fal-

2145 459 2373 513 sitatem
2398 456 2693 511 sentenlie
2725 473 2866 522 sue,
2901 462 2965 513 ut
2997 458 3276 513 intentam
3309 458 3744 514 multitudinem
3784 455 3863 509 fa-

2147 548 2347 603 ciant:
2384 548 2535 617 quod
2589 546 2635 600 si
2683 547 2940 614 fecerint,
2975 552 3112 602 tunc
3159 547 3476 616 pelluntur.
3521 550 3681 604 Item.
3726 546 3858 617 qui-

2146 652 2397 708 cumque
2450 635 2708 691 invident
2739 635 2924 703 bonis,
2958 636 3040 691 ita
3095 641 3162 692 ut
3215 642 3478 708 quaerant
3522 636 3858 692 occasiones

2146 725 2481 781 excludendi
2507 741 2622 791 eos,
2658 730 2757 781 aut
2786 725 3143 796 degradandi
3172 743 3184 789 ;
3215 726 3297 781 vel
3334 726 3583 781 crimina
3613 741 3723 779 sua
3773 722 3857 778 sic

2147 816 2454 871 defendere
2486 814 2669 887 parati
2700 822 2856 881 sunt,
2889 815 2933 869 si
2977 816 3205 885 objecta
3232 814 3319 871 vel
3362 816 3588 886 prodita
3617 812 3854 880 fuerint,

2149 913 2206 959 ul
2235 904 2406 958 etiam
2446 902 2984 959 conventiculorum
3019 902 3439 974 segregationes
3468 902 3557 958 vel
3590 899 3853 956 Ecclesia:

2148 992 2609 1064 perturbationes
2657 992 2915 1062 cogitent
2961 992 3209 1048 excitare
3251 1013 3265 1059 ;
3312 994 3435 1062 jam
3489 990 3857 1046 schismatici

2148 1087 2303 1148 sunt,
2337 1086 2391 1137 et
2421 1082 2493 1136 ab
2535 1081 2759 1136 unitate
2790 1082 2958 1136 corde
2975 1081 3218 1141 discissi,
3254 1080 3481 1136 etiamsi
3514 1098 3628 1136 non
3660 1079 3851 1135 inven-

2147 1172 2224 1226 tis
2256 1170 2661 1227 occasionibus
2678 1181 2767 1225 aut
2799 1171 3101 1226 occultatis
3135 1172 3297 1226 factis
3330 1171 3451 1227 suis
3482 1173 3854 1226 Sacramento

2148 1261 2413 1317 Ecclesie
2446 1261 2728 1332 corporali
2759 1262 3197 1316 conversatione
3231 1260 3543 1316 socientur.

2217 1354 2268 1408 3.
2289 1349 2860 1424 Quapropterillisoli
2877 1350 3145 1406 catholici
3165 1350 3466 1405 malirecte
3480 1350 3859 1420 deputantur,

2148 1443 2243 1515 qui
2278 1444 2540 1514 quamvis
2572 1458 2704 1496 vera
2727 1441 2963 1495 credant
2985 1458 3110 1511 que
3129 1440 3198 1496 ad
3229 1441 3359 1496 ﬁdei
3383 1440 3703 1495 doctrinam
3730 1455 3867 1510 per-

2148 1534 2355 1601 tinent,
2407 1541 2457 1587 et
2491 1533 2539 1586 si
2601 1532 2734 1601 quid
2768 1532 2910 1586 forte
2944 1530 3211 1587 nesciunt
3242 1531 3620 1602 querendum
3654 1528 3857 1585 existi-

2150 1626 2330 1707 ment,
2353 1625 2408 1677 et
2438 1621 2592 1677 salva
2616 1620 2827 1691 pietate
2856 1621 3171 1677 discutiant
3200 1620 3327 1676 sine
3358 1621 3554 1692 aliquo
3586 1617 3863 1690 prejudi-

2148 1709 2235 1767 cio
2296 1711 2481 1783 ipsius
2512 1710 2793 1776 veritatis,
2826 1717 2878 1765 et
2911 1711 3095 1766 bonos
3126 1709 3208 1766 vel
3261 1726 3404 1780 quos
3445 1709 3628 1764 bonos
3656 1711 3860 1779 putant

2148 1808 2342 1857 ament
2377 1806 2551 1871 atque
2582 1800 2865 1855 honorent
2897 1804 3177 1871 quantum
3212 1803 3455 1870 possunt
3488 1816 3501 1866 ;
3536 1806 3724 1852 tamen
3750 1795 3852 1851 ila-

2148 1890 2351 1963 gitiose
2386 1897 2556 1959 atque
2598 1887 2918 1943 tacinorose
2961 1888 3179 1955 vivunt,
3212 1891 3414 1943 contra
3448 1902 3621 1958 quam
3653 1885 3853 1939 viven-

2149 1982 2290 2035 dum
2322 1995 2449 2034 esse
2481 1978 2744 2033 credunt.
2776 1976 2944 2032 Tales
2965 1976 3119 2033 enim
3154 1976 3380 2032 etiamsi
3405 1976 3725 2047 prodantur
3755 1978 3853 2027 aut

2149 2074 2513 2134 accusantur,
2556 2085 2659 2139 pro
2708 2066 3020 2139 disciplina
3071 2066 3330 2123 Ecclesie
3366 2065 3689 2135 salutisque
3733 2078 3854 2117 sue

2147 2177 2323 2216 causa
2358 2160 2627 2231 correpti,
2684 2158 2771 2217 vel
2835 2158 3300 2213 acommunione
3349 2154 3637 2228 suspensi,
3691 2150 3855 2207 nullo

2148 2253 2317 2308 modo
2349 2251 2456 2306 sibi
2490 2250 2872 2306 recedendum
2905 2266 3031 2305 esse
3064 2267 3097 2307 a
3139 2246 3543 2304 communione
3573 2241 3861 2300 catholica

2147 2342 2503 2407 existimant,
2573 2342 2987 2411 quocumque‘
3042 2339 3307 2411 permissi
3368 2336 3581 2393 fuerint
3633 2332 3859 2389 satisfao

2147 2432 2359 2489 ctionis
2391 2436 2712 2502 querentes
2746 2430 2933 2485 locum
2962 2446 2974 2484 :
3008 2433 3065 2483 et
3096 2428 3411 2500 aliquando
3443 2441 3542 2497 per
3575 2422 3865 2495 poeniten-

2147 2510 2288 2578 tiam
2342 2521 2401 2576 in
2453 2522 2746 2576 frumenta
2796 2522 3120 2585 mutantur,
3171 2518 3285 2571 sive
3316 2514 3583 2586 correpti,
3616 2513 3734 2567 sive
3763 2526 3854 2565 re—

2148 2614 2309 2681 moti,
2344 2614 2464 2667 sive
2486 2610 2652 2666 etiam
2678 2610 2847 2665 verbo
2872 2610 2972 2665 Dei
3006 2607 3165 2663 nullo
3184 2604 3529 2663 nominatim
3546 2606 3853 2660 accusante

2143 2708 2245 2758 aut
2278 2703 2616 2772 increpante
2642 2697 2948 2770 perterriti.
2984 2697 3316 2768 Aliquando
3339 2701 3529 2750 autem
3551 2692 3724 2748 etiam
3748 2688 3860 2744 sub

2142 2793 2378 2850 nomine
2427 2791 2833 2865 penitentium
2888 2789 2966 2843 ita
3000 2788 3200 2843 vivunt
3252 2789 3312 2841 ut
3341 2784 3548 2854 solent,
3600 2786 3698 2839 aut
3741 2796 3857 2835 non

2141 2885 2322 2944 multo
2365 2884 2579 2943 minus,
2632 2880 2870 2952 quidam
2929 2877 3106 2934 etiam
3142 2874 3443 2947 amplius;
3491 2870 3652 2928 nullo
3686 2871 3857 2926 modo

2139 2962 2330 3030 tamen
2364 2990 2397 3029 a
2428 2970 2713 3028 catholica
2745 2969 2971 3024 unitate
3022 2965 3350 3021 discedunt.
3384 2962 3605 3029 Quibus
3645 2960 3723 3015 ita
3764 2958 3853 3013 vi-

2136 3056 2403 3113 ventibus
2434 3055 2479 3107 si
2514 3068 2669 3107 mors
2701 3047 3038 3120 obrepserit,
3064 3046 3235 3119 palee
3266 3045 3623 3115 deputantur
3667 3056 3856 3112 usque

2138 3148 2194 3202 in
2231 3146 2423 3199 ﬁnem.
2463 3143 2578 3197 Hoc
2609 3141 2785 3197 etiam
2819 3139 2931 3211 ipsi
2973 3137 3217 3191 credunt
3252 3151 3264 3188 :
3299 3150 3435 3189 nam
3464 3132 3515 3188 si
3544 3131 3709 3186 aliter
3738 3146 3863 3185 cre-

2136 3238 2305 3302 dunt,
2337 3241 2393 3291 et
2423 3235 2763 3303 inconcusse
2809 3233 3028 3297 tenent,
3056 3227 3174 3297 jam
3219 3225 3372 3280 inter
3402 3222 3700 3279 hereticos
3740 3238 3854 3276 nu-

2139 3325 2398 3383 merandi
2448 3326 2605 3389 sunt,
2656 3324 2925 3394 putantes
2970 3316 3246 3373 omnibus
3311 3313 3519 3382 Deum,
3570 3312 3741 3367 etiam
3795 3311 3859 3365 in

2140 3434 2348 3489 magna
2381 3415 2686 3485 iniquitate
2703 3410 2954 3482 usquein
2980 3408 3153 3463 finem
3180 3407 3311 3461 vite
3334 3401 3860 3477 perseverantibus,

2140 3511 2374 3562 tantum
2436 3503 2573 3575 quia
2622 3500 2889 3556 Ecelesie
2924 3497 3225 3563 unitatem,
3276 3510 3390 3549 non
3444 3492 3669 3548 sincera
3718 3489 3865 3544 dile-

2151 3596 2341 3671 ctione
2373 3595 2529 3660 (nam
2555 3594 2699 3647 bene
2731 3590 2983 3645 viverent
3014 3586 3079 3658 2),
3104 3586 3204 3641 sed
3239 3583 3427 3655 magis
3458 3596 3759 3654 poenarum
3794 3578 3864 3632 ti-

2146 3669 2303 3743 more
2357 3686 2693 3750 tenuerunt,
2726 3680 2955 3736 veniam
2993 3679 3287 3731 daturum.
3325 3672 3422 3728 isti
3445 3687 3582 3743 ergo
3613 3687 3725 3725 non
3758 3669 3869 3723 hoc

2144 3780 2407 3843 credunt,
2445 3774 2529 3829 vel
2562 3792 2674 3829 non
2725 3771 2966 3826 firmiter
3009 3768 3344 3837 epioantur,
3382 3764 3488 3818 etsi
3521 3762 3707 3817 adhuc
3744 3760 3856 3815 for-

2145 3870 2296 3925 sitan
2323 3869 2597 3939 querunt
2628 3882 2640 3918 :
2678 3862 2777 3918 sed
2812 3860 2997 3930 magis
3020 3874 3117 3913 eos
3149 3854 3364 3925 decipit
3385 3869 3518 3925 spes
3536 3849 3858 3918 dilationis,

2146 3961 2282 4012 dum
2311 3937 2373 4010 se
2393 3954 2615 4008 diutius
2635 3953 2888 4007 victuros
2911 3950 3140 4019 putant,
3175 3948 3231 3999 et
3253 3944 3503 4015 perditos
3534 3956 3724 3994 mores
3748 3937 3861 3993 ali-

2147 4046 2382 4119 quando
2406 4044 2464 4097 in
2499 4042 2710 4098 melius
2738 4044 3082 4095 mutaturos.
3108 4035 3319 4090 Contra
3346 4047 3493 4103 quos
3525 4029 3763 4086 dicitur:
3786 4030 3867 4084 Ne

2147 4117 2325 4191 tardes
2356 4133 2598 4188 converti
2626 4130 2698 4185 ad
2718 4131 2905 4195 Deum,
2929 4140 3101 4196 neque
3137 4124 3361 4193 diferas
3382 4122 3447 4175 (te
3475 4119 3562 4174 die
3582 4117 3641 4172 in
3672 4118 3817 4172 diem
3844 4134 3863 4172 :

2146 4210 2325 4281 subito
2351 4222 2501 4278 enim
2536 4221 2709 4275 veniet
2738 4221 2824 4273 ira
2855 4218 2992 4283 eius,
3024 4220 3075 4269 et
3103 4216 3159 4268 in
3193 4220 3432 4281 tempore
3462 4208 3720 4264 vindich
3750 4206 3869 4261 dis-

2147 4314 2331 4386 perdet
2359 4322 2409 4367 te
2441 4309 2624 4380 (Eccli.
2660 4326 2710 4372 v,
2745 4310 2797 4376 8,
2830 4306 2906 4379 9).
2945 4305 3026 4360 Illi
3075 4302 3228 4357 enim
3278 4302 3714 4365 convertuntur,
3758 4296 3861 4368 qui

2160 4407 2313 4459 recte
2345 4402 2529 4456 vivere
2552 4397 2879 4469 incipiunt;
2911 4394 3018 4449 hoc
3049 4397 3138 4447 est
3167 4391 3321 4445 enim
3346 4389 3413 4443 ad
3444 4387 3619 4441 Deum
3646 4385 3870 4440 redire:

2152 4492 2251 4565 qui
2292 4500 2482 4546 autem
2529 4484 3028 4558 concupiscentiae
3087 4496 3222 4537 suas
3279 4480 3717 4550 perseveranter
3773 4491 3872 4530 se-

2154 4563 2438 4655 quuntur,
2492 4581 2730 4634 dorsum
2790 4573 3218 4647 quodammodo
3269 4568 3485 4623 habent
3545 4566 3613 4621 ad
3660 4563 3870 4631 Deum,

2156 4652 2424 4743 quamvis
2455 4670 2513 4725 in
2545 4667 2761 4723 unitate
2784 4663 3083 4721 constituti
3117 4674 3266 4730 sepe
3291 4657 3458 4711 illum
3489 4658 3699 4710 retorto
3722 4652 3870 4709 collo

2156 4766 2441 4819 conentur
2472 4759 2748 4830 aspicere.
2783 4756 2931 4826 Ergo
2963 4756 3017 4808 et
3048 4750 3167 4815 isti,
3205 4753 3267 4803 ut
3298 4746 3373 4802 ait
3404 4744 3708 4814 Propheta,
3739 4759 3871 4798 raro

2153 4857 2300 4921 stmt,
2331 4858 2382 4907 et.
2404 4852 2630 4922 spiritus
2653 4846 2943 4901 ambulans
2961 4847 3012 4899 et.
3035 4859 3146 4895 non
3170 4840 3446 4894 revertens
3467 4834 3636 4905 (Psal.
3658 4848 3867 4899 uxvu,

2154 4946 2263 5013 39).
2313 4942 2419 4997 Sed
2476 4947 2691 5002 tamen,
2741 4946 2799 4991 ut
2831 4935 3049 4988 dictum
3101 4938 3207 4993 est,
3240 4932 3476 4999 propter
3505 4923 3762 4979 eamdem
3801 4924 3869 4976 ﬁ-

2158 5038 2287 5091 dem
2345 5038 2516 5102 atque
2567 5029 2841 5083 unitatem
2876 5022 3165 5085 Ecclesie,
3215 5032 3401 5088 neque
3448 5016 3599 5075 inter
3627 5012 3877 5084 zizania,

2158 5123 2430 5197 quoniam
2462 5120 2559 5173 illa
2581 5124 2737 5173 extra
2777 5114 3031 5169 radicata
3061 5114 3216 5177 sunt,
3246 5121 3433 5178 neque
3462 5104 3615 5158 inter
3658 5102 3864 5157 arista-

2160 5193 2284 5270 rum
2316 5212 2562 5282 paleam,
2595 5222 2723 5278 que
2770 5221 2832 5259 se
2862 5204 3035 5259 etiam
3071 5196 3378 5254 frumentis
3428 5193 3605 5247 audet
3661 5209 3865 5262 aspera

2231 5363 2244 5394 1
2271 5355 2354 5403 Sic
2376 5353 2495 5401 Mss.
2527 5354 2593 5400 At
2622 5348 2767 5399 editi.
2801 5362 2831 5396 a
2863 5347 3212 5396 communione
3242 5341 3510 5392 catholicae
3530 5339 3662 5403 ﬁdei
3691 5339 3871 5389 existi-

2164 5428 2330 5473 mant.
2355 5416 2843 5481 quomodocumque,
2877 5418 2975 5481 etc_.

2226 5465 2247 5517 Ξ
2273 5465 2382 5529 Πέηῖ
2407 5479 2621 5533 omittit,
2635 5465 2759 5542 non}
2778 5465 2901 5542 bene
2916 5474 3148 5542 viverent
3171 5485 3181 5519 :
3204 5469 3346 5542 quod
3372 5470 3423 5542 i_n
3449 5466 3723 5542 plerisque
3746 5465 3870 5542 ltiss.

2166 5528 2661 5620 tepet-ituruat‘dm.
2684 5540 2767 5587 Er.
2792 5543 2861 5620 etI
2878 5540 2998 5620 L_ov.
3023 5528 3290 5620 habent-ej
3302 5528 3519 5620 us‘lpco,
3542 5528 3652 5579 nisi
3671 5534 3725 5577 ut
3749 5528 3875 5577 bene

2166 5597 2420 5657 riiJercnl.
2454 5606 2737 5655 Vaticanus
2768 5601 2951 5651 codex.
2985 5608 3039 5647 ut
3067 5598 3189 5646 bene
3217 5597 3464 5645 viverent.
