4170 6188
331 216 486 278 1369

322 350 687 406 dissensione
732 353 789 405 et
834 349 1016 421 fragili
1068 349 1322 406 elatione
1370 352 1872 424 superimponere,
1932 355 2031 410 sed

319 440 587 512 quamvis
633 441 962 510 subjectum
1007 439 1337 508 frumentis,
1381 447 1573 498 tamen
1619 443 1768 498 inter
1810 444 2032 513 paleam

318 548 442 602 quae
496 531 704 584 ultima
753 529 1131 585 ventilatione
1178 533 1495 601 separanda
1557 537 1665 601 est,
1714 550 2036 589 numeran—

319 628 432 674 tur.

388 709 439 762 4.
467 709 612 762 Boni
643 711 834 762 autem
867 706 1133 762 catholici
1160 713 1319 775 sunt,
1341 708 1439 777 qui
1463 714 1517 762 et
1543 710 1716 764 ﬁdem
1743 711 2029 780 integram

314 803 648 868 sequuntur
679 804 735 852 et
767 813 958 852 mores
990 798 1202 851 bonos:
1238 798 1393 868 quod
1426 804 1619 852 autem
1655 800 1723 854 ad
1761 799 1893 854 ﬁdei
1927 801 2031 855 do-

314 889 565 942 ctrinam
588 887 856 957 pertinet,
880 886 957 940 ita
981 891 1272 956 quaerunt,
1297 887 1342 940 si
1373 887 1505 956 quid
1531 888 1909 957 qurerendum
1937 889 2029 944 ha-

314 977 476 1043 bent,
529 981 591 1029 ut
635 973 790 1029 absit
837 974 1186 1029 concertatio
1219 973 1561 1044 periculosa,
1603 975 1692 1032 vel
1728 977 2026 1046 quaerenti,

311 1065 401 1119 vel
436 1065 487 1118 ei
521 1083 654 1119 cum
688 1080 803 1134 quo
836 1065 1136 1134 quaeritur,
1170 1063 1255 1119 vel
1290 1065 1372 1118 eis
1409 1065 1508 1134 qui
1542 1065 1897 1120 disserentes
1928 1083 2027 1121 au-

310 1155 504 1209 diunt.
551 1155 636 1209 Ita
669 1159 865 1209 autem
904 1154 1134 1222 docent,
1167 1154 1217 1208 si
1253 1155 1390 1225 quid
1425 1154 1749 1209 docendum
1788 1155 2024 1221 habent,

309 1249 377 1299 ut
413 1246 632 1299 usitata
665 1250 719 1298 et
749 1244 1092 1300 conﬁrmata
1116 1243 1501 1308 securissime,
1534 1249 1591 1297 et
1620 1244 2023 1310 ﬁdentissime,

305 1339 362 1388 et
393 1334 717 1400 lenissime,
754 1339 814 1388 ut
847 1339 1112 1404 possunt,
1158 1334 1456 1388 insinuent
1488 1349 1505 1388 :
1550 1334 1831 1389 inusitata
1862 1349 2020 1400 vero,

306 1424 540 1478 etiamsi
577 1424 832 1478 veritatis
858 1424 1322 1478 manifestatione
1345 1422 1736 1493 liquidissima
1759 1440 2024 1495 percepe-

307 1521 467 1578 runt,
522 1514 820 1583 querendi
873 1513 1063 1584 potius
1094 1529 1270 1584 quam
1327 1512 1696 1583 prmcipiendi
1730 1518 1829 1567 aut
1859 1515 2020 1568 afﬁr—

307 1604 512 1658 mandi
540 1605 734 1671 modo,
762 1609 995 1676 propter
1012 1604 1300 1658 audientis
1331 1604 1753 1660 infirmitatem.
1779 1606 1837 1660 Si
1861 1606 2016 1660 enim

308 1699 542 1748 tantum
574 1695 741 1749 habet
774 1695 1001 1765 pondus
1020 1694 1257 1764 aliquod
1281 1708 1504 1761 verum,
1531 1699 1597 1748 ut
1619 1694 1770 1749 vires
1793 1695 2020 1750 discen-

309 1783 387 1837 tis
414 1785 660 1839 excedat
687 1800 701 1850 ;
735 1784 1214 1853 suspendendum
1249 1788 1336 1837 est
1366 1787 1432 1838 ut
1457 1785 1723 1839 extendat
1755 1800 2018 1840 crescen-

303 1879 448 1940 tem,
479 1892 596 1929 non
631 1875 1048 1943 imponendum
1084 1878 1148 1928 ut
1168 1874 1392 1928 obterat
1411 1873 1736 1944 parvulum.
1767 1875 1899 1929 inde
1931 1879 2021 1930 est

298 1964 448 2019 illud
485 1964 718 2019 Domini
756 1980 768 2018 :
811 1965 913 2019 Sed
945 1966 1119 2019 Filius
1149 1965 1383 2019 hominis
1427 1981 1550 2018 cum
1581 1966 2015 2037 venerit,putas,

302 2057 552 2109 inveniet
573 2054 730 2124 ﬁdem
757 2055 816 2106 in
837 2061 981 2107 terra
1004 2053 1154 2122 (an.
1178 2053 1406 2122 xvm,8)
1426 2052 1452 2106 ‘l
1474 2052 1798 2123 Aliquando
1823 2059 2016 2110 autem

298 2152 356 2198 et
401 2143 820 2199 occultandum
855 2147 958 2212 est,
992 2143 1091 2197 sed
1140 2159 1270 2196 cum
1305 2159 1404 2211 spe
1435 2141 1773 2208 hortatoria,
1804 2149 1868 2197 ut
1899 2160 2013 2198 non

294 2234 471 2288 faciat
521 2232 854 2304 desperatio
912 2232 1260 2303 frigidiores,
1307 2231 1406 2285 sed
1448 2231 1800 2287 desiderium
1849 2249 2018 2304 capa-

291 2325 506 2380 ciores.
542 2323 680 2378 Inde
713 2329 799 2379 est
839 2322 982 2378 illud
1017 2323 1280 2393 ejusdem
1315 2321 1545 2376 Domini
1579 2338 1591 2376 :
1626 2323 1798 2378 Multa
1842 2323 2014 2380 habeo

289 2415 442 2469 vobis
480 2414 666 2468 dicere
689 2429 712 2480 ;
750 2413 842 2468 sed
864 2429 970 2469 non
999 2413 1220 2487 potest-is
1244 2415 1470 2482 portare
1497 2411 1652 2468 modo
1683 2413 1861 2483 (Joan.
1896 2431 2010 2484 xvr,

293 2506 412 2573 1'2).
449 2504 611 2568 Quod
663 2521 793 2559 vero
826 2503 898 2559 ad
940 2518 1128 2558 mores
1161 2501 1428 2572 pertinet,
1468 2500 1576 2557 hoc
1623 2502 1768 2557 bene
1793 2508 1848 2559 et
1879 2505 2009 2560 bre-

292 2594 441 2647 viter
475 2593 693 2648 dicitur
727 2609 738 2647 :
775 2601 867 2648 aut
902 2591 1336 2663 confligendum
1369 2598 1450 2645 est
1480 2607 1613 2646 cum
1637 2608 1831 2648 amore
1864 2599 2008 2649 tem-

289 2681 584 2753 poralium
612 2683 918 2748 bonorum,
946 2686 1142 2736 utnon
1169 2679 1386 2746 vincat;
1409 2680 1695 2735 autetiam
1715 2684 2008 2739 edomitus

287 2773 691 2843 subditusque
714 2789 834 2828 esse
857 2772 1048 2839 debet,
1073 2775 1134 2825 ut
1151 2787 1282 2824 cum
1308 2785 1545 2840 surgere
1564 2772 1819 2840 coeperit,
1841 2772 2006 2829 facile

288 2864 647 2933 reprimatur
671 2881 685 2929 ;
711 2867 810 2917 aut
841 2861 920 2916 ita
951 2861 1293 2926 exstinctus,
1321 2864 1383 2914 ut
1413 2877 1474 2915 se
1506 2861 1742 2915 omnino
1764 2861 1915 2917 nulla
1938 2879 2005 2918 ex

291 2957 456 3023 parte
490 2957 879 3007 commoveat.
914 2952 992 3005 Ex
1015 2967 1129 3022 quo
1161 2951 1223 3004 ﬁt
1256 2954 1317 3004 ut
1342 2952 1513 3005 etiam
1537 2950 1724 3021 ipsam
1756 2957 2000 3009 mortem

291 3047 533 3113 propter
564 3043 865 3097 veritatem
896 3041 991 3096 alii
1025 3042 1253 3096 fortiter
1277 3041 1508 3105 obeant,
1542 3040 1639 3097 alii
1660 3045 2002 3114 aequanimi-

289 3137 393 3198 ter,
428 3132 529 3186 alii
561 3132 832 3187 libenter.
864 3131 1129 3196 Queetria
1161 3147 1374 3201 genera
1398 3131 1618 3186 fructus
1641 3141 1778 3186 sunt
1801 3134 2003 3190 fertilis

288 3230 470 3281 terrae.
507 3221 736 3289 triceni,
787 3225 844 3276 et
873 3220 1165 3292 sexageni,
1207 3229 1259 3275 el
1291 3220 1515 3275 centeni
1547 3221 1757 3292 (Matth.
1790 3239 1914 3294 xm,
1947 3226 2002 3294 8,

284 3311 396 3376 23)..
431 3313 491 3364 in
529 3311 738 3365 horum
765 3311 960 3382 aliquo
983 3325 1193 3382 genere
1225 3310 1606 3366 inveniendus
1636 3316 1724 3366 est
1745 3318 2003 3383 tempore

283 3401 498 3454 mortis
523 3417 668 3465 suae,
689 3401 734 3455 si
770 3401 900 3470 quis
927 3401 997 3456 de
1015 3399 1121 3454 hac
1147 3398 1258 3453 vita
1280 3403 1433 3454 recte
1453 3399 1666 3470 cogitat
1692 3402 1999 3473 emigrare.

353 3489 406 3541 5.
426 3487 753 3543 Toleranda
777 3492 913 3543 sunt
932 3493 1126 3543 autem
1147 3503 1261 3542 non
1278 3487 1465 3542 solum
1490 3486 1710 3544 zizania
1728 3507 1910 3561 usque
1927 3493 2000 3547 ad

281 3594 560 3642 messem,
590 3594 717 3647 quas
748 3593 879 3632 cum
906 3576 1178 3632 diabolus
1209 3576 1462 3646 aspersis
1496 3578 1688 3647 pravis
1705 3580 2000 3636 erroribus

282 3665 572 3737 falsisque
605 3666 976 3737 opinionibus
1007 3666 1554 3738 superseminasset,
1581 3667 1689 3724 hoc
1709 3674 1817 3735 est,
1850 3687 1994 3741 prae-

283 3759 526 3812 cedente
556 3757 788 3813 nomine
819 3756 1027 3813 Christi
1060 3757 1310 3812 haereses
1365 3757 1794 3828 superjecisset,
1817 3762 1999 3832 magis

281 3847 404 3917 ipse
462 3847 635 3901 latuit
685 3851 860 3918 atque
915 3847 1349 3902 occultissimua
1387 3847 1574 3902 factus
1607 3852 1732 3916 est;
1770 3849 1876 3904 hoc
1912 3855 2000 3905 est

283 3938 462 3999 Enim,
501 3941 566 3992 Et
612 3938 753 3990 abiit
786 3955 803 3989 :
837 3939 932 3992 sed
983 3937 1157 3991 etiam
1209 3934 1370 4006 palea
1403 3952 1586 4008 usque
1629 3939 1700 3992 ad
1750 3939 1997 3994 ventila-

281 4025 521 4080 tionem.
557 4027 673 4080 Nec
721 4027 998 4098 probatur
1029 4025 1234 4082 fortius
1264 4027 1516 4097 gravitas
1545 4029 1996 4096 frumentorum,

286 4116 394 4170 nési
454 4115 630 4185 paleae
686 4115 1238 4187 perturbationibus,
1290 4130 1433 4187 quas
1474 4115 1566 4186 qui
1616 4119 1997 4190 comprimere

285 4223 393 4260 non
442 4207 704 4278 potuerit
753 4209 992 4262 veritate
1035 4208 1293 4273 defensa,
1345 4208 1584 4262 cesserit
1632 4210 1852 4264 unitate
1884 4227 1995 4266 ser—

279 4302 427 4351 vatu.
474 4299 825 4368 Quanquam
870 4299 925 4352 in
963 4299 1069 4352 hac
1102 4298 1374 4368 parabola
1417 4297 1720 4366 Dominus,
1755 4300 1905 4356 sicut
1933 4299 1994 4355 in

282 4388 405 4455 ejus
438 4390 805 4459 expositione
837 4389 1146 4454 conclusit,
1182 4405 1293 4442 non
1338 4389 1624 4458 quaedam,
1661 4391 1758 4444 sed
1801 4391 1995 4446 omnia

281 4476 578 4542 scandala,
623 4481 679 4530 et
709 4493 806 4532 eos
841 4475 939 4546 qui
973 4475 1191 4531 faciunt
1228 4476 1609 4546 iniquitatem,
1640 4478 1990 4535 zizaniorum

276 4563 514 4618 nomine
544 4565 909 4632 signiﬁcasse
940 4564 1307 4636 intelligitur.

345 4654 473 4707 Xll.
507 4655 619 4722 [ιδ.
638 4671 759 4720 x1”,
777 4655 992 4727 26-30.]
1023 4657 1069 4708 1.
1095 4656 1228 4709 Cum
1252 4659 1428 4710 autem
1451 4657 1702 4711 crevisset
1726 4657 1914 4727 herba,
1938 4663 1991 4716 et

269 4746 516 4803 [nu-lum
564 4746 805 4814 lavisset,
862 4752 989 4799 tunc
1027 4753 1410 4817 apparuerunt
1460 4750 1509 4799 et
1561 4747 1802 4802 zizania.
1845 4752 1988 4803 Cum

271 4833 430 4885 enim
470 4833 798 4901 Spiritualis
831 4833 1006 4888 homo
1029 4848 1157 4888 esse
1181 4833 1420 4903 coeperit
1442 4835 1768 4904 dijudicans
1791 4836 1990 4891 omnia

266 4922 316 4986 (Ι
357 4923 486 4975 Cor.
532 4938 592 4990 ιι,
641 4924 748 4994 15),
802 4928 938 4978 tunc
987 4923 1036 4978 ei
1084 4939 1307 4977 errores
1354 4923 1639 4995 incipiunt
1689 4941 1986 4994 apparere.

267 5013 422 5067 Serti
464 5021 652 5067 autem
689 5014 959 5068 dixerunt
990 5014 1040 5068 ei
1069 5030 1081 5067 :
1126 5015 1227 5080 Vis,
1262 5017 1427 5079 imus,
1461 5019 1507 5070 et
1539 5015 1851 5083 colligimus
1881 5020 1990 5069 ea?

270 5100 479 5155 Utrum
506 5104 610 5170 ipsi
650 5109 791 5158 sunt
826 5104 996 5170 servi,
1033 5119 1178 5173 quos
1212 5102 1383 5173 paulo
1416 5109 1545 5173 post
1575 5120 1857 5160 messores
1890 5121 1988 5175 ap-

268 5192 445 5260 pellat
468 5194 492 5243 ’ξ
517 5209 586 5246 an
612 5192 752 5262 quia
782 5191 839 5246 in
861 5192 1214 5261 expositione
1235 5192 1520 5262 parabolis
1541 5209 1824 5250 messores
1841 5192 1987 5248 dixit

264 5295 390 5335 esse
417 5281 690 5351 Angelos,
720 5299 825 5338 nec
851 5282 1154 5352 quisquam
1191 5280 1356 5336 facile
1379 5281 1564 5338 dicere
1602 5299 1776 5338 ausus
1814 5284 1985 5339 fuerit

262 5370 516 5441 Angelos
548 5371 811 5426 nescisse
836 5372 965 5442 quis
997 5369 1214 5425 zizinia
1246 5373 1893 5442 superseminaverit,et
1915 5388 1981 5428 ea

265 5467 398 5515 tunc
425 5463 776 5532 apparuisse
807 5461 1044 5533 Angelis
1076 5476 1207 5514 cum
1239 5459 1418 5514 herba
1442 5461 1691 5517 fructum
1718 5463 1976 5530 fecisset;

267 5551 458 5621 magis
479 5557 704 5622 oportet
729 5551 972 5624 intelligi
999 5550 1263 5606 homines
1285 5550 1439 5621 ipsos
1465 5551 1658 5610 ﬁdeles
1681 5568 1975 5611 servorum

1838 215 2066 283 LIBER
2113 217 2343 285 UNUS.

3692 235 3850 296 1370

2148 357 2380 411 nomine
2412 357 2520 411 hoc
2561 355 2682 409 loco
2713 353 3094 426 signiﬁcatus,
3128 373 3274 429 quos
3306 359 3478 417 etiam
3513 363 3726 423 bonum
3761 385 3846 424 se-

2147 462 2272 500 men
2309 445 2448 500 dicit
2467 446 2495 498 ?
2515 444 2627 500 Nec
2655 444 2864 499 mirum
2891 448 2936 500 si
2961 452 3016 502 et
3047 446 3264 504 bonum
3289 466 3487 506 semen
3514 454 3624 524 ipsi
3644 457 3843 513 dicun-

2145 541 2258 604 tur,
2294 541 2350 592 et
2398 536 2546 590 servi
2598 537 3033 606 patrisfamilias
3068 553 3079 593 :
3113 540 3263 595 sicut
3285 550 3339 596 et
3371 544 3439 597 de
3470 561 3530 600 se
3553 547 3654 613 ait,
3687 552 3842 620 quod

2144 634 2196 681 et
2227 626 2351 697 ipse
2393 629 2468 681 sit
2492 628 2698 696 janua,
2730 627 2851 697 ipse
2892 630 2967 682 sit
2999 637 3196 700 pastor
3236 632 3413 700 (Joan.
3447 652 3499 705 x,
3533 638 3587 703 7,
3626 639 3730 707 ll).
3768 639 3845 693 Ex

2143 715 2385 770 diversis
2403 717 2558 771 enim
2584 716 3111 786 signiﬁcationibus
3133 737 3244 774 una
3263 738 3352 777 res
3375 723 3549 779 etiam
3579 725 3771 796 plures
3788 732 3844 782 et

2140 805 2396 860 diversas
2429 805 2841 861 similitudines
2865 807 3084 878 recipit.
3108 810 3428 866 Praesertim
3453 816 3586 884 quia
3609 832 3743 870 cum
3767 817 3838 871 ad

2139 910 2331 948 servus
2372 893 2725 964 loqueretur,
2772 911 2880 949 non
2915 895 3013 962 ait,
3055 897 3116 950 In
3147 906 3381 970 tempore
3417 904 3608 958 messis
3649 905 3838 960 dicam

2137 983 2322 1048 vobis,
2356 983 2612 1052 Colligite
2638 983 2888 1054 primum
2924 984 3185 1052 zizania,-
3228 990 3327 1043 sed
3374 991 3580 1061 Dicam,
3626 995 3837 1066 inquit,

2135 1072 2482 1127 messoribus.
2509 1072 2668 1126 Unde
2710 1073 3055 1144 intelligitur
3085 1076 3542 1145 colligendorum
3583 1083 3841 1141 zizanio-

2137 1178 2264 1216 rum
2291 1162 2360 1215 ad
2388 1163 2847 1217 comburendum
2869 1163 2980 1217 alia
3002 1180 3129 1218 esse
3155 1167 3494 1238 ministeria,
3519 1188 3623 1228 nec
3646 1189 3840 1243 quem-

2135 1266 2304 1321 quam
2339 1250 2605 1306 Ecclesia:
2638 1250 2822 1305 ﬁlium
2850 1252 3058 1309 debere
3089 1255 3356 1311 arbitrari
3385 1260 3452 1312 ad
3487 1275 3550 1313 se
3581 1260 3686 1316 hoc
3709 1262 3838 1316 ofﬁ-

2133 1343 2286 1395 cium
2317 1342 2620 1409 pertinere.

2201 1431 2253 1482 2.
2271 1430 2414 1483 Cum
2430 1429 2603 1499 igitur
2621 1446 2744 1484 esse
2762 1431 3009 1502 quisque
3023 1434 3346 1503 spiritualis
3365 1438 3836 1509 cmperit,cogno-

2132 1519 2243 1573 scit
2275 1534 2497 1573 errores
2529 1519 2950 1586 haereticorum,
2982 1527 3034 1576 et
3073 1524 3312 1580 omnino
3345 1525 3629 1595 dijudicat
3659 1535 3834 1600 atque

2131 1607 2413 1663 discernit
2455 1608 2741 1678 quidquid
2802 1610 3041 1665 attdierit
3074 1617 3172 1667 aut
3211 1613 3417 1684 legerit.
3462 1615 3771 1674 abhorrere
3801 1637 3835 1674 a

2131 1697 2331 1768 regula
2371 1697 2625 1752 veritatis
2661 1715 2673 1752 :
2715 1698 2819 1753 sed
2851 1700 3032 1755 donec
3074 1701 3130 1756 in
3171 1703 3389 1758 eisdem
3422 1706 3835 1775 spiritualibus

2131 1787 2486 1859 perﬁciatur,
2527 1794 2584 1842 et
2624 1790 3050 1858 quodammodo
3096 1799 3448 1849 maturescat
3479 1795 3536 1849 in
3575 1798 3831 1854 fructum

2130 1895 2301 1950 quem
2357 1878 2536 1934 herba
2566 1879 2747 1945 dedit,
2799 1885 2987 1950 potest
3035 1898 3168 1938 eum
3213 1901 3463 1952 movere,
3497 1904 3678 1958 quare
3719 1891 3830 1945 sub

2129 1969 2362 2024 nomine
2387 1968 2697 2024 christiano
2719 1974 2836 2024 tam
2864 1971 3057 2025 multae
3078 1972 3481 2030 hterelicorum
3505 1977 3834 2035 exstiterint

2128 2058 2427 2113 falsitates.
2455 2057 2592 2112 Inde
2630 2063 2718 2112 est
2767 2061 2920 2129 quod
2956 2061 3098 2115 servi
3151 2063 3376 2130 dicunt,
3411 2066 3597 2121 Nonne
3628 2066 3829 2124 bonum

2124 2163 2302 2202 semen
2331 2147 2620 2202 seminasti
2650 2150 2708 2202 in
2736 2165 2866 2217 agro
2897 2159 2988 2204 tuo
3008 2155 3032 2202 γ
3052 2151 3193 2208 unde
3223 2171 3350 2224 ergo
3383 2157 3542 2212 habet
3562 2158 3785 2214 zizania
3803 2165 3828 2213 Υ

2125 2236 2341 2291 Deinde
2395 2252 2526 2292 cum
2571 2237 2899 2306 cognoverit
2947 2238 3097 2298 hanc
3143 2244 3502 2313 excogitasse
3560 2247 3822 2304 fraudem

2123 2325 2440 2391 diabolum,
2493 2340 2626 2380 cum
2672 2334 2869 2380 contra
2917 2327 3058 2380 tanti
3108 2330 3363 2386 nominis
3414 2335 3820 2391 auctoritatem

2121 2415 2263 2470 nihil
2297 2430 2355 2470 se
2387 2415 2575 2470 valere
2606 2415 2865 2482 sentiret,
2910 2419 2974 2470 ut
3003 2415 3263 2474 fallacias
3301 2437 3439 2476 suas
3479 2424 3682 2479 eodem
3718 2441 3824 2479 no-

2122 2505 2280 2561 mine
2311 2505 2643 2576 oblegeret;
2679 2510 2865 2574 potest
2903 2506 2953 2561 ei
2987 2506 3242 2563 suboriri
3267 2511 3557 2573 voluntas,
3592 2523 3651 2568 ut
3676 2514 3820 2570 tales

2123 2594 2382 2649 homines
2405 2595 2476 2649 de
2507 2593 2678 2649 rebus
2719 2593 2994 2650 humanis
3026 2598 3266 2668 auferat,
3299 2600 3348 2654 si
3380 2599 3635 2672 aliquam
3669 2608 3824 2659 tem-

2119 2685 2273 2753 poris
2323 2683 2536 2738 habeat
2585 2683 2945 2752 facultatem;
2980 2687 3079 2740 sed
3127 2692 3323 2742 utrum
3378 2690 3563 2746 facere
3594 2691 3823 2762 debeat,

2106 2771 2395 2840 justitiam
2447 2771 2544 2826 Dei
2595 2771 2850 2828 consulit
2901 2786 3096 2828 utrum
3145 2775 3250 2831 hoc
3280 2777 3332 2831 ei
3381 2780 3698 2850 praecipiat,
3731 2781 3823 2837 vel

2115 2861 2425 2932 permittat,
2455 2866 2511 2917 et
2541 2861 2648 2916 hoc
2679 2862 2937 2918 ofﬁcium
2963 2879 3092 2920 esse
3124 2865 3430 2922 hominum
3456 2869 3591 2924 velit
3619 2886 3636 2926 :
3680 2868 3816 2926 hinc

2113 2962 2198 3006 est
2247 2953 2399 3022 quod
2453 2950 2599 3006 servi
2638 2950 2863 3021 dicunt,
2916 2954 3030 3018 Vis,
3063 2953 3226 3021 imus,
3269 2961 3322 3011 et
3361 2958 3678 3027 colligimus
3705 2963 3817 3014 ea!

2112 3039 2334 3106 Quibus
2363 3039 2501 3111 quia
2534 3039 2752 3096 Veritas
2771 3041 2897 3111 ipsa
2917 3046 3250 3115 respondet,
3275 3061 3387 3101 non
3411 3045 3493 3102 ita
3513 3046 3816 3104 hominem

2113 3131 2494 3186 constitutum
2545 3145 2674 3185 esse
2717 3131 2774 3185 in
2818 3131 2922 3186 hac
2953 3132 3088 3200 vita,
3124 3140 3182 3189 ut
3229 3144 3421 3193 certus
3463 3152 3591 3195 esse
3631 3139 3818 3209 possit

2111 3219 2300 3289 qualis
2331 3221 2580 3290 quisque
2614 3219 2840 3274 futurus
2869 3221 2948 3276 sit
2986 3227 3206 3292 postea,
3231 3226 3400 3296 cujus
3425 3226 3482 3280 in
3505 3226 3818 3296 prasentia

2110 3309 2294 3365 cernit
2355 3325 2629 3375 errorem,
2665 3309 2748 3363 vel
2795 3309 2930 3380 quid
2966 3311 3142 3368 etiam
3192 3330 3350 3370 error
3381 3315 3509 3386 ejus
3554 3315 3815 3371 conferat

2112 3400 2181 3454 ad
2217 3403 2549 3470 provectum
2573 3398 2856 3454 bonorum
2880 3414 2892 3466 ;
2918 3416 3033 3456 non
3064 3419 3189 3458 esse
3214 3403 3354 3459 tales
3375 3405 3727 3459 auferendos
3744 3403 3816 3459 de

2111 3486 2216 3544 hac
2264 3487 2400 3554 vita,
2457 3504 2526 3542 ne
2557 3504 2687 3542 cum
2720 3488 2905 3542 malos
2950 3499 3191 3544 conatur
3228 3491 3574 3559 interﬁcere,
3625 3491 3808 3546 bonos

2108 3577 2440 3642 interﬁciat,
2483 3578 2636 3646 quod
2681 3579 2820 3632 forte
2872 3577 3052 3632 futuri
3083 3585 3224 3634 sunt
3256 3598 3270 3646 ;
3303 3585 3400 3634 aut
3430 3580 3599 3636 bonis
3630 3580 3807 3650 obsit,

2108 3667 2320 3737 quibus
2342 3672 2397 3720 et
2419 3665 2586 3722 inviti
2619 3666 2760 3722 forte
2794 3666 2964 3723 utiles
2995 3674 3132 3723 sunt
3161 3671 3298 3724 :sed
3323 3675 3461 3725 tunc
3484 3675 3810 3743 opportune

2107 3756 2253 3820 ﬁeri,
2289 3770 2422 3811 cum
2451 3758 2569 3826 jam
2606 3755 2665 3810 in
2690 3757 2804 3810 ﬁne
2827 3773 2941 3812 non
2975 3761 3155 3814 restat
3185 3758 3269 3814 vel
3293 3764 3520 3831 tempus
3542 3743 3809 3818 comma.-

2105 3845 2295 3902 tandae
2318 3846 2466 3916 vitae,
2490 3846 2574 3900 vel
2597 3846 2938 3918 proﬁciendi
2970 3849 3038 3902 ad
3074 3848 3377 3906 veritatem
3410 3866 3478 3907 ex
3507 3853 3811 3909 occasione

2106 3941 2279 4006 atque
2328 3935 2754 4004 comparatione
2802 3935 2972 3992 alieni
3011 3938 3422 4009 erroris;tunc
3462 3945 3658 3997 autem
3699 3940 3809 3996 hoc

2105 4042 2222 4082 non
2256 4025 2329 4081 ab
2383 4024 2747 4090 hominibus,
2793 4027 2893 4080 sed
2944 4025 3016 4079 ab
3063 4027 3303 4098 Angelis
3349 4028 3472 4084 ﬁeri
3507 4046 3519 4084 :
3554 4029 3688 4084 inde
3718 4031 3810 4087 est

2105 4116 2256 4186 quod
2307 4114 2618 4186 respondet
2667 4114 3101 4184 paterfamilias,
3154 4117 3272 4171 Non
3291 4135 3315 4182 ;
3360 4134 3429 4172 ne
3467 4121 3606 4186 forte
3652 4119 3808 4173 colli-

2101 4213 2283 4276 gentes
2315 4206 2559 4270 zizania,
2577 4203 2857 4260 eradicetis
2886 4205 3053 4260 simul
3083 4215 3132 4260 et
3158 4208 3409 4261 triticum
3427 4224 3448 4260 :
3476 4207 3565 4262 sed
3594 4207 3652 4262 in
3673 4212 3806 4262 tem-

2099 4310 2229 4366 pore
2259 4295 2448 4348 messis
2479 4293 2663 4347 dicam
2701 4295 3050 4359 messoribus,
3097 4298 3153 4348 et
3202 4303 3423 4349 caetera.
3463 4299 3642 4366 Atque
3695 4295 3802 4350 hoc

2107 4385 2277 4440 modo
2308 4399 2406 4438 eos
2461 4382 2919 4453 patientissimos
2951 4387 3006 4437 et
3046 4383 3562 4454 tranquillissimus
3593 4383 3806 4442 reddit.

2174 4478 2224 4528 3.
2260 4472 2448 4538 Quaeri
2469 4475 2660 4525 autem
2687 4476 2896 4543 potest,
2929 4473 3080 4541 quod
3114 4475 3214 4541 ait,
3246 4471 3490 4543 Alliga-te
3517 4474 3804 4544 fasciculos

2099 4565 2177 4619 ad
2213 4558 2662 4628 comburendum,
2695 4576 2796 4615 cur
2841 4577 2954 4616 non
2987 4577 3166 4616 unum
3201 4562 3438 4634 fascem,
3471 4568 3572 4620 aut
3617 4581 3801 4620 unum

2101 4670 2367 4710 acervum
2417 4651 2773 4709 zizaniorum
2820 4651 2940 4706 ﬁeri
2981 4651 3171 4707 dixit?
3213 4653 3336 4709 Nisi
3386 4655 3529 4712 forte
3567 4661 3801 4727 propter

2099 4741 2433 4796 varietatem
2460 4736 2877 4797 haereticorum,
2898 4740 2956 4792 et
2975 4753 3088 4792 non
3109 4737 3301 4793 solum
3321 4755 3354 4795 a
3377 4741 3584 4808 tritico,
3603 4757 3800 4795 verum

2097 4831 2270 4886 etiam
2319 4848 2350 4884 a
2395 4828 2607 4900 seipsis
2647 4826 3125 4897 discrepantium,
3167 4828 3293 4900 ipsa
3335 4829 3798 4899 uniuscujusque

2098 4921 2378 4975 haereseos
2401 4917 2634 4989 prOpria
2670 4917 3086 4985 conventicula,
3117 4919 3172 4972 in
3203 4919 3415 4989 quibus
3453 4918 3793 4987 singillatim

2097 5025 2199 5065 sua
2219 5007 2636 5066 communione
2666 5006 2920 5062 devincti
2954 5013 3114 5076 sunt,
3137 5007 3367 5062 nomine
3387 5005 3792 5061 fasciculorum

2095 5101 2413 5170 designavit
2446 5119 2459 5156 :
2486 5105 2549 5154 ut
2571 5099 2694 5168 jam
2720 5106 2850 5153 tunc
2891 5097 3170 5169 incipiant
3201 5095 3423 5165 alligari
3455 5098 3521 5150 ad
3556 5094 3792 5152 combu-

2094 5191 2364 5259 rendum,
2389 5207 2517 5245 cum
2552 5207 2583 5244 a
2615 5187 2896 5243 catholica
2918 5187 3327 5243 communione
3350 5185 3634 5256 segregati
3657 5203 3796 5256 suas

2094 5283 2360 5353 proprias
2412 5281 2578 5352 quasi
2628 5277 2904 5334 ecclesias
2953 5276 3164 5332 habere
3194 5277 3508 5347 coeperint;
3559 5281 3798 5334 utcom-

2092 5374 2282 5428 bustio
2314 5388 2512 5428 earum
2541 5370 2616 5424 sit
2647 5369 2706 5422 in
2739 5367 2850 5419 ﬁne
2879 5365 3097 5432 saeculi,
3131 5366 3302 5422 modo
3335 5366 3590 5439 alligatio
3632 5368 3793 5424 fasci-

2090 5462 2371 5517 culorum.
2423 5459 2527 5512 Sed
2580 5455 2629 5510 si
2680 5454 2762 5509 ita
2799 5457 2965 5525 esset,
3017 5472 3130 5512 non
3167 5457 3290 5528 jam
3342 5457 3536 5512 multae
3587 5458 3792 5530 resipi-

2089 5551 2326 5617 scendo,
2358 5554 2413 5606 et
2443 5548 2502 5603 in
2534 5543 2890 5602 Catholicam
2921 5549 3234 5606 remeando
3265 5549 3336 5604 ab
3366 5564 3561 5606 errore
3599 5548 3788 5605 desci-
