4164 6192
341 269 494 334 1371

340 410 590 464 soerent.
667 408 1024 479 Quapropter
1078 413 1131 463 et
1185 405 1438 477 alligatio
1515 405 1921 462 fasciculorum
1979 403 2034 459 in

341 498 458 553 line
497 497 692 553 futura
739 502 846 562 est,
882 501 944 553 ut
992 513 1107 553 non
1152 498 1413 564 confuse,
1446 496 1550 552 sed
1582 513 1683 569 pro
1707 496 1877 551 modo
1910 510 2035 566 per-

339 587 632 642 versitatis
655 602 770 642 suae
786 586 1250 659 uniuscujusque
1271 587 1483 643 erroris
1507 586 1819 657 pertinacia
1840 584 2042 657 punia-

341 680 456 733 tur.

411 765 462 820 4.
483 766 559 820 Ne
570 767 720 835 forte
748 765 1057 836 colligentes
1078 763 1612 835 xz'zania,eradicetis
1633 762 1800 818 simul
1821 767 1869 818 et
1893 762 2039 818 triti-

337 869 481 910 cum.
515 853 719 910 Utrum
743 855 882 926 quia
903 855 1073 910 etiam
1097 856 1231 910 boni
1256 871 1389 911 cum
1411 855 1601 910 adhuc
1632 854 1849 908 infirmi
1879 856 2038 921 sunt,

341 959 489 1014 opus
527 943 747 1000 habent
795 945 850 998 in
903 944 1252 1014 quibusdam
1286 943 1570 999 malorum
1603 941 2038 1006 commixtione,

343 1033 460 1088 sive
492 1037 556 1088 ut
588 1047 688 1100 per
717 1048 816 1089 eos
845 1036 1244 1100 exerceantur,
1270 1031 1391 1088 sive
1422 1035 1487 1086 ut
1516 1046 1716 1087 eorum
1741 1047 2039 1100 compara-

343 1123 498 1179 tione
530 1138 744 1194 magna
769 1122 887 1178 illis
918 1121 1244 1178 exhortatio
1277 1122 1392 1189 ﬁat,
1428 1125 1490 1177 ut
1519 1122 1783 1178 nitantur
1814 1121 1884 1176 ad
1917 1135 2041 1175 me-

343 1209 481 1279 lius,
509 1211 725 1281 quibus
747 1211 999 1266 sublatis
1029 1211 1274 1267 altitudo
1305 1211 1610 1267 charitatis
1647 1212 1812 1282 quasi
1843 1209 2044 1266 evulsa

345 1303 681 1366 marcescat,
705 1300 859 1370 quod
891 1305 981 1355 est
1001 1300 1325 1355 eradicari?
1354 1301 1500 1356 Nam
1546 1301 1630 1357 sic
1677 1300 1759 1355 ait
1799 1301 2039 1369 Aposto-

341 1387 435 1443 lus
470 1404 483 1443 :
520 1389 584 1444 Ut
624 1390 682 1443 in
728 1391 994 1446 charitate
1042 1392 1277 1446 radianti
1303 1395 1352 1446 et
1381 1389 1622 1461 fundati,
1653 1392 1872 1461 possitis
1900 1405 2046 1445 com-

341 1478 679 1546 prehendere
717 1480 934 1551 (Ephes.
986 1497 1072 1547 ιιι,
1102 1481 1188 1545 17,
1223 1482 1330 1549 18).
1369 1483 1456 1535 An
1509 1480 1651 1536 forte
1694 1480 1819 1534 ideo
1869 1481 2042 1534 simul

344 1568 672 1624 eradicatur
716 1569 995 1638 triticum,
1038 1586 1169 1625 cum
1221 1572 1567 1626 auferuntur
1617 1570 1860 1635 zizania,
1904 1569 2044 1641 quia

346 1658 514 1713 multi
548 1660 734 1730 primo
767 1661 986 1716 zizania
1032 1664 1192 1727 sunt,
1229 1668 1283 1715 et
1336 1668 1532 1732 postea
1563 1659 1820 1714 triticum
1852 1657 2046 1713 ﬁunt?

344 1748 444 1819 qui
477 1749 582 1804 nisi
617 1751 920 1820 patienter,
945 1766 1076 1806 cum
1109 1748 1244 1805 mali
1279 1753 1430 1814 sunt,
1461 1749 1795 1817 tolerentur,
1830 1750 1899 1804 ad
1924 1750 2044 1803 lau-

344 1839 595 1894 dabilem
633 1842 1013 1896 mutationem
1045 1858 1157 1897 non
1184 1841 1555 1913 perveniunt:
1581 1840 1772 1911 itaque
1793 1839 1840 1894 si
1864 1837 2044 1894 evulsi

343 1926 580 1998 fuerint,
629 1929 805 1983 simul
855 1930 1178 1986 eradicatur
1224 1935 1282 1985 et
1330 1929 1613 1996 triticum,
1658 1929 1810 1999 quod
1863 1927 2044 1982 l'uturi

343 2024 555 2082 essent,
586 2017 636 2072 si
669 2019 752 2073 eis
783 2025 1136 2090 parceretur.

412 2115 554 2170 XIII.
591 2117 696 2187 [Ib.
728 2133 848 2185 xui,
873 2119 960 2186 45,
1002 2119 1118 2191 46.]
1171 2119 1362 2175 Simile
1404 2127 1482 2174 est
1521 2134 1746 2189 regnum
1777 2114 2045 2172 caelorum

343 2205 561 2260 homini
577 2209 903 2277 negotiatori
930 2209 1201 2279 querenti
1232 2209 1400 2264 bonas
1444 2209 1801 2279 margaritas.
1821 2208 2047 2261 Inventa

343 2304 521 2350 autem
550 2312 663 2351 una
702 2299 938 2366 pretiosa
967 2300 1290 2368 margarita,
1315 2298 1456 2352 abiit
1485 2304 1540 2351 et
1579 2295 1818 2352 vendidit
1857 2296 2047 2352 omnia

345 2401 460 2455 qua
491 2386 705 2455 habuit,
743 2394 796 2441 et
828 2388 961 2443 emit
991 2405 1131 2444 eam.
1167 2390 1417 2454 Quastio
1445 2393 1533 2445 est
1571 2405 1674 2444 cur
1720 2407 1754 2444 a
1801 2405 2044 2444 numero

342 2473 551 2543 plurali
574 2477 644 2531 ad
667 2476 1028 2548 singularem
1053 2478 1371 2546 transierit,
1388 2483 1452 2534 ut
1478 2495 1609 2534 cum
1630 2483 1852 2550 quaerat
1868 2479 2043 2535 homo

344 2562 526 2619 bonas
575 2568 937 2637 margaritas,
994 2583 1171 2622 unam
1213 2567 1468 2624 inveniat
1503 2568 1832 2640 pretiosam,
1866 2584 2041 2638 quam

333 2655 589 2710 venditis
619 2657 893 2712 omnibus
925 2675 1052 2728 quae
1079 2659 1268 2726 habet,
1293 2664 1466 2714 emat.
1500 2661 1609 2714 Aut
1639 2674 1775 2730 ergo
1806 2659 1917 2713 iste
1941 2659 2045 2715 bo-

334 2755 440 2794 nos
475 2739 740 2795 homines
773 2757 1054 2810 quaerens.
1088 2759 1218 2797 cum
1253 2743 1468 2814 quibus
1506 2743 1724 2798 utiliter
1753 2743 1924 2812 vivat,
1958 2744 2044 2797 in-

330 2830 488 2884 venit
535 2846 714 2885 unum
751 2847 862 2902 pra)
895 2832 1170 2888 omnibus
1212 2833 1337 2888 sine
1382 2837 1635 2903 peccato,
1662 2835 2038 2888 mediatorem

338 2918 442 2974 Dei
478 2919 896 2988 etvhominum,
928 2920 1224 2976 hominem
1258 2921 1551 2977 Christum
1581 2925 1782 2977 Jesum
1816 2923 1863 2993 (Ι
1904 2922 2040 2978 Tim.

334 3025 401 3076 ιι,
431 3010 488 3081 5)
522 3025 535 3064 :
569 3019 664 3065 aut
715 3019 993 3082 praecepta
1043 3028 1325 3083 quaerens,
1369 3012 1583 3084 quibus
1621 3014 1865 3069 servatis
1905 3028 2039 3068 cum

335 3099 672 3156 hominibus
733 3107 884 3158 recte
943 3108 1340 3171 conversetur,
1392 3103 1615 3159 invenit
1671 3104 2038 3160 dilectionem

331 3192 675 3260 proximi,in
701 3209 816 3265 quo
849 3210 962 3249 uno
994 3194 1133 3249 dicit
1155 3194 1465 3266 Apostolus
1500 3195 1696 3250 omnia
1727 3195 2035 3256 contineri;

332 3283 417 3346 ut,
465 3282 582 3337 Non
624 3282 850 3350 occides,
894 3301 1007 3340 non
1055 3284 1425 3351 mae/laberis,
1458 3300 1566 3340 non
1595 3284 1893 3355 furaberis,
1931 3302 2040 3341 non

326 3371 537 3440 falsum
554 3375 918 3429 testimonium
936 3375 1106 3444 dices,
1127 3379 1176 3429 et
1198 3378 1245 3429 si
1265 3375 1404 3445 quod
1419 3380 1497 3429 est
1517 3374 1677 3429 aliud
1697 3373 2036 3444 mandatum,

332 3461 577 3533 singulae
605 3465 930 3536 margaritae
962 3465 1094 3535 sint,
1120 3482 1247 3537 quas
1273 3466 1334 3519 in
1363 3470 1461 3520 hoc
1490 3481 1738 3520 sermone
1769 3467 2041 3534 recapitu-

331 3552 541 3619 tantur,
569 3554 770 3623 Diliges
788 3557 1104 3626 proximum
1134 3560 1292 3609 tuum
1319 3558 1580 3625 tanquam
1611 3555 1840 3625 teipsum
1863 3554 2037 3620 (Rom.

332 3659 456 3708 xm,
489 3645 542 3708 8,
573 3643 652 3714 9).
691 3649 804 3700 Aut
835 3647 1017 3700 bonos
1049 3645 1376 3700 intellectus
1412 3645 1579 3699 homo
1614 3644 1842 3714 quierit,
1877 3648 1934 3698 et
1955 3644 2040 3698 in-

333 3731 490 3786 venit
523 3748 706 3787 unum
731 3734 873 3788 illud
900 3752 1015 3805 quo
1039 3734 1232 3790 cuncti
1255 3735 1652 3802 continentur,
1675 3734 1732 3788 in
1754 3732 2039 3805 principio

334 3819 610 3887 Verbum,
637 3827 694 3876 et
740 3825 994 3878 Verbum
1039 3826 1193 3894 apud
1227 3825 1429 3892 Deum,
1463 3831 1519 3880 et
1561 3825 1812 3881 Verbum
1853 3824 2036 3880 Deum

336 3910 515 3977 (Joan.
561 3926 600 3978 ι,
655 3911 723 3981 l),
757 3911 1016 3967 lucidum
1065 3917 1319 3970 candore
1367 3916 1648 3979 veritatis,
1681 3920 1737 3970 et
1784 3916 2037 3970 solidum

337 3998 619 4054 ﬁrmitate
642 4000 1004 4068 aeternitatis,
1028 4007 1086 4058 et
1115 4003 1375 4073 undique
1395 4003 1480 4057 sui
1507 4003 1698 4057 simile
1723 4003 2042 4073 pulchritu-

338 4088 474 4143 dine
506 4087 846 4160 divinitatis,
871 4092 970 4163 qui
994 4091 1165 4159 Deus,
1192 4098 1493 4163 penetrata
1525 4091 1710 4148 carnis
1726 4095 2036 4162 testudine,

338 4178 755 4251 intelligendus
783 4189 889 4238 est.
909 4181 1008 4238 Ille
1028 4183 1179 4237 enim
1209 4183 1279 4237 ad
1307 4182 1681 4253 margaritam
1707 4182 1894 4254 ipsam
1914 4185 2038 4253 jam

336 4275 696 4342 pervenerat,
730 4287 856 4342 quae
908 4271 966 4327 in
1021 4273 1379 4344 tegumentis
1433 4271 1824 4340 mortalitatis,
1871 4275 2037 4343 quasi

337 4360 692 4417 concharum
725 4362 1046 4431 obstaculo,
1081 4363 1138 4417 in
1173 4362 1459 4435 profundo
1493 4361 1674 4432 hujus
1703 4362 1921 4432 saeculi,
1955 4370 2039 4418 at-

337 4466 449 4519 que
479 4450 632 4507 inter
663 4451 912 4507 duritiae
947 4453 1490 4508 saxeasJudworum
1515 4450 1830 4522 aliquando
1861 4451 2038 4508 latue-

339 4544 428 4594 rat
462 4556 474 4593 :
508 4541 604 4597 ille
636 4558 772 4613 ergo
804 4543 875 4598 ad
909 4544 1098 4616 ipsam
1124 4543 1502 4616 margaritam
1528 4545 1655 4614 jam
1685 4551 2038 4614 pervenerat,

336 4628 437 4698 qui
470 4629 569 4696 ait,
605 4633 667 4687 Et
696 4634 746 4687 si
775 4649 1107 4690 noveramus
1150 4634 1426 4690 Christum
1471 4633 1770 4689 secundum
1797 4650 2039 4705 carnem,

331 4718 424 4772 sed
470 4722 757 4788 nunciam
806 4739 914 4779 non
947 4727 1198 4780 novimus
1235 4726 1309 4790 (II
1352 4724 1472 4780 Cor.
1504 4741 1559 4792 v,
1595 4725 1704 4795 16).
1739 4724 1851 4780 Nec
1885 4726 2040 4780 ullus

334 4807 570 4863 omnino
594 4809 922 4867 intellectus
946 4814 1272 4884 margaritae
1294 4813 1532 4868 nomine
1553 4813 1767 4884 dignus
1791 4819 1899 4882 est,
1926 4814 2040 4869 nisi

335 4899 404 4954 ad
441 4915 610 4970 quem
655 4900 940 4958 discussis
987 4903 1261 4958 omnibus
1303 4902 1635 4958 carnalibus
1684 4905 2039 4974 tegminibus

338 4991 695 5061 pervenitur,
730 4991 945 5062 quibus
989 4991 1109 5047 sive
1148 5009 1250 5064 per
1279 4993 1452 5048 verba
1483 4993 1760 5062 humana,
1792 4993 1912 5050 sive
1941 5011 2043 5066 per

341 5079 760 5136 similitudines
791 5080 1229 5153 circumpositas
1250 5082 1528 5153 operitur,
1564 5086 1628 5136 ut
1659 5097 1838 5152 purus
1870 5089 1926 5139 et
1947 5101 2042 5141 so-

342 5166 498 5222 lidus
516 5175 571 5224 et
603 5188 896 5243 nusquam
919 5189 952 5229 a
973 5189 1035 5228 se
1057 5172 1393 5238 dissonans,
1417 5176 1575 5227 certa
1596 5172 1817 5229 ratione
1837 5189 2041 5231 cerna-

342 5261 454 5309 tur.
489 5258 644 5321 Quos
669 5269 858 5318 tamen
882 5279 1086 5320 omnes
1125 5277 1290 5318 veros
1322 5269 1375 5317 et
1408 5261 1608 5316 firmos
1657 5267 1712 5316 et
1761 5264 2042 5334 perfectos

344 5343 672 5402 intellectus
722 5367 875 5409 unus
917 5355 1014 5410 ille
1043 5354 1319 5424 continet,
1367 5369 1468 5425 per
1499 5368 1668 5423 quem
1715 5354 1863 5411 facta
1901 5363 2043 5414 sunt

343 5434 560 5503 Omnia,
589 5439 743 5506 quod
783 5450 868 5496 est
911 5445 1159 5501 Verbum
1209 5444 1309 5500 Dei
1362 5444 1536 5512 (Joan.
1571 5459 1610 5510 ι,
1640 5443 1718 5516 3).
1742 5445 2046 5510 Quodlibet

345 5529 541 5580 autem
574 5525 776 5582 horum
804 5530 986 5586 trium
1017 5534 1110 5602 sit,
1133 5534 1224 5590 vel
1248 5536 1295 5590 si
1318 5535 1539 5606 aliquid
1559 5533 1717 5590 aliud
1745 5551 2048 5594 occurrere

348 5613 618 5686 potuerit,
651 5615 800 5686 quod
844 5620 1170 5688 margaritae
1204 5623 1379 5680 unius
1411 5628 1467 5680 et
1507 5623 1776 5694 pretiosae
1816 5627 2050 5683 nomine

1205 271 1736 344 QUAESTIONUM
1785 265 2331 332 SEPTEMDECIM
2380 271 2457 330 IN
2507 262 2990 330 MATTHJEUM.

3716 263 3876 325 i372

2148 405 2293 460 bene
2321 402 2702 474 significetur,
2737 403 2987 474 pretium
3037 402 3164 472 ejus
3195 404 3284 455 est
3326 416 3429 454 nos
3459 398 3570 469 ipsi
3603 416 3615 454 :
3651 397 3748 467 qui
3800 398 3873 452 ad

2148 510 2272 550 eam
2322 493 2732 564 possidendam
2784 509 2900 548 non
2950 508 3155 548 sumus
3189 489 3380 555 liberi,
3434 488 3543 544 nisi
3590 487 3868 544 omnibus

2151 601 2252 656 pro
2276 587 2477 639 nostra
2513 582 2854 639 liberatione
2897 581 3270 653 contemptis,
3301 595 3425 651 qua
3457 577 3862 650 temporaliter

2149 673 2540 745 possidentur.
2575 672 2834 728 Venditis
2860 671 3015 728 enim
3048 671 3223 726 rebus
3254 669 3488 734 nostris,
3515 668 3743 724 nullum
3767 684 3863 724 ea-

2149 779 2278 818 rum
2304 763 2494 832 majus
2517 762 2842 834 accipimus
2860 761 3131 832 pretium,
3157 776 3332 832 quam
3363 776 3468 815 nos
3491 759 3686 830 ipsos;
3723 758 3862 829 quia

2147 852 2368 909 talibus
2398 851 2703 923 implicati,
2740 852 2923 908 nostri
2958 869 3068 909 non
3103 867 3334 907 eramus
3371 867 3385 906 :
3421 855 3484 904 ut
3513 866 3723 906 rursus
3757 866 3863 904 nos

2149 941 2304 1011 ipsos
2335 958 2437 1014 pro
2470 942 2566 998 illa
2599 942 2910 1010 margarita
2933 941 3161 1010 demus,
3185 958 3299 996 non
3332 940 3474 1012 quia
3502 939 3648 995 tanti
3677 937 3863 995 valea-

2151 1045 2283 1087 mus
2316 1033 2357 1096 ί,
2390 1031 2488 1087 sed
2515 1030 2652 1102 quia
2675 1030 2808 1101 plus
2839 1031 2975 1086 dare
3006 1046 3120 1085 non
3154 1044 3490 1100 possumus.

2221 1119 2362 1175 XIV.
2379 1121 2397 1192 [
2404 1120 2488 1176 Ib.
2506 1137 2630 1190 xm,
2647 1120 2755 1192 15.]
2775 1122 2824 1176 1.
2842 1123 2904 1176 Et
2920 1122 3098 1176 oculos
3119 1135 3244 1175 suos
3266 1119 3607 1185 clauserunt,
3620 1133 3861 1190 nequan-

2149 1210 2219 1265 do
2248 1209 2418 1266 oculis
2447 1211 2662 1266 videant
2685 1227 2705 1268 :
2737 1210 2794 1266 id
2829 1215 2938 1278 est,
2970 1210 3084 1282 ipsi
3125 1226 3304 1265 causa
3335 1209 3574 1265 fuerunt
3615 1213 3679 1263 ut
3709 1207 3863 1264 Deus

2152 1299 2236 1356 eis
2279 1301 2472 1356 oculos
2525 1300 2836 1356 clauderet.
2883 1300 3044 1356 Alius
3085 1299 3238 1356 enim
3290 1298 3644 1369 evangelista
3698 1299 3865 1368 dicit,

2155 1394 2464 1447 Excaecavit
2495 1392 2672 1446 oculos
2703 1407 2912 1447 eorum.
2947 1391 3058 1446 Sed
3093 1395 3289 1445 utrum
3336 1393 3402 1444 ut
3437 1404 3740 1459 nunquam
3774 1386 3864 1440 vi-

2152 1479 2368 1536 deant?
2401 1499 2473 1535 an
2498 1497 2628 1537 vero
2663 1498 2732 1536 ne
2762 1480 2850 1536 vel
2873 1481 2958 1537 sic
2980 1479 3301 1551 aliquando
3332 1479 3585 1544 videant,
3612 1478 3864 1533 ctecitate

2153 1587 2262 1627 sua
2287 1571 2396 1627 sibi
2430 1571 2824 1643 displicentes,
2858 1578 2911 1625 et
2941 1587 3003 1626 se
3039 1569 3321 1632 dolentes,
3351 1574 3409 1624 et
3440 1583 3509 1624 ex
3541 1570 3648 1624 hoc
3671 1567 3865 1622 humi-

2155 1659 2276 1716 liati
2308 1665 2484 1732 atque
2505 1660 2778 1716 commoti
2805 1660 2877 1716 ad
2913 1659 3246 1716 conﬁtenda
3270 1662 3504 1730 peccata
3540 1674 3666 1723 sua,
3691 1664 3745 1713 et
3774 1657 3862 1728 pie

2154 1753 2532 1820 quaerendum
2565 1749 3038 1806 Dominum?Sic
3085 1748 3241 1805 enim
3287 1748 3520 1804 Marcus
3558 1746 3665 1802 hoc
3696 1746 3859 1811 dicit,

2152 1840 2444 1911 Nequando
2461 1845 2872 1908 convertantur,
2892 1845 2941 1894 et
2963 1839 3319 1893 dimittantur
3333 1839 3411 1892 eis
3428 1843 3648 1909 peccata
3670 1835 3858 1908 (Marc.

2154 1947 2228 1997 ιν,
2269 1930 2370 2000 12).
2402 1929 2508 1984 Ubi
2558 1929 2966 2001 intelliguntur
3006 1929 3257 2000 peccatis
3301 1927 3426 1983 suis
3466 1927 3746 1983 meruisse
3797 1933 3858 1980 ut

2155 2037 2268 2076 non
2301 2019 2718 2090 intelligerent,
2751 2023 2809 2074 et
2838 2026 3032 2074 tamen
3065 2019 3173 2074 hoc
3196 2018 3383 2089 ipsum
3410 2016 3858 2072 misericorditer

2156 2109 2240 2163 eis
2281 2108 2522 2175 factum,
2549 2114 2614 2163 ut
2645 2116 2878 2179 peccata
2904 2125 3012 2164 sua
3041 2111 3472 2180 cognoscerent,
3507 2111 3564 2162 et
3594 2104 3854 2161 conversi

2153 2197 2380 2252 veniam
2407 2203 2785 2253 mererentur.
2811 2198 2971 2264 Quod
2992 2202 3188 2252 autem
3211 2198 3460 2253 Joannes
3484 2196 3636 2250 hunc
3660 2194 3856 2249 locum

2155 2284 2238 2342 ita
2267 2285 2426 2343 dicit.
2461 2310 2487 2337 ‹‹
2514 2287 2818 2358 Propterea
2850 2303 2962 2342 non
2996 2291 3263 2357 poterant
3303 2285 3554 2353 credere,
3588 2283 3726 2354 quia
3755 2283 3859 2338 ite-

2155 2392 2284 2432 rum
2315 2376 2461 2431 dixit
2493 2376 2687 2446 Isaias,
2712 2377 3030 2433 Excaecavit
3059 2377 3260 2433 oculos
3291 2393 3517 2444 eorum,
3540 2383 3590 2430 et
3623 2374 3859 2428 indura-

2153 2467 2231 2522 vit
2263 2483 2360 2522 cor
2402 2472 2620 2533 eorum,
2647 2471 2707 2522 ut
2755 2484 2866 2523 non
2911 2467 3146 2523 videant
3183 2466 3390 2533 oculis,
3424 2470 3480 2521 et
3530 2463 3857 2535 intelligant

2153 2557 2347 2625 corde,
2371 2561 2427 2612 et
2457 2561 2887 2624 convertantur,
2912 2560 2966 2613 et
2998 2572 3199 2612 sanem
3231 2573 3329 2613 eos
3362 2578 3389 2605 »
3424 2560 3612 2624 (Joan.
3643 2570 3740 2620 xu,
3766 2553 3857 2619 39,

2154 2645 2279 2716 40);
2310 2647 2601 2702 adversari
2631 2645 2859 2702 videtur
2888 2647 3024 2702 huic
3056 2646 3378 2713 sententiae,
3408 2650 3463 2701 et
3504 2646 3743 2700 omnino
3767 2659 3861 2698 co-

2153 2751 2284 2807 gere
2316 2739 2378 2791 ut
2409 2737 2560 2808 quod
2589 2736 2682 2792 hic
2713 2736 2932 2792 dictum
2964 2744 3072 2805 est,
3103 2736 3396 2807 Nequando
3419 2735 3592 2792 oculis
3621 2734 3862 2802 videant,

2153 2841 2268 2881 non
2313 2825 2657 2898 accipiatur,
2687 2826 2767 2882 Ne
2798 2826 2886 2882 vel
2928 2826 3014 2882 sic
3051 2826 3363 2898 aliquando
3390 2825 3576 2882 oculis
3610 2823 3862 2888 videant,

2151 2915 2251 2970 sed
2285 2931 2546 2986 prorsus,
2583 2914 2653 2970 Ut
2684 2932 2796 2971 non
2837 2915 3113 2971 videant:
3146 2914 3618 2987 quandoquidem
3664 2915 3862 2984 aperte

2151 3003 2233 3059 ita
2261 3004 2425 3072 dicit,
2460 3006 2525 3063 Ut
2555 3006 2724 3061 oculis
2747 3021 2856 3061 non
2883 3005 3123 3061 videant.
3148 3005 3217 3061 Et
3249 3006 3403 3077 quod
3427 3005 3530 3072 ait,
3564 3008 3861 3075 Pr0pterea

2149 3109 2258 3149 non
2286 3099 2537 3165 poterant
2579 3097 2825 3164 credere,
2859 3097 3004 3152 satis
3034 3096 3289 3151 ostendit
3329 3112 3444 3150 non
3483 3094 3610 3149 ideo
3649 3094 3858 3148 factam

2149 3183 2309 3238 illam
2363 3185 2829 3251 excecationem,
2865 3190 2929 3240 ut
2970 3200 3038 3240 ea
3075 3184 3348 3240 commoti
3390 3188 3448 3239 et
3488 3183 3749 3239 dolentes
3798 3197 3860 3237 se

2151 3289 2266 3329 non
2299 3272 2645 3346 intelligere,
2679 3279 3151 3331 converterentur
3191 3275 3507 3346 aliquando
3549 3289 3650 3345 per
3681 3270 3863 3345 posui-

2149 3363 2394 3420 tentiam
2420 3383 2434 3432 ;
2469 3381 2584 3420 non
2611 3365 2764 3420 enim
2795 3370 3034 3436 possent
3052 3364 3159 3420 hoc
3191 3364 3395 3430 facere,
3429 3363 3535 3418 nisi
3560 3364 3724 3435 prius
3747 3375 3867 3416 cre-

2148 3452 2374 3523 derent,
2407 3457 2470 3507 ut
2489 3453 2778 3510 credendo
2809 3458 3301 3522 converterentur,
3342 3453 3719 3510 conversione
3765 3467 3862 3507 sa-

2150 3546 2443 3611 narentur,
2478 3544 2726 3599 sanitate
2759 3543 3162 3614 intelligerunt
3191 3562 3206 3600 :
3241 3545 3341 3600 sed
3377 3545 3505 3600 ideo
3535 3543 3730 3615 potius
3760 3558 3858 3598 ex-

2148 3637 2416 3702 oaecatos,
2450 3637 2514 3688 ut
2563 3649 2677 3688 non
2709 3633 3028 3688 crederent.
3064 3633 3216 3689 Dicit
3267 3633 3422 3690 enim
3462 3632 3856 3704 apertissime,

2151 3725 2444 3793 Propterea
2473 3739 2582 3778 non
2613 3727 2876 3795 poterant
2904 3723 3139 3780 credere.

2220 3817 2272 3868 2.
2294 3813 2454 3878 Quod
2484 3811 2534 3868 si
2557 3813 2637 3869 ita
2666 3819 2772 3882 est,
2797 3816 2928 3886 quis
2952 3831 3065 3870 non
3089 3819 3360 3884 exsurgat
3381 3813 3440 3869 in
3464 3813 3860 3870 defensionem

2148 3903 2505 3971 Judaaorum,
2541 3907 2606 3959 ut
2642 3919 2741 3959 eos
2797 3908 2958 3959 extra
3018 3903 3249 3974 culpam
3296 3903 3478 3959 fuisse
3523 3903 3860 3974 proclamet,

2151 3993 2307 4065 quod
2340 4011 2453 4048 non
2478 3993 2894 4050 crediderunt?
2918 3994 3221 4065 PrOpterea
3257 3993 3411 4050 enim
3444 4010 3557 4050 non
3594 3997 3865 4065 poterant

2150 4085 2403 4152 credere,
2432 4085 2571 4154 quia
2601 4085 2904 4140 excaecavit
2946 4084 3147 4141 oculos
3179 4101 3399 4140 eorum.
3432 4084 3545 4139 Sed
3578 4083 3858 4154 quoniam

2151 4174 2344 4246 potius
2375 4173 2531 4228 Deus
2561 4174 2973 4246 extraculpam
3002 4177 3172 4231 debet
3195 4173 3463 4246 intelligi,
3490 4174 3754 4246 cogimur
3777 4174 3863 4229 fa-

2148 4264 2256 4319 teri
2288 4262 2418 4319 aliis
2441 4264 2794 4334 quibusdam
2816 4266 3067 4336 peccatis
3091 4265 3169 4320 ita
3197 4281 3295 4321 eos
3315 4264 3588 4321 excascari
3617 4263 3862 4320 meruis-

2149 4369 2213 4410 se
2247 4368 2404 4425 :qua
2433 4359 2626 4409 tamen
2660 4355 3039 4411 excaecatione
3089 4373 3204 4412 non
3255 4358 3569 4427 potuerunt
3609 4355 3865 4410 credere.

2150 4441 2340 4498 Verba
2359 4441 2517 4497 enim
2538 4441 2780 4497 Joannis
2812 4442 2925 4498 ista
2953 4448 3087 4500 sunt
3111 4459 3124 4498 :
3159 4449 3463 4515 Pr0pterea
3485 4458 3594 4499 non
3613 4445 3870 4514 poterant

2149 4534 2389 4600 credere,
2415 4533 2548 4602 quia
2578 4534 2777 4588 iterum
2817 4533 2966 4590 dixit
2997 4534 3187 4602 Isaias,
3224 4535 3533 4590 Ercaecavit
3563 4531 3747 4588 oculos
3777 4546 3866 4587 eo-

2151 4639 2296 4677 rum.
2329 4622 2571 4677 Frustra
2601 4622 2796 4694 itaque
2827 4639 3113 4680 conamur
3143 4624 3492 4696 intelligere,
3520 4624 3649 4678 ideo
3685 4623 3870 4678 fuisse

2150 4716 2412 4780 caecatos,
2447 4716 2511 4768 ut
2541 4718 3017 4771 converterentur
3047 4716 3088 4785 ²,
3121 4732 3252 4771 cum
3296 4715 3424 4770 ideo
3457 4712 3718 4770 converti
3747 4728 3859 4768 non

2152 4808 2443 4876 poterant,
2481 4803 2616 4874 quia
2665 4820 2778 4859 non
2831 4805 3165 4872 credebant,
3198 4811 3256 4861 et
3301 4805 3427 4861 ideo
3473 4804 3703 4860 credere
3748 4819 3864 4859 non

2153 4898 2441 4966 poterant,
2466 4893 2598 4964 quia
2638 4897 2903 4951 excaecati
2935 4901 3121 4952 erant.
3156 4901 3240 4950 An
3276 4896 3422 4951 forte
3468 4913 3582 4951 non
3615 4893 3869 4950 absurde

2152 4983 2427 5051 dicimus,
2462 4985 2746 5054 quosdam
2785 4985 3120 5041 Judieorum
3170 4985 3352 5042 fuisse
3395 4985 3728 5052 sanabiles;
3765 4983 3869 5039 sed

2152 5079 2316 5131 tanto
2345 5079 2539 5129 tamen
2572 5075 2855 5144 superbia
2893 5079 3122 5132 tumore
3153 5075 3533 5147 periclitatos,
3562 5081 3627 5132 ut
3656 5076 3740 5131 eis
3761 5091 3867 5131 ex-

2153 5166 2400 5239 pedierit
2430 5164 2616 5235 primo
2649 5180 2761 5220 non
2785 5167 3038 5232 credere,
3073 5171 3130 5221 et
3155 5167 3225 5222 ad
3252 5167 3360 5222 hoc
3393 5166 3570 5222 fuisse
3606 5173 3868 5234 caacalos,

2153 5262 2218 5313 ut
2236 5273 2350 5313 non
2379 5254 2769 5326 intelligerent
2791 5256 3106 5314 Dominum
3129 5260 3461 5330 loquentem
3487 5273 3590 5329 per
3622 5257 3866 5328 parabo-

2221 5387 2238 5421 1
2259 5383 2381 5432 Mss.
2402 5380 2663 5446 plerique,
2698 5393 2798 5430 non
2831 5381 2955 5446 quia
2992 5387 3135 5434 tanto
3170 5383 3324 5432 valet.

2220 5447 2242 5482 ε
2267 5449 2384 5496 Αιιι.
2406 5443 2510 5516 ΕΓ.
2538 5443 2590 5493 et
2627 5443 2777 5502 Lov.,
2811 5443 3472 5516 u‘tinpnfonverterentur.
3499 5443 3866 5516 Erpungenda

2156 5509 2284 5559 hinc
2301 5509 2534 5572 negatio,
2561 5521 2679 5570 quae
2699 5522 2797 5559 nec
2814 5515 2894 5572 est
2925 5510 2979 5559 in
2997 5510 3143 5568 Mss.,
3163 5525 3259 5560 nec
3289 5511 3342 5558 in
3367 5511 3589 5572 antiqua
3631 5509 3868 5558 editione

2159 5570 2553 5644 Batisponensi,
2587 5584 2690 5644 pec
2715 5571 2861 5644 apud
2889 5574 3301 5644 Rabanum._qui
3334 5573 3475 5620 hunc
3506 5570 3679 5622 locum
3705 5577 3853 5621 trans

2161 5635 2284 5685 tulit
2311 5632 2367 5683 in
2398 5632 2493 5683 lib.
2522 5632 2553 5683 4
2584 5632 2886 5687 Comment.
2918 5650 3082 5700 super
3113 5632 3439 5689 Mattheum.
