4170 6188
320 252 476 318 1373

314 389 422 455 las,
447 390 659 459 quibus
704 404 818 444 non
863 386 1198 455 intellectis,
1247 402 1361 442 non
1404 387 1461 441 in
1509 403 1644 444 eum
1695 388 2020 455 crederent,

316 495 431 533 non
466 481 772 535 credentes
803 482 1021 547 autem,
1043 493 1175 533 cum
1200 478 1419 534 caeteris
1439 478 1765 550 desperatis
1796 479 2027 535 cruciﬁ-

316 574 523 638 gerent
552 585 685 624 cum
718 585 732 633 ;
767 572 941 638 atque
973 566 1051 622 ita
1083 572 1210 637 post
1229 568 1360 637 ejus
1389 569 1869 624 resurrectionem
1894 585 2029 623 con-

308 664 699 724 verterentur,
734 657 1099 729 quandojam
1126 658 1194 711 de
1213 662 1376 713 reatu
1406 661 1611 713 mortis
1641 658 1871 713 Domini
1898 675 2027 713 am-

308 749 463 819 plius
521 747 840 815 humiliati,
891 746 1297 801 vehementius
1347 747 1661 819 diligerent
1690 764 1723 803 a
1765 764 1877 819 quo
1910 748 2023 802 sibi

306 840 541 892 tantum
594 838 784 892 scelus
831 836 1144 891 dimissum
1178 852 1303 893 esse
1335 839 1687 909 gauderent:
1742 837 2021 909 quoniam

305 930 474 981 tanta
504 932 627 983 erat
659 942 864 982 eorum
886 925 1179 996 superbia,
1216 930 1280 981 ut
1308 925 1407 982 tali
1439 926 1843 982 humiliatione
1872 929 2024 982 esset

307 1016 639 1085 deiicienda
660 1017 688 1070 *Ρ
717 1016 880 1082 Quod
903 1015 1221 1086 incongrue
1244 1016 1463 1072 dictum
1492 1031 1621 1072 esse
1652 1015 1899 1087 quilibet
1919 1032 2021 1071 ar-

300 1105 575 1173 bitretur,
609 1106 657 1162 si
692 1122 805 1162 non
828 1106 909 1161 ita
932 1106 1250 1175 contigisse
1273 1106 1334 1163 in
1356 1106 1590 1163 Actibus
1608 1106 2019 1178 Apostolorum

307 1199 789 1254 manifestissime
836 1198 1037 1270 legerit
1069 1199 1201 1266 (Act.
1236 1215 1297 1265 ιι,
1326 1199 1441 1269 37).
1475 1199 1600 1254 Non
1633 1214 1770 1270 ergo
1801 1198 2022 1253 abhor-

304 1292 394 1344 ret
426 1288 579 1359 quod
614 1287 695 1343 ait
721 1288 999 1355 Joannes,
1026 1291 1321 1358 Propterea
1350 1303 1460 1344 non
1496 1296 1753 1359 poterant
1783 1288 2019 1356 cro/tere,

302 1383 436 1453 quia
469 1378 769 1435 exca'oavit
815 1380 1002 1435 oculos
1049 1395 1236 1435 eorum
1286 1384 1345 1435 ut
1374 1397 1486 1434 non
1536 1380 1783 1447 videant,
1840 1380 1913 1436 ab
1946 1395 2019 1435 ea

304 1470 599 1525 sementis
630 1486 748 1541 qua
779 1468 1163 1540 intelligimus
1193 1470 1321 1525 ideo
1347 1475 1660 1526 exctecatos
1692 1476 1756 1525 ut
1781 1486 2018 1525 conver-

306 1565 611 1627 terentur;
638 1559 746 1614 hoc
778 1564 887 1624 est,
917 1560 1045 1614 ideo
1067 1558 1152 1615 eis
1180 1574 1278 1630 per
1296 1559 1678 1615 obscuritates
1711 1561 2020 1630 parabola-

306 1665 438 1704 rum
488 1648 813 1704 occultatas
843 1647 1164 1704 sententias
1202 1647 1455 1716 Domini,
1491 1657 1549 1704 ut
1584 1654 1714 1720 post
1758 1651 1885 1720 ejus
1918 1666 2018 1705 re-

304 1739 730 1795 surrectionem
798 1738 1122 1794 salubriore
1172 1739 1508 1808 pmnitentia
1570 1740 2017 1812 resipiscerent:

306 1829 446 1900 quia
482 1845 588 1900 per
618 1828 1033 1885 obscuritatem
1073 1828 1361 1885 sermonis
1393 1830 1683 1898 exeascati,
1718 1830 2018 1886 dictaDo-

306 1918 449 1974 mini
484 1934 600 1974 non
651 1918 1077 1988 intellexerunt,
1114 1923 1172 1974 et
1201 1935 1269 1974 ea
1298 1935 1414 1975 non
1445 1919 1847 1991 intelligendo,
1902 1937 2013 1976 non

304 2009 361 2062 in
410 2024 546 2063 eum
618 2008 1014 2075 crediderunt,
1082 2024 1196 2064 non
1254 2009 1543 2065 credendo
1603 2010 2018 2065 cruciflxerunt

298 2115 425 2153 eum
458 2116 471 2164 ;
509 2108 681 2168 atque
729 2099 805 2154 ita
843 2103 964 2167 post
996 2099 1123 2169 eius
1158 2100 1641 2155 resurrectionem
1690 2100 2015 2169 miraculis,

300 2206 423 2259 quae
473 2190 531 2242 in
566 2188 693 2258 ejus
744 2187 980 2243 nomine
1030 2188 1263 2258 fiebant,
1306 2189 1583 2258 exterriti,
1637 2190 1854 2259 majore
1904 2190 2016 2245 cri-

298 2278 476 2334 minis
526 2283 688 2334 reatu
736 2279 1070 2350 compuncti
1121 2283 1261 2334 sunt
1289 2284 1347 2335 et
1378 2279 1652 2352 prostrati
1703 2282 1776 2336 ad
1829 2282 2015 2353 paeni-

296 2371 567 2435 tentiam,
603 2371 806 2425 deinde
830 2375 1064 2440 accepta
1097 2370 1455 2440 indulgentia
1493 2371 1565 2427 ad
1597 2372 2012 2441 obedientiam,

298 2458 755 2530 flagrantissima
786 2459 1096 2516 dilectione
1126 2460 1413 2517 conversi.

362 2557 400 2611 5
428 2557 573 2611 Nam
608 2557 821 2627 quibus
844 2574 957 2613 non
983 2558 1199 2629 profuit
1218 2559 1320 2614 illa
1345 2559 1572 2615 caecitas
1596 2561 1666 2615 ad
1693 2564 2014 2618 conversio-

295 2661 449 2712 nem,
489 2662 618 2717 quas
653 2662 749 2716 per
773 2645 1036 2718 linguam
1058 2648 1465 2719 parabolarum
1506 2648 1701 2718 fiebat,
1735 2650 1812 2705 ita
1844 2651 1913 2705 de
1946 2651 2013 2705 il-

294 2737 365 2791 lis
419 2735 709 2807 prOpheta
739 2734 849 2791 alio
895 2736 1020 2792 loco
1072 2738 1232 2805 dicit,
1284 2740 1436 2809 quod
1490 2740 1666 2795 etiam
1695 2741 2012 2810 Apostolus

291 2824 775 2879 commemoravit
798 2842 930 2881 cum
953 2825 1022 2880 de
1046 2828 1404 2883 obscuritate
1433 2828 1766 2900 linguarum
1795 2837 2009 2901 ageret:

293 2916 351 2970 In
380 2914 515 2969 aliis
552 2913 785 2985 linguis,
820 2924 873 2970 et
904 2915 960 2969 in
987 2917 1117 2971 aliis
1144 2917 1309 2972 labiis
1332 2918 1527 2988 loquar
1552 2920 1752 2990 papula
1783 2921 1929 2981 huic,
1961 2926 2012 2976 et

293 3021 391 3059 nec
417 3004 501 3059 sic
531 3022 621 3059 me
650 3005 969 3075 exaudient,
1019 3006 1152 3062 dicit
1205 3009 1467 3063 Dominus
1496 3009 1560 3081 (Ι
1595 3010 1719 3066 Cor.
1753 3027 1867 3079 xxv,
1901 3011 1965 3065 21
1994 3032 2011 3082 ;

291 3096 425 3150 Isai.
462 3111 665 3160 xxviii,
707 3096 813 3168 11).
850 3095 972 3151 Non
1020 3097 1174 3152 enim
1217 3099 1525 3164 diceretur,
1562 3101 1667 3155 Nec
1699 3102 1774 3157 sic
1805 3117 1889 3157 me
1912 3118 2007 3157 ea:-

297 3188 548 3251 audient,
585 3188 696 3243 nisi
730 3189 799 3243 ad
836 3190 944 3245 hoc
975 3189 1158 3261 fieret,
1192 3196 1256 3246 ut
1285 3192 1373 3247 vel
1404 3192 1488 3248 sic
1520 3194 1895 3251 exaudirent:
1952 3194 2009 3249 id

292 3283 402 3343 est,
436 3284 506 3333 ut
540 3278 626 3334 eis
658 3278 728 3333 ad
777 3279 1059 3335 humilem
1117 3281 1565 3350 confessionem,
1612 3287 1669 3337 et
1698 3283 2009 3339 sollicitam

296 3368 775 3439 inquisitionem,
806 3374 865 3424 et
893 3369 1256 3427 obedientem
1309 3374 1769 3440 conversionem,
1809 3380 1865 3430 et
1894 3374 2013 3430 fer-

296 3468 526 3514 ventem
561 3458 936 3515 dilectionem
960 3460 1187 3517 valerel.
1214 3463 1315 3519 Est
1344 3479 1478 3519 vero
1508 3466 1683 3521 etiam
1720 3466 1834 3521 ista
1866 3467 2010 3522 ratio

294 3547 615 3603 medecinaa
646 3549 986 3619 corporalis.
1020 3550 1166 3606 Nam
1201 3557 1259 3607 et
1288 3552 1563 3626 pleraque
1606 3556 2011 3613 medicamenta

293 3639 458 3710 prius
481 3639 753 3709 affligunt
779 3644 841 3695 ut
865 3648 1093 3712 sonent,
1125 3647 1183 3698 et
1208 3644 1333 3713 ipsa
1364 3644 1601 3718 collyria
1623 3663 1753 3718 quas
1775 3648 1842 3701 ad
1870 3664 2007 3702 ocu-

285 3729 371 3786 los
405 3730 729 3801 pertinent,
758 3730 809 3786 si
840 3747 907 3786 ea
936 3748 1080 3803 Opus
1112 3736 1199 3787 est
1227 3732 1584 3791 intrinsecus
1612 3737 1862 3803 infundi,
1897 3736 2009 3792 nisi

296 3837 469 3877 sensu
486 3839 537 3875 m
563 3821 785 3876 videnti
810 3820 967 3892 prius
985 3821 1319 3880 clandantet
1339 3827 1699 3898 perturbent,
1735 3830 2009 3898 prodesse

292 3924 404 3966 non
439 3915 718 3983 possunt.

362 4009 414 4064 4.
448 4010 566 4065 Nec
599 4012 996 4083 moveatquod
1022 4013 1172 4070 idem
1213 4015 1493 4089 propheta
1510 4017 1667 4080 dicit,
1693 4018 2006 4075 Nisioredi-

284 4097 503 4164 deritis,
534 4117 652 4153 non
690 4100 1010 4169 intelligetis
1041 4105 1194 4168 (Isai.
1228 4122 1320 4172 vn,
1352 4106 1407 4173 9,
1438 4122 1545 4161 sec.
1594 4108 1759 4177 LXX)
1786 4127 1800 4177 ;
1835 4110 2002 4181 quasi

283 4191 637 4245 comrnrium
669 4191 741 4246 sit
776 4193 925 4262 quod
959 4191 1221 4251 Joannes
1253 4196 1353 4262 ait,
1386 4197 1682 4267 Proluereu
1715 4216 1820 4254 non
1854 4207 2005 4270 pote-

280 4288 407 4333 rant
438 4281 684 4350 credere,
708 4281 836 4351 quia
864 4286 1151 4339 exoteoavit
1182 4285 1363 4341 oculos
1384 4302 1573 4342 eorum
1593 4305 1612 4347 ,·
1642 4287 1697 4343 id
1731 4295 1836 4355 est,
1867 4289 2004 4359 quia

278 4367 384 4422 illis
423 4368 716 4439 parabolae
742 4369 822 4424 ita
848 4370 1205 4442 dicebantur,
1234 4375 1388 4430 utab
1408 4376 1490 4430 eis
1517 4392 1631 4431 non
1662 4380 1894 4446 possent
1916 4376 2002 4432 in-

284 4457 488 4529 telligi.
525 4457 680 4513 Dicit
710 4458 863 4514 enim
891 4459 1144 4533 aliquis:
1179 4462 1237 4517 Si
1262 4472 1321 4518 ut
1347 4463 1738 4535 intelligerent
1769 4466 2000 4522 credere

282 4546 597 4605 debebant.
632 4548 925 4617 quomodo
968 4555 1264 4621 propterea
1297 4569 1409 4607 non
1447 4558 1715 4624 poterant
1745 4555 1998 4625 credere,

278 4635 413 4704 quia
447 4652 566 4691 non
602 4636 1026 4709 intelligebant,
1055 4640 1161 4695 hoc
1192 4649 1298 4707 est,
1334 4641 1471 4714 quia
1501 4647 1793 4700 excazoavit
1820 4644 2001 4700 oculos

282 4729 514 4780 eorum?
545 4725 659 4780 Sed
696 4727 849 4796 quod
883 4726 963 4782 ait
994 4728 1195 4797 lsaias,
1230 4730 1297 4785 Ni
1327 4734 1345 4784 i
1372 4731 1746 4801 credideritis,
1778 4751 1890 4788 non
1925 4736 2003 4789 in-

287 4816 573 4887 telligetis,
609 4816 680 4871 de
708 4816 805 4870 illa
830 4816 1215 4891 intelligentia
1237 4820 1457 4877 dictum
1483 4832 1591 4890 est,
1614 4824 1671 4879 in
1703 4841 1817 4896 qua
1849 4840 2006 4881 sem-

281 4921 378 4973 per
404 4906 769 4975 manebitur,
794 4923 983 4963 rcrum
1007 4909 1388 4967 ineffabilium
1418 4928 1430 4966 :
1466 4928 1596 4969 cum
1633 4920 1827 4970 autem
1863 4915 2003 4971 dici-

278 5000 373 5049 tur
392 4996 549 5067 quod
579 4996 1002 5065 credatur,nisi
1026 5000 1178 5071 quod
1206 5001 1422 5056 dicitur
1451 5003 2000 5074 intelligatur,credi

282 5100 394 5140 non
424 5088 641 5156 potest.
677 5083 1065 5157 lntelligenda
1093 5095 1231 5144 sunt
1256 5104 1394 5161 ergo
1422 5090 1592 5161 dicta,
1613 5096 1675 5148 ut
1696 5095 2005 5148 creduntur

281 5190 406 5245 quae
436 5176 551 5229 (ἰξεί
581 5180 933 5245 potuerunt:
967 5178 1252 5235 credenda
1287 5186 1480 5236 autem
1513 5199 1637 5253 qum
1670 5183 1779 5238 dici
1803 5189 2001 5254 potue-

284 5271 436 5323 runt.
478 5270 541 5317 nt
574 5264 987 5336 intelligantur
1016 5283 1145 5338 quze
1178 5269 1288 5323 dici
1326 5286 1437 5324 non
1472 5279 1737 5342 possunt.

348 5352 473 5408 XV.
510 5352 620 5423 [1b.
655 5370 775 5423 xm,
811 5356 927 5426 34.]
960 5356 1018 5410 Et
1049 5357 1169 5412 sine
1211 5374 1352 5429 para
1367 5359 1499 5415 bolis
1539 5375 1648 5415 non
1683 5361 2005 5433 loquebatur

276 5445 372 5527 eis.
404 5442 535 5499 Non
559 5444 698 5515 quia
726 5444 871 5500 nihil
903 5449 1134 5519 proprie
1165 5447 1396 5506 locutus
1424 5454 1533 5521 est,
1567 5452 1665 5507 sed
1696 5452 1834 5523 quia
1867 5450 2003 5506 nul-

278 5537 397 5589 lum
435 5533 552 5590 fere
594 5550 930 5591 sermonem
980 5537 1313 5609 explicavit,
1370 5538 1465 5595 ubi
1498 5557 1613 5597 non
1648 5542 1869 5614 aliquid
1902 5557 2005 5614 per

281 5622 621 5694 parabolam
654 5624 1031 5697 signiﬁcavit,
1064 5630 1333 5700 quamvis
1366 5628 1424 5686 in
1451 5646 1518 5686 eo
1551 5632 1745 5704 aliqua
1774 5636 1830 5689 et
1860 5648 2002 5703 pro-

1825 252 2055 318 LlBER
2097 256 2331 325 UNUS.

3687 271 3846 334 1374

2136 395 2257 465 prie
2287 396 2530 455 dixerit:
2558 400 2633 454 ita
2664 402 2725 453 ut
2757 397 3257 469 saepeinveniatur
3288 402 3444 455 totus
3486 417 3680 459 sermo
3708 406 3841 475 ejus

2136 486 2431 551 parabolis
2461 487 2808 560 explicatus,
2834 492 2995 543 totus
3026 491 3221 545 autem
3245 488 3475 561 proprie
3504 491 3699 548 dictus
3724 493 3843 548 nul-

2137 572 2226 632 lus
2275 577 2625 635 inveniatur.
2686 578 3011 651 Explicatos
3070 586 3262 635 autem
3322 596 3624 639 sermones
3687 583 3838 652 dico,

2135 666 2361 733 quando
2393 681 2459 720 ex
2490 667 2681 737 aliqua
2712 666 3015 723 occasione
3048 682 3239 722 rerum
3273 667 3471 739 incipit
3502 669 3663 740 loqui
3695 685 3845 740 quo-

2137 770 2322 825 usque
2352 758 2625 811 terminet
2672 756 2951 827 quidquid
3003 756 3072 811 ad
3109 756 3296 825 ipsam
3335 773 3451 812 rem
3488 758 3755 828 pertinet,
3788 764 3843 812 et

2132 843 2389 898 transeat
2409 845 2478 899 ad
2500 844 2680 901 aliud.
2701 845 3129 916 Nonnunquam
3151 860 3294 901 sane
3309 844 3460 901 alius
3483 845 3841 916 evangelista

2134 934 2407 999 contexit,
2438 935 2588 1003 quod
2612 934 2762 989 alius
2781 933 3027 989 diversis
3050 934 3408 1004 temporibus
3440 935 3661 991 dictum
3688 934 3842 990 indi-

2132 1024 2243 1077 cat.
2277 1022 2402 1079 Non
2432 1023 2585 1079 enim
2606 1024 2942 1079 omnimodo
2973 1025 3291 1080 secundum
3328 1040 3515 1081 rerum
3547 1028 3835 1095 gestarum

2131 1112 2417 1181 ordinem,
2453 1115 2552 1168 sed
2605 1114 2923 1169 secundum
2956 1130 3079 1169 sum
3119 1115 3369 1185 quisque
3418 1114 3837 1171 recordationis

2132 1199 2491 1270 facultatem,
2524 1203 2915 1257 narrationem
2941 1217 3113 1273 quam
3137 1217 3377 1259 exorsus
3407 1211 3493 1259 est
3520 1204 3835 1259 ordinavit.

2202 1287 2344 1343 XVI.
2378 1290 2481 1361 (Ib.
2519 1307 2637 1357 xm,
2671 1291 2761 1356 5t,
2800 1291 2891 1353 52,
2925 1290 3039 1361 4/1.]
3072 1290 3427 1346 Intellexisti:
3457 1291 3580 1349 haec
3608 1291 3837 1347 omnia?

2130 1377 2333 1433 Dicunt
2357 1382 2409 1432 ei
2428 1396 2448 1433 :
2479 1379 2680 1435 Etiam.
2727 1380 2815 1434 Ait
2848 1378 3004 1434 illis:
3036 1380 3155 1436 Ideo
3188 1382 3377 1434 omnis
3408 1380 3608 1435 scriba
3646 1380 3832 1436 doctus

2128 1470 2185 1521 in
2218 1485 2381 1539 regno
2410 1470 2685 1536 oculorum,
2708 1468 2915 1524 similis
2929 1474 3009 1524 est
3038 1468 3250 1525 homini
3270 1470 3694 1539 patrifamilias,
3734 1467 3834 1541 qui

2127 1561 2336 1629 profert
2367 1560 2433 1614 de
2463 1560 2711 1615 thesauro
2730 1575 2827 1615 suo
2849 1576 2989 1616 nova
3010 1565 3061 1616 et
3086 1566 3287 1616 vetera.
3318 1558 3523 1615 Utrum
3557 1560 3671 1615 ista
3700 1575 3831 1615 con-

2128 1646 2393 1704 clusione
2422 1664 2706 1720 exponere
2736 1648 2917 1704 voluit
2956 1666 3127 1721 quem
3160 1649 3370 1705 dixerit
3400 1649 3739 1706 thesaurum
3770 1648 3831 1703 in

2128 1752 2267 1807 agro
2290 1738 2697 1795 absconditum
2724 1756 2736 1793 :
2760 1739 3035 1811 quoniam
3054 1740 3594 1811 sanctasScripture
3620 1737 3835 1794 intelli-

2127 1832 2366 1898 guntur,
2399 1842 2526 1900 quis
2559 1830 2793 1884 nomine
2835 1828 3083 1885 duorum
3130 1830 3660 1895 Testamentorum,
3690 1827 3829 1883 Novi

2125 1920 2183 1972 et
2202 1916 2445 1986 Veteris,
2464 1918 2927 1985 concluduntur;
2950 1919 3447 1989 quemadmodum
3470 1919 3625 1989 apud
3648 1917 3828 1974 alium

2125 2006 2564 2078 evangelistam,
2596 2007 2855 2079 gladium
2903 2008 2992 2062 bis
3036 2012 3272 2062 acutum
3322 2007 3424 2062 tali
3455 2006 3831 2065 conclusione

2123 2099 2352 2155 videtur
2375 2113 2660 2168 exponere
2688 2097 2871 2169 (Apoc.
2907 2114 2945 2157 ι,
2985 2098 3068 2167 16)
3097 2098 3126 2151 ?
3162 2100 3249 2152 An
3281 2097 3418 2168 quia
3447 2097 3505 2152 in
3540 2095 3834 2168 parabolis

2125 2189 2236 2243 ista
2277 2186 2501 2242 locutus
2530 2191 2655 2253 est;
2690 2193 2749 2242 et
2768 2188 3224 2256 cum-quaesisset
3246 2188 3317 2241 ab
3337 2186 3421 2242 eis
3444 2190 3639 2241 utrum
3665 2184 3835 2241 intel-

2123 2278 2418 2345 texissent,
2452 2276 2881 2347 responderunt
2910 2290 2971 2331 se
3002 2275 3394 2342 intellexisse;
3429 2276 3674 2331 fortasse
3703 2275 3833 2346 ista

2127 2367 2511 2424 similitudine
2541 2367 2731 2423 ultina
2760 2365 3201 2436 patrisfamilias
3235 2365 3579 2437 prolerentis
3609 2366 3681 2420 de
3710 2364 3834 2420 the-

2124 2474 2292 2513 sauro
2327 2474 2434 2513 suo
2466 2474 2612 2513 nova
2661 2462 2714 2513 et
2744 2463 2954 2517 vetera,
2988 2456 3289 2512 ostendere
3321 2454 3503 2510 voluit
3549 2471 3683 2510 eum
3715 2454 3827 2509 do-

2124 2557 2281 2606 ctum
2312 2547 2643 2603 habendum
2679 2563 2805 2603 esse
2836 2546 2893 2601 in
2929 2545 3202 2616 Ecclesia,
3235 2544 3332 2617 qui
3365 2544 3537 2600 etiam
3567 2543 3827 2616 Scriptu-

2123 2655 2219 2693 ras
2251 2645 2468 2694 veteres
2498 2636 2786 2708 parabolis
2832 2636 3145 2706 explicatas
3195 2635 3566 2700 intellexerit,
3597 2634 3668 2689 ab
3701 2632 3827 2687 istis

2123 2726 2287 2785 novis
2317 2728 2608 2798 accipiens
2632 2725 2863 2798 regulas
2885 2726 2912 2780 τ
2934 2725 3075 2792 Quia
3094 2730 3151 2780 et
3168 2726 3277 2781 ista
3302 2724 3579 2779 Dominus
3608 2739 3703 2794 per
3727 2738 3828 2793 pa-

2122 2817 2352 2874 rabolas
2383 2816 2726 2881 enuntiavit,
2757 2815 3024 2887 quamvis
3056 2816 3177 2886 ipse
3206 2812 3475 2869 Christus
3506 2815 3658 2867 esset
3689 2810 3826 2867 finis

2120 2906 2395 2974 illorum;
2450 2907 2505 2960 id
2555 2910 2667 2973 est,
2700 2910 2763 2960 ut
2804 2905 2860 2960 in
2891 2920 2958 2960 eo
2990 2903 3092 2959 illa
3122 2907 3308 2958 vetera
3356 2900 3822 2971 complerentur:

2122 3002 2186 3053 ut
2218 2997 2266 3052 si
2317 2996 2440 3067 ipse
2473 2995 2529 3050 in
2563 3011 2676 3067 quo
2708 2994 2809 3049 illa
2853 2992 3220 3065 complentur
3260 2997 3318 3049 et
3350 2990 3823 3058 manifestantur,

2121 3105 2217 3160 per
2251 3086 2555 3159 parabolas
2586 3087 2779 3143 adhuc
2812 3085 3084 3156 loquitur,
3126 3084 3309 3139 donec
3337 3082 3466 3153 eius
3498 3079 3693 3152 passio
3722 3094 3824 3135 ve-

2119 3177 2239 3234 lum
2272 3177 2583 3245 discindat,
2610 3181 2670 3232 ut
2695 3174 2838 3233 nihil
2866 3175 2939 3231 sit
2965 3172 3260 3230 occultum
3285 3172 3442 3243 quod
3468 3188 3581 3228 non
3613 3168 3826 3226 revele-

2119 3272 2251 3336 tur;
2281 3266 2467 3324 multo
2490 3269 2674 3339 magis
2697 3265 2797 3321 illa
2820 3280 2948 3337 qua
2962 3264 3032 3319 ad
3046 3262 3573 3321 commendandam
3592 3267 3820 3319 tantam

2120 3356 2364 3414 salutem
2418 3364 2529 3413 tam
2580 3356 2752 3427 longe
2797 3355 2868 3411 de
2915 3352 3014 3410 illo
3059 3354 3273 3425 scripta
3321 3356 3484 3420 sunt,
3535 3351 3826 3423 parabolis

2123 3453 2324 3520 operta
2353 3464 2481 3505 esse
2511 3446 2882 3503 noverimus:
2918 3461 3044 3515 quae
3076 3460 3210 3498 cum
3247 3441 3433 3499 Judaai
3463 3441 3534 3496 ad
3569 3440 3825 3495 litteram

2125 3538 2469 3607 acciperent,
2519 3536 2830 3591 noluerunt
2860 3546 2988 3587 esse
3021 3531 3172 3586 docti
3203 3530 3262 3584 in
3296 3545 3474 3601 regno
3522 3527 3825 3598 cmlorum,

2120 3641 2310 3695 neque
2360 3624 2607 3679 transire
2648 3624 2718 3678 ad
2751 3620 3074 3684 Christum,
3110 3624 3173 3675 ut
3202 3619 3532 3675 auferretur
3562 3617 3825 3677 velamen

2119 3715 2276 3786 quod
2308 3729 2483 3783 supra
2513 3728 2611 3768 cor
2639 3727 2837 3768 eorum
2874 3710 3128 3781 positum
3159 3709 3323 3771 est}.

2189 3803 2363 3861 XVII.
2398 3802 2499 3878 [lb.
2530 3802 2759 3873 xm,55,
2791 3805 2842 3857 et
2869 3801 2984 3872 56.]
3019 3800 3070 3855 1.
3092 3801 3307 3855 Fratres
3327 3799 3462 3871 ejus,
3488 3798 3745 3867 Iacobus,
3772 3802 3823 3855 et

2113 3895 2326 3967 Ioseph,
2360 3901 2412 3951 et
2444 3893 2651 3959 Simon,
2683 3898 2736 3949 et
2766 3890 2952 3959 ludas,
2977 3896 3028 3948 et
3047 3890 3414 3961 sorores’ejus,
3436 3904 3619 3946 nonne
3638 3903 3823 3945 omnes

2114 3986 2263 4057 apud
2293 4002 2390 4042 nos
2414 3990 2542 4040 sunt
2564 3987 2590 4039 γ
2617 3982 2762 4039 unde
2784 3998 2911 4054 ergo
2932 3982 3060 4037 huic
3075 3979 3265 4036 omnia
3285 3981 3395 4036 ista
3416 3982 3441 4032 γ
3462 3980 3526 4035 Et
3547 3977 3825 4035 scandali-

2111 4076 2386 4132 zabantur
2407 4078 2467 4131 in
2486 4090 2569 4132 eo.
2592 4074 2821 4130 Fratres
2844 4071 2993 4143 apud
3021 4071 3257 4127 Judeos
3278 4068 3391 4125 dici
3413 4068 3599 4126 solere
3615 4084 3823 4137 cogna-

2112 4170 2203 4221 tos
2235 4182 2421 4237 usque
2446 4166 2589 4220 adeo
2623 4162 2917 4235 probatur,
2952 4165 3016 4215 ut
3046 4176 3161 4217 non
3190 4158 3377 4216 solum
3401 4174 3468 4213 ex
3491 4157 3819 4228 propinquo

2112 4255 2505 4327 generationis
2528 4254 2708 4325 gradu
2724 4294 2737 4321 ,
2759 4254 3053 4308 sicutsunt
3069 4249 3171 4304 lilii
3190 4250 3431 4304 fratrum
3454 4251 3510 4302 et
3526 4261 3815 4306 sororum,

2113 4345 2207 4416 qui
2241 4346 2418 4399 etiam
2441 4344 2592 4412 apud
2620 4359 2726 4397 nos
2751 4339 3136 4397 usitatissime
3161 4339 3365 4393 fratres
3382 4335 3691 4398 dicuntur;
3716 4334 3817 4389 sed

2110 4436 2281 4490 etiam
2316 4432 2639 4489 avunculus
2669 4435 2727 4486 et
2756 4429 2972 4486 sororis
3005 4428 3180 4494 ﬁlius,
3213 4426 3365 4482 sicut
3394 4424 3503 4481 sibi
3535 4421 3816 4478 erantJa-

2110 4525 2214 4581 cob
2237 4529 2292 4579 et
2312 4524 2530 4589 Laban,
2555 4523 2762 4577 fratres
2782 4519 3058 4592 appellati
3078 4517 3447 4575 inveniantur
3467 4515 3623 4586 (Gen.
3654 4529 3813 4583 XXIX,

2106 4613 2217 4684 15).
2251 4614 2376 4669 Νοιι
2424 4628 2558 4682 ergo
2591 4610 2805 4667 mirum
2837 4613 2925 4665 est
2952 4609 3135 4664 dictos
3180 4621 3309 4663 esse
3342 4604 3550 4662 fratres
3580 4602 3815 4661 Domini

2108 4718 2177 4758 ex
2209 4707 2472 4757 materno
2494 4715 2702 4772 genere
2723 4713 3125 4771 quoscumque
3147 4697 3455 4767 cognatos;
3484 4710 3612 4749 cum
3635 4696 3817 4749 etiam

2110 4808 2179 4849 ex
2208 4792 2552 4865 cognatione
2581 4789 2800 4862 Joseph
2848 4788 2962 4844 dici
3008 4786 3302 4860 potuerint
3345 4786 3551 4841 fratres
3583 4785 3711 4853 ejus
3744 4784 3817 4837 ab

2110 4882 2217 4949 eis,
2249 4882 2346 4953 qui
2377 4881 2545 4937 illum
2580 4886 2802 4952 patrem
2834 4877 3065 4934 Domini
3093 4891 3220 4934 esse
3253 4873 3686 4931 arbitrabantur
3714 4871 3815 4941 (a).

2182 4974 2235 5025 2.
2262 4968 2910 5041 Generalemjustitiam
2934 4984 3046 5025 non
3065 4965 3240 5023 violat
3262 4965 3415 5037 quis,
3443 4960 3556 5016 nisi
3580 4956 3816 5013 libidine

2114 5068 2509 5131 transgressus
2553 5059 2726 5115 fuerit
2755 5062 2856 5114 aut
2885 5057 3160 5129 placitum
3202 5050 3491 5109 societatis
3523 5045 3811 5116 humanas,

2181 5203 2193 5235 ι
2226 5200 2283 5250 lu
2310 5201 2550 5263 editione
2580 5187 3616 5263 Ratisponensiginseriturhicquasstip
3640 5186 3693 5263 in
3727 5186 3813 5236 illa

2115 5249 2279 5312 verba
2308 5262 2493 5313 Matth.
2514 5278 2629 5326 cap.
2651 5249 2804 5320 24H.
2835 5260 2932 5326 36:
2960 5259 3154 5326 De_di_e
3179 5258 3355 5326 quiem
3372 5249 3472 5299 illo
3495 5254 3544 5323 et
3572 5249 3700 5326 (tera
3730 5265 3814 5326 ne‘

2114 5340 2198 5375 mo
2228 5327 2345 5384 scit,
2376 5332 2495 5382 etc.,
2528 5317 2619 5374 δεῖ]
2656 5317 2777 5387 quas
2808 5323 2938 5387 nihil
2966 5320 3141 5370 differt
3172 5318 3238 5367 ab
3269 5329 3337 5387 ea_
3360 5327 3480 5377 quae
3512 5317 3651 5363 inter
3672 5317 3815 5362 octo-

2114 5390 2261 5452 ginta
2293 5379 2395 5437 tres
2414 5379 2745 5452 Qumqstiou'es
2776 5384 2967 5452 ordine
2995 5387 3076 5430 est
3101 5379 3454 5452 sexagesima.

2176 5436 2370 5509 (illum
2401 5436 2719 5509 tarminatur
2749 5446 3060 5509 opusculum
3098 5445 3154 5493 in
3178 5436 3333 5509 editis
3355 5442 3475 5490 Rat.
3506 5440 3621 5509 Am.
3652 5436 3737 5486 Er.
3761 5442 3815 5509 et

2113 5501 2323 5563 in‘M'ss.
2356 5513 2628 5565 Vaticano,
2650 5501 2961 5566 Sorbontco,
2986 5508 3353 5557 Cisterciensi:
3383 5517 3482 5554 nec
3503 5501 3721 5566 reliqua
3736 5502 3815 5549 vi-

2112 5576 2306 5637 dimus,
2324 5574 2425 5622 nisi
2456 5572 2597 5637 apud
2618 5573 2742 5637 Lov.
2774 5574 2825 5620 et
2844 5568 2903 5620 in
2933 5565 3057 5621 Mss.
3080 5569 3367 5623 Victorinis
3391 5565 3602 5617 duobus
3621 5576 3680 5612 ac
3703 5576 3812 5614 uno

2111 5612 2425 5687 ὃῖἱὶἕίοᾞὲὶ
2452 5612 2833 5685 animus:
