4164 6192
316 245 470 304 1375

313 376 463 431 sicut
491 378 580 431 est
610 374 848 444 furtum,
873 374 1102 446 rapina,
1122 373 1497 440 adulterium,
1523 373 1804 444 incestus,
1831 379 1886 429 et
1908 375 2011 429 hu-

308 465 570 536 jusmodi
600 481 615 532 ;
655 469 757 519 aut
786 471 1079 532 naturam,
1104 464 1257 519 sicut
1285 469 1374 520 est
1407 465 1783 532 contumelia,
1807 464 2011 533 credes,

313 554 716 622 homicidium,
767 554 1114 609 concubitus
1159 555 1550 612 masculorum
1592 555 1678 609 vel
1713 571 2011 625 pecorum,

314 647 414 698 aut
434 644 669 698 modum
694 643 751 697 in
775 643 1089 710 concessis,
1125 644 1277 699 sicut
1307 657 1391 699 est
1421 645 1737 715 superbum
1761 644 2018 715 amplius

315 733 612 788 verberare
643 750 821 804 quam
847 738 1092 804 oportet,
1114 734 1203 788 vel
1229 734 1592 805 superﬂuum
1618 737 1786 790 edere
1816 734 1902 790 vel
1939 733 2017 788 bi-

315 821 445 877 bere
475 821 724 892 amplius
765 839 942 893 quam
993 827 1236 894 oportet,
1271 838 1400 877 cum
1451 823 1575 892 ipsa
1604 824 1846 892 conjuge
1877 839 2017 876 con-

314 912 588 966 cumbere
609 911 863 982 amplius
877 927 1052 981 quam
1067 916 1311 980 oportet,
1332 916 1389 965 et
1417 911 1655 965 similia.

385 1002 438 1058 3.
473 1002 624 1057 Bene
673 1000 1022 1072 intelligitur
1050 1000 1305 1071 Spiritus
1337 1009 1575 1057 sanctus
1605 1001 1732 1058 ideo
1764 1002 2016 1074 primum

315 1090 656 1161 linguarum
689 1093 908 1144 donum
943 1090 1171 1144 dedisse
1214 1089 1574 1157 hominibus,
1609 1107 1734 1161 quae
1769 1096 1934 1163 pacto
1965 1099 2017 1147 et

314 1177 525 1248 placito
575 1178 878 1232 hominum
930 1177 1214 1233 institutae
1263 1183 1423 1244 sunt,
1467 1188 1521 1234 et
1551 1180 1872 1236 forinsecus
1920 1197 2019 1251 per

316 1281 523 1320 sensus
555 1266 811 1335 corporis
841 1268 1260 1322 consuetudine
1290 1267 1562 1323 audiendi
1596 1269 1922 1336 discuntur,
1957 1275 2019 1324 ut

317 1353 398 1409 eis
429 1353 957 1425 ostenderetquam
986 1355 1147 1410 facile
1169 1361 1357 1427 posset
1380 1357 1670 1428 sapientes
1701 1359 1888 1414 facere
1921 1375 2019 1430 per

317 1444 660 1515 sapientiam
695 1445 819 1512 Dei,
852 1462 981 1516 quae
1013 1446 1072 1500 in
1095 1448 1177 1501 eis
1209 1448 1433 1502 interna
1455 1452 1560 1502 est.

389 1534 442 1589 4.
478 1533 619 1588 Item
651 1534 918 1589 voluntas
943 1534 1113 1590 Verbi
1136 1537 1479 1608 sempiterni
1502 1539 1732 1594 stabilis
1762 1543 1850 1594 est
1870 1556 2020 1595 sem-

319 1637 442 1693 per,
476 1623 616 1692 quia
646 1622 823 1678 simul
845 1623 1019 1678 habet
1040 1625 1275 1680 omnia:
1304 1636 1496 1682 nostra
1527 1633 1716 1683 autem
1749 1629 2020 1685 voluntas

316 1713 445 1768 ideo
469 1729 581 1768 non
607 1717 738 1779 stat,
762 1715 898 1784 quia
915 1731 1026 1770 non
1047 1716 1222 1772 habet
1243 1717 1418 1772 simul
1443 1719 1670 1787 omnia;
1695 1720 1822 1776 ideo
1847 1721 2019 1776 modo

318 1802 447 1872 hoc,
480 1803 645 1858 modo
695 1803 836 1858 illud
887 1805 1181 1861 volumus.
1237 1809 1375 1863 Item
1423 1809 1504 1864 sic
1550 1809 1782 1864 fuerunt
1820 1810 1880 1865 in
1920 1810 2020 1866 illo

319 1889 506 1946 Verbo
537 1892 735 1946 omnia
757 1908 883 1963 quae
905 1893 1057 1948 facta
1087 1900 1246 1964 sunt,
1278 1900 1334 1950 et
1364 1897 1490 1966 ipsa
1512 1899 1798 1969 susceptio
1832 1898 2020 1954 homi-

318 1982 411 2036 nis
441 1980 526 2036 sic
557 1983 629 2037 ab
648 1999 714 2038 eo
739 1985 1089 2055 praecognita
1119 1991 1229 2054 est,
1263 1989 1551 2056 quomodo
1582 1988 1630 2044 si
1665 1987 1847 2058 pictor
1889 1990 2021 2046 velit

317 2071 554 2142 pingere
583 2076 762 2127 totam
803 2074 1063 2141 domum,
1098 2078 1154 2128 et
1186 2076 1400 2146 cogitet
1430 2076 1519 2130 vel
1555 2078 1778 2132 noverit
1825 2078 2018 2134 locum

318 2159 416 2216 ubi
445 2161 624 2217 etiam
655 2178 714 2216 se
747 2161 983 2234 pingere
1013 2163 1254 2219 debeat:
1288 2168 1472 2219 totum
1506 2165 1564 2220 in
1596 2170 1715 2221 arte
1746 2167 1940 2232 habet,
1965 2172 2021 2222 et

316 2249 376 2304 in
408 2251 849 2321 praeparatione,
881 2257 938 2307 et
971 2253 1031 2308 in
1079 2253 1395 2323 voluntate,
1447 2256 1717 2324 quamvis
1757 2256 1930 2312 certis
1959 2262 2018 2314 et

317 2339 441 2395 suis
469 2356 714 2412 quaeque
743 2342 1107 2413 temporibus
1129 2343 1391 2414 explicet.
1415 2345 1512 2401 Sic
1540 2347 1730 2401 omnis
1750 2351 2018 2403 creatura

867 238 1269 303 ADMONITO
1316 238 1413 300 DE
1457 237 2140 312 SUBSEQUEN’I‘IBUS
2187 239 2258 300 IN
2303 237 2671 301 JOANNEM
2717 232 3277 297 TRACTATIBUS.

3673 231 3830 292 1576

2122 378 2180 429 et
2204 374 2327 444 ipse
2357 372 2531 427 homo
2561 368 2662 441 qui
2697 370 2960 439 ejusdem
3007 366 3312 439 Sapientia:
3358 380 3667 436 personam
3703 382 3830 435 my-

2122 463 2264 518 stice
2292 466 2346 516 et
2377 459 2754 515 inenarrabili
2805 457 3177 528 susceptione
3217 458 3552 526 gestaturus
3583 460 3731 523 erat,
3768 456 3827 510 in

2121 552 2251 623 ipsa
2295 549 2583 620 sapientia
2619 557 2888 618 tanquam
2927 547 3021 601 Dei
3058 550 3178 600 arte
3204 543 3558 615 sempiterna
3605 561 3830 615 semper

2124 645 2271 705 erat,
2304 639 2568 710 quamvis
2599 639 2724 693 suis
2760 652 3004 708 quaeque
3037 633 3394 705 temporibus
3427 633 3664 699 efﬁciat,
3705 650 3829 704 quas

2128 731 2416 802 pertendit
2446 749 2477 785 a
2513 731 2625 785 ﬁne
2660 743 2843 799 usque
2871 729 2943 782 ad
2980 727 3152 781 ﬁnem
3188 726 3430 790 fortiter,
3465 729 3520 780 et
3570 725 3831 796 disponit

2126 820 2325 876 omnia
2355 820 2612 875 suaviter
2659 823 2832 889 atque
2875 818 2931 872 in
2965 831 3026 872 se
3071 831 3317 871 manens
3367 814 3606 870 innovat
3636 815 3832 870 omnia

2130 911 2278 982 (Sap.
2311 927 2432 979 vm,
2467 911 2518 977 1,
2551 916 2602 965 et
2635 925 2732 975 vn,
2757 909 2869 979 27).

2192 1002 2247 1055 5.
2281 1000 2420 1056 Item
2453 1000 2740 1071 quomodo
2773 998 2906 1070 quis
2935 997 3074 1052 velit
3103 995 3246 1051 velle
3280 995 3447 1059 mori,
3482 994 3532 1049 si
3563 993 3649 1051 sic
3685 993 3830 1050 velle

2129 1090 2275 1145 mori
2327 1088 2789 1160 pervenerat,qui
2815 1089 2936 1158 jam
2969 1085 3148 1142 habet
3197 1100 3398 1140 sanam
3449 1084 3624 1139 ﬁdem
3656 1092 3710 1139 et
3741 1083 3834 1138 vi-

2127 1181 2222 1234 det
2253 1195 2368 1250 quo
2397 1179 2508 1234 sibi
2542 1178 2991 1250 perveniendum
3039 1175 3136 1241 sit,
3191 1176 3261 1230 ad
3294 1174 3401 1229 hoc
3425 1174 3547 1243 jam
3581 1173 3828 1244 proﬁcit,

2130 1275 2194 1325 ut
2224 1268 2468 1324 libenter
2498 1269 2569 1323 de
2601 1268 2707 1322 hac
2726 1268 2839 1322 vita
2873 1263 3283 1321 discedat.Non
3309 1263 3463 1318 enim
3503 1263 3607 1318 hoc
3635 1268 3724 1318 est
3753 1262 3829 1316 vi-

2131 1362 2264 1416 dere
2282 1377 2396 1432 quo
2416 1360 2526 1415 sibi
2558 1357 3010 1430 perveniendum
3040 1355 3136 1419 sit,
3160 1354 3314 1425 quod
3340 1354 3611 1408 estetiam
3637 1368 3832 1408 amare

2129 1452 2296 1518 illud,
2321 1457 2376 1507 et
2397 1452 2474 1505 ibi
2499 1452 2624 1521 jam
2645 1464 2771 1506 esse
2795 1448 3124 1504 desiderare
3149 1463 3161 1501 :
3183 1447 3335 1516 quod
3359 1444 3415 1499 in
3441 1447 3606 1514 cujus
3638 1444 3830 1498 animo

2129 1543 2398 1598 effectum
2459 1541 2650 1607 fuerit,
2704 1553 2939 1594 necesse
2988 1540 3076 1592 est
3125 1541 3187 1590 ut
3234 1535 3483 1590 libenter
3528 1534 3828 1588 moriatur.

2132 1633 2369 1688 Frustra
2399 1631 2593 1701 itaque
2626 1628 2829 1684 dicunt
2851 1626 3112 1698 quidam,
3139 1624 3237 1696 qui
3265 1624 3388 1694 jam
3422 1640 3625 1678 sanam
3659 1623 3830 1677 ﬁdem

2133 1723 2350 1784 tenent,
2399 1717 2528 1772 ideo
2561 1734 2623 1772 se
2655 1715 2808 1771 nolle
2861 1714 3009 1769 mori
3055 1718 3120 1766 ut
3167 1711 3496 1783 proﬁciant,
3546 1726 3678 1765 cum
3712 1711 3836 1782 ipse

2133 1809 2421 1880 profectus
2468 1822 2668 1862 eorum
2701 1805 2761 1862 in
2792 1820 2858 1860 eo
2911 1803 3167 1874 profectu
3210 1800 3306 1865 sit,
3342 1806 3407 1854 ut
3437 1800 3582 1855 mori
3627 1798 3830 1856 velint.

2133 1900 2190 1954 Si
2223 1913 2355 1967 ergo
2386 1912 2580 1952 verum
2633 1894 2793 1966 loqui
2827 1892 3049 1960 volunt,
3091 1907 3203 1946 non
3235 1891 3454 1958 dicant,
3506 1889 3638 1944 Ideo
3691 1889 3834 1944 mori

2133 1988 2284 2055 nolo,
2320 1996 2376 2042 ul
2411 1987 2748 2058 proﬁciam;
2785 1984 2908 2050 sed,
2937 1983 3066 2038 Ideo
3090 1981 3237 2036 mori
3274 1980 3427 2049 nolo,
3458 1979 3593 2050 quia
3626 1995 3831 2051 parum

2131 2078 2366 2150 profeci.
2402 2079 2598 2148 Itaque
2619 2074 2764 2131 mori
2793 2072 2944 2129 nolle
2967 2071 3234 2127 ﬁdelibus
3267 2086 3380 2126 non
3412 2069 3718 2124 consilium
3743 2073 3835 2123 est

2130 2172 2194 2222 ut
2226 2165 2552 2238 proﬁciant,
2584 2165 2684 2221 sed
2718 2164 2996 2219 indicium
3028 2161 3184 2233 quod
3218 2174 3417 2231 parum
3462 2157 3830 2229 profecerint.

2129 2257 2375 2314 Proinde
2405 2256 2557 2327 quod
2595 2254 2820 2323 nolunt,
2852 2257 2916 2309 ut
2947 2252 3183 2325 perfecti
3207 2250 3326 2306 sint
3351 2265 3363 2316 ;
3391 2247 3588 2316 velint,
3620 2253 3677 2303 et
3708 2264 3834 2318 per-

2130 2348 2267 2402 fecti
2298 2350 2454 2402 sunt.

427 2513 582 2514 "7,
627 2513 664 2514 η
809 2513 814 2514 ,
987 2513 992 2514 ,
1073 2513 2870 2520 ,—__________,,,,,,
2893 2513 2924 2515 η
3279 2548 3334 2549 Ὗ

1487 2663 2653 2818 ADMONITIO
2785 2699 2790 2706 '

1091 2890 1192 2948 DE
1237 2890 1931 2959 SUBSEQUENTIBUS
1976 2895 2055 2954 IN
2099 2893 2456 2954 JOANNEM
2504 2886 3074 2952 TRACTATIBUS.

1897 3028 2272 3082 _m_

392 3173 554 3229 Haud
589 3176 806 3228 temere
839 3172 1041 3228 fecisse
1066 3172 1412 3241 videbimur,
1434 3173 1480 3228 si
1501 3174 1805 3244 Augustini
1830 3174 1888 3229 in
1913 3175 2198 3231 Joannem
2217 3175 2520 3228 Tractatus
2545 3167 3036 3239 adscripserimus
3059 3180 3210 3221 anno
3243 3161 3453 3218 Christi
3488 3175 3666 3230 supra
3686 3175 3829 3229 qua-

323 3263 847 3334 dringentesimum
871 3266 1030 3317 sexto
1046 3260 1293 3327 decimo,
1317 3266 1417 3317 aut
1442 3265 1702 3334 proximo
1727 3271 1852 3335 post
1879 3264 2148 3333 tempori.
2175 3263 2338 3318 Certe
2357 3260 2596 3332 quidem
2615 3260 2769 3314 hunc
2791 3253 3206 3326 evangelistam
3230 3269 3362 3309 cum
3384 3252 3715 3324 exponeret,
3739 3246 3843 3303 ﬂa-

327 3353 523 3421 grabat
545 3351 718 3408 etiam
745 3360 865 3407 tum
887 3351 1316 3407 Catholicorum
1341 3367 1471 3407 cum
1496 3353 1812 3409 Donatistis
1831 3370 2028 3426 pugna
2054 3371 2066 3421 ;
2089 3351 2395 3425 quandoin
2413 3350 2671 3406 factiosis
2694 3347 2810 3404 illis
2834 3343 3196 3402 revincendis
3220 3347 3338 3398 tam
3364 3341 3584 3397 multus
3606 3343 3842 3407 tamque

326 3440 642 3497 vehemens
672 3441 817 3496 inibi
856 3445 941 3497 est
961 3441 1021 3496 S.
1065 3440 1312 3497 Doctor:
1340 3448 1718 3513 praeterquam
1745 3445 1898 3514 quod
1923 3444 1993 3499 ad
2021 3443 2079 3498 id
2103 3460 2281 3514 usque
2305 3441 2585 3512 temporis
2608 3436 3049 3494 schismaticum
3068 3449 3271 3490 eorum
3293 3431 3472 3488 altare
3493 3429 3678 3486 stabat
3706 3426 3844 3498 Hip-

325 3545 510 3600 pone:
547 3531 700 3584 unde
719 3529 779 3584 in
805 3529 1076 3585 Tractatu
1106 3545 1280 3600 super
1303 3529 1565 3598 ejusdem
1585 3530 1829 3587 Joannis
1852 3529 2169 3602 Epistolam
2196 3529 2314 3601 (cui
2338 3529 2614 3584 nimirum
2637 3526 2985 3597 exponendis
3004 3521 3289 3594 Epistolaa,
3318 3519 3588 3574 inchoata
3616 3515 3840 3571 dudum

327 3636 391 3674 ac
424 3620 754 3675 intermissa
787 3619 1074 3692 paulisper
1106 3618 1400 3690 Evangelii
1429 3620 1786 3688 tractatione,
1811 3622 1965 3676 dedit
1990 3621 2270 3692 operam),
2294 3619 2354 3674 in
2386 3619 2509 3674 hac
2536 3617 2707 3672 verba
2737 3613 3134 3685 conqueritur,
3165 3609 3306 3678 Quid
3325 3609 3616 3679 [aciuntin
3637 3609 3738 3662 hac
3757 3605 3844 3660 ci—

328 3709 493 3761 vitate
522 3708 626 3763 duo
655 3708 909 3762 altaria?
938 3709 1098 3771 Quod
1132 3709 1266 3764 licet
1296 3711 1352 3764 in
1385 3714 1648 3780 tempora
1670 3710 1842 3766 etiam
1867 3710 2155 3766 anteriora
2184 3707 2631 3780 Carthaginensi
2656 3703 2992 3769 Collatione,
3017 3716 3141 3772 quae
3175 3716 3304 3756 cum
3337 3695 3658 3754 Donatistis
3689 3709 3841 3750 anno

328 3792 426 3846 411
463 3792 662 3846 habita
694 3793 820 3860 fuit,
854 3794 1052 3848 referri
1080 3799 1290 3863 queat;
1324 3800 1584 3852 attamen
1612 3797 1748 3868 quia
1770 3813 1873 3870 per
1896 3797 2002 3854 hos
2024 3798 2203 3870 ipsos,
2229 3797 2537 3869 dequibus
2567 3794 2798 3865 agimus
2830 3790 2889 3846 in
2922 3783 3701 3858 Evangelium_'l‘ractatibus,
3724 3796 3840 3836 non

327 3879 516 3936 solum
549 3879 1080 3936 Praedestinationis
1111 3883 1278 3950 ﬁdes,
1311 3883 1396 3938 uti
1429 3901 1520 3940 res
1550 3886 1800 3942 maxime
1821 3887 2140 3959 explorata,
2170 3887 2515 3959 proponitur
2547 3884 2603 3939 in
2636 3884 2850 3938 Tractt.
2877 3896 3004 3948 va,
3029 3893 3222 3942 xnvm,
3258 3889 3447 3939 vam,
3482 3886 3716 3934 Lxxxm,
3748 3885 3838 3937 cv,

326 3987 439 4041 cxi,
470 3978 600 4038 etc.,
633 3971 730 4025 sed
763 3970 936 4026 etiam
970 3972 1442 4043 perstringuntur
1465 3975 1638 4030 tacito
1668 3977 1901 4032 nomine
1924 3976 2209 4048 Pelagiani
2234 3977 2291 4032 in
2310 3977 2529 4031 Tractt.
2557 3990 2675 4039 LIII,
2703 3987 2871 4038 van,
2899 3984 3083 4034 Lxxxr,
3126 3981 3346 4034 Lxxxvx,
3378 3967 3513 4027 etc.,
3545 3960 3681 4016 hinc
3712 3975 3848 4048 prc-

328 4061 473 4116 fecto
497 4058 819 4130 intelligere
839 4059 1046 4115 licebat
1062 4062 1296 4117 eosdem
1335 4063 1642 4119 Tractatus
1664 4081 1777 4120 non
1801 4072 1932 4122 ante
1957 4047 2598 4138 quadringentesimum
2622 4071 2672 4117 et
2689 4059 3065 4116 undecimum
3096 4054 3305 4110 Christi
3331 4065 3702 4120 annum,quo
3728 4047 3843 4120 pri-

327 4166 487 4206 mum
516 4150 804 4206 invehitur
833 4151 890 4204 in
922 4151 1174 4206 Africam
1209 4151 1517 4223 Pelagiana
1540 4153 1797 4221 haeresis,
1822 4156 2007 4212 editos
2035 4157 2236 4212 fuisse.
2263 4155 2372 4211 Sed
2393 4155 2547 4209 aliud
2575 4159 3010 4223 argumentum,
3033 4162 3143 4217 quo
3170 4145 3233 4199 ﬁt
3263 4148 3327 4198 ut
3352 4141 3408 4196 in
3443 4155 3662 4196 annum
3699 4154 3841 4210 qua-

332 4239 858 4312 dringentesimum
888 4239 1176 4296 decimum
1199 4246 1422 4297 sextum
1448 4261 1478 4297 a
1502 4244 1670 4298 nobis
1683 4245 2076 4312 remittantur,
2112 4245 2366 4317 suppetit
2383 4244 2551 4315 longe
2566 4239 2892 4312 expressius
2905 4254 2971 4293 ex
2992 4237 3181 4291 Tract.
3206 4230 3447 4298 cxx,ubi
3464 4228 3841 4317 Nicodemum

326 4331 534 4402 saepius
555 4331 780 4386 venisse
800 4330 868 4385 ad
889 4329 1206 4397 Christum,
1233 4335 1296 4385 ut
1317 4331 1444 4401 ejus
1465 4332 1787 4404 discipulus
1811 4335 2099 4391 audiendo
2124 4315 2534 4405 lieret,'probat
2573 4330 2938 4401 Augustinus
2961 4326 3067 4381 hac
3091 4323 3310 4378 ratione
3335 4338 3348 4375 :
3373 4317 3523 4387 Quod
3547 4323 3708 4383 certe,
3735 4315 3834 4405 ait,

324 4421 482 4475 modo
512 4420 572 4475 in
603 4418 932 4476 reuelatione
959 4420 1200 4492 corporis
1223 4421 1526 4477 beatissimi
1555 4422 1820 4495 Stephani
1849 4423 1997 4495 (quae
2020 4423 2287 4480 videlicet
2309 4404 2458 4478 anno
2476 4416 3050 4494 quadringentesimo
3077 4412 3302 4469 decimo
3336 4408 3541 4481 quinto
3573 4421 3749 4479 prope
3772 4404 3840 4460 ﬁ-

327 4511 448 4564 nito
488 4511 636 4566 facta
666 4511 776 4582 est)
804 4513 922 4580 fere
951 4511 1204 4568 omnibus
1232 4511 1484 4582 gentibus
1514 4511 1848 4570 declaratur.

397 4597 610 4653 Diebus
640 4581 809 4669 porro
842 4601 1200 4671 quibuslibet
1230 4581 1538 4658 Tractatus
1568 4619 1932 4660 sermonesve
1959 4605 2106 4660 hanc
2129 4605 2188 4659 in
2213 4619 2333 4659 rem
2359 4618 2495 4658 suos
2515 4599 2783 4656 habebat.
2808 4587 3361 4682 Primum,‘exempli
3395 4585 3582 4682 gratia
3605 4583 3704 4682 die
3735 4581 3840 4637 d0-

329 4686 562 4752 minico,
599 4688 871 4757 postridie
914 4691 1239 4745 secundum
1262 4705 1325 4745 se
1349 4693 1758 4762 pronuntiasse
1779 4694 1836 4747 in
1864 4694 1967 4748 hoc
1989 4695 2117 4766 ipso
2139 4694 2328 4749 Tract.
2360 4690 2661 4746 uindicat.
2687 4685 2930 4743 Habitus
2960 4684 3094 4737 item
3131 4679 3236 4734 fuit
3267 4674 3554 4768 dominico
3586 4673 3677 4768 die
3702 4686 3845 4768 qua-

325 4776 694 4846 dragesimus
724 4780 940 4844 sextus,
973 4793 1042 4832 ex
1072 4777 1265 4833 Tract.
1306 4759 1455 4835 xnvn
1486 4797 1497 4834 :
1525 4781 1708 4851 pridie
1746 4798 1880 4838 vero
1913 4759 2394 4854 quadragesimus
2425 4781 2688 4852 quintus,
2721 4793 2789 4833 ex
2818 4775 3013 4829 Tract.
3060 4785 3207 4837 XLVI,
3242 4761 3433 4822 dictus
3466 4764 3670 4854 fuerat.
3704 4759 3835 4854 Tri—

325 4867 585 4938 gesimus
617 4868 859 4934 quartus
889 4871 1122 4936 tresque
1152 4873 1486 4938 sequentes,
1519 4875 1769 4940 quatuor
1798 4851 2003 4927 diebus
2037 4851 2355 4940 continuis,
2388 4851 2458 4924 ut
2483 4885 2550 4924 ex
2581 4868 2868 4937 cujusque
2916 4859 3146 4916 exordio
3177 4873 3240 4911 ac
3264 4851 3624 4946 peroratione
3647 4851 3840 4946 .patet,

324 4954 508 5012 habiti
537 4959 695 5022 sunt,
728 4958 784 5010 et
815 4953 1047 5026 quidem
1080 4955 1409 5025 trigesimus
1439 4939 1724 5029 septimus
1756 4960 1848 5016 die
1876 4961 2188 5030 dominico,
2223 4978 2291 5018 ex
2317 4939 2499 5015 Tract.
2528 4971 2758 5012 xxxvm.
2792 4952 2884 5007 Sic
2915 4956 3166 5011 octavus,
3201 4959 3413 5007 nonus,
3448 4945 3505 4996 et
3534 4939 3798 5030 decimus
3827 4952 3839 4989 :

326 5048 406 5101 sic
431 5047 662 5101 tandem
700 5045 793 5100 isti
826 5046 1088 5117 quinque
1103 5063 1217 5116 xix,
1241 5062 1334 5112 xx,
1359 5064 1476 5113 xxi,
1500 5028 1617 5102 xxu
1639 5053 1698 5104 et
1726 5066 1884 5116 xxm,
1909 5051 2123 5123 slnguli
2143 5028 2392 5122 singulis
2414 5046 2774 5104 continenter
2795 5040 3000 5096 diebus
3020 5032 3380 5123 pronuntiati
3411 5028 3842 5123 signiﬁcantur.

326 5132 442 5189 Hoc
459 5135 646 5204 egisse
667 5114 1083 5207 Augustinum,
1109 5141 1172 5190 ut
1194 5114 1222 5189 e
1245 5136 1452 5190 diebus
1475 5136 1758 5194 habenda:
1779 5114 2045 5196 concionvi
2066 5114 2376 5195 destiriatis
2399 5136 2626 5193 nullum
2654 5129 2994 5204 prmteriret,
3015 5125 3102 5180 vel
3131 5118 3663 5214 hinc-intelligitur,
3687 5114 3841 5214 quod

328 5202 520 5275 unum
547 5202 941 5292 hujuscemodi
973 5202 1228 5295 quadam
1252 5225 1553 5281 occasione
1575 5228 1858 5284 omissum
1881 5230 2036 5286 diem
2061 5229 2121 5284 in
2142 5229 2332 5285 Tract.
2355 5243 2479 5294 vm,
2509 5202 2766 5286 excusat,
2793 5223 2850 5274 et
2881 5219 2938 5272 in
2971 5231 3124 5304 XLVI,
3155 5209 3409 5304 praelecti
3438 5209 3508 5304 de
3539 5202 3844 5304 Evangelia

328 5307 439 5364 loci
456 5313 857 5368 tractationem
871 5314 1307 5386 diligentiorem
1325 5314 1382 5369 in
1398 5316 1674 5372 reddendi
1698 5320 1987 5375 sermonis
2013 5319 2137 5374 dies
2165 5317 2428 5375 remittit.
2448 5318 2509 5371 In
2527 5328 2700 5378 vau,
2714 5323 2887 5381 quem
2902 5302 3193 5361 dominico
3215 5302 3309 5356 die
3322 5296 3541 5362 habuit,
3558 5295 3697 5349 dicit
3717 5307 3844 5386 sese

327 5414 430 5471 per
457 5398 759 5468 temporis,
794 5406 857 5455 ut
885 5385 1052 5470 solet,
1073 5405 1396 5476 angustias,
1418 5422 1533 5477 quo
1561 5405 1753 5464 minus
1775 5409 2096 5465 orationem
2118 5408 2309 5464 fusius
2339 5405 2750 5477 prosequatur,
2775 5396 3018 5453 minime
3037 5387 3350 5466 prohiberi.
3371 5385 3844 5477 Testaturcontra

328 5500 771 5556 nonnunquam,
802 5504 868 5544 eo
899 5491 1054 5547 nolle
1083 5474 1382 5553 se‘diebus
1415 5474 1863 5554 s‘olemnioribus
1895 5513 2229 5554 sermonem
2258 5474 2594 5568 producere,
2629 5489 2784 5563 quod
2817 5487 2963 5542 forte
2983 5486 3175 5540 essent
3198 5479 3388 5545 multi,
3419 5474 3512 5548 qui
3537 5475 3731 5568 potius
3754 5487 3842 5527 so-

324 5574 644 5633 lemnitatis
675 5591 848 5633 causa
877 5593 1055 5647 quam
1078 5584 1360 5640 sermonis
1382 5587 1656 5644 audiendi
1683 5587 1969 5647 desiderio
1995 5565 2444 5647 convenissent:
2475 5583 2562 5641 sic
2590 5581 2662 5637 ad
2687 5579 2994 5636 Tractatus
3026 5588 3122 5630 vm
3154 5570 3348 5626 ﬁnem.
3379 5569 3459 5620 Ex
3481 5579 3608 5622 va1
3640 5565 3835 5619 autem
