  <div class='ocr_page' id='page_1' title='image "/cluster/home/n/w/nwhite01/storage/ocr_20150623/35/hvd.32044054170956/038.png"; bbox 0 0 4170 6188; ppageno 0'>
   <div class='ocr_carea' id='block_1_1' title="bbox 308 283 2029 354">
    <p class='ocr_par' dir='ltr' id='par_1_1' title="bbox 308 283 2029 346">
     <span class='ocr_line' id='line_1_1' title="bbox 308 283 2029 346; baseline 0.002 -3"><span class='ocrx_word' id='word_1_1' title='bbox 308 283 460 343; x_wconf 87' lang='grc'><strong>1377</strong></span> <span class='ocrx_word' id='word_1_2' title='bbox 1461 283 1877 346; x_wconf 70' lang='lat' dir='ltr'><strong>PR/EFATIO</strong></span> <span class='ocrx_word' id='word_1_3' title='bbox 1924 287 2029 346; x_wconf 86' lang='lat' dir='ltr'><strong>lN(</strong></span> 
     </span>
    </p>
   </div>
   <div class='ocr_carea' id='block_1_2' title="bbox 2141 283 3831 354">
    <p class='ocr_par' dir='ltr' id='par_1_2' title="bbox 2141 284 3831 354">
     <span class='ocr_line' id='line_1_2' title="bbox 2141 284 3831 354; baseline 0.005 -9"><span class='ocrx_word' id='word_1_4' title='bbox 2141 285 2234 345; x_wconf 84' lang='lat' dir='ltr'><strong>tTl</strong></span> <span class='ocrx_word' id='word_1_5' title='bbox 2279 284 2691 346; x_wconf 77' lang='lat' dir='ltr'><strong>AUCTORIS.</strong></span> <span class='ocrx_word' id='word_1_6' title='bbox 3676 291 3831 354; x_wconf 78' lang='grc'><strong>1378</strong></span> 
     </span>
    </p>
   </div>
   <div class='ocr_carea' id='block_1_3' title="bbox 313 416 3832 490">
    <p class='ocr_par' dir='ltr' id='par_1_3' title="bbox 313 416 3832 490">
     <span class='ocr_line' id='line_1_3' title="bbox 313 416 3832 490; baseline 0.002 -16"><span class='ocrx_word' id='word_1_7' title='bbox 313 419 561 490; x_wconf 84' lang='lat' dir='ltr'><strong>aliisque</strong></span> <span class='ocrx_word' id='word_1_8' title='bbox 581 435 716 474; x_wconf 90' lang='lat' dir='ltr'><strong>eum</strong></span> <span class='ocrx_word' id='word_1_9' title='bbox 743 417 1151 490; x_wconf 82' lang='lat' dir='ltr'><strong>intelligimus,</strong></span> <span class='ocrx_word' id='word_1_10' title='bbox 1176 434 1350 489; x_wconf 87' lang='lat' dir='ltr'><strong>quam</strong></span> <span class='ocrx_word' id='word_1_11' title='bbox 1383 418 1676 489; x_wconf 81' lang='lat' dir='ltr'><strong>Evangelii</strong></span> <span class='ocrx_word' id='word_1_12' title='bbox 1712 424 1930 490; x_wconf 85' lang='lat' dir='ltr'><strong>partem</strong></span> <span class='ocrx_word' id='word_1_13' title='bbox 1958 419 2170 490; x_wconf 89' lang='lat' dir='ltr'><strong>populo</strong></span> <span class='ocrx_word' id='word_1_14' title='bbox 2194 423 2316 474; x_wconf 91' lang='lat' dir='ltr'><strong>erat</strong></span> <span class='ocrx_word' id='word_1_15' title='bbox 2346 418 2707 489; x_wconf 78' lang='lat' dir='ltr'><strong>expositurus</strong></span> <span class='ocrx_word' id='word_1_16' title='bbox 2733 418 2941 486; x_wconf 89' lang='lat' dir='ltr'><strong>jubere</strong></span> <span class='ocrx_word' id='word_1_17' title='bbox 2971 416 3206 474; x_wconf 91' lang='lat' dir='ltr'><strong>solitum</strong></span> <span class='ocrx_word' id='word_1_18' title='bbox 3241 420 3393 475; x_wconf 89' lang='lat' dir='ltr'><strong>inter</strong></span> <span class='ocrx_word' id='word_1_19' title='bbox 3417 422 3612 479; x_wconf 91' lang='lat' dir='ltr'><strong>divina</strong></span> <span class='ocrx_word' id='word_1_20' title='bbox 3639 427 3832 482; x_wconf 87' lang='lat' dir='ltr'><strong>officia</strong></span> 
     </span>
    </p>
   </div>
   <div class='ocr_carea' id='block_1_4' title="bbox 316 507 3828 586">
    <p class='ocr_par' dir='ltr' id='par_1_4' title="bbox 316 507 3828 586">
     <span class='ocr_line' id='line_1_4' title="bbox 316 507 3828 586; baseline 0.002 -22"><span class='ocrx_word' id='word_1_21' title='bbox 316 508 546 564; x_wconf 72' lang='lat' dir='ltr'><strong>recitari</strong></span> <span class='ocrx_word' id='word_1_22' title='bbox 582 525 596 563; x_wconf 90' lang='lat'><strong>:</strong></span> <span class='ocrx_word' id='word_1_23' title='bbox 628 525 803 580; x_wconf 89' lang='lat' dir='ltr'><strong>quam</strong></span> <span class='ocrx_word' id='word_1_24' title='bbox 837 507 1166 580; x_wconf 76' lang='lat' dir='ltr'><strong>praelectam</strong></span> <span class='ocrx_word' id='word_1_25' title='bbox 1203 513 1396 578; x_wconf 90' lang='lat' dir='ltr'><strong>postea</strong></span> <span class='ocrx_word' id='word_1_26' title='bbox 1427 509 1722 563; x_wconf 85' lang='lat' dir='ltr'><strong>nitebatur</strong></span> <span class='ocrx_word' id='word_1_27' title='bbox 1751 509 2057 580; x_wconf 86' lang='lat' dir='ltr'><strong>explicare.</strong></span> <span class='ocrx_word' id='word_1_28' title='bbox 2089 508 2301 563; x_wconf 83' lang='lat' dir='ltr'><strong>Verum</strong></span> <span class='ocrx_word' id='word_1_29' title='bbox 2334 509 2382 563; x_wconf 89' lang='lat' dir='ltr'><strong>si</strong></span> <span class='ocrx_word' id='word_1_30' title='bbox 2415 508 2649 579; x_wconf 83' lang='lat' dir='ltr'><strong>quando</strong></span> <span class='ocrx_word' id='word_1_31' title='bbox 2681 507 2787 561; x_wconf 89' lang='lat' dir='ltr'><strong>hoc</strong></span> <span class='ocrx_word' id='word_1_32' title='bbox 2820 508 3082 562; x_wconf 82' lang='lat' dir='ltr'><strong>futurum</strong></span> <span class='ocrx_word' id='word_1_33' title='bbox 3117 508 3324 564; x_wconf 90' lang='lat' dir='ltr'><strong>fuisset</strong></span> <span class='ocrx_word' id='word_1_34' title='bbox 3352 526 3515 581; x_wconf 79' lang='lat' dir='ltr'><strong>aequo</strong></span> <span class='ocrx_word' id='word_1_35' title='bbox 3565 512 3828 586; x_wconf 86' lang='lat' dir='ltr'><strong>longius,</strong></span> 
     </span>
    </p>
   </div>
   <div class='ocr_carea' id='block_1_5' title="bbox 307 596 3091 669">
    <p class='ocr_par' dir='ltr' id='par_1_5' title="bbox 307 596 3091 669">
     <span class='ocr_line' id='line_1_5' title="bbox 307 596 3091 669; baseline -0.001 -15"><span class='ocrx_word' id='word_1_36' title='bbox 307 598 610 654; x_wconf 88' lang='lat' dir='ltr'><strong>residuum</strong></span> <span class='ocrx_word' id='word_1_37' title='bbox 635 597 696 651; x_wconf 90' lang='lat' dir='ltr'><strong>in</strong></span> <span class='ocrx_word' id='word_1_38' title='bbox 729 596 888 652; x_wconf 80' lang='lat' dir='ltr'><strong>aliud</strong></span> <span class='ocrx_word' id='word_1_39' title='bbox 921 602 1154 667; x_wconf 88' lang='lat' dir='ltr'><strong>tempus</strong></span> <span class='ocrx_word' id='word_1_40' title='bbox 1184 598 1484 652; x_wconf 80' lang='lat' dir='ltr'><strong>dill&#39;erebat</strong></span> <span class='ocrx_word' id='word_1_41' title='bbox 1513 614 1536 661; x_wconf 85' lang='lat'><strong><em>;</em></strong></span> <span class='ocrx_word' id='word_1_42' title='bbox 1565 613 1631 652; x_wconf 91' lang='lat' dir='ltr'><strong>ac</strong></span> <span class='ocrx_word' id='word_1_43' title='bbox 1663 606 1783 652; x_wconf 92' lang='lat' dir='ltr'><strong>tum</strong></span> <span class='ocrx_word' id='word_1_44' title='bbox 1819 613 2048 669; x_wconf 89' lang='lat' dir='ltr'><strong>quoque</strong></span> <span class='ocrx_word' id='word_1_45' title='bbox 2081 598 2254 669; x_wconf 86' lang='lat' dir='ltr'><strong>relegi</strong></span> <span class='ocrx_word' id='word_1_46' title='bbox 2288 597 2665 667; x_wconf 87' lang='lat' dir='ltr'><strong>Evangelium</strong></span> <span class='ocrx_word' id='word_1_47' title='bbox 2699 596 3091 667; x_wconf 81' lang='lat' dir='ltr'><strong>praecipiebat.</strong></span> 
     </span>
    </p>
   </div>
   <div class='ocr_carea' id='block_1_6' title="bbox 381 684 3832 759">
    <p class='ocr_par' dir='ltr' id='par_1_6' title="bbox 381 684 3832 759">
     <span class='ocr_line' id='line_1_6' title="bbox 381 684 3832 759; baseline 0.002 -18"><span class='ocrx_word' id='word_1_48' title='bbox 381 685 671 741; x_wconf 68' lang='lat' dir='ltr'><strong>Caeterum</strong></span> <span class='ocrx_word' id='word_1_49' title='bbox 705 691 907 741; x_wconf 87' lang='lat' dir='ltr'><strong>exacta</strong></span> <span class='ocrx_word' id='word_1_50' title='bbox 931 685 1192 740; x_wconf 88' lang='lat' dir='ltr'><strong>nondum</strong></span> <span class='ocrx_word' id='word_1_51' title='bbox 1219 684 1412 740; x_wconf 91' lang='lat' dir='ltr'><strong>hieme</strong></span> <span class='ocrx_word' id='word_1_52' title='bbox 1441 701 1609 739; x_wconf 90' lang='lat' dir='ltr'><strong>suam</strong></span> <span class='ocrx_word' id='word_1_53' title='bbox 1635 687 1690 741; x_wconf 92' lang='lat' dir='ltr'><strong>in</strong></span> <span class='ocrx_word' id='word_1_54' title='bbox 1713 686 1955 741; x_wconf 79' lang='lat' dir='ltr'><strong>Joannis</strong></span> <span class='ocrx_word' id='word_1_55' title='bbox 1979 685 2352 756; x_wconf 87' lang='lat' dir='ltr'><strong>Evangelium</strong></span> <span class='ocrx_word' id='word_1_56' title='bbox 2378 684 2839 755; x_wconf 81' lang='lat' dir='ltr'><strong>explanationem</strong></span> <span class='ocrx_word' id='word_1_57' title='bbox 2863 701 3173 756; x_wconf 69' lang='lat' dir='ltr'><strong>aggressus</strong></span> <span class='ocrx_word' id='word_1_58' title='bbox 3205 690 3293 742; x_wconf 89' lang='lat' dir='ltr'><strong>est</strong></span> <span class='ocrx_word' id='word_1_59' title='bbox 3311 689 3695 759; x_wconf 80' lang='lat' dir='ltr'><strong>Augustinus.</strong></span> <span class='ocrx_word' id='word_1_60' title='bbox 3719 693 3832 746; x_wconf 85' lang='lat' dir='ltr'><strong>Te-</strong></span> 
     </span>
    </p>
   </div>
   <div class='ocr_carea' id='block_1_7' title="bbox 301 774 3828 846">
    <p class='ocr_par' dir='ltr' id='par_1_7' title="bbox 301 774 3828 846">
     <span class='ocr_line' id='line_1_7' title="bbox 301 774 3828 846; baseline 0.001 -16"><span class='ocrx_word' id='word_1_61' title='bbox 301 779 496 830; x_wconf 79' lang='lat' dir='ltr'><strong>statur</strong></span> <span class='ocrx_word' id='word_1_62' title='bbox 525 776 739 846; x_wconf 89' lang='lat' dir='ltr'><strong>quippe</strong></span> <span class='ocrx_word' id='word_1_63' title='bbox 768 776 826 828; x_wconf 91' lang='lat' dir='ltr'><strong>in</strong></span> <span class='ocrx_word' id='word_1_64' title='bbox 859 774 1047 829; x_wconf 90' lang='lat' dir='ltr'><strong>Tract.</strong></span> <span class='ocrx_word' id='word_1_65' title='bbox 1080 791 1154 840; x_wconf 79' lang='lat' dir='ltr'><strong>vr,</strong></span> <span class='ocrx_word' id='word_1_66' title='bbox 1188 790 1315 830; x_wconf 88' lang='lat' dir='ltr'><strong>sese</strong></span> <span class='ocrx_word' id='word_1_67' title='bbox 1344 774 1706 829; x_wconf 89' lang='lat' dir='ltr'><strong>subveritum</strong></span> <span class='ocrx_word' id='word_1_68' title='bbox 1739 792 1808 830; x_wconf 90' lang='lat' dir='ltr'><strong>ne</strong></span> <span class='ocrx_word' id='word_1_69' title='bbox 1841 776 2090 846; x_wconf 89' lang='lat' dir='ltr'><strong>populus</strong></span> <span class='ocrx_word' id='word_1_70' title='bbox 2135 793 2169 830; x_wconf 91' lang='lat' dir='ltr'><strong>a</strong></span> <span class='ocrx_word' id='word_1_71' title='bbox 2191 775 2612 846; x_wconf 87' lang='lat' dir='ltr'><strong>frequentanda</strong></span> <span class='ocrx_word' id='word_1_72' title='bbox 2642 774 2882 829; x_wconf 85' lang='lat' dir='ltr'><strong>ecclesia</strong></span> <span class='ocrx_word' id='word_1_73' title='bbox 2914 775 3138 839; x_wconf 73' lang='lat' dir='ltr'><strong>frigoris</strong></span> <span class='ocrx_word' id='word_1_74' title='bbox 3178 776 3226 830; x_wconf 89' lang='lat' dir='ltr'><strong>vi</strong></span> <span class='ocrx_word' id='word_1_75' title='bbox 3253 779 3654 837; x_wconf 87' lang='lat' dir='ltr'><strong>deterreretur.</strong></span> <span class='ocrx_word' id='word_1_76' title='bbox 3680 783 3741 836; x_wconf 90' lang='lat' dir='ltr'><strong>In</strong></span> <span class='ocrx_word' id='word_1_77' title='bbox 3773 799 3828 845; x_wconf 76' lang='grc' dir='ltr'><strong>χ,</strong></span> 
     </span>
    </p>
   </div>
   <div class='ocr_carea' id='block_1_8' title="bbox 303 864 3830 936">
    <p class='ocr_par' dir='ltr' id='par_1_8' title="bbox 303 864 3830 936">
     <span class='ocr_line' id='line_1_8' title="bbox 303 864 3830 936; baseline 0.002 -17"><span class='ocrx_word' id='word_1_78' title='bbox 303 865 644 936; x_wconf 89' lang='lat' dir='ltr'><strong>proximum</strong></span> <span class='ocrx_word' id='word_1_79' title='bbox 681 864 974 936; x_wconf 82' lang='lat' dir='ltr'><strong>signiﬁcat</strong></span> <span class='ocrx_word' id='word_1_80' title='bbox 1005 873 1235 935; x_wconf 81' lang='lat' dir='ltr'><strong>tempus</strong></span> <span class='ocrx_word' id='word_1_81' title='bbox 1260 864 1584 930; x_wconf 85' lang='lat' dir='ltr'><strong>imminere,</strong></span> <span class='ocrx_word' id='word_1_82' title='bbox 1621 872 1681 918; x_wconf 89' lang='lat' dir='ltr'><strong>ut</strong></span> <span class='ocrx_word' id='word_1_83' title='bbox 1713 864 2002 934; x_wconf 87' lang='lat' dir='ltr'><strong>passionis</strong></span> <span class='ocrx_word' id='word_1_84' title='bbox 2041 882 2106 920; x_wconf 87' lang='lat' dir='ltr'><strong>ac</strong></span> <span class='ocrx_word' id='word_1_85' title='bbox 2138 864 2577 919; x_wconf 75' lang='lat' dir='ltr'><strong>resurrectionis</strong></span> <span class='ocrx_word' id='word_1_86' title='bbox 2603 865 2911 918; x_wconf 86' lang='lat' dir='ltr'><strong>Dominicae</strong></span> <span class='ocrx_word' id='word_1_87' title='bbox 2945 864 3288 920; x_wconf 89' lang='lat' dir='ltr'><strong>solemnitas</strong></span> <span class='ocrx_word' id='word_1_88' title='bbox 3320 866 3655 925; x_wconf 86' lang='lat' dir='ltr'><strong>celebretur.</strong></span> <span class='ocrx_word' id='word_1_89' title='bbox 3690 871 3752 924; x_wconf 89' lang='lat' dir='ltr'><strong>In</strong></span> <span class='ocrx_word' id='word_1_90' title='bbox 3775 887 3830 924; x_wconf 71' lang='grc' dir='ltr'><strong>ιι</strong></span> 
     </span>
    </p>
   </div>
   <div class='ocr_carea' id='block_1_9' title="bbox 301 952 3833 1028">
    <p class='ocr_par' dir='ltr' id='par_1_9' title="bbox 301 952 3833 1028">
     <span class='ocr_line' id='line_1_9' title="bbox 301 952 3833 1028; baseline 0.002 -20"><span class='ocrx_word' id='word_1_91' title='bbox 301 960 532 1020; x_wconf 88' lang='lat' dir='ltr'><strong>autem,</strong></span> <span class='ocrx_word' id='word_1_92' title='bbox 558 962 617 1009; x_wconf 88' lang='lat' dir='ltr'><strong>ut</strong></span> <span class='ocrx_word' id='word_1_93' title='bbox 649 954 988 1008; x_wconf 82' lang='lat' dir='ltr'><strong>adhortatur</strong></span> <span class='ocrx_word' id='word_1_94' title='bbox 1017 952 1489 1019; x_wconf 85' lang='lat' dir='ltr'><strong>catechumenos,</strong></span> <span class='ocrx_word' id='word_1_95' title='bbox 1517 954 1640 1022; x_wconf 90' lang='lat' dir='ltr'><strong>jam</strong></span> <span class='ocrx_word' id='word_1_96' title='bbox 1663 958 1888 1023; x_wconf 87' lang='lat' dir='ltr'><strong>tempus</strong></span> <span class='ocrx_word' id='word_1_97' title='bbox 1911 954 2154 1025; x_wconf 83' lang='lat' dir='ltr'><strong>exigere.</strong></span> <span class='ocrx_word' id='word_1_98' title='bbox 2179 954 2371 1008; x_wconf 89' lang='lat' dir='ltr'><strong>Pridie</strong></span> <span class='ocrx_word' id='word_1_99' title='bbox 2402 953 2530 1021; x_wconf 89' lang='lat' dir='ltr'><strong>ejus</strong></span> <span class='ocrx_word' id='word_1_100' title='bbox 2552 953 2661 1007; x_wconf 89' lang='lat' dir='ltr'><strong>diei</strong></span> <span class='ocrx_word' id='word_1_101' title='bbox 2694 970 2806 1023; x_wconf 91' lang='lat' dir='ltr'><strong>quo</strong></span> <span class='ocrx_word' id='word_1_102' title='bbox 2833 954 3034 1007; x_wconf 89' lang='lat' dir='ltr'><strong>habuit</strong></span> <span class='ocrx_word' id='word_1_103' title='bbox 3068 956 3473 1014; x_wconf 85' lang='lat' dir='ltr'><strong>xu,dieturum</strong></span> <span class='ocrx_word' id='word_1_104' title='bbox 3497 975 3559 1014; x_wconf 90' lang='lat' dir='ltr'><strong>se</strong></span> <span class='ocrx_word' id='word_1_105' title='bbox 3590 959 3659 1013; x_wconf 88' lang='lat' dir='ltr'><strong>de</strong></span> <span class='ocrx_word' id='word_1_106' title='bbox 3696 975 3833 1028; x_wconf 90' lang='lat' dir='ltr'><strong>pace</strong></span> 
     </span>
    </p>
   </div>
   <div class='ocr_carea' id='block_1_10' title="bbox 300 1041 3833 1114">
    <p class='ocr_par' dir='ltr' id='par_1_10' title="bbox 300 1041 3833 1114">
     <span class='ocr_line' id='line_1_10' title="bbox 300 1041 3833 1114; baseline 0.001 -16"><span class='ocrx_word' id='word_1_107' title='bbox 300 1042 605 1108; x_wconf 75' lang='lat' dir='ltr'><strong>Ecclesiae,</strong></span> <span class='ocrx_word' id='word_1_108' title='bbox 639 1043 724 1098; x_wconf 87' lang='lat' dir='ltr'><strong>vel</strong></span> <span class='ocrx_word' id='word_1_109' title='bbox 757 1042 896 1112; x_wconf 90' lang='lat' dir='ltr'><strong>quid</strong></span> <span class='ocrx_word' id='word_1_110' title='bbox 930 1042 1168 1114; x_wconf 85' lang='lat' dir='ltr'><strong>egisset,</strong></span> <span class='ocrx_word' id='word_1_111' title='bbox 1195 1043 1278 1097; x_wconf 78' lang='lat' dir='ltr'><strong>vel</strong></span> <span class='ocrx_word' id='word_1_112' title='bbox 1312 1043 1446 1113; x_wconf 91' lang='lat' dir='ltr'><strong>quie</strong></span> <span class='ocrx_word' id='word_1_113' title='bbox 1475 1041 1663 1097; x_wconf 90' lang='lat' dir='ltr'><strong>adhuc</strong></span> <span class='ocrx_word' id='word_1_114' title='bbox 1696 1043 1986 1114; x_wconf 88' lang='lat' dir='ltr'><strong>agendum</strong></span> <span class='ocrx_word' id='word_1_115' title='bbox 2019 1050 2296 1113; x_wconf 89' lang='lat' dir='ltr'><strong>speraret,</strong></span> <span class='ocrx_word' id='word_1_116' title='bbox 2321 1043 2532 1113; x_wconf 86' lang='lat' dir='ltr'><strong>pepulo</strong></span> <span class='ocrx_word' id='word_1_117' title='bbox 2566 1042 2941 1112; x_wconf 85' lang='lat' dir='ltr'><strong>promiserat:</strong></span> <span class='ocrx_word' id='word_1_118' title='bbox 2975 1044 3071 1096; x_wconf 91' lang='lat' dir='ltr'><strong>sed</strong></span> <span class='ocrx_word' id='word_1_119' title='bbox 3111 1045 3456 1112; x_wconf 79' lang='lat' dir='ltr'><strong>praemittere</strong></span> <span class='ocrx_word' id='word_1_120' title='bbox 3482 1045 3711 1101; x_wconf 87' lang='lat' dir='ltr'><strong>solitam</strong></span> <span class='ocrx_word' id='word_1_121' title='bbox 3765 1049 3833 1103; x_wconf 90' lang='lat' dir='ltr'><strong>de</strong></span> 
     </span>
    </p>
   </div>
   <div class='ocr_carea' id='block_1_11' title="bbox 299 1131 3825 1204">
    <p class='ocr_par' dir='ltr' id='par_1_11' title="bbox 299 1131 3825 1204">
     <span class='ocr_line' id='line_1_11' title="bbox 299 1131 3825 1204; baseline 0.001 -18"><span class='ocrx_word' id='word_1_122' title='bbox 299 1132 556 1188; x_wconf 88' lang='lat' dir='ltr'><strong>lectione</strong></span> <span class='ocrx_word' id='word_1_123' title='bbox 588 1131 917 1201; x_wconf 81' lang='lat' dir='ltr'><strong>evangelica</strong></span> <span class='ocrx_word' id='word_1_124' title='bbox 948 1131 1356 1186; x_wconf 83' lang='lat' dir='ltr'><strong>tractationem</strong></span> <span class='ocrx_word' id='word_1_125' title='bbox 1391 1131 1593 1198; x_wconf 91' lang='lat' dir='ltr'><strong>voluit,</strong></span> <span class='ocrx_word' id='word_1_126' title='bbox 1629 1148 1691 1186; x_wconf 89' lang='lat' dir='ltr'><strong>ac</strong></span> <span class='ocrx_word' id='word_1_127' title='bbox 1721 1137 1845 1186; x_wconf 89' lang='lat' dir='ltr'><strong>tum</strong></span> <span class='ocrx_word' id='word_1_128' title='bbox 1870 1133 2041 1188; x_wconf 85' lang='lat' dir='ltr'><strong>ﬁdem</strong></span> <span class='ocrx_word' id='word_1_129' title='bbox 2066 1149 2225 1186; x_wconf 85' lang='lat' dir='ltr'><strong>suam</strong></span> <span class='ocrx_word' id='word_1_130' title='bbox 2251 1131 2514 1186; x_wconf 89' lang='lat' dir='ltr'><strong>liberare.</strong></span> <span class='ocrx_word' id='word_1_131' title='bbox 2540 1133 2685 1197; x_wconf 90' lang='lat' dir='ltr'><strong>Quid</strong></span> <span class='ocrx_word' id='word_1_132' title='bbox 2714 1131 2856 1186; x_wconf 89' lang='lat' dir='ltr'><strong>illud</strong></span> <span class='ocrx_word' id='word_1_133' title='bbox 2881 1147 3050 1202; x_wconf 91' lang='lat' dir='ltr'><strong>porro</strong></span> <span class='ocrx_word' id='word_1_134' title='bbox 3076 1133 3263 1202; x_wconf 87' lang='lat' dir='ltr'><strong>fuerit,</strong></span> <span class='ocrx_word' id='word_1_135' title='bbox 3291 1136 3442 1204; x_wconf 91' lang='lat' dir='ltr'><strong>quod</strong></span> <span class='ocrx_word' id='word_1_136' title='bbox 3466 1137 3536 1190; x_wconf 89' lang='lat' dir='ltr'><strong>de</strong></span> <span class='ocrx_word' id='word_1_137' title='bbox 3563 1136 3825 1192; x_wconf 81' lang='lat' dir='ltr'><strong>Ecclesiae</strong></span> 
     </span>
    </p>
   </div>
   <div class='ocr_carea' id='block_1_12' title="bbox 302 1221 3832 1295">
    <p class='ocr_par' dir='ltr' id='par_1_12' title="bbox 302 1221 3832 1295">
     <span class='ocr_line' id='line_1_12' title="bbox 302 1221 3832 1295; baseline 0.001 -18"><span class='ocrx_word' id='word_1_138' title='bbox 302 1239 452 1295; x_wconf 85' lang='lat' dir='ltr'><strong>pace</strong></span> <span class='ocrx_word' id='word_1_139' title='bbox 486 1221 800 1278; x_wconf 88' lang='lat' dir='ltr'><strong>dicendum</strong></span> <span class='ocrx_word' id='word_1_140' title='bbox 838 1221 1111 1289; x_wconf 87' lang='lat' dir='ltr'><strong>habebat,</strong></span> <span class='ocrx_word' id='word_1_141' title='bbox 1149 1221 1578 1292; x_wconf 91' lang='lat' dir='ltr'><strong>incompertum</strong></span> <span class='ocrx_word' id='word_1_142' title='bbox 1610 1229 1696 1277; x_wconf 90' lang='lat' dir='ltr'><strong>est</strong></span> <span class='ocrx_word' id='word_1_143' title='bbox 1728 1246 1742 1288; x_wconf 89' lang='lat'><strong>;</strong></span> <span class='ocrx_word' id='word_1_144' title='bbox 1778 1221 2042 1292; x_wconf 87' lang='lat' dir='ltr'><strong>nequein</strong></span> <span class='ocrx_word' id='word_1_145' title='bbox 2077 1223 2341 1292; x_wconf 88' lang='lat' dir='ltr'><strong>ejusdem</strong></span> <span class='ocrx_word' id='word_1_146' title='bbox 2372 1221 2735 1276; x_wconf 88' lang='lat' dir='ltr'><strong>tractationis</strong></span> <span class='ocrx_word' id='word_1_147' title='bbox 2769 1221 2880 1275; x_wconf 83' lang='lat' dir='ltr'><strong>line</strong></span> <span class='ocrx_word' id='word_1_148' title='bbox 2917 1223 3312 1291; x_wconf 87' lang='lat' dir='ltr'><strong>conscriptum</strong></span> <span class='ocrx_word' id='word_1_149' title='bbox 3349 1223 3478 1276; x_wconf 91' lang='lat' dir='ltr'><strong>fuit.</strong></span> <span class='ocrx_word' id='word_1_150' title='bbox 3508 1224 3743 1279; x_wconf 90' lang='lat' dir='ltr'><strong>Videtur</strong></span> <span class='ocrx_word' id='word_1_151' title='bbox 3764 1242 3832 1280; x_wconf 88' lang='lat' dir='ltr'><strong>ex</strong></span> 
     </span>
    </p>
   </div>
   <div class='ocr_carea' id='block_1_13' title="bbox 307 1310 3834 1385">
    <p class='ocr_par' dir='ltr' id='par_1_13' title="bbox 307 1310 3834 1385">
     <span class='ocr_line' id='line_1_13' title="bbox 307 1310 3834 1385; baseline 0 -19"><span class='ocrx_word' id='word_1_152' title='bbox 307 1329 417 1367; x_wconf 80' lang='lat' dir='ltr'><strong>xm</strong></span> <span class='ocrx_word' id='word_1_153' title='bbox 449 1312 755 1366; x_wconf 86' lang='lat' dir='ltr'><strong>Tractatus</strong></span> <span class='ocrx_word' id='word_1_154' title='bbox 787 1310 1018 1366; x_wconf 88' lang='lat' dir='ltr'><strong>exordio</strong></span> <span class='ocrx_word' id='word_1_155' title='bbox 1048 1327 1218 1380; x_wconf 87' lang='lat' dir='ltr'><strong>posse</strong></span> <span class='ocrx_word' id='word_1_156' title='bbox 1248 1310 1465 1382; x_wconf 91' lang='lat' dir='ltr'><strong>colligi,</strong></span> <span class='ocrx_word' id='word_1_157' title='bbox 1487 1328 1518 1365; x_wconf 88' lang='lat' dir='ltr'><strong>a</strong></span> <span class='ocrx_word' id='word_1_158' title='bbox 1549 1311 1753 1366; x_wconf 89' lang='lat' dir='ltr'><strong>diebus</strong></span> <span class='ocrx_word' id='word_1_159' title='bbox 1779 1329 1892 1366; x_wconf 92' lang='lat' dir='ltr'><strong>non</strong></span> <span class='ocrx_word' id='word_1_160' title='bbox 1919 1311 1995 1365; x_wconf 88' lang='lat' dir='ltr'><strong>ita</strong></span> <span class='ocrx_word' id='word_1_161' title='bbox 2030 1311 2234 1382; x_wconf 89' lang='lat' dir='ltr'><strong>paucis</strong></span> <span class='ocrx_word' id='word_1_162' title='bbox 2258 1311 2651 1366; x_wconf 90' lang='lat' dir='ltr'><strong>intermissum</strong></span> <span class='ocrx_word' id='word_1_163' title='bbox 2684 1310 2840 1385; x_wconf 89' lang='lat' dir='ltr'><strong>abeo</strong></span> <span class='ocrx_word' id='word_1_164' title='bbox 2867 1312 3046 1365; x_wconf 78' lang='lat' dir='ltr'><strong>fuisse</strong></span> <span class='ocrx_word' id='word_1_165' title='bbox 3077 1312 3316 1366; x_wconf 86' lang='lat' dir='ltr'><strong>Joannis</strong></span> <span class='ocrx_word' id='word_1_166' title='bbox 3340 1313 3749 1379; x_wconf 77' lang='lat' dir='ltr'><strong>Evangelium:</strong></span> <span class='ocrx_word' id='word_1_167' title='bbox 3777 1319 3834 1368; x_wconf 90' lang='lat' dir='ltr'><strong>et</strong></span> 
     </span>
    </p>
   </div>
   <div class='ocr_carea' id='block_1_14' title="bbox 308 1400 3832 1473">
    <p class='ocr_par' dir='ltr' id='par_1_14' title="bbox 308 1400 3832 1473">
     <span class='ocr_line' id='line_1_14' title="bbox 308 1400 3832 1473; baseline 0 -17"><span class='ocrx_word' id='word_1_168' title='bbox 308 1402 512 1473; x_wconf 84' lang='lat' dir='ltr'><strong>reipsa</strong></span> <span class='ocrx_word' id='word_1_169' title='bbox 542 1400 687 1455; x_wconf 90' lang='lat' dir='ltr'><strong>illud</strong></span> <span class='ocrx_word' id='word_1_170' title='bbox 724 1417 823 1471; x_wconf 90' lang='lat' dir='ltr'><strong>per</strong></span> <span class='ocrx_word' id='word_1_171' title='bbox 854 1400 1153 1455; x_wconf 82' lang='lat' dir='ltr'><strong>Paschalis</strong></span> <span class='ocrx_word' id='word_1_172' title='bbox 1181 1400 1346 1466; x_wconf 85' lang='lat' dir='ltr'><strong>festa,</strong></span> <span class='ocrx_word' id='word_1_173' title='bbox 1389 1417 1515 1471; x_wconf 67' lang='lat' dir='ltr'><strong>quae</strong></span> <span class='ocrx_word' id='word_1_174' title='bbox 1541 1401 1596 1454; x_wconf 90' lang='lat' dir='ltr'><strong>in</strong></span> <span class='ocrx_word' id='word_1_175' title='bbox 1626 1402 1660 1454; x_wconf 86' lang='lat'>2</span> <span class='ocrx_word' id='word_1_176' title='bbox 1692 1401 1846 1455; x_wconf 88' lang='lat' dir='ltr'><strong>diem</strong></span> <span class='ocrx_word' id='word_1_177' title='bbox 1881 1400 2081 1470; x_wconf 88' lang='lat' dir='ltr'><strong>aprilis</strong></span> <span class='ocrx_word' id='word_1_178' title='bbox 2111 1417 2264 1456; x_wconf 87' lang='lat' dir='ltr'><strong>anno</strong></span> <span class='ocrx_word' id='word_1_179' title='bbox 2317 1401 2422 1455; x_wconf 83' lang='grc'><strong>416</strong></span> <span class='ocrx_word' id='word_1_180' title='bbox 2453 1400 2810 1463; x_wconf 77' lang='lat' dir='ltr'><strong>incidebant,</strong></span> <span class='ocrx_word' id='word_1_181' title='bbox 2851 1401 3174 1470; x_wconf 73' lang='lat' dir='ltr'><strong>interrupit,</strong></span> <span class='ocrx_word' id='word_1_182' title='bbox 3207 1419 3272 1455; x_wconf 75' lang='lat' dir='ltr'><strong>eo</strong></span> <span class='ocrx_word' id='word_1_183' title='bbox 3304 1402 3459 1472; x_wconf 89' lang='lat' dir='ltr'><strong>quod</strong></span> <span class='ocrx_word' id='word_1_184' title='bbox 3515 1402 3600 1457; x_wconf 89' lang='lat' dir='ltr'><strong>his</strong></span> <span class='ocrx_word' id='word_1_185' title='bbox 3625 1402 3832 1456; x_wconf 87' lang='lat' dir='ltr'><strong>diebus</strong></span> 
     </span>
    </p>
   </div>
   <div class='ocr_carea' id='block_1_15' title="bbox 295 1488 3832 1561">
    <p class='ocr_par' dir='ltr' id='par_1_15' title="bbox 295 1488 3832 1561">
     <span class='ocr_line' id='line_1_15' title="bbox 295 1488 3832 1561; baseline -0.001 -15"><span class='ocrx_word' id='word_1_186' title='bbox 295 1494 448 1546; x_wconf 83' lang='lat' dir='ltr'><strong>ﬁxas</strong></span> <span class='ocrx_word' id='word_1_187' title='bbox 483 1496 541 1547; x_wconf 92' lang='lat' dir='ltr'><strong>et</strong></span> <span class='ocrx_word' id='word_1_188' title='bbox 563 1494 752 1546; x_wconf 90' lang='lat' dir='ltr'><strong>certas</strong></span> <span class='ocrx_word' id='word_1_189' title='bbox 774 1507 842 1546; x_wconf 84' lang='lat' dir='ltr'><strong>ex</strong></span> <span class='ocrx_word' id='word_1_190' title='bbox 874 1489 1178 1560; x_wconf 84' lang='lat' dir='ltr'><strong>Evangelio</strong></span> <span class='ocrx_word' id='word_1_191' title='bbox 1201 1490 1480 1545; x_wconf 82' lang='lat' dir='ltr'><strong>lectiones</strong></span> <span class='ocrx_word' id='word_1_192' title='bbox 1507 1494 1795 1561; x_wconf 87' lang='lat' dir='ltr'><strong>oporteret</strong></span> <span class='ocrx_word' id='word_1_193' title='bbox 1820 1488 1878 1544; x_wconf 90' lang='lat' dir='ltr'><strong>in</strong></span> <span class='ocrx_word' id='word_1_194' title='bbox 1902 1489 2156 1544; x_wconf 85' lang='lat' dir='ltr'><strong>Ecclesia</strong></span> <span class='ocrx_word' id='word_1_195' title='bbox 2178 1490 2432 1555; x_wconf 87' lang='lat' dir='ltr'><strong>recitari,</strong></span> <span class='ocrx_word' id='word_1_196' title='bbox 2457 1490 2667 1561; x_wconf 86' lang='lat' dir='ltr'><strong>quibus</strong></span> <span class='ocrx_word' id='word_1_197' title='bbox 2703 1490 3057 1544; x_wconf 78' lang='lat' dir='ltr'><strong>substituere</strong></span> <span class='ocrx_word' id='word_1_198' title='bbox 3080 1488 3224 1543; x_wconf 85' lang='lat' dir='ltr'><strong>alias</strong></span> <span class='ocrx_word' id='word_1_199' title='bbox 3251 1507 3362 1545; x_wconf 92' lang='lat' dir='ltr'><strong>non</strong></span> <span class='ocrx_word' id='word_1_200' title='bbox 3389 1489 3633 1546; x_wconf 83' lang='lat' dir='ltr'><strong>licebat:</strong></span> <span class='ocrx_word' id='word_1_201' title='bbox 3665 1491 3832 1544; x_wconf 84' lang='lat' dir='ltr'><strong>sicuti</strong></span> 
     </span>
    </p>
   </div>
   <div class='ocr_carea' id='block_1_16' title="bbox 301 1579 3832 1651">
    <p class='ocr_par' dir='ltr' id='par_1_16' title="bbox 301 1579 3832 1651">
     <span class='ocr_line' id='line_1_16' title="bbox 301 1579 3832 1651; baseline -0.001 -15"><span class='ocrx_word' id='word_1_202' title='bbox 301 1599 417 1636; x_wconf 87' lang='lat' dir='ltr'><strong>sua</strong></span> <span class='ocrx_word' id='word_1_203' title='bbox 450 1581 509 1634; x_wconf 90' lang='lat' dir='ltr'><strong>in</strong></span> <span class='ocrx_word' id='word_1_204' title='bbox 544 1579 978 1651; x_wconf 87' lang='lat' dir='ltr'><strong>Expositionem</strong></span> <span class='ocrx_word' id='word_1_205' title='bbox 1011 1579 1281 1647; x_wconf 63' lang='lat' dir='ltr'><strong>Epistolas</strong></span> <span class='ocrx_word' id='word_1_206' title='bbox 1312 1580 1558 1635; x_wconf 84' lang='lat' dir='ltr'><strong>Joannis</strong></span> <span class='ocrx_word' id='word_1_207' title='bbox 1591 1579 1918 1649; x_wconf 72' lang='lat' dir='ltr'><strong>praefatione</strong></span> <span class='ocrx_word' id='word_1_208' title='bbox 1949 1581 2133 1634; x_wconf 90' lang='lat' dir='ltr'><strong>docet.</strong></span> <span class='ocrx_word' id='word_1_209' title='bbox 2171 1579 2310 1634; x_wconf 83' lang='lat' dir='ltr'><strong>Nam</strong></span> <span class='ocrx_word' id='word_1_210' title='bbox 2349 1579 2564 1634; x_wconf 86' lang='lat' dir='ltr'><strong>interea</strong></span> <span class='ocrx_word' id='word_1_211' title='bbox 2587 1580 2866 1649; x_wconf 86' lang='lat' dir='ltr'><strong>temporis</strong></span> <span class='ocrx_word' id='word_1_212' title='bbox 2903 1580 3292 1634; x_wconf 86' lang='lat' dir='ltr'><strong>enarrandam</strong></span> <span class='ocrx_word' id='word_1_213' title='bbox 3328 1579 3475 1635; x_wconf 91' lang='lat' dir='ltr'><strong>hanc</strong></span> <span class='ocrx_word' id='word_1_214' title='bbox 3500 1581 3676 1649; x_wconf 77' lang='lat' dir='ltr'><strong>ipsum</strong></span> <span class='ocrx_word' id='word_1_215' title='bbox 3706 1580 3832 1648; x_wconf 75' lang='lat' dir='ltr'><strong>Epi-</strong></span> 
     </span>
    </p>
   </div>
   <div class='ocr_carea' id='block_1_17' title="bbox 298 1667 3830 1740">
    <p class='ocr_par' dir='ltr' id='par_1_17' title="bbox 298 1667 3830 1740">
     <span class='ocr_line' id='line_1_17' title="bbox 298 1667 3830 1740; baseline -0.001 -16"><span class='ocrx_word' id='word_1_216' title='bbox 298 1671 516 1724; x_wconf 86' lang='lat' dir='ltr'><strong>stolam</strong></span> <span class='ocrx_word' id='word_1_217' title='bbox 548 1670 842 1740; x_wconf 85' lang='lat' dir='ltr'><strong>suscepit:</strong></span> <span class='ocrx_word' id='word_1_218' title='bbox 879 1685 1125 1739; x_wconf 84' lang='lat' dir='ltr'><strong>moxque</strong></span> <span class='ocrx_word' id='word_1_219' title='bbox 1148 1686 1215 1723; x_wconf 89' lang='lat' dir='ltr'><strong>ea</strong></span> <span class='ocrx_word' id='word_1_220' title='bbox 1239 1673 1590 1740; x_wconf 86' lang='lat' dir='ltr'><strong>pertractata</strong></span> <span class='ocrx_word' id='word_1_221' title='bbox 1611 1668 1779 1723; x_wconf 88' lang='lat' dir='ltr'><strong>rediit</strong></span> <span class='ocrx_word' id='word_1_222' title='bbox 1811 1669 1878 1723; x_wconf 89' lang='lat' dir='ltr'><strong>ad</strong></span> <span class='ocrx_word' id='word_1_223' title='bbox 1915 1668 2309 1737; x_wconf 83' lang='lat' dir='ltr'><strong>Evangelium.</strong></span> <span class='ocrx_word' id='word_1_224' title='bbox 2335 1670 2397 1721; x_wconf 89' lang='lat' dir='ltr'><strong>In</strong></span> <span class='ocrx_word' id='word_1_225' title='bbox 2418 1669 2586 1735; x_wconf 80' lang='lat' dir='ltr'><strong>cujus</strong></span> <span class='ocrx_word' id='word_1_226' title='bbox 2613 1667 2994 1738; x_wconf 84' lang='lat' dir='ltr'><strong>explicatione</strong></span> <span class='ocrx_word' id='word_1_227' title='bbox 3021 1669 3360 1722; x_wconf 82' lang='lat' dir='ltr'><strong>Tractatum</strong></span> <span class='ocrx_word' id='word_1_228' title='bbox 3385 1685 3560 1732; x_wconf 77' lang='lat' dir='ltr'><strong>xxv”,</strong></span> <span class='ocrx_word' id='word_1_229' title='bbox 3583 1667 3830 1722; x_wconf 87' lang='lat' dir='ltr'><strong>necdum</strong></span> 
     </span>
    </p>
   </div>
   <div class='ocr_carea' id='block_1_18' title="bbox 303 1757 3829 1829">
    <p class='ocr_par' dir='ltr' id='par_1_18' title="bbox 303 1757 3829 1829">
     <span class='ocr_line' id='line_1_18' title="bbox 303 1757 3829 1829; baseline -0.001 -14"><span class='ocrx_word' id='word_1_230' title='bbox 303 1761 366 1815; x_wconf 91' lang='lat' dir='ltr'><strong>in</strong></span> <span class='ocrx_word' id='word_1_231' title='bbox 402 1759 700 1814; x_wconf 87' lang='lat' dir='ltr'><strong>Laurentii</strong></span> <span class='ocrx_word' id='word_1_232' title='bbox 735 1757 1023 1829; x_wconf 87' lang='lat' dir='ltr'><strong>martyris,</strong></span> <span class='ocrx_word' id='word_1_233' title='bbox 1059 1775 1234 1829; x_wconf 89' lang='lat' dir='ltr'><strong>quem</strong></span> <span class='ocrx_word' id='word_1_234' title='bbox 1266 1757 1486 1813; x_wconf 89' lang='lat' dir='ltr'><strong>ibidem</strong></span> <span class='ocrx_word' id='word_1_235' title='bbox 1520 1759 1736 1827; x_wconf 86' lang='lat' dir='ltr'><strong>laudat,</strong></span> <span class='ocrx_word' id='word_1_236' title='bbox 1771 1758 2106 1813; x_wconf 84' lang='lat' dir='ltr'><strong>celebritate</strong></span> <span class='ocrx_word' id='word_1_237' title='bbox 2139 1767 2466 1812; x_wconf 86' lang='lat' dir='ltr'><strong>excesserat</strong></span> <span class='ocrx_word' id='word_1_238' title='bbox 2499 1771 2512 1808; x_wconf 89' lang='lat'><strong>:</strong></span> <span class='ocrx_word' id='word_1_239' title='bbox 2546 1757 2776 1812; x_wconf 76' lang='lat' dir='ltr'><strong>tametsi</strong></span> <span class='ocrx_word' id='word_1_240' title='bbox 2799 1759 3058 1827; x_wconf 90' lang='lat' dir='ltr'><strong>quinque</strong></span> <span class='ocrx_word' id='word_1_241' title='bbox 3089 1758 3444 1812; x_wconf 86' lang='lat' dir='ltr'><strong>Tractatusa</strong></span> <span class='ocrx_word' id='word_1_242' title='bbox 3469 1774 3581 1824; x_wconf 73' lang='lat' dir='ltr'><strong>XIX,</strong></span> <span class='ocrx_word' id='word_1_243' title='bbox 3610 1757 3687 1810; x_wconf 86' lang='lat' dir='ltr'><strong>uti</strong></span> <span class='ocrx_word' id='word_1_244' title='bbox 3709 1759 3829 1827; x_wconf 85' lang='lat' dir='ltr'><strong>jam</strong></span> 
     </span>
    </p>
   </div>
   <div class='ocr_carea' id='block_1_19' title="bbox 311 1846 2372 1918">
    <p class='ocr_par' dir='ltr' id='par_1_19' title="bbox 311 1846 2372 1918">
     <span class='ocr_line' id='line_1_19' title="bbox 311 1846 2372 1918; baseline -0.003 -15"><span class='ocrx_word' id='word_1_245' title='bbox 311 1849 692 1903; x_wconf 87' lang='lat' dir='ltr'><strong>observatum</strong></span> <span class='ocrx_word' id='word_1_246' title='bbox 726 1853 835 1912; x_wconf 87' lang='lat' dir='ltr'><strong>est,</strong></span> <span class='ocrx_word' id='word_1_247' title='bbox 870 1847 938 1902; x_wconf 89' lang='lat' dir='ltr'><strong>ad</strong></span> <span class='ocrx_word' id='word_1_248' title='bbox 973 1864 1136 1913; x_wconf 79' lang='lat' dir='ltr'><strong>xxiii,</strong></span> <span class='ocrx_word' id='word_1_249' title='bbox 1169 1847 1377 1902; x_wconf 89' lang='lat' dir='ltr'><strong>diebus</strong></span> <span class='ocrx_word' id='word_1_250' title='bbox 1402 1849 1663 1918; x_wconf 90' lang='lat' dir='ltr'><strong>quinque</strong></span> <span class='ocrx_word' id='word_1_251' title='bbox 1695 1846 1987 1901; x_wconf 91' lang='lat' dir='ltr'><strong>continuis</strong></span> <span class='ocrx_word' id='word_1_252' title='bbox 2022 1846 2372 1917; x_wconf 88' lang='lat' dir='ltr'><strong>perfecisset.</strong></span> 
     </span>
    </p>
   </div>
   <div class='ocr_carea' id='block_1_20' title="bbox 380 1936 3834 2008">
    <p class='ocr_par' dir='ltr' id='par_1_20' title="bbox 380 1936 3834 2008">
     <span class='ocr_line' id='line_1_20' title="bbox 380 1936 3834 2008; baseline -0 -17"><span class='ocrx_word' id='word_1_253' title='bbox 380 1938 458 1991; x_wconf 85' lang='lat' dir='ltr'><strong>Ex</strong></span> <span class='ocrx_word' id='word_1_254' title='bbox 496 1938 604 1991; x_wconf 91' lang='lat' dir='ltr'><strong>hoc</strong></span> <span class='ocrx_word' id='word_1_255' title='bbox 637 1953 808 2008; x_wconf 85' lang='lat' dir='ltr'><strong>Opere</strong></span> <span class='ocrx_word' id='word_1_256' title='bbox 831 1938 1100 2008; x_wconf 90' lang='lat' dir='ltr'><strong>decerpta</strong></span> <span class='ocrx_word' id='word_1_257' title='bbox 1131 1953 1305 2007; x_wconf 89' lang='lat' dir='ltr'><strong>quam</strong></span> <span class='ocrx_word' id='word_1_258' title='bbox 1333 1939 1516 1991; x_wconf 90' lang='lat' dir='ltr'><strong>multa</strong></span> <span class='ocrx_word' id='word_1_259' title='bbox 1541 1937 1790 2008; x_wconf 87' lang='lat' dir='ltr'><strong>reperies</strong></span> <span class='ocrx_word' id='word_1_260' title='bbox 1807 1937 1960 2007; x_wconf 85' lang='lat' dir='ltr'><strong>apud</strong></span> <span class='ocrx_word' id='word_1_261' title='bbox 1987 1938 2196 1991; x_wconf 88' lang='lat' dir='ltr'><strong>Bedam</strong></span> <span class='ocrx_word' id='word_1_262' title='bbox 2221 1942 2277 1991; x_wconf 92' lang='lat' dir='ltr'><strong>et</strong></span> <span class='ocrx_word' id='word_1_263' title='bbox 2296 1936 2598 1991; x_wconf 82' lang='lat' dir='ltr'><strong>Alcuinum</strong></span> <span class='ocrx_word' id='word_1_264' title='bbox 2625 1952 2798 2007; x_wconf 90' lang='lat' dir='ltr'><strong>super</strong></span> <span class='ocrx_word' id='word_1_265' title='bbox 2818 1936 3127 2003; x_wconf 84' lang='lat' dir='ltr'><strong>Joannem,</strong></span> <span class='ocrx_word' id='word_1_266' title='bbox 3155 1938 3308 2008; x_wconf 86' lang='lat' dir='ltr'><strong>apud</strong></span> <span class='ocrx_word' id='word_1_267' title='bbox 3333 1938 3566 1992; x_wconf 87' lang='lat' dir='ltr'><strong>Florum</strong></span> <span class='ocrx_word' id='word_1_268' title='bbox 3591 1937 3646 1991; x_wconf 91' lang='lat' dir='ltr'><strong>in</strong></span> <span class='ocrx_word' id='word_1_269' title='bbox 3670 1941 3834 1992; x_wconf 87' lang='lat' dir='ltr'><strong>Com-</strong></span> 
     </span>
    </p>
   </div>
   <div class='ocr_carea' id='block_1_21' title="bbox 309 2025 3833 2097">
    <p class='ocr_par' dir='ltr' id='par_1_21' title="bbox 309 2025 3833 2097">
     <span class='ocr_line' id='line_1_21' title="bbox 309 2025 3833 2097; baseline -0.001 -15"><span class='ocrx_word' id='word_1_270' title='bbox 309 2027 624 2082; x_wconf 88' lang='lat' dir='ltr'><strong>mentariis</strong></span> <span class='ocrx_word' id='word_1_271' title='bbox 655 2043 832 2096; x_wconf 88' lang='lat' dir='ltr'><strong>super</strong></span> <span class='ocrx_word' id='word_1_272' title='bbox 861 2026 1026 2081; x_wconf 89' lang='lat' dir='ltr'><strong>Pauli</strong></span> <span class='ocrx_word' id='word_1_273' title='bbox 1058 2025 1366 2096; x_wconf 87' lang='lat' dir='ltr'><strong>Epistolas,</strong></span> <span class='ocrx_word' id='word_1_274' title='bbox 1402 2026 1566 2081; x_wconf 65' lang='lat' dir='ltr'><strong>Bedes</strong></span> <span class='ocrx_word' id='word_1_275' title='bbox 1598 2026 1830 2080; x_wconf 88' lang='lat' dir='ltr'><strong>nomine</strong></span> <span class='ocrx_word' id='word_1_276' title='bbox 1856 2025 2129 2097; x_wconf 87' lang='lat' dir='ltr'><strong>vulgatis,</strong></span> <span class='ocrx_word' id='word_1_277' title='bbox 2160 2032 2298 2091; x_wconf 90' lang='lat' dir='ltr'><strong>ete.,</strong></span> <span class='ocrx_word' id='word_1_278' title='bbox 2331 2042 2552 2082; x_wconf 90' lang='lat' dir='ltr'><strong>necnon</strong></span> <span class='ocrx_word' id='word_1_279' title='bbox 2586 2027 2902 2081; x_wconf 88' lang='lat' dir='ltr'><strong>sententias</strong></span> <span class='ocrx_word' id='word_1_280' title='bbox 2934 2027 3222 2097; x_wconf 89' lang='lat' dir='ltr'><strong>quasdam</strong></span> <span class='ocrx_word' id='word_1_281' title='bbox 3253 2044 3287 2081; x_wconf 90' lang='lat' dir='ltr'><strong>a</strong></span> <span class='ocrx_word' id='word_1_282' title='bbox 3313 2027 3607 2082; x_wconf 90' lang='lat' dir='ltr'><strong>veteribus</strong></span> <span class='ocrx_word' id='word_1_283' title='bbox 3636 2028 3833 2081; x_wconf 80' lang='lat' dir='ltr'><strong>contir-</strong></span> 
     </span>
    </p>
   </div>
   <div class='ocr_carea' id='block_1_22' title="bbox 312 2114 3830 2187">
    <p class='ocr_par' dir='ltr' id='par_1_22' title="bbox 312 2114 3830 2187">
     <span class='ocr_line' id='line_1_22' title="bbox 312 2114 3830 2187; baseline -0.001 -16"><span class='ocrx_word' id='word_1_284' title='bbox 312 2117 545 2171; x_wconf 69' lang='lat' dir='ltr'><strong>mandze</strong></span> <span class='ocrx_word' id='word_1_285' title='bbox 571 2116 868 2171; x_wconf 71' lang='lat' dir='ltr'><strong>catholicae</strong></span> <span class='ocrx_word' id='word_1_286' title='bbox 901 2115 1035 2170; x_wconf 85' lang='lat' dir='ltr'><strong>ﬁdei</strong></span> <span class='ocrx_word' id='word_1_287' title='bbox 1066 2133 1240 2171; x_wconf 88' lang='lat' dir='ltr'><strong>causa</strong></span> <span class='ocrx_word' id='word_1_288' title='bbox 1272 2116 1527 2187; x_wconf 87' lang='lat' dir='ltr'><strong>prolatas</strong></span> <span class='ocrx_word' id='word_1_289' title='bbox 1557 2131 1619 2171; x_wconf 81' lang='lat' dir='ltr'><strong>ex</strong></span> <span class='ocrx_word' id='word_1_290' title='bbox 1654 2115 1826 2170; x_wconf 89' lang='lat' dir='ltr'><strong>variis</strong></span> <span class='ocrx_word' id='word_1_291' title='bbox 1857 2114 2219 2170; x_wconf 89' lang='lat' dir='ltr'><strong>Tractatibus</strong></span> <span class='ocrx_word' id='word_1_292' title='bbox 2252 2132 2266 2168; x_wconf 88' lang='lat'><strong>:</strong></span> <span class='ocrx_word' id='word_1_293' title='bbox 2296 2115 2518 2171; x_wconf 90' lang='lat' dir='ltr'><strong>scilicet</strong></span> <span class='ocrx_word' id='word_1_294' title='bbox 2547 2133 2616 2170; x_wconf 87' lang='lat' dir='ltr'><strong>ex</strong></span> <span class='ocrx_word' id='word_1_295' title='bbox 2637 2133 2696 2178; x_wconf 85' lang='grc' dir='ltr'>ιι,</span> <span class='ocrx_word' id='word_1_296' title='bbox 2724 2133 2756 2170; x_wconf 93' lang='lat' dir='ltr'><strong>a</strong></span> <span class='ocrx_word' id='word_1_297' title='bbox 2786 2116 3082 2183; x_wconf 89' lang='lat' dir='ltr'><strong>Cassiano,</strong></span> <span class='ocrx_word' id='word_1_298' title='bbox 3108 2115 3209 2172; x_wconf 92' lang='lat' dir='ltr'><strong>lib.</strong></span> <span class='ocrx_word' id='word_1_299' title='bbox 3240 2119 3274 2169; x_wconf 91' lang='lat'><strong>7</strong></span> <span class='ocrx_word' id='word_1_300' title='bbox 3306 2118 3377 2171; x_wconf 87' lang='lat' dir='ltr'><strong>de</strong></span> <span class='ocrx_word' id='word_1_301' title='bbox 3410 2117 3830 2182; x_wconf 87' lang='lat' dir='ltr'><strong>Incarnatione,</strong></span> 
     </span>
    </p>
   </div>
   <div class='ocr_carea' id='block_1_23' title="bbox 299 2203 3835 2276">
    <p class='ocr_par' dir='ltr' id='par_1_23' title="bbox 299 2203 3835 2276">
     <span class='ocr_line' id='line_1_23' title="bbox 299 2203 3835 2276; baseline 0 -16"><span class='ocrx_word' id='word_1_302' title='bbox 299 2222 430 2276; x_wconf 85' lang='lat' dir='ltr'><strong>cap.</strong></span> <span class='ocrx_word' id='word_1_303' title='bbox 464 2205 579 2271; x_wconf 88' lang='lat'><strong>27;</strong></span> <span class='ocrx_word' id='word_1_304' title='bbox 613 2221 677 2260; x_wconf 86' lang='lat' dir='ltr'><strong>ex</strong></span> <span class='ocrx_word' id='word_1_305' title='bbox 716 2221 942 2271; x_wconf 79' lang='lat' dir='ltr'><strong>Lxxvm,</strong></span> <span class='ocrx_word' id='word_1_306' title='bbox 971 2221 1001 2258; x_wconf 91' lang='lat' dir='ltr'><strong>a</strong></span> <span class='ocrx_word' id='word_1_307' title='bbox 1023 2206 1209 2259; x_wconf 89' lang='lat' dir='ltr'><strong>Leone</strong></span> <span class='ocrx_word' id='word_1_308' title='bbox 1243 2221 1392 2275; x_wconf 90' lang='lat' dir='ltr'><strong>papa</strong></span> <span class='ocrx_word' id='word_1_309' title='bbox 1424 2204 1483 2258; x_wconf 90' lang='lat' dir='ltr'><strong>in</strong></span> <span class='ocrx_word' id='word_1_310' title='bbox 1519 2203 1776 2274; x_wconf 81' lang='lat' dir='ltr'><strong>Epistula</strong></span> <span class='ocrx_word' id='word_1_311' title='bbox 1809 2204 1877 2257; x_wconf 92' lang='lat' dir='ltr'><strong>ad</strong></span> <span class='ocrx_word' id='word_1_312' title='bbox 1903 2203 2163 2258; x_wconf 86' lang='lat' dir='ltr'><strong>Leonem</strong></span> <span class='ocrx_word' id='word_1_313' title='bbox 2182 2206 2510 2274; x_wconf 88' lang='lat' dir='ltr'><strong>Augustum</strong></span> <span class='ocrx_word' id='word_1_314' title='bbox 2545 2204 2682 2258; x_wconf 90' lang='lat' dir='ltr'><strong>olim</strong></span> <span class='ocrx_word' id='word_1_315' title='bbox 2716 2206 2805 2274; x_wconf 83' lang='lat'><strong>97,</strong></span> <span class='ocrx_word' id='word_1_316' title='bbox 2835 2221 2989 2258; x_wconf 91' lang='lat' dir='ltr'><strong>nunc</strong></span> <span class='ocrx_word' id='word_1_317' title='bbox 3023 2205 3149 2269; x_wconf 81' lang='grc'><strong>134,</strong></span> <span class='ocrx_word' id='word_1_318' title='bbox 3175 2210 3283 2260; x_wconf 89' lang='lat' dir='ltr'><strong>etc.</strong></span> <span class='ocrx_word' id='word_1_319' title='bbox 3310 2205 3665 2260; x_wconf 83' lang='lat' dir='ltr'><strong>Recordatur</strong></span> <span class='ocrx_word' id='word_1_320' title='bbox 3691 2205 3835 2273; x_wconf 87' lang='lat' dir='ltr'><strong>ejus-</strong></span> 
     </span>
    </p>
   </div>
   <div class='ocr_carea' id='block_1_24' title="bbox 297 2293 3835 2365">
    <p class='ocr_par' dir='ltr' id='par_1_24' title="bbox 297 2293 3835 2365">
     <span class='ocr_line' id='line_1_24' title="bbox 297 2293 3835 2365; baseline 0 -17"><span class='ocrx_word' id='word_1_321' title='bbox 297 2295 433 2348; x_wconf 88' lang='lat' dir='ltr'><strong>dem</strong></span> <span class='ocrx_word' id='word_1_322' title='bbox 472 2294 665 2364; x_wconf 88' lang='lat' dir='ltr'><strong>operis</strong></span> <span class='ocrx_word' id='word_1_323' title='bbox 695 2294 1071 2349; x_wconf 88' lang='lat' dir='ltr'><strong>Cassiodorus</strong></span> <span class='ocrx_word' id='word_1_324' title='bbox 1092 2295 1340 2349; x_wconf 90' lang='lat' dir='ltr'><strong>Senator</strong></span> <span class='ocrx_word' id='word_1_325' title='bbox 1370 2295 1426 2350; x_wconf 90' lang='lat' dir='ltr'><strong>in</strong></span> <span class='ocrx_word' id='word_1_326' title='bbox 1461 2293 1561 2349; x_wconf 90' lang='lat' dir='ltr'><strong>lib.</strong></span> <span class='ocrx_word' id='word_1_327' title='bbox 1595 2293 1802 2359; x_wconf 75' lang='lat' dir='ltr'><strong>InstiL,</strong></span> <span class='ocrx_word' id='word_1_328' title='bbox 1836 2309 1965 2364; x_wconf 90' lang='lat' dir='ltr'><strong>cap.</strong></span> <span class='ocrx_word' id='word_1_329' title='bbox 1987 2293 2042 2359; x_wconf 88' lang='lat'><strong>7,</strong></span> <span class='ocrx_word' id='word_1_330' title='bbox 2065 2293 2348 2348; x_wconf 85' lang='lat' dir='ltr'><strong>Joannem</strong></span> <span class='ocrx_word' id='word_1_331' title='bbox 2372 2294 2604 2364; x_wconf 84' lang='lat' dir='ltr'><strong>cepiosa</strong></span> <span class='ocrx_word' id='word_1_332' title='bbox 2629 2300 2685 2347; x_wconf 87' lang='lat' dir='ltr'><strong>et</strong></span> <span class='ocrx_word' id='word_1_333' title='bbox 2712 2294 2924 2364; x_wconf 85' lang='lat' dir='ltr'><strong>insigni</strong></span> <span class='ocrx_word' id='word_1_334' title='bbox 2950 2295 3312 2365; x_wconf 77' lang='lat' dir='ltr'><strong>expositione</strong></span> <span class='ocrx_word' id='word_1_335' title='bbox 3337 2295 3406 2348; x_wconf 90' lang='lat' dir='ltr'><strong>ab</strong></span> <span class='ocrx_word' id='word_1_336' title='bbox 3431 2295 3752 2364; x_wconf 74' lang='lat' dir='ltr'><strong>Augustino</strong></span> <span class='ocrx_word' id='word_1_337' title='bbox 3777 2295 3835 2348; x_wconf 85' lang='lat' dir='ltr'><strong>il-</strong></span> 
     </span>
    </p>
   </div>
   <div class='ocr_carea' id='block_1_25' title="bbox 295 2381 3833 2454">
    <p class='ocr_par' dir='ltr' id='par_1_25' title="bbox 295 2381 3833 2454">
     <span class='ocr_line' id='line_1_25' title="bbox 295 2381 3833 2454; baseline 0.001 -18"><span class='ocrx_word' id='word_1_338' title='bbox 295 2383 628 2437; x_wconf 87' lang='lat' dir='ltr'><strong>lustratum</strong></span> <span class='ocrx_word' id='word_1_339' title='bbox 662 2383 1101 2439; x_wconf 86' lang='lat' dir='ltr'><strong>commendans.</strong></span> <span class='ocrx_word' id='word_1_340' title='bbox 1139 2383 1442 2438; x_wconf 88' lang='lat' dir='ltr'><strong>Possidius</strong></span> <span class='ocrx_word' id='word_1_341' title='bbox 1468 2383 1524 2437; x_wconf 93' lang='lat' dir='ltr'><strong>in</strong></span> <span class='ocrx_word' id='word_1_342' title='bbox 1557 2381 1836 2449; x_wconf 91' lang='lat' dir='ltr'><strong>lndiculo,</strong></span> <span class='ocrx_word' id='word_1_343' title='bbox 1872 2397 1998 2452; x_wconf 89' lang='lat' dir='ltr'><strong>cap.</strong></span> <span class='ocrx_word' id='word_1_344' title='bbox 2029 2382 2084 2443; x_wconf 80' lang='lat'><strong>6,</strong></span> <span class='ocrx_word' id='word_1_345' title='bbox 2117 2382 2224 2436; x_wconf 92' lang='lat' dir='ltr'><strong>sub</strong></span> <span class='ocrx_word' id='word_1_346' title='bbox 2249 2381 2338 2435; x_wconf 91' lang='lat' dir='ltr'><strong>his</strong></span> <span class='ocrx_word' id='word_1_347' title='bbox 2362 2383 2549 2436; x_wconf 88' lang='lat' dir='ltr'><strong>verbis</strong></span> <span class='ocrx_word' id='word_1_348' title='bbox 2577 2399 2586 2429; x_wconf 79' lang='grc' dir='ltr'><strong><em>τ</em></strong></span> <span class='ocrx_word' id='word_1_349' title='bbox 2616 2383 2892 2436; x_wconf 78' lang='lat' dir='ltr'><strong>Tractutus</strong></span> <span class='ocrx_word' id='word_1_350' title='bbox 2918 2382 2983 2436; x_wconf 78' lang='lat' dir='ltr'><strong>(le</strong></span> <span class='ocrx_word' id='word_1_351' title='bbox 3013 2384 3304 2453; x_wconf 84' lang='lat' dir='ltr'><strong>Evangelia</strong></span> <span class='ocrx_word' id='word_1_352' title='bbox 3332 2385 3564 2438; x_wconf 80' lang='lat' dir='ltr'><strong>Joannis</strong></span> <span class='ocrx_word' id='word_1_353' title='bbox 3586 2401 3619 2438; x_wconf 82' lang='grc' dir='ltr'>(ι</span> <span class='ocrx_word' id='word_1_354' title='bbox 3648 2385 3833 2454; x_wconf 84' lang='lat' dir='ltr'><strong>capite</strong></span> 
     </span>
    </p>
   </div>
   <div class='ocr_carea' id='block_1_26' title="bbox 296 2472 3832 2545">
    <p class='ocr_par' dir='ltr' id='par_1_26' title="bbox 296 2472 3832 2545">
     <span class='ocr_line' id='line_1_26' title="bbox 296 2472 3832 2545; baseline 0 -18"><span class='ocrx_word' id='word_1_355' title='bbox 296 2490 475 2545; x_wconf 82' lang='lat' dir='ltr'><strong>usque</strong></span> <span class='ocrx_word' id='word_1_356' title='bbox 505 2473 577 2528; x_wconf 83' lang='lat' dir='ltr'><strong>ad</strong></span> <span class='ocrx_word' id='word_1_357' title='bbox 602 2474 786 2543; x_wconf 78' lang='lat' dir='ltr'><strong>finem,</strong></span> <span class='ocrx_word' id='word_1_358' title='bbox 809 2477 869 2528; x_wconf 86' lang='lat' dir='ltr'><strong>in</strong></span> <span class='ocrx_word' id='word_1_359' title='bbox 899 2473 1171 2529; x_wconf 73' lang='lat' dir='ltr'><strong>codicibus</strong></span> <span class='ocrx_word' id='word_1_360' title='bbox 1201 2491 1318 2530; x_wconf 74' lang='lat' dir='ltr'><strong>sem.</strong></span> <span class='ocrx_word' id='word_1_361' title='bbox 1348 2474 1708 2545; x_wconf 86' lang='lat' dir='ltr'><strong>Augustinus</strong></span> <span class='ocrx_word' id='word_1_362' title='bbox 1739 2472 1862 2544; x_wconf 79' lang='lat' dir='ltr'><strong>ipse</strong></span> <span class='ocrx_word' id='word_1_363' title='bbox 1893 2473 1950 2525; x_wconf 90' lang='lat' dir='ltr'><strong>in</strong></span> <span class='ocrx_word' id='word_1_364' title='bbox 1987 2472 2320 2542; x_wconf 76' lang='lat' dir='ltr'><strong>praefatione</strong></span> <span class='ocrx_word' id='word_1_365' title='bbox 2348 2473 2418 2526; x_wconf 92' lang='lat' dir='ltr'><strong>ad</strong></span> <span class='ocrx_word' id='word_1_366' title='bbox 2452 2473 2753 2527; x_wconf 84' lang='lat' dir='ltr'><strong>Tractatus</strong></span> <span class='ocrx_word' id='word_1_367' title='bbox 2780 2490 2954 2543; x_wconf 87' lang='lat' dir='ltr'><strong>super</strong></span> <span class='ocrx_word' id='word_1_368' title='bbox 2979 2473 3294 2544; x_wconf 88' lang='lat' dir='ltr'><strong>Epistolam</strong></span> <span class='ocrx_word' id='word_1_369' title='bbox 3326 2474 3570 2529; x_wconf 88' lang='lat' dir='ltr'><strong>Joannis</strong></span> <span class='ocrx_word' id='word_1_370' title='bbox 3601 2491 3616 2527; x_wconf 91' lang='lat'><strong>:</strong></span> <span class='ocrx_word' id='word_1_371' title='bbox 3651 2474 3832 2529; x_wconf 82' lang='lat' dir='ltr'><strong>Memi-</strong></span> 
     </span>
    </p>
   </div>
   <div class='ocr_carea' id='block_1_27' title="bbox 299 2562 3837 2636">
    <p class='ocr_par' dir='ltr' id='par_1_27' title="bbox 299 2562 3837 2636">
     <span class='ocr_line' id='line_1_27' title="bbox 299 2562 3837 2636; baseline 0 -19"><span class='ocrx_word' id='word_1_372' title='bbox 299 2563 413 2629; x_wconf 87' lang='lat' dir='ltr'><strong>nit,</strong></span> <span class='ocrx_word' id='word_1_373' title='bbox 447 2563 662 2635; x_wconf 82' lang='lat' dir='ltr'><strong>inquit,</strong></span> <span class='ocrx_word' id='word_1_374' title='bbox 702 2564 974 2620; x_wconf 78' lang='lat' dir='ltr'><strong>Sanctitas</strong></span> <span class='ocrx_word' id='word_1_375' title='bbox 1006 2572 1180 2620; x_wconf 81' lang='lat' dir='ltr'><strong>vestra</strong></span> <span class='ocrx_word' id='word_1_376' title='bbox 1212 2565 1578 2636; x_wconf 84' lang='lat' dir='ltr'><strong>Evangelium</strong></span> <span class='ocrx_word' id='word_1_377' title='bbox 1607 2562 1904 2619; x_wconf 86' lang='lat' dir='ltr'><strong>secundum</strong></span> <span class='ocrx_word' id='word_1_378' title='bbox 1931 2564 2194 2618; x_wconf 85' lang='lat' dir='ltr'><strong>Joannem</strong></span> <span class='ocrx_word' id='word_1_379' title='bbox 2217 2578 2287 2617; x_wconf 73' lang='lat' dir='ltr'><strong>ea:</strong></span> <span class='ocrx_word' id='word_1_380' title='bbox 2311 2563 2504 2618; x_wconf 79' lang='lat' dir='ltr'><strong>ordine</strong></span> <span class='ocrx_word' id='word_1_381' title='bbox 2534 2564 2830 2619; x_wconf 73' lang='lat' dir='ltr'><strong>lectionum</strong></span> <span class='ocrx_word' id='word_1_382' title='bbox 2852 2580 2949 2617; x_wconf 81' lang='lat' dir='ltr'><strong>nos</strong></span> <span class='ocrx_word' id='word_1_383' title='bbox 2972 2564 3154 2619; x_wconf 82' lang='lat' dir='ltr'><strong>solere</strong></span> <span class='ocrx_word' id='word_1_384' title='bbox 3184 2572 3436 2619; x_wconf 77' lang='lat' dir='ltr'><strong>tractare.</strong></span> <span class='ocrx_word' id='word_1_385' title='bbox 3463 2564 3837 2634; x_wconf 83' lang='lat' dir='ltr'><strong>Rursumque</strong></span> 
     </span>
    </p>
   </div>
   <div class='ocr_carea' id='block_1_28' title="bbox 304 2651 3833 2726">
    <p class='ocr_par' dir='ltr' id='par_1_28' title="bbox 304 2651 3833 2726">
     <span class='ocr_line' id='line_1_28' title="bbox 304 2651 3833 2726; baseline -0.001 -16"><span class='ocrx_word' id='word_1_386' title='bbox 304 2656 369 2710; x_wconf 88' lang='lat' dir='ltr'><strong>in</strong></span> <span class='ocrx_word' id='word_1_387' title='bbox 402 2652 507 2708; x_wconf 89' lang='lat' dir='ltr'><strong>lib.</strong></span> <span class='ocrx_word' id='word_1_388' title='bbox 545 2653 615 2708; x_wconf 73' lang='grc'><strong>15</strong></span> <span class='ocrx_word' id='word_1_389' title='bbox 635 2654 707 2709; x_wconf 89' lang='lat' dir='ltr'><strong>de</strong></span> <span class='ocrx_word' id='word_1_390' title='bbox 737 2654 1040 2724; x_wconf 90' lang='lat' dir='ltr'><strong>Trinitate,</strong></span> <span class='ocrx_word' id='word_1_391' title='bbox 1073 2669 1194 2726; x_wconf 86' lang='lat' dir='ltr'><strong>cap.</strong></span> <span class='ocrx_word' id='word_1_392' title='bbox 1225 2655 1314 2722; x_wconf 81' lang='lat'><strong>27,</strong></span> <span class='ocrx_word' id='word_1_393' title='bbox 1348 2654 1541 2725; x_wconf 90' lang='lat' dir='ltr'><strong>signat</strong></span> <span class='ocrx_word' id='word_1_394' title='bbox 1569 2654 1907 2708; x_wconf 89' lang='lat' dir='ltr'><strong>Tractatum</strong></span> <span class='ocrx_word' id='word_1_395' title='bbox 1939 2653 1998 2706; x_wconf 91' lang='lat' dir='ltr'><strong>in</strong></span> <span class='ocrx_word' id='word_1_396' title='bbox 2029 2651 2195 2707; x_wconf 92' lang='lat' dir='ltr'><strong>Joan.</strong></span> <span class='ocrx_word' id='word_1_397' title='bbox 2230 2668 2379 2721; x_wconf 76' lang='lat' dir='ltr'><strong>xcrx,</strong></span> <span class='ocrx_word' id='word_1_398' title='bbox 2413 2669 2544 2707; x_wconf 91' lang='lat' dir='ltr'><strong>cum</strong></span> <span class='ocrx_word' id='word_1_399' title='bbox 2578 2653 2695 2708; x_wconf 87' lang='lat' dir='ltr'><strong>ait:</strong></span> <span class='ocrx_word' id='word_1_400' title='bbox 2729 2654 2799 2708; x_wconf 88' lang='lat' dir='ltr'><strong>De</strong></span> <span class='ocrx_word' id='word_1_401' title='bbox 2832 2653 2933 2708; x_wconf 85' lang='lat' dir='ltr'><strong>hac</strong></span> <span class='ocrx_word' id='word_1_402' title='bbox 2953 2671 3012 2707; x_wconf 91' lang='lat' dir='ltr'><strong>re</strong></span> <span class='ocrx_word' id='word_1_403' title='bbox 3033 2655 3090 2708; x_wconf 88' lang='lat' dir='ltr'><strong>in</strong></span> <span class='ocrx_word' id='word_1_404' title='bbox 3119 2669 3365 2708; x_wconf 76' lang='lat' dir='ltr'><strong>sermone</strong></span> <span class='ocrx_word' id='word_1_405' title='bbox 3394 2653 3622 2724; x_wconf 83' lang='lat' dir='ltr'><strong>quodam</strong></span> <span class='ocrx_word' id='word_1_406' title='bbox 3651 2656 3833 2724; x_wconf 74' lang='lat' dir='ltr'><strong>profe-</strong></span> 
     </span>
    </p>
   </div>
   <div class='ocr_carea' id='block_1_29' title="bbox 312 2740 3836 2815">
    <p class='ocr_par' dir='ltr' id='par_1_29' title="bbox 312 2740 3836 2815">
     <span class='ocr_line' id='line_1_29' title="bbox 312 2740 3836 2815; baseline 0.001 -18"><span class='ocrx_word' id='word_1_407' title='bbox 312 2742 489 2798; x_wconf 85' lang='lat' dir='ltr'><strong>rendo</strong></span> <span class='ocrx_word' id='word_1_408' title='bbox 513 2743 585 2798; x_wconf 87' lang='lat' dir='ltr'><strong>ad</strong></span> <span class='ocrx_word' id='word_1_409' title='bbox 613 2758 778 2798; x_wconf 84' lang='lat' dir='ltr'><strong>aures</strong></span> <span class='ocrx_word' id='word_1_410' title='bbox 804 2743 1001 2815; x_wconf 81' lang='lat' dir='ltr'><strong>populi</strong></span> <span class='ocrx_word' id='word_1_411' title='bbox 1029 2743 1325 2798; x_wconf 74' lang='lat' dir='ltr'><strong>christiani</strong></span> <span class='ocrx_word' id='word_1_412' title='bbox 1354 2742 1621 2811; x_wconf 74' lang='lat' dir='ltr'><strong>diximus,</strong></span> <span class='ocrx_word' id='word_1_413' title='bbox 1645 2743 1954 2813; x_wconf 82' lang='lat' dir='ltr'><strong>dictumque</strong></span> <span class='ocrx_word' id='word_1_414' title='bbox 1971 2743 2413 2810; x_wconf 69' lang='lat' dir='ltr'><strong>conscripsimus.</strong></span> <span class='ocrx_word' id='word_1_415' title='bbox 2450 2740 2620 2796; x_wconf 89' lang='lat' dir='ltr'><strong>Plura</strong></span> <span class='ocrx_word' id='word_1_416' title='bbox 2650 2759 2810 2809; x_wconf 89' lang='lat' dir='ltr'><strong>sane,</strong></span> <span class='ocrx_word' id='word_1_417' title='bbox 2843 2742 2892 2796; x_wconf 91' lang='lat' dir='ltr'><strong>si</strong></span> <span class='ocrx_word' id='word_1_418' title='bbox 2925 2748 3016 2797; x_wconf 89' lang='lat' dir='ltr'><strong>sat</strong></span> <span class='ocrx_word' id='word_1_419' title='bbox 3043 2741 3300 2811; x_wconf 84' lang='lat' dir='ltr'><strong>vixisset,</strong></span> <span class='ocrx_word' id='word_1_420' title='bbox 3332 2743 3592 2798; x_wconf 88' lang='lat' dir='ltr'><strong>dicturus</strong></span> <span class='ocrx_word' id='word_1_421' title='bbox 3624 2744 3679 2796; x_wconf 88' lang='lat' dir='ltr'><strong>in</strong></span> <span class='ocrx_word' id='word_1_422' title='bbox 3722 2744 3836 2800; x_wconf 82' lang='lat' dir='ltr'><strong>Re-</strong></span> 
     </span>
    </p>
   </div>
   <div class='ocr_carea' id='block_1_30' title="bbox 313 2829 3834 2905">
    <p class='ocr_par' dir='ltr' id='par_1_30' title="bbox 313 2829 3834 2905">
     <span class='ocr_line' id='line_1_30' title="bbox 313 2829 3834 2905; baseline 0 -17"><span class='ocrx_word' id='word_1_423' title='bbox 313 2834 732 2889; x_wconf 87' lang='lat' dir='ltr'><strong>tractationum</strong></span> <span class='ocrx_word' id='word_1_424' title='bbox 776 2832 942 2889; x_wconf 90' lang='lat' dir='ltr'><strong>libris</strong></span> <span class='ocrx_word' id='word_1_425' title='bbox 976 2833 1389 2904; x_wconf 83' lang='lat' dir='ltr'><strong>peculiaribus,</strong></span> <span class='ocrx_word' id='word_1_426' title='bbox 1423 2849 1588 2905; x_wconf 91' lang='lat' dir='ltr'><strong>quos,</strong></span> <span class='ocrx_word' id='word_1_427' title='bbox 1625 2833 1705 2888; x_wconf 93' lang='lat' dir='ltr'><strong>uti</strong></span> <span class='ocrx_word' id='word_1_428' title='bbox 1739 2835 1809 2886; x_wconf 88' lang='lat' dir='ltr'><strong>ad</strong></span> <span class='ocrx_word' id='word_1_429' title='bbox 1844 2829 2325 2900; x_wconf 85' lang='lat' dir='ltr'><strong>Quodvultdeum,</strong></span> <span class='ocrx_word' id='word_1_430' title='bbox 2350 2831 2516 2901; x_wconf 88' lang='lat' dir='ltr'><strong>epist.</strong></span> <span class='ocrx_word' id='word_1_431' title='bbox 2549 2832 2672 2895; x_wconf 84' lang='grc'><strong>224,</strong></span> <span class='ocrx_word' id='word_1_432' title='bbox 2709 2832 2929 2897; x_wconf 90' lang='lat' dir='ltr'><strong>scribit,</strong></span> <span class='ocrx_word' id='word_1_433' title='bbox 2961 2832 3018 2886; x_wconf 91' lang='lat' dir='ltr'><strong>in</strong></span> <span class='ocrx_word' id='word_1_434' title='bbox 3051 2833 3354 2888; x_wconf 87' lang='lat' dir='ltr'><strong>Tractatus</strong></span> <span class='ocrx_word' id='word_1_435' title='bbox 3387 2832 3694 2903; x_wconf 85' lang='lat' dir='ltr'><strong>pepulares</strong></span> <span class='ocrx_word' id='word_1_436' title='bbox 3732 2833 3834 2889; x_wconf 91' lang='lat' dir='ltr'><strong>ho-</strong></span> 
     </span>
    </p>
   </div>
   <div class='ocr_carea' id='block_1_31' title="bbox 311 2922 1488 2993">
    <p class='ocr_par' dir='ltr' id='par_1_31' title="bbox 311 2922 1488 2993">
     <span class='ocr_line' id='line_1_31' title="bbox 311 2922 1488 2993; baseline -0.001 -15"><span class='ocrx_word' id='word_1_437' title='bbox 311 2922 630 2993; x_wconf 87' lang='lat' dir='ltr'><strong>miliasque</strong></span> <span class='ocrx_word' id='word_1_438' title='bbox 661 2941 691 2978; x_wconf 88' lang='lat' dir='ltr'><strong>a</strong></span> <span class='ocrx_word' id='word_1_439' title='bbox 723 2939 784 2977; x_wconf 90' lang='lat' dir='ltr'><strong>se</strong></span> <span class='ocrx_word' id='word_1_440' title='bbox 817 2922 1045 2978; x_wconf 88' lang='lat' dir='ltr'><strong>habitas</strong></span> <span class='ocrx_word' id='word_1_441' title='bbox 1078 2923 1488 2978; x_wconf 87' lang='lat' dir='ltr'><strong>meditabatur.</strong></span> 
     </span>
    </p>
   </div>
   <div class='ocr_carea' id='block_1_32' title="bbox 384 3008 3828 3084">
    <p class='ocr_par' dir='ltr' id='par_1_32' title="bbox 384 3008 3828 3084">
     <span class='ocr_line' id='line_1_32' title="bbox 384 3008 3828 3084; baseline -0.001 -15"><span class='ocrx_word' id='word_1_442' title='bbox 384 3014 543 3084; x_wconf 86' lang='lat' dir='ltr'><strong>Opus</strong></span> <span class='ocrx_word' id='word_1_443' title='bbox 566 3013 625 3070; x_wconf 88' lang='lat' dir='ltr'><strong>in</strong></span> <span class='ocrx_word' id='word_1_444' title='bbox 648 3013 894 3069; x_wconf 85' lang='lat' dir='ltr'><strong>vetustis</strong></span> <span class='ocrx_word' id='word_1_445' title='bbox 916 3013 1212 3069; x_wconf 85' lang='lat' dir='ltr'><strong>codicibus</strong></span> <span class='ocrx_word' id='word_1_446' title='bbox 1229 3012 1590 3082; x_wconf 87' lang='lat' dir='ltr'><strong>inscribitur,</strong></span> <span class='ocrx_word' id='word_1_447' title='bbox 1615 3012 1965 3083; x_wconf 87' lang='lat' dir='ltr'><strong>quibusdam</strong></span> <span class='ocrx_word' id='word_1_448' title='bbox 1989 3012 2310 3073; x_wconf 86' lang='lat' dir='ltr'><strong>Tractatus,</strong></span> <span class='ocrx_word' id='word_1_449' title='bbox 2336 3009 2465 3064; x_wconf 84' lang='lat' dir='ltr'><strong>aliis</strong></span> <span class='ocrx_word' id='word_1_450' title='bbox 2486 3011 2817 3075; x_wconf 87' lang='lat' dir='ltr'><strong>Sermones,</strong></span> <span class='ocrx_word' id='word_1_451' title='bbox 2837 3008 3134 3064; x_wconf 90' lang='lat' dir='ltr'><strong>nonnullis</strong></span> <span class='ocrx_word' id='word_1_452' title='bbox 3158 3009 3418 3064; x_wconf 65' lang='lat' dir='ltr'><strong>Homilies</strong></span> <span class='ocrx_word' id='word_1_453' title='bbox 3437 3009 3497 3064; x_wconf 91' lang='lat' dir='ltr'><strong>in</strong></span> <span class='ocrx_word' id='word_1_454' title='bbox 3518 3013 3828 3066; x_wconf 90' lang='lat' dir='ltr'><strong>Joannem.</strong></span> 
     </span>
    </p>
   </div>
   <div class='ocr_carea' id='block_1_33' title="bbox 299 3105 3834 3180">
    <p class='ocr_par' dir='ltr' id='par_1_33' title="bbox 299 3105 3834 3180">
     <span class='ocr_line' id='line_1_33' title="bbox 299 3105 3834 3180; baseline -0.001 -14"><span class='ocrx_word' id='word_1_455' title='bbox 299 3111 413 3166; x_wconf 78' lang='lat' dir='ltr'><strong>Sed</strong></span> <span class='ocrx_word' id='word_1_456' title='bbox 451 3108 628 3180; x_wconf 89' lang='lat' dir='ltr'><strong>paulo</strong></span> <span class='ocrx_word' id='word_1_457' title='bbox 660 3109 908 3177; x_wconf 89' lang='lat' dir='ltr'><strong>amplior</strong></span> <span class='ocrx_word' id='word_1_458' title='bbox 939 3108 1142 3164; x_wconf 88' lang='lat' dir='ltr'><strong>titulus</strong></span> <span class='ocrx_word' id='word_1_459' title='bbox 1171 3113 1256 3165; x_wconf 87' lang='lat' dir='ltr'><strong>est</strong></span> <span class='ocrx_word' id='word_1_460' title='bbox 1277 3108 1334 3163; x_wconf 91' lang='lat' dir='ltr'><strong>in</strong></span> <span class='ocrx_word' id='word_1_461' title='bbox 1367 3109 1508 3164; x_wconf 88' lang='lat' dir='ltr'><strong>Mss.</strong></span> <span class='ocrx_word' id='word_1_462' title='bbox 1534 3106 1921 3172; x_wconf 83' lang='lat' dir='ltr'><strong>Audoenensi,</strong></span> <span class='ocrx_word' id='word_1_463' title='bbox 1952 3105 2418 3171; x_wconf 88' lang='lat' dir='ltr'><strong>Gemmeticensi,</strong></span> <span class='ocrx_word' id='word_1_464' title='bbox 2443 3113 2496 3160; x_wconf 86' lang='lat' dir='ltr'><strong>et</strong></span> <span class='ocrx_word' id='word_1_465' title='bbox 2529 3105 2888 3172; x_wconf 88' lang='lat' dir='ltr'><strong>Pratellensi,</strong></span> <span class='ocrx_word' id='word_1_466' title='bbox 2923 3105 3080 3160; x_wconf 92' lang='lat' dir='ltr'><strong>hunc</strong></span> <span class='ocrx_word' id='word_1_467' title='bbox 3101 3105 3158 3159; x_wconf 89' lang='lat' dir='ltr'><strong>in</strong></span> <span class='ocrx_word' id='word_1_468' title='bbox 3187 3105 3422 3161; x_wconf 90' lang='lat' dir='ltr'><strong>modum</strong></span> <span class='ocrx_word' id='word_1_469' title='bbox 3456 3121 3470 3159; x_wconf 88' lang='lat'>:</span> <span class='ocrx_word' id='word_1_470' title='bbox 3498 3106 3834 3161; x_wconf 79' lang='lat' dir='ltr'><strong>Anreliz’Au-</strong></span> 
     </span>
    </p>
   </div>
   <div class='ocr_carea' id='block_1_34' title="bbox 301 3195 3832 3270">
    <p class='ocr_par' dir='ltr' id='par_1_34' title="bbox 301 3195 3832 3270">
     <span class='ocr_line' id='line_1_34' title="bbox 301 3195 3832 3270; baseline -0.001 -16"><span class='ocrx_word' id='word_1_471' title='bbox 301 3203 518 3270; x_wconf 79' lang='lat' dir='ltr'><strong>gustini</strong></span> <span class='ocrx_word' id='word_1_472' title='bbox 554 3199 795 3255; x_wconf 83' lang='lat' dir='ltr'><strong>Doctoris</strong></span> <span class='ocrx_word' id='word_1_473' title='bbox 827 3199 1056 3270; x_wconf 78' lang='lat' dir='ltr'><strong>&quot;ippon.</strong></span> <span class='ocrx_word' id='word_1_474' title='bbox 1092 3199 1259 3267; x_wconf 83' lang='lat' dir='ltr'><strong>episc.</strong></span> <span class='ocrx_word' id='word_1_475' title='bbox 1295 3200 1548 3255; x_wconf 64' lang='lat' dir='ltr'><strong>Homilies</strong></span> <span class='ocrx_word' id='word_1_476' title='bbox 1574 3198 1631 3253; x_wconf 85' lang='lat' dir='ltr'><strong>in</strong></span> <span class='ocrx_word' id='word_1_477' title='bbox 1663 3198 2018 3267; x_wconf 80' lang='lat' dir='ltr'><strong>Evangelium</strong></span> <span class='ocrx_word' id='word_1_478' title='bbox 2063 3197 2213 3253; x_wconf 88' lang='lat' dir='ltr'><strong>Dom.</strong></span> <span class='ocrx_word' id='word_1_479' title='bbox 2249 3199 2372 3252; x_wconf 76' lang='lat' dir='ltr'><strong>Iesu</strong></span> <span class='ocrx_word' id='word_1_480' title='bbox 2401 3197 2690 3252; x_wconf 85' lang='lat' dir='ltr'><strong>secundum</strong></span> <span class='ocrx_word' id='word_1_481' title='bbox 2718 3198 2980 3252; x_wconf 85' lang='lat' dir='ltr'><strong>Joannem</strong></span> <span class='ocrx_word' id='word_1_482' title='bbox 3012 3195 3309 3266; x_wconf 83' lang='lat' dir='ltr'><strong>incipiunt,</strong></span> <span class='ocrx_word' id='word_1_483' title='bbox 3342 3212 3475 3266; x_wconf 85' lang='lat' dir='ltr'><strong>quas</strong></span> <span class='ocrx_word' id='word_1_484' title='bbox 3523 3195 3641 3266; x_wconf 76' lang='lat' dir='ltr'><strong>ipse</strong></span> <span class='ocrx_word' id='word_1_485' title='bbox 3669 3197 3832 3253; x_wconf 81' lang='lat' dir='ltr'><strong>collo-</strong></span> 
     </span>
    </p>
   </div>
   <div class='ocr_carea' id='block_1_35' title="bbox 298 3284 3834 3359">
    <p class='ocr_par' dir='ltr' id='par_1_35' title="bbox 298 3284 3834 3359">
     <span class='ocr_line' id='line_1_35' title="bbox 298 3284 3834 3359; baseline -0.001 -16"><span class='ocrx_word' id='word_1_486' title='bbox 298 3287 514 3358; x_wconf 82' lang='lat' dir='ltr'><strong>quendo</strong></span> <span class='ocrx_word' id='word_1_487' title='bbox 534 3289 693 3358; x_wconf 82' lang='lat' dir='ltr'><strong>prius</strong></span> <span class='ocrx_word' id='word_1_488' title='bbox 725 3287 795 3343; x_wconf 89' lang='lat' dir='ltr'><strong>ad</strong></span> <span class='ocrx_word' id='word_1_489' title='bbox 822 3288 1081 3359; x_wconf 81' lang='lat' dir='ltr'><strong>pOpulum</strong></span> <span class='ocrx_word' id='word_1_490' title='bbox 1112 3288 1326 3355; x_wconf 85' lang='lat' dir='ltr'><strong>habuit,</strong></span> <span class='ocrx_word' id='word_1_491' title='bbox 1350 3297 1400 3343; x_wconf 88' lang='lat' dir='ltr'><strong>et</strong></span> <span class='ocrx_word' id='word_1_492' title='bbox 1431 3288 1576 3342; x_wconf 84' lang='lat' dir='ltr'><strong>inter</strong></span> <span class='ocrx_word' id='word_1_493' title='bbox 1607 3287 1937 3356; x_wconf 86' lang='lat' dir='ltr'><strong>loquendum</strong></span> <span class='ocrx_word' id='word_1_494' title='bbox 1993 3301 2028 3339; x_wconf 89' lang='lat' dir='ltr'><strong>a</strong></span> <span class='ocrx_word' id='word_1_495' title='bbox 2057 3285 2296 3340; x_wconf 79' lang='lat' dir='ltr'><strong>notariis</strong></span> <span class='ocrx_word' id='word_1_496' title='bbox 2321 3293 2592 3356; x_wconf 76' lang='lat' dir='ltr'><strong>exceptas,</strong></span> <span class='ocrx_word' id='word_1_497' title='bbox 2625 3300 2684 3340; x_wconf 92' lang='lat' dir='ltr'><strong>eo</strong></span> <span class='ocrx_word' id='word_1_498' title='bbox 2731 3301 2834 3356; x_wconf 86' lang='lat' dir='ltr'><strong>quo</strong></span> <span class='ocrx_word' id='word_1_499' title='bbox 2863 3285 3065 3338; x_wconf 72' lang='lat' dir='ltr'><strong>habitae</strong></span> <span class='ocrx_word' id='word_1_500' title='bbox 3094 3288 3222 3338; x_wconf 81' lang='lat' dir='ltr'><strong>sunt</strong></span> <span class='ocrx_word' id='word_1_501' title='bbox 3251 3284 3465 3348; x_wconf 87' lang='lat' dir='ltr'><strong>ordine,</strong></span> <span class='ocrx_word' id='word_1_502' title='bbox 3511 3285 3736 3338; x_wconf 82' lang='lat' dir='ltr'><strong>verbum</strong></span> <span class='ocrx_word' id='word_1_503' title='bbox 3764 3301 3834 3339; x_wconf 75' lang='lat' dir='ltr'><strong>ea:</strong></span> 
     </span>
    </p>
   </div>
   <div class='ocr_carea' id='block_1_36' title="bbox 297 3370 3829 3446">
    <p class='ocr_par' dir='ltr' id='par_1_36' title="bbox 297 3370 3829 3446">
     <span class='ocr_line' id='line_1_36' title="bbox 297 3370 3829 3446; baseline -0.001 -15"><span class='ocrx_word' id='word_1_504' title='bbox 297 3378 463 3431; x_wconf 66' lang='lat' dir='ltr'><strong>verbo</strong></span> <span class='ocrx_word' id='word_1_505' title='bbox 491 3382 680 3446; x_wconf 77' lang='lat' dir='ltr'><strong>postea</strong></span> <span class='ocrx_word' id='word_1_506' title='bbox 711 3375 958 3431; x_wconf 81' lang='lat' dir='ltr'><strong>dictavit.</strong></span> <span class='ocrx_word' id='word_1_507' title='bbox 993 3373 1251 3445; x_wconf 89' lang='lat' dir='ltr'><strong>Denique</strong></span> <span class='ocrx_word' id='word_1_508' title='bbox 1282 3375 1435 3445; x_wconf 90' lang='lat' dir='ltr'><strong>quod</strong></span> <span class='ocrx_word' id='word_1_509' title='bbox 1473 3375 1543 3429; x_wconf 91' lang='lat' dir='ltr'><strong>ad</strong></span> <span class='ocrx_word' id='word_1_510' title='bbox 1571 3373 1962 3444; x_wconf 68' lang='lat' dir='ltr'><strong>praefationem</strong></span> <span class='ocrx_word' id='word_1_511' title='bbox 1993 3371 2085 3426; x_wconf 90' lang='lat' dir='ltr'><strong>hic</strong></span> <span class='ocrx_word' id='word_1_512' title='bbox 2116 3372 2436 3442; x_wconf 86' lang='lat' dir='ltr'><strong>subjectam</strong></span> <span class='ocrx_word' id='word_1_513' title='bbox 2469 3374 2694 3437; x_wconf 86' lang='lat' dir='ltr'><strong>attinet,</strong></span> <span class='ocrx_word' id='word_1_514' title='bbox 2731 3373 2942 3427; x_wconf 89' lang='lat' dir='ltr'><strong>frustra</strong></span> <span class='ocrx_word' id='word_1_515' title='bbox 2972 3388 3098 3426; x_wconf 88' lang='lat' dir='ltr'><strong>eam</strong></span> <span class='ocrx_word' id='word_1_516' title='bbox 3131 3387 3354 3443; x_wconf 75' lang='lat' dir='ltr'><strong>quaeras</strong></span> <span class='ocrx_word' id='word_1_517' title='bbox 3380 3370 3469 3426; x_wconf 89' lang='lat' dir='ltr'><strong>vel</strong></span> <span class='ocrx_word' id='word_1_518' title='bbox 3500 3372 3559 3426; x_wconf 92' lang='lat' dir='ltr'><strong>in</strong></span> <span class='ocrx_word' id='word_1_519' title='bbox 3592 3372 3829 3428; x_wconf 88' lang='lat' dir='ltr'><strong>Mss.vel</strong></span> 
     </span>
    </p>
   </div>
   <div class='ocr_carea' id='block_1_37' title="bbox 295 3460 3830 3535">
    <p class='ocr_par' dir='ltr' id='par_1_37' title="bbox 295 3460 3830 3535">
     <span class='ocr_line' id='line_1_37' title="bbox 295 3460 3830 3535; baseline -0 -17"><span class='ocrx_word' id='word_1_520' title='bbox 295 3465 361 3519; x_wconf 87' lang='lat' dir='ltr'><strong>in</strong></span> <span class='ocrx_word' id='word_1_521' title='bbox 393 3465 573 3521; x_wconf 87' lang='lat' dir='ltr'><strong>editis</strong></span> <span class='ocrx_word' id='word_1_522' title='bbox 603 3471 737 3520; x_wconf 84' lang='lat' dir='ltr'><strong>Am.</strong></span> <span class='ocrx_word' id='word_1_523' title='bbox 772 3469 827 3520; x_wconf 91' lang='lat' dir='ltr'><strong>et</strong></span> <span class='ocrx_word' id='word_1_524' title='bbox 858 3464 995 3521; x_wconf 88' lang='lat' dir='ltr'><strong>Bad.</strong></span> <span class='ocrx_word' id='word_1_525' title='bbox 1029 3463 1186 3518; x_wconf 86' lang='lat' dir='ltr'><strong>Hanc</strong></span> <span class='ocrx_word' id='word_1_526' title='bbox 1220 3468 1351 3535; x_wconf 88' lang='lat' dir='ltr'><strong>post</strong></span> <span class='ocrx_word' id='word_1_527' title='bbox 1384 3467 1690 3518; x_wconf 83' lang='lat' dir='ltr'><strong>Erasmum</strong></span> <span class='ocrx_word' id='word_1_528' title='bbox 1725 3462 2007 3517; x_wconf 89' lang='lat' dir='ltr'><strong>dederunt</strong></span> <span class='ocrx_word' id='word_1_529' title='bbox 2057 3461 2465 3529; x_wconf 88' lang='lat' dir='ltr'><strong>Lovanienses,</strong></span> <span class='ocrx_word' id='word_1_530' title='bbox 2495 3463 2596 3533; x_wconf 89' lang='lat' dir='ltr'><strong>qui</strong></span> <span class='ocrx_word' id='word_1_531' title='bbox 2627 3468 2820 3517; x_wconf 90' lang='lat' dir='ltr'><strong>tamen</strong></span> <span class='ocrx_word' id='word_1_532' title='bbox 2854 3462 3159 3516; x_wconf 88' lang='lat' dir='ltr'><strong>observant</strong></span> <span class='ocrx_word' id='word_1_533' title='bbox 3194 3477 3298 3515; x_wconf 89' lang='lat' dir='ltr'><strong>nec</strong></span> <span class='ocrx_word' id='word_1_534' title='bbox 3328 3460 3636 3531; x_wconf 81' lang='lat' dir='ltr'><strong>Augustini</strong></span> <span class='ocrx_word' id='word_1_535' title='bbox 3685 3478 3830 3517; x_wconf 71' lang='lat' dir='ltr'><strong>esse.</strong></span> 
     </span>
    </p>
   </div>
   <div class='ocr_carea' id='block_1_38' title="bbox 291 3551 3375 3626">
    <p class='ocr_par' dir='ltr' id='par_1_38' title="bbox 291 3551 3375 3626">
     <span class='ocr_line' id='line_1_38' title="bbox 291 3551 3375 3626; baseline -0.001 -16"><span class='ocrx_word' id='word_1_536' title='bbox 291 3571 403 3611; x_wconf 89' lang='lat' dir='ltr'><strong>nec</strong></span> <span class='ocrx_word' id='word_1_537' title='bbox 430 3556 490 3611; x_wconf 92' lang='lat' dir='ltr'><strong>in</strong></span> <span class='ocrx_word' id='word_1_538' title='bbox 524 3556 644 3612; x_wconf 91' lang='lat' dir='ltr'><strong>ullo</strong></span> <span class='ocrx_word' id='word_1_539' title='bbox 677 3556 787 3614; x_wconf 86' lang='lat' dir='ltr'><strong>Ms.</strong></span> <span class='ocrx_word' id='word_1_540' title='bbox 820 3560 1066 3611; x_wconf 85' lang='lat' dir='ltr'><strong>exstare.</strong></span> <span class='ocrx_word' id='word_1_541' title='bbox 1101 3553 1354 3610; x_wconf 87' lang='lat' dir='ltr'><strong>Habetur</strong></span> <span class='ocrx_word' id='word_1_542' title='bbox 1385 3554 1585 3626; x_wconf 90' lang='lat' dir='ltr'><strong>paucis</strong></span> <span class='ocrx_word' id='word_1_543' title='bbox 1620 3553 1859 3608; x_wconf 90' lang='lat' dir='ltr'><strong>mutatis</strong></span> <span class='ocrx_word' id='word_1_544' title='bbox 1889 3551 2078 3607; x_wconf 87' lang='lat' dir='ltr'><strong>verbis</strong></span> <span class='ocrx_word' id='word_1_545' title='bbox 2109 3554 2260 3623; x_wconf 90' lang='lat' dir='ltr'><strong>apud</strong></span> <span class='ocrx_word' id='word_1_546' title='bbox 2299 3553 2510 3608; x_wconf 89' lang='lat' dir='ltr'><strong>Bedam</strong></span> <span class='ocrx_word' id='word_1_547' title='bbox 2544 3557 2600 3608; x_wconf 91' lang='lat' dir='ltr'><strong>et</strong></span> <span class='ocrx_word' id='word_1_548' title='bbox 2629 3552 2940 3607; x_wconf 89' lang='lat' dir='ltr'><strong>Alcuinum</strong></span> <span class='ocrx_word' id='word_1_549' title='bbox 2973 3552 3033 3606; x_wconf 90' lang='lat' dir='ltr'><strong>in</strong></span> <span class='ocrx_word' id='word_1_550' title='bbox 3064 3552 3375 3608; x_wconf 88' lang='lat' dir='ltr'><strong>Joannem.</strong></span> 
     </span>
    </p>
   </div>
   <div class='ocr_carea' id='block_1_39' title="bbox 777 3872 2029 3986">
    <p class='ocr_par' dir='ltr' id='par_1_39' title="bbox 777 3874 2028 3986">
     <span class='ocr_line' id='line_1_39' title="bbox 777 3874 2028 3986; baseline 0.001 -3"><span class='ocrx_word' id='word_1_551' title='bbox 777 3876 1672 3986; x_wconf 59' lang='lat' dir='ltr'><strong>PIUEFA&#39;I‘IO</strong></span> <span class='ocrx_word' id='word_1_552' title='bbox 1761 3874 2028 3984; x_wconf 81' lang='lat' dir='ltr'><strong>INC</strong></span> 
     </span>
    </p>
   </div>
   <div class='ocr_carea' id='block_1_40' title="bbox 2141 3872 3376 3986">
    <p class='ocr_par' dir='ltr' id='par_1_40' title="bbox 2151 3872 3376 3985">
     <span class='ocr_line' id='line_1_40' title="bbox 2151 3872 3376 3985; baseline -0.01 -2"><span class='ocrx_word' id='word_1_553' title='bbox 2151 3875 2422 3983; x_wconf 72' lang='lat' dir='ltr'><strong>R&#39;l‘l</strong></span> <span class='ocrx_word' id='word_1_554' title='bbox 2512 3872 3376 3985; x_wconf 79' lang='lat' dir='ltr'><strong>AUCTOIHS.</strong></span> 
     </span>
    </p>
   </div>
   <div class='ocr_carea' id='block_1_41' title="bbox 377 4087 2019 4161">
    <p class='ocr_par' dir='ltr' id='par_1_41' title="bbox 377 4087 2019 4161">
     <span class='ocr_line' id='line_1_41' title="bbox 377 4087 2019 4161; baseline -0.003 -15"><span class='ocrx_word' id='word_1_555' title='bbox 377 4090 664 4146; x_wconf 89' lang='lat' dir='ltr'><strong>Omnibus</strong></span> <span class='ocrx_word' id='word_1_556' title='bbox 685 4089 891 4144; x_wconf 64' lang='lat' dir='ltr'><strong>divina</strong></span> <span class='ocrx_word' id='word_1_557' title='bbox 923 4088 1229 4160; x_wconf 67' lang='lat' dir='ltr'><strong>Scriptura</strong></span> <span class='ocrx_word' id='word_1_558' title='bbox 1260 4088 1484 4161; x_wconf 83' lang='lat' dir='ltr'><strong>paginis</strong></span> <span class='ocrx_word' id='word_1_559' title='bbox 1517 4087 1889 4159; x_wconf 88' lang='lat' dir='ltr'><strong>Evangelium</strong></span> <span class='ocrx_word' id='word_1_560' title='bbox 1922 4101 2019 4142; x_wconf 83' lang='lat' dir='ltr'><strong>ex-</strong></span> 
     </span>
    </p>
   </div>
   <div class='ocr_carea' id='block_1_42' title="bbox 308 4179 2017 4252">
    <p class='ocr_par' dir='ltr' id='par_1_42' title="bbox 308 4179 2017 4252">
     <span class='ocr_line' id='line_1_42' title="bbox 308 4179 2017 4252; baseline -0.002 -17"><span class='ocrx_word' id='word_1_561' title='bbox 308 4181 494 4249; x_wconf 88' lang='lat' dir='ltr'><strong>cellit;</strong></span> <span class='ocrx_word' id='word_1_562' title='bbox 530 4181 671 4252; x_wconf 90' lang='lat' dir='ltr'><strong>quia</strong></span> <span class='ocrx_word' id='word_1_563' title='bbox 703 4181 861 4251; x_wconf 90' lang='lat' dir='ltr'><strong>quod</strong></span> <span class='ocrx_word' id='word_1_564' title='bbox 901 4180 1013 4235; x_wconf 85' lang='lat' dir='ltr'><strong>Lex</strong></span> <span class='ocrx_word' id='word_1_565' title='bbox 1043 4189 1096 4237; x_wconf 90' lang='lat' dir='ltr'><strong>et</strong></span> <span class='ocrx_word' id='word_1_566' title='bbox 1129 4180 1418 4248; x_wconf 80' lang='lat' dir='ltr'><strong>Prophetas</strong></span> <span class='ocrx_word' id='word_1_567' title='bbox 1453 4181 1707 4233; x_wconf 90' lang='lat' dir='ltr'><strong>futurum</strong></span> <span class='ocrx_word' id='word_1_568' title='bbox 1743 4179 2017 4249; x_wconf 72' lang='lat' dir='ltr'><strong>praedixe-</strong></span> 
     </span>
    </p>
   </div>
   <div class='ocr_carea' id='block_1_43' title="bbox 2134 4085 3837 4158">
    <p class='ocr_par' dir='ltr' id='par_1_43' title="bbox 2134 4085 3837 4158">
     <span class='ocr_line' id='line_1_43' title="bbox 2134 4085 3837 4158; baseline -0.001 -15"><span class='ocrx_word' id='word_1_569' title='bbox 2134 4091 2452 4158; x_wconf 85' lang='lat' dir='ltr'><strong>cxponunt,</strong></span> <span class='ocrx_word' id='word_1_570' title='bbox 2496 4093 2548 4140; x_wconf 90' lang='lat' dir='ltr'><strong>et</strong></span> <span class='ocrx_word' id='word_1_571' title='bbox 2581 4087 2652 4141; x_wconf 91' lang='lat' dir='ltr'><strong>de</strong></span> <span class='ocrx_word' id='word_1_572' title='bbox 2681 4085 2984 4140; x_wconf 85' lang='lat' dir='ltr'><strong>divinitate</strong></span> <span class='ocrx_word' id='word_1_573' title='bbox 3011 4101 3194 4156; x_wconf 89' lang='lat' dir='ltr'><strong>pauca</strong></span> <span class='ocrx_word' id='word_1_574' title='bbox 3222 4086 3687 4158; x_wconf 89' lang='lat' dir='ltr'><strong>dixerunt,quasi</strong></span> <span class='ocrx_word' id='word_1_575' title='bbox 3709 4089 3837 4143; x_wconf 86' lang='lat' dir='ltr'><strong>ani-</strong></span> 
     </span>
    </p>
   </div>
   <div class='ocr_carea' id='block_1_44' title="bbox 2134 4176 3838 4246">
    <p class='ocr_par' dir='ltr' id='par_1_44' title="bbox 2134 4176 3838 4246">
     <span class='ocr_line' id='line_1_44' title="bbox 2134 4176 3838 4246; baseline -0.001 -15"><span class='ocrx_word' id='word_1_576' title='bbox 2134 4176 2310 4231; x_wconf 90' lang='lat' dir='ltr'><strong>malia</strong></span> <span class='ocrx_word' id='word_1_577' title='bbox 2339 4176 2659 4246; x_wconf 86' lang='lat' dir='ltr'><strong>gressibilia</strong></span> <span class='ocrx_word' id='word_1_578' title='bbox 2677 4193 2809 4231; x_wconf 89' lang='lat' dir='ltr'><strong>cum</strong></span> <span class='ocrx_word' id='word_1_579' title='bbox 2847 4176 3092 4230; x_wconf 91' lang='lat' dir='ltr'><strong>Domino</strong></span> <span class='ocrx_word' id='word_1_580' title='bbox 3112 4177 3419 4232; x_wconf 88' lang='lat' dir='ltr'><strong>ambulant</strong></span> <span class='ocrx_word' id='word_1_581' title='bbox 3449 4179 3503 4232; x_wconf 91' lang='lat' dir='ltr'><strong>in</strong></span> <span class='ocrx_word' id='word_1_582' title='bbox 3532 4182 3680 4231; x_wconf 87' lang='lat' dir='ltr'><strong>terra</strong></span> <span class='ocrx_word' id='word_1_583' title='bbox 3707 4194 3719 4230; x_wconf 91' lang='lat'><strong>:</strong></span> <span class='ocrx_word' id='word_1_584' title='bbox 3746 4178 3838 4230; x_wconf 89' lang='lat' dir='ltr'><strong>hic</strong></span> 
     </span>
    </p>
   </div>
   <div class='ocr_carea' id='block_1_45' title="bbox 303 4267 2021 4340">
    <p class='ocr_par' dir='ltr' id='par_1_45' title="bbox 303 4267 2021 4340">
     <span class='ocr_line' id='line_1_45' title="bbox 303 4267 2021 4340; baseline -0.003 -15"><span class='ocrx_word' id='word_1_585' title='bbox 303 4275 463 4336; x_wconf 87' lang='lat' dir='ltr'><strong>runt,</strong></span> <span class='ocrx_word' id='word_1_586' title='bbox 499 4271 610 4325; x_wconf 92' lang='lat' dir='ltr'><strong>hoc</strong></span> <span class='ocrx_word' id='word_1_587' title='bbox 653 4269 1010 4340; x_wconf 90' lang='lat' dir='ltr'><strong>completum</strong></span> <span class='ocrx_word' id='word_1_588' title='bbox 1061 4270 1194 4324; x_wconf 89' lang='lat' dir='ltr'><strong>dicit</strong></span> <span class='ocrx_word' id='word_1_589' title='bbox 1231 4269 1622 4336; x_wconf 79' lang='lat' dir='ltr'><strong>Evangelium.</strong></span> <span class='ocrx_word' id='word_1_590' title='bbox 1655 4269 1810 4322; x_wconf 85' lang='lat' dir='ltr'><strong>Inter</strong></span> <span class='ocrx_word' id='word_1_591' title='bbox 1862 4267 2021 4336; x_wconf 89' lang='lat' dir='ltr'><strong>ipsos</strong></span> 
     </span>
    </p>
   </div>
   <div class='ocr_carea' id='block_1_46' title="bbox 305 4356 2024 4430">
    <p class='ocr_par' dir='ltr' id='par_1_46' title="bbox 305 4356 2024 4430">
     <span class='ocr_line' id='line_1_46' title="bbox 305 4356 2024 4430; baseline -0.002 -17"><span class='ocrx_word' id='word_1_592' title='bbox 305 4365 503 4415; x_wconf 88' lang='lat' dir='ltr'><strong>autem</strong></span> <span class='ocrx_word' id='word_1_593' title='bbox 529 4359 980 4430; x_wconf 87' lang='lat' dir='ltr'><strong>Evangeliorum</strong></span> <span class='ocrx_word' id='word_1_594' title='bbox 1005 4359 1317 4430; x_wconf 85' lang='lat' dir='ltr'><strong>scriptores</strong></span> <span class='ocrx_word' id='word_1_595' title='bbox 1338 4358 1590 4412; x_wconf 88' lang='lat' dir='ltr'><strong>Joannes</strong></span> <span class='ocrx_word' id='word_1_596' title='bbox 1613 4356 1828 4412; x_wconf 88' lang='lat' dir='ltr'><strong>eminet</strong></span> <span class='ocrx_word' id='word_1_597' title='bbox 1859 4356 1915 4409; x_wconf 92' lang='lat' dir='ltr'><strong>in</strong></span> <span class='ocrx_word' id='word_1_598' title='bbox 1938 4356 2024 4410; x_wconf 91' lang='lat' dir='ltr'><strong>di-</strong></span> 
     </span>
    </p>
   </div>
   <div class='ocr_carea' id='block_1_47' title="bbox 303 4447 2023 4520">
    <p class='ocr_par' dir='ltr' id='par_1_47' title="bbox 303 4447 2023 4520">
     <span class='ocr_line' id='line_1_47' title="bbox 303 4447 2023 4520; baseline -0.003 -16"><span class='ocrx_word' id='word_1_599' title='bbox 303 4450 576 4504; x_wconf 80' lang='lat' dir='ltr'><strong>vinorum</strong></span> <span class='ocrx_word' id='word_1_600' title='bbox 612 4449 1026 4520; x_wconf 88' lang='lat' dir='ltr'><strong>mysteriorum</strong></span> <span class='ocrx_word' id='word_1_601' title='bbox 1084 4447 1493 4519; x_wconf 86' lang='lat' dir='ltr'><strong>profunditate,</strong></span> <span class='ocrx_word' id='word_1_602' title='bbox 1525 4447 1620 4516; x_wconf 89' lang='lat' dir='ltr'><strong>qui</strong></span> <span class='ocrx_word' id='word_1_603' title='bbox 1680 4463 1712 4500; x_wconf 89' lang='lat' dir='ltr'><strong>a</strong></span> <span class='ocrx_word' id='word_1_604' title='bbox 1764 4450 2023 4516; x_wconf 90' lang='lat' dir='ltr'><strong>tempore</strong></span> 
     </span>
    </p>
   </div>
   <div class='ocr_carea' id='block_1_48' title="bbox 309 4534 2026 4607">
    <p class='ocr_par' dir='ltr' id='par_1_48' title="bbox 309 4534 2026 4607">
     <span class='ocr_line' id='line_1_48' title="bbox 309 4534 2026 4607; baseline -0.002 -14"><span class='ocrx_word' id='word_1_605' title='bbox 309 4539 624 4595; x_wconf 64' lang='lat' dir='ltr'><strong>Dominice</strong></span> <span class='ocrx_word' id='word_1_606' title='bbox 657 4538 1020 4594; x_wconf 88' lang='lat' dir='ltr'><strong>ascensionis</strong></span> <span class='ocrx_word' id='word_1_607' title='bbox 1051 4553 1152 4607; x_wconf 90' lang='lat' dir='ltr'><strong>per</strong></span> <span class='ocrx_word' id='word_1_608' title='bbox 1205 4553 1391 4592; x_wconf 89' lang='lat' dir='ltr'><strong>annos</strong></span> <span class='ocrx_word' id='word_1_609' title='bbox 1424 4536 1720 4607; x_wconf 86' lang='lat' dir='ltr'><strong>sexaginta</strong></span> <span class='ocrx_word' id='word_1_610' title='bbox 1768 4534 2026 4606; x_wconf 88' lang='lat' dir='ltr'><strong>quinque</strong></span> 
     </span>
    </p>
   </div>
   <div class='ocr_carea' id='block_1_49' title="bbox 304 4624 2030 4699">
    <p class='ocr_par' dir='ltr' id='par_1_49' title="bbox 304 4624 2030 4699">
     <span class='ocr_line' id='line_1_49' title="bbox 304 4624 2030 4699; baseline -0.003 -16"><span class='ocrx_word' id='word_1_611' title='bbox 304 4631 550 4686; x_wconf 80' lang='lat' dir='ltr'><strong>verbum</strong></span> <span class='ocrx_word' id='word_1_612' title='bbox 577 4629 672 4684; x_wconf 85' lang='lat' dir='ltr'><strong>Dei</strong></span> <span class='ocrx_word' id='word_1_613' title='bbox 696 4629 914 4699; x_wconf 85' lang='lat' dir='ltr'><strong>absque</strong></span> <span class='ocrx_word' id='word_1_614' title='bbox 931 4626 1282 4683; x_wconf 85' lang='lat' dir='ltr'><strong>adminiculo</strong></span> <span class='ocrx_word' id='word_1_615' title='bbox 1308 4625 1624 4694; x_wconf 86' lang='lat' dir='ltr'><strong>scribendi,</strong></span> <span class='ocrx_word' id='word_1_616' title='bbox 1654 4626 1923 4696; x_wconf 91' lang='lat' dir='ltr'><strong>usquead</strong></span> <span class='ocrx_word' id='word_1_617' title='bbox 1947 4624 2030 4678; x_wconf 91' lang='lat' dir='ltr'><strong>ul-</strong></span> 
     </span>
    </p>
   </div>
   <div class='ocr_carea' id='block_1_50' title="bbox 306 4714 2026 4789">
    <p class='ocr_par' dir='ltr' id='par_1_50' title="bbox 306 4714 2026 4789">
     <span class='ocr_line' id='line_1_50' title="bbox 306 4714 2026 4789; baseline -0.003 -14"><span class='ocrx_word' id='word_1_618' title='bbox 306 4721 452 4775; x_wconf 86' lang='lat' dir='ltr'><strong>tima</strong></span> <span class='ocrx_word' id='word_1_619' title='bbox 479 4719 800 4774; x_wconf 88' lang='lat' dir='ltr'><strong>Domitiani</strong></span> <span class='ocrx_word' id='word_1_620' title='bbox 827 4717 1158 4789; x_wconf 82' lang='lat' dir='ltr'><strong>praedicavit</strong></span> <span class='ocrx_word' id='word_1_621' title='bbox 1178 4716 1586 4787; x_wconf 88' lang='lat' dir='ltr'><strong>tempora.Sed</strong></span> <span class='ocrx_word' id='word_1_622' title='bbox 1609 4715 1794 4770; x_wconf 89' lang='lat' dir='ltr'><strong>occiso</strong></span> <span class='ocrx_word' id='word_1_623' title='bbox 1832 4714 2026 4771; x_wconf 90' lang='lat' dir='ltr'><strong>Domi-</strong></span> 
     </span>
    </p>
   </div>
   <div class='ocr_carea' id='block_1_51' title="bbox 309 4804 2030 4879">
    <p class='ocr_par' dir='ltr' id='par_1_51' title="bbox 309 4804 2030 4879">
     <span class='ocr_line' id='line_1_51' title="bbox 309 4804 2030 4879; baseline -0.004 -14"><span class='ocrx_word' id='word_1_624' title='bbox 309 4810 490 4872; x_wconf 87' lang='lat' dir='ltr'><strong>tiano,</strong></span> <span class='ocrx_word' id='word_1_625' title='bbox 523 4823 660 4864; x_wconf 90' lang='lat' dir='ltr'><strong>cum</strong></span> <span class='ocrx_word' id='word_1_626' title='bbox 724 4808 1092 4879; x_wconf 86' lang='lat' dir='ltr'><strong>permittente</strong></span> <span class='ocrx_word' id='word_1_627' title='bbox 1142 4806 1327 4862; x_wconf 90' lang='lat' dir='ltr'><strong>Nerva</strong></span> <span class='ocrx_word' id='word_1_628' title='bbox 1373 4806 1444 4860; x_wconf 90' lang='lat' dir='ltr'><strong>de</strong></span> <span class='ocrx_word' id='word_1_629' title='bbox 1501 4804 1703 4860; x_wconf 87' lang='lat' dir='ltr'><strong>exsilio</strong></span> <span class='ocrx_word' id='word_1_630' title='bbox 1763 4805 2030 4860; x_wconf 88' lang='lat' dir='ltr'><strong>rediisset</strong></span> 
     </span>
    </p>
   </div>
   <div class='ocr_carea' id='block_1_52' title="bbox 311 4896 2032 4970">
    <p class='ocr_par' dir='ltr' id='par_1_52' title="bbox 311 4896 2032 4970">
     <span class='ocr_line' id='line_1_52' title="bbox 311 4896 2032 4970; baseline -0.003 -15"><span class='ocrx_word' id='word_1_631' title='bbox 311 4899 611 4970; x_wconf 82' lang='lat' dir='ltr'><strong>Ephesum</strong></span> <span class='ocrx_word' id='word_1_632' title='bbox 638 4916 651 4964; x_wconf 92' lang='lat'>;</span> <span class='ocrx_word' id='word_1_633' title='bbox 676 4898 1017 4968; x_wconf 84' lang='lat' dir='ltr'><strong>compulsus</strong></span> <span class='ocrx_word' id='word_1_634' title='bbox 1041 4897 1112 4953; x_wconf 89' lang='lat' dir='ltr'><strong>ab</strong></span> <span class='ocrx_word' id='word_1_635' title='bbox 1143 4897 1433 4968; x_wconf 85' lang='lat' dir='ltr'><strong>episcopis</strong></span> <span class='ocrx_word' id='word_1_636' title='bbox 1459 4896 1628 4962; x_wconf 78' lang='lat' dir='ltr'><strong>Asiae,</strong></span> <span class='ocrx_word' id='word_1_637' title='bbox 1657 4898 1724 4950; x_wconf 89' lang='lat' dir='ltr'><strong>de</strong></span> <span class='ocrx_word' id='word_1_638' title='bbox 1746 4901 2032 4950; x_wconf 65' lang='lat' dir='ltr'><strong>coaeterna</strong></span> 
     </span>
    </p>
   </div>
   <div class='ocr_carea' id='block_1_53' title="bbox 309 4983 2030 5057">
    <p class='ocr_par' dir='ltr' id='par_1_53' title="bbox 309 4983 2030 5057">
     <span class='ocr_line' id='line_1_53' title="bbox 309 4983 2030 5057; baseline -0.003 -13"><span class='ocrx_word' id='word_1_639' title='bbox 309 4989 465 5044; x_wconf 87' lang='lat' dir='ltr'><strong>Patri</strong></span> <span class='ocrx_word' id='word_1_640' title='bbox 484 4988 792 5042; x_wconf 86' lang='lat' dir='ltr'><strong>divinitate</strong></span> <span class='ocrx_word' id='word_1_641' title='bbox 806 4986 1016 5041; x_wconf 90' lang='lat' dir='ltr'><strong>Christi</strong></span> <span class='ocrx_word' id='word_1_642' title='bbox 1035 4985 1272 5057; x_wconf 90' lang='lat' dir='ltr'><strong>scripsit</strong></span> <span class='ocrx_word' id='word_1_643' title='bbox 1303 4985 1585 5040; x_wconf 89' lang='lat' dir='ltr'><strong>adversus</strong></span> <span class='ocrx_word' id='word_1_644' title='bbox 1600 4983 1918 5048; x_wconf 68' lang='lat' dir='ltr'><strong>haereticos,</strong></span> <span class='ocrx_word' id='word_1_645' title='bbox 1933 4985 2030 5055; x_wconf 90' lang='lat' dir='ltr'><strong>qui</strong></span> 
     </span>
    </p>
   </div>
   <div class='ocr_carea' id='block_1_54' title="bbox 2133 4267 3836 4339">
    <p class='ocr_par' dir='ltr' id='par_1_54' title="bbox 2133 4267 3836 4339">
     <span class='ocr_line' id='line_1_54' title="bbox 2133 4267 3836 4339; baseline -0.002 -18"><span class='ocrx_word' id='word_1_646' title='bbox 2133 4272 2326 4322; x_wconf 90' lang='lat' dir='ltr'><strong>autem</strong></span> <span class='ocrx_word' id='word_1_647' title='bbox 2361 4284 2547 4338; x_wconf 91' lang='lat' dir='ltr'><strong>pauca</strong></span> <span class='ocrx_word' id='word_1_648' title='bbox 2578 4268 2648 4322; x_wconf 91' lang='lat' dir='ltr'><strong>de</strong></span> <span class='ocrx_word' id='word_1_649' title='bbox 2671 4267 3089 4338; x_wconf 90' lang='lat' dir='ltr'><strong>temporalibus</strong></span> <span class='ocrx_word' id='word_1_650' title='bbox 3105 4269 3234 4336; x_wconf 90' lang='lat' dir='ltr'><strong>ejus</strong></span> <span class='ocrx_word' id='word_1_651' title='bbox 3279 4269 3457 4339; x_wconf 87' lang='lat' dir='ltr'><strong>gestis</strong></span> <span class='ocrx_word' id='word_1_652' title='bbox 3489 4269 3836 4332; x_wconf 85' lang='lat' dir='ltr'><strong>edisserens,</strong></span> 
     </span>
    </p>
   </div>
   <div class='ocr_carea' id='block_1_55' title="bbox 2134 4361 3840 4433">
    <p class='ocr_par' dir='ltr' id='par_1_55' title="bbox 2134 4361 3840 4433">
     <span class='ocr_line' id='line_1_55' title="bbox 2134 4361 3840 4433; baseline -0.001 -15"><span class='ocrx_word' id='word_1_653' title='bbox 2134 4363 2237 4418; x_wconf 86' lang='lat' dir='ltr'><strong>sed</strong></span> <span class='ocrx_word' id='word_1_654' title='bbox 2270 4361 2587 4417; x_wconf 87' lang='lat' dir='ltr'><strong>divinitatis</strong></span> <span class='ocrx_word' id='word_1_655' title='bbox 2607 4362 2923 4433; x_wconf 89' lang='lat' dir='ltr'><strong>potentiam</strong></span> <span class='ocrx_word' id='word_1_656' title='bbox 2949 4361 3840 4430; x_wconf 88' lang='lat' dir='ltr'><strong>sublimiuscontemplans,eum</strong></span> 
     </span>
    </p>
   </div>
   <div class='ocr_carea' id='block_1_56' title="bbox 2138 4449 3839 4520">
    <p class='ocr_par' dir='ltr' id='par_1_56' title="bbox 2138 4449 3839 4520">
     <span class='ocr_line' id='line_1_56' title="bbox 2138 4449 3839 4520; baseline -0.002 -14"><span class='ocrx_word' id='word_1_657' title='bbox 2138 4451 2380 4507; x_wconf 91' lang='lat' dir='ltr'><strong>Domino</strong></span> <span class='ocrx_word' id='word_1_658' title='bbox 2411 4452 2478 4505; x_wconf 89' lang='lat' dir='ltr'><strong>ad</strong></span> <span class='ocrx_word' id='word_1_659' title='bbox 2513 4449 2722 4504; x_wconf 79' lang='lat' dir='ltr'><strong>ccelum</strong></span> <span class='ocrx_word' id='word_1_660' title='bbox 2755 4450 2929 4505; x_wconf 82' lang='lat' dir='ltr'><strong>volat.</strong></span> <span class='ocrx_word' id='word_1_661' title='bbox 2962 4450 3068 4513; x_wconf 88' lang='lat' dir='ltr'><strong>Qui</strong></span> <span class='ocrx_word' id='word_1_662' title='bbox 3100 4451 3255 4505; x_wconf 90' lang='lat' dir='ltr'><strong>enim</strong></span> <span class='ocrx_word' id='word_1_663' title='bbox 3289 4466 3466 4520; x_wconf 89' lang='lat' dir='ltr'><strong>supra</strong></span> <span class='ocrx_word' id='word_1_664' title='bbox 3500 4453 3695 4518; x_wconf 79' lang='lat' dir='ltr'><strong>peetus</strong></span> <span class='ocrx_word' id='word_1_665' title='bbox 3729 4450 3839 4503; x_wconf 91' lang='lat' dir='ltr'><strong>Do-</strong></span> 
     </span>
    </p>
   </div>
   <div class='ocr_carea' id='block_1_57' title="bbox 2139 4539 3842 4611">
    <p class='ocr_par' dir='ltr' id='par_1_57' title="bbox 2139 4539 3842 4611">
     <span class='ocr_line' id='line_1_57' title="bbox 2139 4539 3842 4611; baseline 0 -16"><span class='ocrx_word' id='word_1_666' title='bbox 2139 4541 2272 4596; x_wconf 92' lang='lat' dir='ltr'><strong>mici</strong></span> <span class='ocrx_word' id='word_1_667' title='bbox 2305 4541 2361 4595; x_wconf 91' lang='lat' dir='ltr'><strong>in</strong></span> <span class='ocrx_word' id='word_1_668' title='bbox 2393 4555 2556 4594; x_wconf 69' lang='lat' dir='ltr'><strong>caena</strong></span> <span class='ocrx_word' id='word_1_669' title='bbox 2607 4539 2889 4607; x_wconf 89' lang='lat' dir='ltr'><strong>recubuit,</strong></span> <span class='ocrx_word' id='word_1_670' title='bbox 2935 4539 3187 4594; x_wconf 67' lang='lat' dir='ltr'><strong>caelestis</strong></span> <span class='ocrx_word' id='word_1_671' title='bbox 3227 4540 3502 4595; x_wconf 89' lang='lat' dir='ltr'><strong>haustum</strong></span> <span class='ocrx_word' id='word_1_672' title='bbox 3543 4539 3842 4611; x_wconf 73' lang='lat' dir='ltr'><strong>sapientiai</strong></span> 
     </span>
    </p>
   </div>
   <div class='ocr_carea' id='block_1_58' title="bbox 2136 4627 3842 4700">
    <p class='ocr_par' dir='ltr' id='par_1_58' title="bbox 2136 4627 3842 4700">
     <span class='ocr_line' id='line_1_58' title="bbox 2136 4627 3842 4700; baseline 0 -14"><span class='ocrx_word' id='word_1_673' title='bbox 2136 4628 2358 4686; x_wconf 82' lang='lat' dir='ltr'><strong>caeteris</strong></span> <span class='ocrx_word' id='word_1_674' title='bbox 2389 4627 2762 4683; x_wconf 82' lang='lat' dir='ltr'><strong>excellentius</strong></span> <span class='ocrx_word' id='word_1_675' title='bbox 2813 4627 2883 4682; x_wconf 90' lang='lat' dir='ltr'><strong>de</strong></span> <span class='ocrx_word' id='word_1_676' title='bbox 2914 4627 3042 4698; x_wconf 90' lang='lat' dir='ltr'><strong>ipso</strong></span> <span class='ocrx_word' id='word_1_677' title='bbox 3084 4627 3367 4682; x_wconf 92' lang='lat' dir='ltr'><strong>Dominiei</strong></span> <span class='ocrx_word' id='word_1_678' title='bbox 3404 4629 3652 4700; x_wconf 85' lang='lat' dir='ltr'><strong>pectoris</strong></span> <span class='ocrx_word' id='word_1_679' title='bbox 3687 4629 3842 4686; x_wconf 89' lang='lat' dir='ltr'><strong>fonte</strong></span> 
     </span>
    </p>
   </div>
   <div class='ocr_carea' id='block_1_59' title="bbox 2140 4716 3844 4793">
    <p class='ocr_par' dir='ltr' id='par_1_59' title="bbox 2140 4716 3844 4793">
     <span class='ocr_line' id='line_1_59' title="bbox 2140 4716 3844 4793; baseline 0.002 -19"><span class='ocrx_word' id='word_1_680' title='bbox 2140 4718 2378 4790; x_wconf 88' lang='lat' dir='ltr'><strong>potavit.</strong></span> <span class='ocrx_word' id='word_1_681' title='bbox 2412 4721 2650 4787; x_wconf 84' lang='lat' dir='ltr'><strong>Legerat</strong></span> <span class='ocrx_word' id='word_1_682' title='bbox 2677 4716 2956 4787; x_wconf 88' lang='lat' dir='ltr'><strong>siquidem</strong></span> <span class='ocrx_word' id='word_1_683' title='bbox 2989 4716 3304 4788; x_wconf 87' lang='lat' dir='ltr'><strong>Evangelia</strong></span> <span class='ocrx_word' id='word_1_684' title='bbox 3336 4719 3514 4774; x_wconf 91' lang='lat' dir='ltr'><strong>trium</strong></span> <span class='ocrx_word' id='word_1_685' title='bbox 3547 4722 3844 4793; x_wconf 55' lang='lat' dir='ltr'><strong>evangeli.</strong></span> 
     </span>
    </p>
   </div>
   <div class='ocr_carea' id='block_1_60' title="bbox 2141 4805 3842 4876">
    <p class='ocr_par' dir='ltr' id='par_1_60' title="bbox 2141 4805 3842 4876">
     <span class='ocr_line' id='line_1_60' title="bbox 2141 4805 3842 4876; baseline -0.001 -14"><span class='ocrx_word' id='word_1_686' title='bbox 2141 4814 2382 4866; x_wconf 88' lang='lat' dir='ltr'><strong>starum,</strong></span> <span class='ocrx_word' id='word_1_687' title='bbox 2407 4809 2462 4861; x_wconf 91' lang='lat' dir='ltr'><strong>et</strong></span> <span class='ocrx_word' id='word_1_688' title='bbox 2481 4823 2547 4876; x_wconf 84' lang='lat' dir='ltr'><strong>ap</strong></span> <span class='ocrx_word' id='word_1_689' title='bbox 2562 4806 2902 4875; x_wconf 89' lang='lat' dir='ltr'><strong>probaverat</strong></span> <span class='ocrx_word' id='word_1_690' title='bbox 2921 4805 3092 4861; x_wconf 85' lang='lat' dir='ltr'><strong>fidem</strong></span> <span class='ocrx_word' id='word_1_691' title='bbox 3115 4822 3316 4862; x_wconf 91' lang='lat' dir='ltr'><strong>eorum</strong></span> <span class='ocrx_word' id='word_1_692' title='bbox 3340 4813 3397 4864; x_wconf 90' lang='lat' dir='ltr'><strong>et</strong></span> <span class='ocrx_word' id='word_1_693' title='bbox 3421 4808 3718 4865; x_wconf 77' lang='lat' dir='ltr'><strong>veritatem</strong></span> <span class='ocrx_word' id='word_1_694' title='bbox 3747 4827 3758 4863; x_wconf 92' lang='lat'><strong>:</strong></span> <span class='ocrx_word' id='word_1_695' title='bbox 3787 4810 3842 4862; x_wconf 89' lang='lat' dir='ltr'><strong>in</strong></span> 
     </span>
    </p>
   </div>
   <div class='ocr_carea' id='block_1_61' title="bbox 2141 4895 3845 4968">
    <p class='ocr_par' dir='ltr' id='par_1_61' title="bbox 2141 4895 3845 4968">
     <span class='ocr_line' id='line_1_61' title="bbox 2141 4895 3845 4968; baseline -0.001 -18"><span class='ocrx_word' id='word_1_696' title='bbox 2141 4897 2355 4968; x_wconf 88' lang='lat' dir='ltr'><strong>quibus</strong></span> <span class='ocrx_word' id='word_1_697' title='bbox 2371 4897 2570 4950; x_wconf 89' lang='lat' dir='ltr'><strong>deesse</strong></span> <span class='ocrx_word' id='word_1_698' title='bbox 2585 4896 2732 4950; x_wconf 87' lang='lat' dir='ltr'><strong>vidit</strong></span> <span class='ocrx_word' id='word_1_699' title='bbox 2750 4895 2941 4966; x_wconf 84' lang='lat' dir='ltr'><strong>aliqua</strong></span> <span class='ocrx_word' id='word_1_700' title='bbox 2967 4902 3259 4968; x_wconf 85' lang='lat' dir='ltr'><strong>gestarum</strong></span> <span class='ocrx_word' id='word_1_701' title='bbox 3289 4915 3476 4954; x_wconf 89' lang='lat' dir='ltr'><strong>rerum</strong></span> <span class='ocrx_word' id='word_1_702' title='bbox 3504 4899 3845 4960; x_wconf 78' lang='lat' dir='ltr'><strong>historiae,et</strong></span> 
     </span>
    </p>
   </div>
   <div class='ocr_carea' id='block_1_62' title="bbox 2146 4983 3846 5057">
    <p class='ocr_par' dir='ltr' id='par_1_62' title="bbox 2146 4983 3846 5057">
     <span class='ocr_line' id='line_1_62' title="bbox 2146 4983 3846 5057; baseline -0.003 -15"><span class='ocrx_word' id='word_1_703' title='bbox 2146 5003 2213 5042; x_wconf 89' lang='lat' dir='ltr'><strong>ea</strong></span> <span class='ocrx_word' id='word_1_704' title='bbox 2244 4985 2496 5040; x_wconf 88' lang='lat' dir='ltr'><strong>maxime</strong></span> <span class='ocrx_word' id='word_1_705' title='bbox 2524 5001 2652 5056; x_wconf 70' lang='lat' dir='ltr'><strong>quae</strong></span> <span class='ocrx_word' id='word_1_706' title='bbox 2677 4985 2962 5040; x_wconf 90' lang='lat' dir='ltr'><strong>Dominus</strong></span> <span class='ocrx_word' id='word_1_707' title='bbox 2991 4987 3174 5057; x_wconf 89' lang='lat' dir='ltr'><strong>gessit</strong></span> <span class='ocrx_word' id='word_1_708' title='bbox 3196 4989 3382 5057; x_wconf 90' lang='lat' dir='ltr'><strong>primo</strong></span> <span class='ocrx_word' id='word_1_709' title='bbox 3418 4983 3846 5056; x_wconf 76' lang='lat' dir='ltr'><strong>praedicationis</strong></span> 
     </span>
    </p>
   </div>
   <div class='ocr_carea' id='block_1_63' title="bbox 311 5074 2035 5148">
    <p class='ocr_par' dir='ltr' id='par_1_63' title="bbox 311 5074 2035 5148">
     <span class='ocr_line' id='line_1_63' title="bbox 311 5074 2035 5148; baseline -0.004 -14"><span class='ocrx_word' id='word_1_710' title='bbox 311 5095 377 5135; x_wconf 90' lang='lat' dir='ltr'><strong>eo</strong></span> <span class='ocrx_word' id='word_1_711' title='bbox 435 5079 678 5134; x_wconf 85' lang='lat' dir='ltr'><strong>absente</strong></span> <span class='ocrx_word' id='word_1_712' title='bbox 736 5078 1062 5148; x_wconf 88' lang='lat' dir='ltr'><strong>irruperant</strong></span> <span class='ocrx_word' id='word_1_713' title='bbox 1102 5078 1158 5132; x_wconf 90' lang='lat' dir='ltr'><strong>in</strong></span> <span class='ocrx_word' id='word_1_714' title='bbox 1192 5076 1318 5146; x_wconf 87' lang='lat' dir='ltr'><strong>ejus</strong></span> <span class='ocrx_word' id='word_1_715' title='bbox 1367 5075 1670 5142; x_wconf 84' lang='lat' dir='ltr'><strong>Ecclesiae,</strong></span> <span class='ocrx_word' id='word_1_716' title='bbox 1706 5074 1806 5146; x_wconf 90' lang='lat' dir='ltr'><strong>qui</strong></span> <span class='ocrx_word' id='word_1_717' title='bbox 1860 5074 2035 5131; x_wconf 87' lang='lat' dir='ltr'><strong>Chri-</strong></span> 
     </span>
    </p>
   </div>
   <div class='ocr_carea' id='block_1_64' title="bbox 313 5163 2030 5238">
    <p class='ocr_par' dir='ltr' id='par_1_64' title="bbox 313 5163 2030 5238">
     <span class='ocr_line' id='line_1_64' title="bbox 313 5163 2030 5238; baseline -0.003 -14"><span class='ocrx_word' id='word_1_718' title='bbox 313 5177 468 5224; x_wconf 86' lang='lat' dir='ltr'><strong>stum</strong></span> <span class='ocrx_word' id='word_1_719' title='bbox 514 5174 652 5223; x_wconf 87' lang='lat' dir='ltr'><strong>ante</strong></span> <span class='ocrx_word' id='word_1_720' title='bbox 685 5168 936 5222; x_wconf 84' lang='lat' dir='ltr'><strong>Mariam</strong></span> <span class='ocrx_word' id='word_1_721' title='bbox 959 5167 1142 5222; x_wconf 90' lang='lat' dir='ltr'><strong>fuisse</strong></span> <span class='ocrx_word' id='word_1_722' title='bbox 1176 5165 1485 5238; x_wconf 88' lang='lat' dir='ltr'><strong>negabant.</strong></span> <span class='ocrx_word' id='word_1_723' title='bbox 1538 5164 1701 5220; x_wconf 86' lang='lat' dir='ltr'><strong>Unde</strong></span> <span class='ocrx_word' id='word_1_724' title='bbox 1741 5163 1940 5220; x_wconf 87' lang='lat' dir='ltr'><strong>merito</strong></span> <span class='ocrx_word' id='word_1_725' title='bbox 1971 5164 2030 5219; x_wconf 90' lang='lat' dir='ltr'><strong>in</strong></span> 
     </span>
    </p>
   </div>
   <div class='ocr_carea' id='block_1_65' title="bbox 314 5254 2032 5327">
    <p class='ocr_par' dir='ltr' id='par_1_65' title="bbox 314 5254 2032 5327">
     <span class='ocr_line' id='line_1_65' title="bbox 314 5254 2032 5327; baseline -0.003 -14"><span class='ocrx_word' id='word_1_726' title='bbox 314 5259 502 5327; x_wconf 71' lang='lat' dir='ltr'><strong>ﬁgura</strong></span> <span class='ocrx_word' id='word_1_727' title='bbox 546 5267 798 5327; x_wconf 89' lang='lat' dir='ltr'><strong>quatuor</strong></span> <span class='ocrx_word' id='word_1_728' title='bbox 828 5255 1198 5324; x_wconf 85' lang='lat' dir='ltr'><strong>animalium,</strong></span> <span class='ocrx_word' id='word_1_729' title='bbox 1233 5255 1440 5327; x_wconf 70' lang='lat' dir='ltr'><strong>aquilae</strong></span> <span class='ocrx_word' id='word_1_730' title='bbox 1481 5254 1696 5312; x_wconf 87' lang='lat' dir='ltr'><strong>volanti</strong></span> <span class='ocrx_word' id='word_1_731' title='bbox 1730 5269 2032 5324; x_wconf 88' lang='lat' dir='ltr'><strong>compara-</strong></span> 
     </span>
    </p>
   </div>
   <div class='ocr_carea' id='block_1_66' title="bbox 313 5343 2036 5418">
    <p class='ocr_par' dir='ltr' id='par_1_66' title="bbox 313 5343 2036 5418">
     <span class='ocr_line' id='line_1_66' title="bbox 313 5343 2036 5418; baseline -0.002 -17"><span class='ocrx_word' id='word_1_732' title='bbox 313 5353 410 5404; x_wconf 86' lang='lat' dir='ltr'><strong>tur</strong></span> <span class='ocrx_word' id='word_1_733' title='bbox 443 5366 456 5403; x_wconf 90' lang='lat'><strong>:</strong></span> <span class='ocrx_word' id='word_1_734' title='bbox 493 5364 623 5418; x_wconf 64' lang='lat' dir='ltr'><strong>quae</strong></span> <span class='ocrx_word' id='word_1_735' title='bbox 655 5345 812 5402; x_wconf 87' lang='lat' dir='ltr'><strong>volat</strong></span> <span class='ocrx_word' id='word_1_736' title='bbox 851 5345 1026 5402; x_wconf 88' lang='lat' dir='ltr'><strong>altius</strong></span> <span class='ocrx_word' id='word_1_737' title='bbox 1058 5345 1279 5402; x_wconf 65' lang='lat' dir='ltr'><strong>caeteris</strong></span> <span class='ocrx_word' id='word_1_738' title='bbox 1308 5345 1535 5415; x_wconf 87' lang='lat' dir='ltr'><strong>avibus,</strong></span> <span class='ocrx_word' id='word_1_739' title='bbox 1567 5353 1618 5399; x_wconf 91' lang='lat' dir='ltr'><strong>et</strong></span> <span class='ocrx_word' id='word_1_740' title='bbox 1669 5343 1810 5399; x_wconf 89' lang='lat' dir='ltr'><strong>solis</strong></span> <span class='ocrx_word' id='word_1_741' title='bbox 1843 5343 2036 5398; x_wconf 89' lang='lat' dir='ltr'><strong>radios</strong></span> 
     </span>
    </p>
   </div>
   <div class='ocr_carea' id='block_1_67' title="bbox 321 5435 2037 5510">
    <p class='ocr_par' dir='ltr' id='par_1_67' title="bbox 321 5435 2037 5510">
     <span class='ocr_line' id='line_1_67' title="bbox 321 5435 2037 5510; baseline -0.001 -20"><span class='ocrx_word' id='word_1_742' title='bbox 321 5439 756 5494; x_wconf 79' lang='lat' dir='ltr'><strong>irreverberatis</strong></span> <span class='ocrx_word' id='word_1_743' title='bbox 789 5437 1352 5510; x_wconf 81' lang='lat' dir='ltr'><strong>aspicitluminibus.</strong></span> <span class='ocrx_word' id='word_1_744' title='bbox 1384 5435 1582 5492; x_wconf 65' lang='lat' dir='ltr'><strong>Crateri</strong></span> <span class='ocrx_word' id='word_1_745' title='bbox 1617 5435 1832 5506; x_wconf 87' lang='lat' dir='ltr'><strong>quippe</strong></span> <span class='ocrx_word' id='word_1_746' title='bbox 1864 5449 2037 5489; x_wconf 65' lang='lat' dir='ltr'><strong>evanv</strong></span> 
     </span>
    </p>
   </div>
   <div class='ocr_carea' id='block_1_68' title="bbox 322 5524 2038 5600">
    <p class='ocr_par' dir='ltr' id='par_1_68' title="bbox 322 5524 2038 5600">
     <span class='ocr_line' id='line_1_68' title="bbox 322 5524 2038 5600; baseline -0.002 -17"><span class='ocrx_word' id='word_1_747' title='bbox 322 5528 577 5600; x_wconf 71' lang='lat' dir='ltr'><strong>gelistze,</strong></span> <span class='ocrx_word' id='word_1_748' title='bbox 610 5529 709 5600; x_wconf 89' lang='lat' dir='ltr'><strong>qui</strong></span> <span class='ocrx_word' id='word_1_749' title='bbox 743 5527 1120 5599; x_wconf 88' lang='lat' dir='ltr'><strong>temporalem</strong></span> <span class='ocrx_word' id='word_1_750' title='bbox 1153 5526 1367 5584; x_wconf 87' lang='lat' dir='ltr'><strong>Christi</strong></span> <span class='ocrx_word' id='word_1_751' title='bbox 1403 5524 1785 5585; x_wconf 84' lang='lat' dir='ltr'><strong>nativitatem,</strong></span> <span class='ocrx_word' id='word_1_752' title='bbox 1819 5530 1876 5580; x_wconf 91' lang='lat' dir='ltr'><strong>et</strong></span> <span class='ocrx_word' id='word_1_753' title='bbox 1897 5528 2038 5580; x_wconf 86' lang='lat' dir='ltr'><strong>tem-</strong></span> 
     </span>
    </p>
   </div>
   <div class='ocr_carea' id='block_1_69' title="bbox 326 5613 2040 5690">
    <p class='ocr_par' dir='ltr' id='par_1_69' title="bbox 326 5613 2040 5690">
     <span class='ocr_line' id='line_1_69' title="bbox 326 5613 2040 5690; baseline -0.004 -16"><span class='ocrx_word' id='word_1_754' title='bbox 326 5618 554 5690; x_wconf 86' lang='lat' dir='ltr'><strong>poralia</strong></span> <span class='ocrx_word' id='word_1_755' title='bbox 585 5618 718 5689; x_wconf 88' lang='lat' dir='ltr'><strong>ejus</strong></span> <span class='ocrx_word' id='word_1_756' title='bbox 751 5619 892 5674; x_wconf 87' lang='lat' dir='ltr'><strong>facta</strong></span> <span class='ocrx_word' id='word_1_757' title='bbox 924 5634 1050 5689; x_wconf 67' lang='lat' dir='ltr'><strong>qum</strong></span> <span class='ocrx_word' id='word_1_758' title='bbox 1083 5617 1263 5689; x_wconf 87' lang='lat' dir='ltr'><strong>gessit</strong></span> <span class='ocrx_word' id='word_1_759' title='bbox 1293 5617 1350 5670; x_wconf 91' lang='lat' dir='ltr'><strong>in</strong></span> <span class='ocrx_word' id='word_1_760' title='bbox 1402 5615 1658 5683; x_wconf 89' lang='lat' dir='ltr'><strong>homine,</strong></span> <span class='ocrx_word' id='word_1_761' title='bbox 1692 5613 2040 5670; x_wconf 83' lang='lat' dir='ltr'><strong>sufficienter</strong></span> 
     </span>
    </p>
   </div>
   <div class='ocr_carea' id='block_1_70' title="bbox 2146 5071 3850 5146">
    <p class='ocr_par' dir='ltr' id='par_1_70' title="bbox 2146 5071 3850 5146">
     <span class='ocr_line' id='line_1_70' title="bbox 2146 5071 3850 5146; baseline -0.003 -15"><span class='ocrx_word' id='word_1_762' title='bbox 2146 5092 2267 5131; x_wconf 68' lang='lat' dir='ltr'><strong>sua:</strong></span> <span class='ocrx_word' id='word_1_763' title='bbox 2281 5077 2392 5130; x_wconf 90' lang='lat' dir='ltr'><strong>tem</strong></span> <span class='ocrx_word' id='word_1_764' title='bbox 2404 5091 2561 5145; x_wconf 86' lang='lat' dir='ltr'><strong>pore,</strong></span> <span class='ocrx_word' id='word_1_765' title='bbox 2576 5075 2794 5130; x_wconf 91' lang='lat' dir='ltr'><strong>scilicet</strong></span> <span class='ocrx_word' id='word_1_766' title='bbox 2811 5079 3118 5146; x_wconf 89' lang='lat' dir='ltr'><strong>antequam</strong></span> <span class='ocrx_word' id='word_1_767' title='bbox 3145 5076 3395 5130; x_wconf 86' lang='lat' dir='ltr'><strong>Joannes</strong></span> <span class='ocrx_word' id='word_1_768' title='bbox 3418 5072 3672 5140; x_wconf 84' lang='lat' dir='ltr'><strong>Baptista</strong></span> <span class='ocrx_word' id='word_1_769' title='bbox 3690 5071 3850 5126; x_wconf 89' lang='lat' dir='ltr'><strong>clau-</strong></span> 
     </span>
    </p>
   </div>
   <div class='ocr_carea' id='block_1_71' title="bbox 2142 5159 3849 5234">
    <p class='ocr_par' dir='ltr' id='par_1_71' title="bbox 2142 5159 3849 5234">
     <span class='ocr_line' id='line_1_71' title="bbox 2142 5159 3849 5234; baseline -0.004 -15"><span class='ocrx_word' id='word_1_770' title='bbox 2142 5165 2374 5219; x_wconf 90' lang='lat' dir='ltr'><strong>deretur</strong></span> <span class='ocrx_word' id='word_1_771' title='bbox 2405 5165 2462 5219; x_wconf 89' lang='lat' dir='ltr'><strong>in</strong></span> <span class='ocrx_word' id='word_1_772' title='bbox 2503 5180 2751 5220; x_wconf 86' lang='lat' dir='ltr'><strong>carcere.</strong></span> <span class='ocrx_word' id='word_1_773' title='bbox 2805 5168 2935 5218; x_wconf 66' lang='lat' dir='ltr'><strong>Haec</strong></span> <span class='ocrx_word' id='word_1_774' title='bbox 2965 5180 3099 5234; x_wconf 87' lang='lat' dir='ltr'><strong>ergo</strong></span> <span class='ocrx_word' id='word_1_775' title='bbox 3145 5163 3305 5231; x_wconf 88' lang='lat' dir='ltr'><strong>quasi</strong></span> <span class='ocrx_word' id='word_1_776' title='bbox 3337 5160 3581 5214; x_wconf 88' lang='lat' dir='ltr'><strong>dimissa</strong></span> <span class='ocrx_word' id='word_1_777' title='bbox 3620 5161 3690 5214; x_wconf 90' lang='lat' dir='ltr'><strong>ab</strong></span> <span class='ocrx_word' id='word_1_778' title='bbox 3733 5159 3849 5219; x_wconf 87' lang='lat' dir='ltr'><strong>illis</strong></span> 
     </span>
    </p>
   </div>
   <div class='ocr_carea' id='block_1_72' title="bbox 2144 5253 3852 5325">
    <p class='ocr_par' dir='ltr' id='par_1_72' title="bbox 2144 5253 3852 5325">
     <span class='ocr_line' id='line_1_72' title="bbox 2144 5253 3852 5325; baseline -0.002 -13"><span class='ocrx_word' id='word_1_779' title='bbox 2144 5254 2350 5312; x_wconf 84' lang='lat' dir='ltr'><strong>scribit</strong></span> <span class='ocrx_word' id='word_1_780' title='bbox 2377 5255 2652 5322; x_wconf 88' lang='lat' dir='ltr'><strong>Joannes,</strong></span> <span class='ocrx_word' id='word_1_781' title='bbox 2686 5271 2812 5325; x_wconf 75' lang='lat' dir='ltr'><strong>quae</strong></span> <span class='ocrx_word' id='word_1_782' title='bbox 2853 5253 2989 5308; x_wconf 91' lang='lat' dir='ltr'><strong>fecit</strong></span> <span class='ocrx_word' id='word_1_783' title='bbox 3017 5253 3189 5306; x_wconf 86' lang='lat' dir='ltr'><strong>Jesus</strong></span> <span class='ocrx_word' id='word_1_784' title='bbox 3240 5254 3550 5319; x_wconf 90' lang='lat' dir='ltr'><strong>antequam</strong></span> <span class='ocrx_word' id='word_1_785' title='bbox 3597 5253 3852 5308; x_wconf 85' lang='lat' dir='ltr'><strong>Joannes</strong></span> 
     </span>
    </p>
   </div>
   <div class='ocr_carea' id='block_1_73' title="bbox 2145 5338 3851 5400">
    <p class='ocr_par' dir='ltr' id='par_1_73' title="bbox 2145 5338 3851 5400">
     <span class='ocr_line' id='line_1_73' title="bbox 2145 5338 3851 5400; baseline -0.002 0"><span class='ocrx_word' id='word_1_786' title='bbox 2145 5345 2544 5400; x_wconf 89' lang='lat' dir='ltr'><strong>clauderetur:</strong></span> <span class='ocrx_word' id='word_1_787' title='bbox 2579 5346 2676 5400; x_wconf 88' lang='lat' dir='ltr'><strong>sed</strong></span> <span class='ocrx_word' id='word_1_788' title='bbox 2711 5342 2958 5398; x_wconf 82' lang='lat' dir='ltr'><strong>maxime</strong></span> <span class='ocrx_word' id='word_1_789' title='bbox 2979 5339 3332 5395; x_wconf 90' lang='lat' dir='ltr'><strong>divinitatem</strong></span> <span class='ocrx_word' id='word_1_790' title='bbox 3365 5338 3851 5397; x_wconf 88' lang='lat' dir='ltr'><strong>ChristietTrini-</strong></span> 
     </span>
    </p>
   </div>
   <div class='ocr_carea' id='block_1_74' title="bbox 2147 5429 3849 5504">
    <p class='ocr_par' dir='ltr' id='par_1_74' title="bbox 2147 5429 3849 5504">
     <span class='ocr_line' id='line_1_74' title="bbox 2147 5429 3849 5504; baseline -0.002 -15"><span class='ocrx_word' id='word_1_791' title='bbox 2147 5434 2280 5490; x_wconf 89' lang='lat' dir='ltr'><strong>tatis</strong></span> <span class='ocrx_word' id='word_1_792' title='bbox 2312 5434 2646 5504; x_wconf 79' lang='lat' dir='ltr'><strong>mysterium</strong></span> <span class='ocrx_word' id='word_1_793' title='bbox 2679 5431 3089 5487; x_wconf 87' lang='lat' dir='ltr'><strong>commendare</strong></span> <span class='ocrx_word' id='word_1_794' title='bbox 3112 5429 3349 5484; x_wconf 88' lang='lat' dir='ltr'><strong>curavit.</strong></span> <span class='ocrx_word' id='word_1_795' title='bbox 3385 5430 3525 5485; x_wconf 90' lang='lat' dir='ltr'><strong>Tres</strong></span> <span class='ocrx_word' id='word_1_796' title='bbox 3555 5430 3849 5503; x_wconf 89' lang='lat' dir='ltr'><strong>siquidem</strong></span> 
     </span>
    </p>
   </div>
   <div class='ocr_carea' id='block_1_75' title="bbox 2148 5519 3847 5594">
    <p class='ocr_par' dir='ltr' id='par_1_75' title="bbox 2148 5519 3847 5594">
     <span class='ocr_line' id='line_1_75' title="bbox 2148 5519 3847 5594; baseline -0.002 -15"><span class='ocrx_word' id='word_1_797' title='bbox 2148 5525 2247 5580; x_wconf 90' lang='lat' dir='ltr'><strong>alii</strong></span> <span class='ocrx_word' id='word_1_798' title='bbox 2275 5523 2639 5592; x_wconf 60' lang='lat' dir='ltr'><strong>evangelista</strong></span> <span class='ocrx_word' id='word_1_799' title='bbox 2659 5522 2814 5576; x_wconf 86' lang='lat' dir='ltr'><strong>dicta</strong></span> <span class='ocrx_word' id='word_1_800' title='bbox 2839 5529 2890 5575; x_wconf 88' lang='lat' dir='ltr'><strong>et</strong></span> <span class='ocrx_word' id='word_1_801' title='bbox 2917 5521 3062 5577; x_wconf 83' lang='lat' dir='ltr'><strong>facta</strong></span> <span class='ocrx_word' id='word_1_802' title='bbox 3091 5519 3323 5577; x_wconf 90' lang='lat' dir='ltr'><strong>Domini</strong></span> <span class='ocrx_word' id='word_1_803' title='bbox 3344 5521 3847 5594; x_wconf 80' lang='lat' dir='ltr'><strong>temporalia,quse</strong></span> 
     </span>
    </p>
   </div>
   <div class='ocr_carea' id='block_1_76' title="bbox 2150 5611 3846 5684">
    <p class='ocr_par' dir='ltr' id='par_1_76' title="bbox 2150 5611 3846 5684">
     <span class='ocr_line' id='line_1_76' title="bbox 2150 5611 3846 5684; baseline -0.002 -15"><span class='ocrx_word' id='word_1_804' title='bbox 2150 5614 2224 5669; x_wconf 87' lang='lat' dir='ltr'><strong>ad</strong></span> <span class='ocrx_word' id='word_1_805' title='bbox 2247 5613 2651 5670; x_wconf 85' lang='lat' dir='ltr'><strong>informandos</strong></span> <span class='ocrx_word' id='word_1_806' title='bbox 2677 5627 2866 5668; x_wconf 89' lang='lat' dir='ltr'><strong>mores</strong></span> <span class='ocrx_word' id='word_1_807' title='bbox 2892 5611 3014 5668; x_wconf 74' lang='lat' dir='ltr'><strong>vitae</strong></span> <span class='ocrx_word' id='word_1_808' title='bbox 3037 5613 3336 5684; x_wconf 78' lang='lat' dir='ltr'><strong>praesentis</strong></span> <span class='ocrx_word' id='word_1_809' title='bbox 3363 5613 3611 5670; x_wconf 83' lang='lat' dir='ltr'><strong>maxime</strong></span> <span class='ocrx_word' id='word_1_810' title='bbox 3637 5613 3846 5679; x_wconf 88' lang='lat' dir='ltr'><strong>valent,</strong></span> 
     </span>
    </p>
   </div>
  </div>
