4170 6188
335 270 487 336 1379

330 407 620 481 c0piosius
643 401 949 476 prosecuti,
974 400 1130 457 circa
1149 402 1396 458 activam
1422 402 1593 458 vitam
1617 407 1756 459 sunt
1777 402 1982 458 versati
2009 418 2024 457 :

330 498 387 554 in
406 514 520 570 qua
537 496 852 563 laboratur,
867 500 1036 548 utcor
1052 491 1365 547 mundetur
1385 492 1455 547 ad
1477 493 1790 548 videndum
1813 493 2024 549 Deum:

329 590 582 646 Joannes
611 602 742 641 vero
775 600 954 655 pauca
991 582 1221 638 Domini
1271 583 1418 637 facta
1449 582 1591 638 dicit
1623 599 1636 639 :
1679 583 1851 638 verba
1894 598 2023 639 vero

328 678 557 735 Domini
589 692 715 748 quis
743 673 1043 729 Trinitatis
1075 673 1377 739 unitatem,
1409 677 1465 728 et
1496 673 1622 728 vita:
1653 678 1875 729 eterna:
1908 673 2024 728 feli-

325 768 555 824 citatem
571 767 894 831 insinuant,
910 760 1249 833 diligentius
1270 762 1609 830 conscribit;
1634 768 1690 818 et
1709 764 1793 818 sic
1813 762 1869 817 in
1895 778 2025 818 oon-

1274 270 1353 328 ΙΝ
1396 268 1727 333 JOANNIS
1773 268 2309 347 EVANGELIUM,
2355 273 2421 331 S.
2471 271 2894 333 AUGUSTINI

3686 273 3844 333 1380

2137 401 2469 469 templutiva
2500 401 2711 458 virtute
2748 403 3231 471 commendanda,
3257 401 3637 458 intentionem
3668 420 3839 459 suam

2134 496 2190 547 et
2217 492 2685 563 predicationem
2718 492 2930 548 lenuit:
2966 493 3022 547 in
3055 509 3173 560 qua
3201 492 3650 565 contemplativa
3665 510 3835 549 vaca-

2136 585 2232 636 tur
2258 589 2319 635 ut
2339 581 2790 637 Deusvideatur.
2815 584 2928 639 Istc
2950 582 3238 651 siquidem
3262 586 3349 637 est
3368 583 3640 648 Joannes,
3659 599 3835 654 quem

2134 671 2414 726 Dominus
2447 674 2515 726 de
2538 671 2842 743 ﬂuctivaga
2866 672 3203 743 ntiptiurum
3231 678 3571 743 tempestate
3594 673 3833 739 vocavit,

2132 765 2189 816 et
2218 760 2308 817 cui
2343 761 2579 817 Matrem
2614 761 2892 833 virginem
2929 761 3136 833 virgini
3167 761 3618 817 commendavit.

322 908 3836 935 Μ

1054 1040 1171 1172 S.
1322 1040 2020 1163 AURELII

3434 938 3833 948 -—__—_

2164 1040 3089 1162 AUGUSTINI

1442 1252 2157 1345 HIPPONENSIS
2219 1253 2716 1342 EPISCOPI

594 1438 836 1605 IN
944 1434 1823 1605 JOANIS
1926 1432 3533 1604 EVANGELIUM

1175 1685 2154 1798 'I‘RAC'I‘A'I‘US
2270 1685 2801 1801 CXXIV
2864 1676 2978 1794 (α).

1890 1868 2252 1901 W

930 2007 1339 2062 TRACTATUS
1374 2010 1412 2063 Ι.

336 2111 371 2148 n
396 2094 544 2149 illud
570 2096 821 2162 Joannis,
848 2094 907 2149 in
936 2094 1217 2165 principio
1249 2101 1369 2149 erat
1395 2095 1740 2161 Verbum,et
1762 2093 2012 2151 Verbum

383 2189 506 2239 erat
544 2184 694 2253 apud
730 2183 937 2250 Deum,
966 2188 1025 2238 et
1058 2189 1204 2239 Deus
1235 2190 1355 2239 erat
1387 2185 1664 2251 Verbum,
1686 2192 1810 2249 em,
1844 2197 2016 2252 usque

380 2271 451 2326 ad
473 2272 550 2341 id,
576 2272 644 2328 Et
663 2274 910 2328 tenebras
932 2289 1058 2327 eam
1076 2289 1190 2328 non
1213 2274 1793 2343 comprehenderunt.
1818 2273 1947 2342 Cap.
1972 2288 2013 2341 ι,

380 2365 435 2431 Ῡ.
475 2364 593 2418 1—5.

379 2455 431 2511 1.
467 2456 703 2512 lntuens
758 2458 775 2492 ¹
827 2456 980 2526 quod
1035 2456 1206 2511 modo
1251 2456 1582 2512 audivimus
1644 2472 1711 2511 ex
1766 2454 2013 2511 lectione

307 2544 647 2617 apostolica,
678 2544 828 2617 quod
862 2543 1131 2600 animalis
1165 2545 1338 2601 homo
1369 2562 1483 2601 non
1519 2545 1760 2616 percipit
1784 2562 1852 2600 ea
1880 2560 2013 2615 quas

306 2638 440 2690 sunt
468 2633 719 2705 Spiritus
749 2632 847 2689 Dei
896 2633 943 2703 (Ι
976 2634 1095 2689 Cor.
1130 2651 1191 2703 ιι,
1239 2635 1346 2704 14),
1379 2640 1436 2689 et
1465 2635 1742 2706 cogitans,
1794 2633 1851 2688 in
1901 2633 2012 2689 hac

306 2724 579 2796 praesenti
600 2724 772 2779 turba
802 2724 1113 2781 Charitatis
1130 2733 1328 2781 vestras
1354 2742 1589 2782 necesse
1606 2742 1731 2782 esse
1754 2733 1811 2780 ut
1838 2723 2007 2779 multi

306 2814 426 2869 sint
454 2811 760 2880 animales,
794 2812 894 2885 qui
926 2814 1117 2869 adhuc
1146 2816 1467 2871 secundum
1493 2831 1723 2871 carnem
1757 2813 2007 2885 sapiant,

306 2904 679 2973 nondumque
699 2919 761 2959 se
784 2902 1010 2975 possint
1030 2904 1099 2959 ad
1126 2904 1489 2976 spiritualem
1512 2904 1871 2961 intellectum
1894 2904 2008 2959 eri-

302 3009 457 3066 gere,
517 2992 716 3048 haesito
771 2991 1167 3061 vehementer,
1236 2995 1550 3065 quomodo,
1606 2999 1666 3050 ut
1722 2994 2007 3050 Dominus

300 3083 541 3147 dederit,
575 3081 792 3153 possim
815 3082 1024 3147 dicere,
1049 3083 1137 3139 vel
1169 3100 1273 3156 pro
1294 3083 1532 3140 modulo
1565 3100 1691 3140 meo
1719 3084 2005 3155 explicare

296 3172 449 3243 quod
481 3170 695 3228 lectum
727 3176 815 3228 est
844 3188 911 3228 ex
940 3173 1269 3243 Evangelii),
1303 3174 1363 3229 In
1395 3175 1672 3244 principio
1717 3180 1833 3230 erat
1871 3175 1999 3229 Ver-

299 3260 444 3328 bum,
468 3265 519 3316 et
553 3260 779 3316 Verbum
808 3265 925 3316 erat
954 3263 1098 3332 apud
1122 3265 1311 3330 Deum,
1334 3270 1391 3317 et
1421 3265 1559 3319 Deus
1578 3269 1695 3319 erat
1728 3267 1960 3322 Verbum
1980 3283 2001 3320 :

296 3347 406 3405 hoc
436 3348 592 3405 enim
624 3349 892 3405 animalis
922 3350 1092 3407 homo
1112 3368 1225 3407 non
1248 3352 1509 3423 percipit.
1535 3354 1678 3417 Quid
1703 3371 1860 3426 ergo,
1886 3357 2001 3411 fra-

295 3441 413 3495 tres
432 3438 460 3493 ?
482 3436 781 3494 silebimus
802 3437 976 3494 hinc?
998 3439 1183 3503 Quare
1201 3456 1337 3511 ergo
1366 3441 1597 3512 legitur,
1615 3443 1661 3499 si
1685 3443 1951 3500 silebitur
1971 3446 1998 3501 ?

294 3532 395 3584 aut
424 3542 603 3599 quare
649 3527 900 3596 auditur,
943 3528 993 3583 si
1043 3546 1157 3585 non
1204 3530 1558 3602 exponitur?
1607 3532 1710 3588 sed
1747 3539 1803 3589 et
1859 3534 1993 3605 quid

294 3618 620 3689 exponitur,
637 3617 683 3673 si
712 3634 821 3673 non
844 3617 1225 3690 intelligitur?
1243 3622 1441 3690 Itaque
1464 3622 1739 3691 quoniam
1764 3641 1992 3681 rursum

291 3722 416 3761 esse
440 3723 551 3761 non
574 3706 774 3761 dubito
797 3707 854 3762 in
890 3723 1130 3763 numero
1162 3714 1350 3764 vestro
1383 3712 1691 3781 quosdam,
1717 3729 1747 3767 a
1779 3713 1994 3785 quibus

292 3796 474 3869 possit
505 3814 620 3852 non
670 3799 860 3853 solum
906 3800 1232 3871 expositum
1268 3800 1416 3871 capi,
1448 3803 1543 3856 sed
1577 3812 1630 3857 et
1678 3810 1991 3877 antequam

288 3893 625 3958 exponetur,
668 3886 913 3959 intelligi
948 3908 961 3956 ;
998 3904 1113 3943 non
1162 3887 1443 3944 fraudabo
1476 3906 1572 3946 eos
1602 3892 1697 3960 qui
1748 3897 1995 3963 possunt

288 3992 515 4048 capere,
540 3976 675 4032 dum
700 3976 875 4032 timeo
907 3993 1073 4049 super
1090 3978 1243 4033 fluus
1264 3994 1389 4033 esse
1410 3981 1650 4035 auribus
1672 3999 1869 4037 eorum
1894 3985 1991 4055 qui

288 4082 400 4122 non
428 4074 670 4138 possunt
685 4082 910 4139 capere.
929 4067 1225 4124 Postremo
1248 4068 1435 4125 aderit
1453 4070 1844 4128 misericordia
1868 4074 1989 4141 Dei,

288 4157 529 4214 fortasse
556 4160 622 4211 ut
649 4157 923 4213 omnibus
952 4157 1094 4213 satis
1127 4158 1246 4223 flat,
1274 4167 1325 4213 et
1348 4160 1540 4231 capiat
1566 4162 1818 4233 quisque
1837 4166 1989 4235 quod

288 4250 473 4317 potest
501 4262 516 4302 :
550 4245 689 4317 quia
718 4251 777 4301 et
805 4244 908 4319 qui
939 4245 1215 4318 loquitur,
1241 4248 1381 4303 dicit
1412 4252 1564 4319 quod
1599 4257 1807 4322 potest.
1844 4254 1989 4310 Nam

287 4336 478 4393 dicere
500 4344 561 4392 ut
589 4340 691 4402 est,
717 4336 848 4407 quis
881 4336 1119 4406 potest?
1148 4338 1346 4393 Audeo
1391 4339 1601 4410 dicere,
1637 4344 1843 4399 fratres
1876 4345 1989 4399 mei

288 4425 529 4481 forsitan
565 4438 669 4479 nec
717 4424 839 4495 ipse
868 4425 1119 4481 Joannes
1151 4426 1291 4481 dixit
1331 4432 1395 4482 ut
1424 4433 1531 4495 est,
1561 4430 1663 4486 sed
1692 4443 1738 4486 et
1769 4430 1895 4504 ipse
1928 4437 1991 4488 ut

288 4513 473 4583 potuit
499 4530 513 4580 ;
536 4512 673 4584 quia
704 4512 775 4568 de
798 4513 913 4569 Deo
934 4514 1106 4569 homo
1137 4515 1283 4571 dixit
1317 4518 1623 4588 etquidem
1668 4520 1988 4592 inspiratus

287 4618 321 4657 ι
342 4602 474 4667 Deo,
494 4602 595 4656 sed
616 4610 809 4658 tamen
828 4602 1022 4659 homo.
1039 4605 1185 4669 Quia
1201 4605 1542 4676 inspiratus,
1562 4609 1708 4664 dixit
1731 4612 1987 4681 aliquid;

287 4689 332 4746 si
368 4706 481 4745 non
505 4688 824 4761 inspiratus
844 4694 1273 4761 esset,dixisset
1299 4695 1476 4753 nihil:
1501 4697 1640 4768 quia
1662 4714 1792 4755 vero
1814 4700 1988 4756 homo

2130 2005 2468 2074 inspiratus,
2502 2023 2616 2062 non
2648 2010 2830 2061 totum
2879 2005 3029 2077 quod
3062 2008 3152 2061 est
3184 2003 3367 2071 dixit;
3408 2004 3511 2058 sed
3545 2005 3695 2076 quod
3734 2022 3828 2077 po-

2131 2097 2241 2150 tuit
2272 2096 2462 2164 homo,
2495 2098 2656 2153 dixit.

2196 2184 2251 2240 2.
2284 2185 2413 2240 Erat
2460 2186 2615 2241 enim
2648 2187 2754 2241 isto
2800 2188 3071 2251 Joannes,
3115 2186 3324 2240 fratres
3368 2183 3719 2253 charissimi,
3757 2185 3828 2240 de

2126 2272 2243 2329 illis
2301 2276 2621 2343 montibus,
2654 2276 2724 2331 de
2771 2276 2990 2346 quibus
3036 2276 3313 2344 scriptum
3348 2279 3430 2328 est
3462 2291 3475 2329 :
3511 2273 3831 2344 Suscipiunt

2123 2368 2334 2419 monte:
2360 2381 2549 2434 pacem
2577 2364 2778 2436 papula
2808 2370 2921 2430 tuo,
2942 2368 2993 2419 et
3017 2364 3179 2419 colles
3203 2364 3472 2434 justi/iam
3494 2362 3659 2433 (Psal.
3678 2379 3832 2430 LXXI,

2121 2453 2195 2521 3).
2259 2454 2501 2523 Montes,
2542 2454 2779 2510 excelsae
2833 2455 3039 2509 animae
3093 2462 3265 2510 sunt:
3324 2451 3518 2516 colles,
3576 2452 3826 2523 parvulas

2122 2543 2331 2598 animis
2376 2549 2534 2600 sunt.
2584 2544 2695 2600 Sed
2726 2543 2854 2599 ideo
2904 2547 3132 2598 montes
3189 2541 3486 2613 excipiunt
3518 2557 3735 2613 pacem,
3769 2550 3827 2597 ut

2122 2632 2298 2688 colles
2328 2634 2558 2704 possint
2603 2634 2866 2705 excipere
2920 2633 3230 2704 justitiam.
3265 2635 3398 2698 Quae
3446 2642 3529 2687 est
3570 2633 3824 2703 justitia,

2123 2738 2297 2793 quam
2330 2722 2502 2779 colles
2548 2723 2893 2795 excipiunt?
2936 2724 3122 2789 Fides,
3173 2724 3309 2795 quia
3352 2723 3550 2792 justus
3598 2739 3664 2777 ex
3716 2723 3825 2776 ficte

2122 2812 2257 2868 vivit
2313 2814 2537 2881 (Habac.
2597 2831 2661 2881 ιι,
2713 2814 2743 2867 4
2778 2831 2793 2880 ;
2830 2814 2981 2868 Rom.
3016 2830 3055 2878 1,
3103 2813 3211 2883 17).
3264 2811 3388 2866 Non
3440 2816 3634 2866 autem
3684 2812 3824 2866 exci-

2120 2908 2325 2973 perent
2357 2903 2612 2959 minores
2661 2904 2871 2959 animas
2904 2903 3093 2969 fidem,
3130 2901 3238 2957 nisi
3294 2903 3541 2973 majores
3590 2901 3820 2969 animae,

2119 3007 2246 3063 quia
2271 2996 2497 3048 montes
2522 2992 2685 3047 dictas
2709 2998 2866 3060 sunt,
2887 2993 2957 3047 ab
2990 2991 3116 3060 ipsa
3146 2990 3445 3061 Sapientia
3466 2990 3822 3046 illustraren-

2118 3086 2232 3148 tur,
2256 3086 2315 3138 ut
2344 3084 2570 3154 possint
2595 3083 2848 3152 parvulis
2882 3082 3149 3152 trajicere
3172 3081 3324 3152 quod
3350 3080 3578 3152 possint
3603 3081 3820 3153 parvuli

2116 3188 2341 3241 capere,
2374 3180 2427 3227 et
2459 3172 2644 3227 vivere
2684 3188 2752 3226 ex
2783 3172 2894 3226 ﬁde
2925 3169 3123 3239 colles,
3157 3170 3295 3242 quia
3346 3176 3574 3225 montes
3624 3186 3819 3241 pacem

2114 3262 2461 3333 suscipiunt.
2494 3264 2576 3316 Ab
2609 3261 2751 3333 ipsis
2802 3260 3097 3316 montibus
3128 3260 3345 3316 dictum
3396 3266 3485 3316 est
3534 3262 3819 3326 Ecclesiae,

2112 3357 2227 3410 Pax
2260 3356 2557 3413 vobiscum
2592 3370 2606 3409 :
2641 3360 2697 3411 et
2737 3355 2846 3427 ipsi
2890 3364 3114 3410 montes
3162 3370 3365 3425 pacem
3413 3354 3816 3409 annuntiando

2112 3446 2395 3514 Ecclesia,
2428 3463 2542 3502 non
2575 3446 2898 3501 diviserunt
2926 3460 2985 3500 se
3011 3444 3289 3500 adversus
3319 3459 3455 3499 eum
3482 3461 3513 3497 a
3544 3461 3658 3514 quo
3691 3459 3824 3498 sus-

2108 3540 2388 3607 ceperunt
2446 3552 2645 3605 pacem
2695 3535 2873 3607 (Joan.
2905 3551 3000 3601 xx,
3054 3534 3163 3603 19),
3228 3537 3289 3588 ut
3344 3534 3639 3600 veraciter,
3700 3549 3812 3589 non

2108 3624 2236 3679 ﬁcte
2267 3626 2603 3679 nuntiarent
2634 3641 2851 3695 pacem.

2168 3714 2225 3767 3.
2254 3713 2403 3769 Sunt
2431 3712 2587 3768 enim
2620 3714 2717 3768 alii
2765 3717 2990 3768 montes
3020 3712 3377 3784 naufragosi,
3420 3728 3536 3783 quo
3567 3712 3813 3783 quisque

2103 3804 2295 3859 navim
2327 3821 2455 3862 cum
2484 3804 2801 3875 impulerit,
2835 3804 3100 3858 solvitur.
3134 3803 3321 3858 Facile
3370 3808 3461 3858 est
3489 3804 3645 3858 enim
3679 3818 3810 3856 cum

2100 3894 2328 3951 videtur
2352 3903 2499 3950 terra
2515 3912 2547 3951 a
2563 3894 3051 3966 periclitantibus,
3068 3893 3235 3965 quasi
3257 3892 3451 3949 conari
3473 3893 3541 3946 ad
3564 3897 3808 3949 terram:

2098 3987 2197 4043 sed
2233 3986 2549 4057 aliquando
2580 3986 2807 4040 videtur
2842 3989 2993 4040 terra
3026 3985 3083 4039 in
3119 3989 3334 4049 monte,
3368 3989 3424 4037 et
3462 4000 3601 4037 saxa
3626 3982 3808 4038 latent

2095 4073 2203 4130 sub
2238 4077 2466 4143 monte;
2499 4078 2557 4129 et
2587 4090 2715 4129 cum
2749 4074 2997 4145 quisque
3021 4078 3273 4129 conatur
3300 4072 3371 4127 ad
3404 4076 3684 4132 montem.
3714 4070 3809 4126 in-

2096 4163 2236 4218 cidit
2257 4163 2314 4217 in
2339 4180 2508 4232 saxa;
2532 4171 2584 4217 et
2602 4179 2715 4218 non
2740 4163 2817 4217 ibi
2842 4164 3065 4219 invenit
3086 4166 3453 4232 portum,sed
3479 4162 3805 4234 planctum.

2095 4251 2188 4307 Sic
2235 4253 2469 4307 fuerunt
2513 4250 2749 4323 quidam
2782 4256 3030 4316 montes,
3062 4256 3119 4305 et
3167 4252 3365 4321 magni
3413 4257 3809 4323 apparuerunt

2093 4339 2247 4397 inter
2278 4340 2541 4396 homines
2572 4358 2587 4409 ;
2621 4346 2678 4395 et
2709 4342 2971 4395 fecerunt
3020 4339 3268 4395 haereses
3296 4345 3350 4394 et
3380 4342 3715 4410 schismata,
3751 4346 3809 4398 et

2096 4431 2418 4486 diviserunt
2463 4430 2780 4486 Ecclesiam
2829 4431 2929 4488 Dei
2970 4431 3118 4487 :sed
3177 4432 3273 4487 isti
3330 4433 3429 4503 qui
3480 4433 3808 4489 diviserunt

2096 4520 2414 4577 Ecclesiam
2446 4520 2568 4591 Dei,
2586 4538 2698 4576 non
2718 4526 2883 4576 erant
2903 4520 2985 4575 illi
3008 4525 3236 4575 montes
3256 4521 3327 4575 de
3349 4522 3565 4591 quibus
3583 4522 3799 4576 dictum

2091 4615 2198 4677 est,
2261 4610 2575 4681 Suscipiunt
2606 4618 2815 4666 monte:
2858 4628 3047 4682 pacem
3074 4612 3274 4683 popqu
3329 4618 3443 4668 tuo.
3502 4614 3800 4677 Quomodo

2091 4701 2243 4756 enim
2279 4718 2478 4772 pacem
2511 4707 2915 4773 susceperunt,
2956 4702 3055 4775 qui
3097 4704 3384 4758 unitatem
3435 4704 3802 4761 diviserunt?

1614 4857 1889 4895 ADMONITIO
1924 4860 1997 4897 PP.
2030 4859 2471 4897 BKNEDICTINOBUI.

348 4954 745 5030 ilostractatus
767 4954 1189 5030 'recogluovimus
1219 4957 1281 5006 ad
1307 4960 1429 5030 Mss
1463 4961 1832 5030 Fossatensem
1852 4963 2264 5030 Optimee__uotre,
2292 4964 2612 5030 descriptum
2640 4965 2794 5030 jussu
2827 4966 3094 5029 Ingilberti
3129 4967 3339 5030 abbatis
3369 4968 3577 5019 circiter
3597 4983 3797 5018 annum

284 5020 492 5093 840mg
512 5017 904 5093 vetustissimos
934 5016 1327 5093 Germaiienses
1360 5022 1623 5093 deosnad
1647 5016 2999 5093 Corbeieiisem,itemigiensem:gemmaticeusEm,
3032 5016 3797 5091 Floriaceusam-,Xtidoeueu:

288 5081 936 5155 seru,_Becheronen_sem,
974 5080 1378 5155 Pratell‘ens‘em,‘
1403 5080 1825 5155 Vin’docinenses
1856 5080 2482 5155 iluos.’Carcas”sonensis
2512 5090 2759 5155 Ecclesiae
2793 5080 2995 5149 unum,
3016 5092 3257 5143 Abbatiaa
3287 5094 3351 5143 de
3377 5080 3591 5144 cultura
3612 5080 3798 5143 unum.

287 5146 649 5219 Adhibuim'us
674 5145 1233 5219 pr'aaterea'variantes
1262 5145 1521 5198 lectiones
1545 5148 1879 5212 Belgicorum
1913 5156 2116 5214 septem
2138 5152 2380 5203 codicum
2412 5167 2508 5216 per
2538 5153 2897 5204 Lovanienses
2919 5145 3199 5206 collectas:
3228 5169 3439 5208 necnon
3472 5158 3801 5219 antiquiores

291 5207 552 5256 editiones
583 5207 709 5256 Bad.
740 5208 822 5259 Er.
857 5213 909 5257 et
939 5206 1060 5257 Lov.

281 5325 871 5409 Comparavz'mus
898 5334 1232 5414 prasterea
1265 5348 1378 5398 eas
1403 5349 1638 5399 omnes
1670 5333 2009 5401 editiones
2038 5334 2241 5401 z’m’tz‘o
2284 5336 2475 5403 Retr.
2524 5338 2594 5402 et
2624 5335 2941 5403 Confess.
2989 5346 3035 5403 ί.
3084 5341 3147 5419 1,
3183 5346 3626 5406 memoratas.
3701 5341 3789 5404 M.

357 5464 1304 5543 3AM{21392391}?egpomcqnseusu,
1335 5474 1597 5543 intuente:
1626 5494 1643 5535 ,-
1676 5481 1729 5528 et
1759 5462 1918 5537 infra,
1949 5484 1996 5525 et
2031 5477 2338 5537 cogitantes,
2372 5475 2563 5538 plurali
2600 5491 2845 5539 numero,
2877 5494 2989 5543 pro,
3022 5480 3285 5531 intuens...
3309 5485 3355 5531 et
3389 5481 3641 5542 cogitans.

350 5526 425 5590 (a)
464 5524 636 5574 Habiti
665 5524 802 5576 forte
831 5524 931 5577 sub
959 5530 1153 5583 Christi
1184 5524 1384 5587 ann'um
1420 5537 1528 5588 416.
