4170 6188
322 299 460 362 1381

374 436 422 489 4.
457 432 564 499 Qui
598 436 795 489 autem
830 440 1211 507 susceperunt
1243 451 1445 508 pacem
1479 433 1863 491 nuntiandum
1898 448 2004 504 po-

312 524 465 598 pulo,
500 524 887 597 contemplati
919 534 1055 581 sunt
1085 525 1271 598 ipsam
1307 526 1690 599 Sapientiam,
1722 530 2004 597 quantum

301 614 577 671 humanis
599 614 872 671 cordibus
904 616 1089 686 potuit
1112 616 1368 688 contingi
1395 616 1548 689 quod
1578 631 1680 670 nec
1701 614 1907 670 oculus
1927 614 2007 667 vi-

296 705 398 773 dit,
432 722 539 760 nec
571 706 731 761 auris
778 704 1018 774 audivit,
1054 720 1158 761 nec
1208 704 1263 759 in
1302 721 1400 761 cor
1438 704 1695 761 hominis
1743 703 2007 759 ascendit

295 797 339 867 (Ι
366 794 490 851 Cor.
514 813 576 862 ιι,
598 795 677 868 9).
702 795 759 849 Si
784 796 840 850 in
872 812 971 850 cor
992 795 1246 851 hominis
1272 812 1384 851 non
1408 794 1693 860 ascendit,
1718 794 2003 865 quomodo

291 884 563 941 ascendit
592 884 651 939 in
675 899 776 940 cor
793 885 1078 941 Joannis?
1104 888 1189 942 An
1218 904 1331 942 non
1361 886 1671 943 erathomo
1701 885 1957 941 Joannes
1977 884 2006 938 ?

290 977 376 1028 An
400 973 547 1029 forte
578 988 684 1028 nec
718 974 773 1027 in
798 989 895 1029 eor
922 975 1169 1031 Joannis
1202 975 1484 1045 ascendit,
1512 974 1611 1031 sed
1636 991 1735 1031 cor
1764 973 2007 1030 Joannis

287 1063 349 1118 in
375 1062 538 1119 illam
560 1062 861 1119 ascendit?
875 1063 1039 1129 Quod
1062 1064 1213 1120 enim
1239 1065 1503 1122 ascendit
1523 1064 1582 1121 in
1604 1080 1704 1121 cor
1723 1061 1997 1125 hominis,

284 1161 361 1216 de
390 1159 513 1217 imo
544 1164 631 1217 est
657 1160 727 1216 ad
754 1159 1087 1217 hominem:
1114 1178 1229 1234 quo
1260 1166 1454 1218 autem
1486 1161 1749 1218 ascendit
1777 1176 1877 1216 cor
1908 1159 2003 1216 bo-

286 1251 491 1319 minis,
518 1268 759 1309 sursum
792 1256 878 1308 est
903 1252 976 1307 ab
1009 1250 1266 1309 homine.
1291 1253 1479 1309 Etiam
1512 1252 1615 1319 sic,
1636 1251 1866 1317 fratres,
1891 1248 2003 1305 dici

284 1348 487 1416 potest
506 1346 646 1418 quia
667 1344 717 1400 si
746 1345 1011 1401 ascendit
1039 1345 1097 1401 in
1116 1361 1215 1402 cor
1243 1345 1513 1415 Joannis,
1539 1344 1587 1401 si
1610 1344 1806 1416 aliquo
1829 1343 2001 1398 modo

283 1443 482 1506 potest
502 1436 639 1505 dici,
656 1435 713 1491 in
739 1439 962 1494 tantum
981 1436 1245 1493 ascendit
1266 1438 1324 1493 in
1345 1453 1443 1494 cor
1460 1434 1726 1501 Joannis,
1742 1436 1801 1490 in
1825 1451 2003 1508 quan-

280 1529 415 1581 tum
450 1526 577 1598 ipse
605 1525 861 1583 Joannes
892 1543 1006 1583 non
1037 1531 1162 1583 erat
1191 1526 1386 1584 homo.
1414 1526 1561 1594 Quid
1594 1530 1699 1593 est,
1723 1525 1848 1581 Non
1878 1528 2002 1581 erat

278 1615 505 1671 homo?
527 1616 590 1671 In
619 1621 909 1689 quantum
933 1624 1179 1689 coeperat
1201 1635 1329 1673 esse
1351 1617 1596 1689 angelus
1615 1615 1771 1687 :quia
1794 1631 1998 1671 omnes

277 1705 501 1770 sancti,
529 1704 722 1777 angeli
750 1723 765 1775 ;
795 1706 932 1777 quia
960 1707 1405 1763 aununtiatores
1437 1705 1559 1763 Dei.
1586 1707 1717 1762 Ideo
1749 1704 2000 1760 carnali-

279 1794 398 1849 bus
420 1793 860 1850 etanimalihus
893 1811 1006 1850 non
1033 1794 1357 1851 valentibus
1389 1796 1684 1866 percipere
1714 1790 1839 1866 quis
1862 1801 1999 1849 sunt

276 1883 407 1952 Dei,
442 1884 588 1957 quid
619 1886 698 1939 ait
744 1885 1054 1956 Apostolus
1075 1886 1103 1940 ‘2
1134 1885 1271 1941 Cum
1301 1886 1448 1941 enim
1492 1883 1699 1953 dicitis,
1732 1883 1839 1952 Ego
1874 1900 1998 1938 sum

272 1975 469 2041 Pauli,
487 1990 590 2046 ego
609 1974 828 2043 Apollo,
842 1990 1021 2031 nonne
1033 1975 1275 2031 homines
1287 1974 1417 2031 estis
1435 1975 1476 2047 (Ι
1501 1974 1622 2031 Cor.
1638 1991 1717 2043 ιιι,
1734 1972 1828 2045 lt)?
1848 1973 1995 2039 Quid

273 2080 381 2119 eos
413 2063 640 2118 volebat
673 2064 877 2130 facere,
903 2063 1115 2135 quibus
1144 2064 1532 2136 exprobrabat
1563 2064 1696 2135 quia
1726 2063 1997 2119 homines

273 2158 447 2209 erant
468 2153 496 2209 ?
528 2153 720 2209 Vultis
762 2170 931 2209 nosse
963 2155 1105 2227 quid
1138 2171 1237 2211 eos
1268 2155 1456 2210 facere
1503 2154 1777 2210 volebat?
1805 2154 1996 2210 audite

271 2244 334 2298 in
368 2242 624 2299 Psalmis
659 2259 673 2298 :
705 2244 814 2313 Ego
861 2244 1009 2310 dixi,
1043 2246 1133 2300 Dii
1158 2247 1303 2313 estis,
1334 2253 1384 2300 et
1411 2244 1521 2316 filii
1572 2242 1792 2300 Επειδιεί
1820 2259 1995 2297 omnes

271 2332 466 2402 (Psal.
492 2335 765 2401 Lxxx1,6l.
799 2334 884 2389 Ad
934 2334 1041 2390 hoc
1073 2350 1207 2407 ergo
1256 2340 1422 2389 vocat
1461 2350 1568 2390 nos
1600 2333 1769 2401 Deus,
1804 2349 1875 2387 ne
1906 2331 1994 2387 si-

274 2438 414 2477 mus
440 2421 730 2479 homines.
746 2423 857 2480 Sed
876 2430 1015 2479 tunc
1032 2424 1087 2478 in
1115 2422 1324 2479 melius
1340 2440 1453 2479 non
1468 2424 1687 2479 erimus
1703 2422 1994 2489 homines,

280 2512 336 2567 si
360 2511 530 2582 prius
562 2528 670 2567 nos
697 2512 966 2569 homines
996 2529 1123 2570 esse
1166 2530 1567 2585 agnoscamus,
1602 2513 1657 2567 id
1692 2517 1801 2578 est,
1836 2516 1895 2567 ut
1924 2514 1992 2568 ad

277 2602 449 2657 illam
483 2602 895 2658 celsitudinem
928 2604 1001 2658 ab
1032 2603 1357 2660 humilitate
1388 2619 1693 2673 surgamus
1720 2618 1734 2658 :
1762 2619 1833 2657 ne
1863 2618 1995 2658 cum

273 2697 567 2765 putamus
592 2708 698 2748 nos
711 2691 930 2765 aliquid
954 2709 1254 2762 esse,cum
1281 2692 1425 2749 nihil
1447 2694 1781 2755 eimus.nou
1801 2692 1994 2748 solum

274 2798 398 2839 non
431 2780 791 2852 accipiamus
826 2783 981 2855 quod
1015 2800 1130 2840 non
1178 2799 1406 2851 sumus,
1440 2782 1541 2839 sed
1574 2788 1629 2838 et
1658 2783 1993 2839 amittamus

275 2872 437 2944 quod
476 2886 705 2928 sumus.

352 2961 407 3018 5.
441 2962 611 3031 Ergo,
647 2961 872 3030 fratres,
905 2962 975 3018 de
1005 2960 1097 3017 his
1145 2962 1441 3019 montibus
1473 2966 1531 3017 et
1566 2961 1821 3017 Joannes
1852 2967 1992 3032 erat,

280 3048 387 3121 qui
441 3046 606 3115 dixit,
642 3048 701 3101 In
746 3048 1021 3119 principio
1061 3053 1182 3103 erat
1234 3047 1480 3115 Verbum,
1514 3052 1564 3102 et
1602 3048 1832 3103 Verbum
1879 3054 1997 3105 erat

282 3136 432 3209 apud
466 3138 654 3205 Deum,
686 3144 737 3191 et
782 3137 921 3193 Deus
950 3145 1067 3193 erat
1116 3138 1373 3193 Verbum.
1406 3138 1754 3209 Susceperat
1793 3155 1994 3209 pacem

290 3244 460 3284 mons
493 3229 623 3295 iste,
657 3227 1163 3298 ceutemplabatur
1200 3227 1565 3285 divinitatem
1614 3228 1811 3284 Verbi.
1846 3231 1995 3296 Qua~

280 3316 354 3373 iis
386 3317 500 3373 iste
550 3332 721 3373 mons
768 3316 938 3373 erat?
970 3334 1146 3389 quam
1195 3316 1505 3375 excelsus?
1531 3318 1996 3375 Transcenderat

281 3406 484 3463 omnia
540 3405 848 3463 cacumina
905 3410 1212 3477 terrarum,
1275 3409 1713 3464 transcenderat
1789 3424 1993 3465 omnes

281 3512 531 3568 campos
580 3497 753 3563 acris,
784 3498 1224 3554 transcenderat
1270 3515 1474 3556 omnes
1519 3499 1859 3557 altitudines
1910 3503 1994 3558 si-

280 3586 515 3651 derum,
554 3587 995 3643 transcenderat
1033 3604 1239 3645 omnes
1270 3589 1475 3645 choros
1509 3597 1561 3645 et
1586 3590 1844 3663 legiones
1876 3593 1992 3650 An-

262 3675 577 3747 gelorum.
611 3674 733 3732 Nisi
783 3677 936 3732 enim
984 3681 1421 3735 transcenderet
1464 3680 1575 3737 ista
1622 3683 1820 3738 omnia
1867 3700 1994 3756 qua:

285 3772 481 3820 creata
530 3774 685 3832 sunt,
718 3782 833 3821 non
867 3767 1189 3838 perveniret
1229 3770 1297 3823 ad
1331 3764 1464 3824 eum
1500 3786 1601 3840 per
1641 3787 1809 3842 quem
1844 3771 1995 3828 facta

284 3859 423 3911 sunt
445 3854 663 3910 omnia.
686 3854 812 3911 Non
837 3855 1077 3926 potestis
1100 3857 1351 3929 cogitare
1381 3858 1523 3930 quid
1548 3862 1990 3933 transcenderit,

283 3944 391 3999 nisi
425 3943 675 4000 videatis
700 3960 815 4016 quo
838 3946 1181 4016 pervenerit.
1207 3947 1428 4012 Quaris
1460 3948 1529 4004 de
1558 3948 1701 4006 cmio
1722 3958 1775 4006 et
1796 3954 1993 4009 terra?

284 4035 432 4090 facta
464 4042 623 4089 sunt.
645 4032 866 4098 Quaeris
897 4034 970 4090 de
999 4034 1091 4091 his
1122 4051 1249 4107 qua.-
1280 4042 1420 4093 sunt
1449 4037 1507 4093 in
1540 4038 1680 4095 cmlo
1712 4045 1768 4097 et
1799 4044 1994 4098 terra?

283 4121 486 4191 Utique
518 4122 703 4179 multo
736 4123 923 4196 magis
946 4130 1000 4180 et
1030 4124 1156 4196 ipsa
1179 4126 1328 4182 facta
1358 4132 1514 4183 sunt.
1539 4129 1756 4193 Quaeris
1786 4132 1857 4187 de
1878 4132 1997 4203 spi-

281 4211 592 4267 ritualibus
614 4211 1004 4281 creaturis,de
1026 4213 1284 4286 Angelis,
1302 4215 1700 4288 Arcbangelis,
1723 4218 1994 4288 Sedibus,

281 4300 820 4369 Dominationibus,
872 4300 1215 4371 Virtutibus,
1256 4303 1733 4376 Principatibus?
1763 4313 1819 4363 et
1870 4308 1997 4381 ipsa

280 4391 437 4447 facta
459 4396 621 4446 sunt.
646 4394 785 4447 Nam
805 4407 937 4447 cum
962 4397 1331 4450 enumeraret
1347 4393 1468 4450 haec
1491 4396 1687 4451 omnia
1706 4395 1990 4467 Psalmus,

279 4482 571 4537 conclusit
592 4479 678 4538 sic
705 4498 718 4536 :
746 4484 866 4553 Ipse
885 4482 1049 4549 dixit,
1064 4489 1113 4538 et
1132 4487 1279 4554 [acta
1302 4496 1466 4548 sunt;
1491 4486 1604 4557 ipse
1625 4488 1927 4559 mandavit,
1945 4496 1993 4545 et

277 4578 464 4627 creata
482 4574 618 4625 sunt
640 4570 825 4643 (Psal.
848 4587 1071 4637 cxcvm,
1097 4572 1173 4644 5).
1201 4574 1257 4628 Si
1283 4573 1446 4641 dixit,
1470 4579 1519 4630 et
1547 4578 1695 4646 [arta
1717 4582 1869 4643 sunt,
1893 4595 1993 4649 per

279 4661 536 4718 Verbum
564 4662 715 4716 facta
745 4665 889 4717 sunt
911 4679 924 4719 :
949 4662 1000 4718 si
1033 4670 1227 4720 autem
1254 4680 1354 4735 per
1374 4664 1625 4721 Verbum
1651 4666 1805 4722 facta
1836 4679 1990 4736 sunt,

285 4767 395 4808 non
430 4752 625 4822 potuit
670 4749 915 4808 Joannis
944 4768 1041 4809 cor
1081 4753 1378 4824 pervenire
1409 4754 1479 4810 ad
1512 4756 1565 4811 id
1618 4757 1771 4827 quod
1804 4757 1903 4826 ait,
1939 4760 1997 4815 In

278 4840 559 4913 principio
589 4849 709 4896 erat
765 4842 1012 4911 Verbum,
1039 4848 1089 4899 et
1128 4844 1351 4899 Verbum
1382 4853 1499 4901 erat
1548 4846 1695 4918 apud
1730 4848 1914 4915 Deum,
1946 4856 1997 4906 et

282 4931 418 4987 Deus
441 4935 563 4986 erat
593 4931 821 4986 Verbum
842 4949 863 4993 ,·
887 4931 998 4989 nisi
1022 4933 1686 4991 transcendissetomuia
1711 4953 1838 5007 quae
1861 4946 1999 4994 sunt

282 5021 434 5077 iacta
466 5037 574 5094 per
603 5019 878 5078 Verbum.
912 5020 1110 5086 Qualis
1141 5039 1276 5096 ergo
1310 5023 1419 5081 iste
1447 5041 1633 5093 mons,
1659 5042 1827 5097 quam
1860 5043 1994 5083 san-

282 5118 423 5179 ctus,
459 5126 642 5181 quam
678 5109 833 5166 altus
864 5111 1014 5167 inter
1044 5111 1173 5168 illos
1205 5118 1432 5170 montes
1465 5114 1566 5186 qui
1613 5121 1999 5187 susceperunt

284 5216 483 5271 pacem
530 5200 747 5273 populo
780 5201 900 5271 Dei,
935 5206 997 5259 ut
1028 5201 1204 5260 colles
1233 5208 1472 5275 possent
1502 5204 1800 5277 suscipere
1822 5207 1997 5277 justi-

283 5289 423 5345 tiam
447 5290 477 5344 ?

351 5381 403 5433 6.
442 5378 651 5436 Videte
681 5396 838 5452 ergo,
873 5379 1097 5451 fratres,
1131 5398 1203 5439 ne
1242 5382 1385 5441 forte
1418 5383 1488 5441 de
1520 5385 1663 5457 ipsis
1698 5385 1998 5443 montibus

286 5475 371 5523 est
398 5468 680 5535 Joannes,
708 5470 779 5525 de
810 5470 1019 5540 quibus
1039 5470 1213 5543 paulo
1236 5477 1373 5529 ante
1395 5473 1778 5543 cantavimus,
1802 5475 2000 5532 Levavi

285 5559 458 5615 oculos
477 5573 626 5615 meos
649 5558 711 5614 in
732 5569 959 5629 montes,
986 5563 1126 5618 unde
1146 5563 1327 5619 veniet
1348 5563 1628 5619 auxilium
1651 5564 1808 5619 mihi.
1828 5564 1990 5637 Ergo,

285 5648 486 5707 fratres
517 5650 663 5719 mei,
687 5651 739 5709 ei
771 5650 944 5708 vultis
976 5652 1316 5726 intelligere,
1337 5654 1519 5713 levate
1541 5655 1739 5712 oculos
1770 5660 1991 5714 vestros

1596 297 2056 363 TRACTATUS
2097 299 2143 361 Ι.
2192 299 2449 367 CAPUT
2493 308 2545 369 Ι.

3666 312 3822 378 1382

2119 432 2176 488 in
2202 440 2456 493 montem
2484 439 2692 509 istum;
2718 442 2771 496 id
2798 442 3129 514 est,erigite
3149 462 3248 501 vos
3271 446 3337 501 ad
3367 447 3815 520 Evangelistam,

2118 525 2320 597 erigite
2349 544 2441 583 vos
2471 531 2539 585 ad
2572 533 2699 602 ejus
2731 550 2989 589 sensum.
3024 536 3131 590 Sed
3166 534 3305 607 quia
3334 542 3557 594 montes
3588 538 3683 595 isti
3717 557 3820 610 pa-

2118 630 2239 670 cem
2271 619 2624 689 suscipiunt,
2660 639 2773 677 non
2810 628 2994 693 potest
3039 630 3230 680 autem
3265 642 3391 681 esse
3424 626 3480 681 in
3514 643 3677 698 pace,
3715 628 3817 699 qui

2116 721 2279 777 spem
2316 710 2477 779 ponit
2526 710 2583 766 in
2619 712 2890 781 homine;
2925 713 3103 770 nolite
3134 714 3219 771 sic
3262 717 3480 787 erigere
3528 716 3725 774 oculos
3756 718 3812 774 in

2118 799 2392 865 montem,
2420 802 2482 853 ut
2516 800 2728 868 putetis
2753 802 2809 856 in
2842 801 3078 859 homine
3097 820 3256 877 spem
3284 810 3531 862 vestram
3557 822 3684 863 esse
3705 806 3817 861 col-

2118 881 2414 941 locandam
2438 901 2451 953 ;
2484 892 2540 943 et
2570 891 2651 945 sic
2679 890 2874 958 dicite,
2898 894 3098 949 Levavi
3125 895 3303 950 oculos
3332 911 3476 952 meos
3498 897 3554 951 in
3587 898 3813 968 montes,

2116 974 2262 1029 unde
2285 978 2753 1036 venietauxilium
2778 981 2936 1050 mihi,
2953 984 3226 1039 utstatim
3242 985 3634 1057 subjungatis,
3652 986 3817 1045 Auxi-

2113 1063 2252 1119 lium
2286 1082 2463 1122 meum
2487 1085 2519 1122 a
2542 1070 2789 1138 Domino,
2815 1073 2915 1145 qui
2941 1074 3072 1143 fecit
3102 1076 3297 1130 cretum
3324 1084 3374 1131 et
3402 1080 3606 1132 terram
3636 1078 3814 1149 (Psal.

2114 1169 2241 1221 cxx,
2278 1156 2327 1222 1,
2359 1156 2437 1227 2).
2472 1158 2617 1231 Ergo
2651 1158 2897 1217 levemus
2929 1161 3127 1218 oculos
3160 1163 3216 1219 in
3250 1173 3495 1231 montes,
3530 1166 3685 1223 unde
3714 1183 3810 1223 ve-

2113 1242 2526 1301 nietauxilium
2554 1249 2720 1305 nobis
2742 1258 2819 1305 :et
2847 1254 3036 1308 tamen
3063 1269 3176 1310 non
3202 1254 3312 1327 ipsi
3332 1259 3558 1312 montes
3579 1256 3814 1326 sunl,in

2113 1333 2331 1405 quibus
2344 1352 2476 1407 spes
2490 1342 2684 1394 nostra
2701 1341 2966 1411 ponenda
2981 1348 3065 1397 est
3080 1364 3093 1412 ;
3110 1344 3399 1415 accipiunt
3412 1347 3566 1402 enim
3585 1352 3812 1404 montes

2112 1424 2265 1494 quod
2284 1424 2453 1481 nobis
2470 1426 2834 1485 ministrent:
2862 1447 2997 1501 ergo
3016 1434 3166 1488 unde
3182 1438 3237 1488 et
3260 1436 3813 1507 montesaccipiunt,

2096 1510 2185 1567 "ibi
2211 1529 2342 1584 spes
2367 1520 2561 1571 nostra
2586 1519 2852 1587 ponenda
2874 1525 2977 1574 est.
3006 1520 3216 1578 Oculos
3240 1528 3466 1579 nostros
3500 1540 3631 1579 cum
3661 1524 3811 1580 leva-

2114 1619 2244 1657 mus
2263 1604 2331 1658 ad
2355 1604 2705 1677 Scripturas,
2732 1608 2869 1680 quia
2893 1626 2991 1681 per
3015 1610 3281 1668 homines
3318 1612 3653 1669 ministrata:
3678 1624 3814 1671 sunt

2100 1690 2440 1763 'Scripturze,
2471 1694 2728 1752 levamus
2759 1698 2958 1755 oculos
3006 1704 3237 1757 nostros
3269 1703 3337 1757 ad
3377 1711 3623 1770 montes,
3660 1704 3812 1760 unde

2108 1780 2388 1839 auxilium
2417 1784 2605 1839 veniet
2636 1786 2804 1842 nobis
2838 1804 2850 1844 :
2884 1790 2983 1844 sed
3017 1794 3212 1845 tamen
3246 1792 3380 1863 quia
3413 1793 3517 1862 ipsi
3550 1792 3810 1851 homines

2108 1873 2392 1945 erantqui
2425 1874 2777 1945 scripserunt
2798 1877 3147 1951 Scripturas,
3171 1897 3283 1935 non
3317 1882 3388 1936 de
3410 1898 3470 1937 sc
3502 1882 3807 1954 lucebunt;

2106 1964 2207 2018 sed
2243 1962 2337 2018 ille
2369 1970 2491 2021 erat
2523 1966 2723 2021 lumen
2757 1984 2953 2023 verum
2987 1971 3160 2040 (Joan.
3196 1988 3233 2038 ι,
3265 1972 3339 2043 9),
3378 1972 3475 2043 qui
3510 1972 3807 2030 illuminat

2106 2067 2337 2108 omnem
2370 2052 2665 2110 hominem
2692 2056 3011 2113 venientem
3034 2058 3093 2113 in
3116 2058 3270 2116 hunc
3303 2061 3611 2116 mundum.
3640 2061 3805 2119 Mons

2104 2146 2226 2196 erat
2256 2146 2312 2196 et
2348 2142 2444 2197 ille
2468 2144 2717 2200 Joannes
2767 2146 3042 2218 Baptista,
3077 2148 3177 2219 qui
3210 2149 3374 2219 dixit,
3405 2151 3517 2206 Non
3552 2168 3673 2207 sum
3712 2168 3808 2223 ego

2107 2229 2354 2285 Christus
2380 2232 2567 2302 (Ibid.,
2601 2236 2691 2306 20)
2726 2252 2738 2290 :
2776 2252 2845 2291 ne
2895 2237 3205 2307 quisquam
3254 2256 3417 2310 spem
3454 2242 3507 2295 in
3557 2250 3809 2297 montem

2108 2335 2353 2388 ponens,
2388 2322 2619 2377 caderet
2651 2322 2721 2377 ab
2754 2322 2852 2379 illo
2903 2326 3003 2395 qui
3039 2334 3266 2383 montes
3298 2328 3568 2397 illustrat,
3601 2335 3659 2384 et
3690 2330 3813 2402 ipse

2106 2411 2405 2464 confessus
2436 2411 2535 2480 ait,
2570 2412 2839 2479 Quoniam
2882 2413 2947 2467 de
2973 2414 3320 2484 plenitudine
3359 2418 3473 2488 ejus
3502 2432 3685 2472 omnes
3713 2435 3815 2473 ac-

2104 2501 2352 2570 cepimus
2382 2501 2539 2570 (Ibid.
2578 2519 2614 2569 ι,
2653 2504 2759 2574 16).
2798 2505 2880 2559 Ita
2924 2505 3098 2561 debes
3150 2507 3361 2571 dicere,
3396 2507 3593 2563 Levavi
3630 2510 3810 2565 oculos

2106 2603 2247 2644 meos
2268 2590 2327 2644 in
2349 2599 2573 2659 montes,
2589 2592 2731 2647 unde
2752 2593 2931 2649 veniet
2951 2595 3231 2651 auxilium
3252 2597 3414 2663 mihi,
3433 2612 3502 2650 ne
3526 2595 3804 2652 auxilium

2106 2677 2264 2749 quod
2294 2678 2399 2735 tibi
2445 2680 2621 2748 venit,
2651 2682 2947 2738 montibus
2981 2684 3273 2757 imputes;
3309 2685 3410 2740 sed
3443 2686 3721 2756 sequaris,
3754 2692 3809 2742 et

2105 2767 2287 2837 dicas,
2320 2769 2603 2825 Auxilium
2653 2788 2831 2829 meum
2860 2790 2893 2827 a
2926 2774 3170 2843 Domino,
3222 2776 3319 2846 qui
3352 2778 3482 2847 fecit
3520 2776 3716 2833 catum
3758 2780 3810 2835 et

2102 2860 2331 2914 terram.

2177 2950 2229 3001 7.
2266 2948 2433 3020 Ergo,
2468 2952 2691 3018 fratres,
2727 2954 2795 3008 ad
2830 2953 2935 3008 hoc
2963 2953 3074 3010 ista
3108 2955 3447 3023 monuerim,
3484 2960 3545 3011 ut
3576 2957 3807 3027 quando

2105 3036 2370 3092 erexistis
2402 3054 2499 3093 cor
2520 3042 2586 3093 ad
2623 3040 2968 3111 Seripturas,
2995 3059 3128 3098 cum
3160 3052 3393 3100 sonaret
3416 3047 3808 3119 Evangelium,

2105 3130 2167 3185 In
2192 3131 2467 3201 principio
2495 3134 2613 3186 erat
2648 3132 2893 3201 Verbum,
2925 3138 2977 3189 et
3027 3136 3251 3191 Verbum
3288 3141 3407 3192 erat
3438 3137 3585 3207 apud
3618 3138 3805 3205 Deum,

2105 3227 2157 3275 et
2187 3221 2322 3275 Deus
2350 3224 2471 3276 erat
2507 3221 2752 3287 Verbum,
2783 3227 2838 3278 et
2867 3232 3069 3280 cetera
3104 3242 3229 3297 quae
3264 3226 3407 3283 lecta
3438 3237 3593 3295 sunt,
3628 3228 3800 3283 intel-

2107 3305 2303 3378 ligatis
2327 3325 2426 3364 vos
2447 3308 2662 3365 levasse
2681 3312 2881 3368 oculos
2901 3313 2973 3368 ad
2999 3314 3376 3371 montes.Nisi
3400 3314 3553 3369 enim
3579 3321 3808 3371 montes

2107 3395 2222 3451 ista
2271 3397 2550 3465 dicerent,
2586 3398 2739 3454 unde
2780 3401 3019 3456 omnino
3065 3402 3421 3473 cogitaretis,
3455 3420 3568 3457 non
3621 3403 3804 3458 iveni-

2107 3486 2263 3541 retis.
2291 3485 2437 3557 Ergo
2470 3504 2538 3542 ex
2572 3488 2871 3544 montibus
2896 3488 3053 3545 venit
3086 3490 3243 3545 vobis
3262 3490 3568 3559 auxilium,
3594 3496 3659 3545 ut
3690 3492 3809 3547 haec

2106 3574 2194 3629 vel
2224 3576 2509 3630 audiretis
2545 3593 2558 3632 :
2592 3576 2691 3632 sed
2723 3578 2982 3633 nondum
3026 3578 3269 3649 potestis
3302 3578 3626 3649 intelligere
3656 3582 3807 3652 quod

2107 3665 2372 3720 audistis.
2430 3665 2697 3722 lnvocate
2754 3667 3037 3722 auxilium
3094 3684 3127 3722 a
3185 3667 3454 3729 Domino,
3511 3668 3611 3740 qui
3671 3670 3809 3726 fecit

2104 3752 2309 3808 ccelum
2343 3764 2394 3809 et
2424 3759 2636 3810 terram
2672 3770 2686 3812 :
2721 3754 2860 3827 quia
2908 3765 3134 3813 montes
3166 3758 3245 3813 sic
3279 3762 3590 3828 potuerunt
3622 3758 3802 3832 loqui,

2105 3849 2299 3897 utnon
2326 3843 2550 3915 possint
2572 3844 2683 3916 ipsi
2704 3844 3074 3915 illuminare;
3108 3848 3246 3918 quia
3266 3852 3321 3903 et
3350 3847 3463 3919 ipsi
3486 3848 3802 3906 illuminati

2104 3935 2243 3986 sunt
2271 3932 2580 3989 audiendo.
2616 3934 2757 3991 Inde
2801 3936 2900 4007 qui
2935 3936 3052 3992 haec
3095 3938 3260 3998 dixit.
3292 3939 3515 4009 accepit
3556 3940 3807 3997 Joannes

2103 4022 2222 4090 ille,
2254 4022 2481 4093 fratres,
2515 4024 2613 4095 qui
2656 4025 3067 4083 discumbebat
3115 4044 3291 4100 super
3341 4038 3539 4099 pectus
3582 4032 3811 4088 Domini

2106 4113 2285 4185 (Joan.
2317 4131 2439 4181 xm,
2471 4116 2584 4187 25),
2617 4122 2673 4173 et
2721 4118 2790 4173 de
2824 4126 3048 4189 pectore
3094 4120 3325 4175 Domini
3372 4120 3605 4177 bibebat
3655 4123 3809 4194 quod

2110 4205 2443 4275 propinaret
2474 4206 2662 4261 nobis.
2700 4207 2809 4262 Sed
2847 4208 3177 4279 prepinavit
3210 4210 3415 4278 verba;
3452 4211 3807 4268 intellectum

2108 4300 2304 4350 autem
2335 4295 2468 4351 inde
2518 4296 2695 4352 debes
2741 4314 2967 4368 capere,
3003 4298 3157 4354 unde
3196 4303 3253 4353 et
3281 4300 3405 4370 ipse
3456 4300 3673 4355 biberat
3708 4301 3806 4371 qui

2109 4383 2211 4439 tibi
2236 4384 2602 4456 propinavit:
2628 4390 2691 4440 ut
2712 4384 2865 4441 leves
2886 4386 3085 4444 oculos
3108 4388 3177 4443 ad
3202 4394 3452 4455 montes,
3476 4390 3625 4445 unde
3648 4390 3809 4445 auxi~

2104 4472 2251 4529 lium
2303 4472 2493 4528 veniet
2530 4472 2657 4541 tibi,
2692 4478 2754 4529 ut
2804 4474 2935 4530 inde
2977 4480 3253 4548 tanquam
3302 4477 3561 4543 calicem,
3597 4478 3653 4533 id
3698 4484 3808 4549 est,

2104 4564 2347 4618 verbum
2373 4564 2388 4597 ⁸
2424 4561 2800 4633 prepinatum
2825 4564 3153 4636 acciperes;
3186 4570 3244 4620 et
3269 4569 3460 4621 tamen
3487 4566 3623 4637 quia
3647 4569 3809 4623 auxi-

2105 4652 2249 4708 lium
2283 4658 2447 4707 tuum
2472 4668 2504 4706 a
2536 4651 2783 4709 Domino
2806 4653 2906 4725 qui
2931 4653 3065 4709 fecit
3090 4653 3301 4711 oculum
3330 4660 3387 4710 et
3416 4661 3648 4727 terram,
3677 4658 3813 4713 inde

2103 4740 2381 4813 impleres
2434 4750 2656 4811 pectus,
2701 4743 2857 4798 unde
2898 4741 3162 4814 implevit
3209 4743 3305 4801 ille
3340 4760 3352 4799 :
3387 4745 3544 4801 unde
3590 4746 3807 4813 dixisti,

2102 4829 2393 4887 Auxilium
2436 4846 2618 4886 meum
2638 4848 2672 4886 α
2704 4832 2949 4899 Domino,
2974 4835 3070 4905 qui
3097 4833 3226 4904 fecit
3263 4833 3457 4889 enatum
3477 4838 3525 4890 et
3556 4842 3760 4890 terram
3788 4851 3808 4889 .-

2104 4919 2205 4990 qui
2248 4922 2439 4989 potest
2488 4935 2644 4990 ergo,
2677 4918 2937 4992 impleat.
2973 4922 3221 4992 Fratres,
3254 4921 3363 4978 hoc
3414 4922 3529 4978 dixi
3554 4922 3575 4955 ²
3608 4938 3620 4975 :
3656 4921 3807 4976 levet

2104 5008 2354 5080 quisque
2398 5024 2497 5063 cor
2525 5025 2700 5065 suum
2734 5012 3027 5081 quomodo
3067 5010 3207 5067 illud
3241 5012 3394 5067 videt
3424 5012 3718 5077 idoneum,
3752 5013 3810 5065 et

2103 5098 2295 5169 capiat
2326 5098 2478 5169 quod
2530 5098 2762 5155 dicitur.
2801 5101 2911 5157 Sed
2946 5101 3090 5156 forte
3138 5101 3243 5155 hoc
3287 5100 3504 5165 dicetis,
3538 5097 3673 5167 quia
3702 5114 3809 5171 ego

2104 5187 2266 5243 vobis
2296 5203 2423 5243 sum
2476 5189 2813 5260 praesentior
2860 5206 3030 5259 quam
3082 5191 3249 5245 Deus.
3282 5187 3467 5242 Absit.
3504 5186 3686 5243 Multo
3718 5193 3811 5245 est

2106 5276 2205 5333 ille
2235 5277 2571 5347 praesentior
2602 5294 2616 5334 :
2654 5294 2787 5333 nam
2820 5294 2925 5349 ego
2957 5277 3139 5333 oculis
3170 5276 3375 5333 vestris
3407 5292 3681 5349 appareo,
3712 5277 3811 5335 ille

2110 5365 2483 5423 conscientiis
2516 5366 2719 5422 vestris
2754 5366 3041 5437 praesidet.
3074 5364 3159 5420 Ad
3188 5380 3280 5420 me
3312 5382 3504 5435 aures,
3534 5367 3605 5423 ad
3641 5366 3812 5425 illum

2105 5472 2226 5519 cor,
2262 5460 2326 5512 ut
2375 5463 2689 5525 utrumque
2736 5452 3047 5525 impleatis.
3080 5452 3222 5510 Ecce
3266 5454 3467 5513 oculos
3504 5468 3725 5514 vestros
3757 5462 3813 5514 et

2171 5601 2186 5638 ί
2221 5604 2277 5649 tu
2314 5598 2579 5659 plerisque
2610 5597 2753 5659 Msa,
2787 5595 2955 5647 verbo.

2171 5614 2186 5638 ι
2223 5614 2277 5671 tu
2312 5614 2579 5712 hiemsque
2610 5614 2753 5669 alas”
2787 5614 2955 5647 veroo.
3151 5662 3163 5674 '
3724 5663 3731 5671 ο
3782 5663 3793 5676 0

2167 5661 2188 5696 ²
2211 5661 2295 5712 Sic
2367 5675 2434 5711 es.
2459 5660 2528 5708 At
2557 5658 2703 5722 editi,
2725 5674 2869 5723 ergo,
2891 5660 3117 5720 Fratres,
3142 5663 3366 5729 impleat
3388 5662 3480 5716 hoc
3510 5665 3646 5729 quod
3673 5663 3811 5715 dixi.
