4164 6192
347 242 503 304 1383

1286 221 1361 280 ΙΝ
1405 213 1729 281 JOANNIS
1777 210 2311 277 EVANGELIUM,
2363 210 2424 268 S.
2474 204 2915 267 AUGUSTINI

3707 201 3865 262 1384

340 393 713 455 sensusistos
740 384 997 460 corporis
1023 378 1229 438 levatis
1251 376 1321 433 ad
1356 388 1498 441 nos;
1533 385 1638 426 nec
1672 368 1739 424 ad
1776 383 1900 433 nos,
1926 382 2039 423 non
2153 365 2295 421 insit
2325 361 2633 419 consilium
2667 358 2828 429 quasi
2873 355 3062 428 proles
3095 353 3308 409 mentis
3341 358 3477 421 tuae,
3503 354 3673 426 quasi
3706 355 3863 412 filius

340 486 496 544 enim
530 499 634 540 nos
655 482 723 535 de
753 457 871 533 illis
904 470 1225 535 montibus,
1248 465 1344 522 sed
1379 461 1447 518 ad
1476 461 1667 530 ipsum
1701 457 1769 512 ad
1794 457 2045 527 Evange-

340 577 506 642 lium,
530 572 600 628 ad
626 572 819 641 ipsum
841 558 1272 633 Evangelistam
1300 571 1311 609 :
1345 568 1444 609 cor
1464 553 1656 605 autem
1682 546 2046 617 implendum

345 666 416 723 ad
467 635 803 720 Dominum.
837 655 903 709 Et
955 647 1360 720 unusquisque
1409 640 1495 697 sic
1543 638 1710 702 levet,
1758 643 1816 689 ut
1859 635 2050 689 videat

343 754 484 827 quid
515 752 683 815 levet,
707 752 761 802 et
794 760 905 817 quo
938 741 1106 795 levet.
1132 735 1279 803 Quid
1314 731 1453 795 dixi,
1487 727 1631 794 Quid
1665 724 1829 791 levet,
1856 728 1911 779 et
1932 737 2047 794 quo

341 810 535 901 llavet?
565 810 740 907 Quale
770 810 867 890 cor
896 832 1066 896 levet,
1101 827 1331 891 videat;
1367 819 1505 892 quia
1535 818 1604 872 ad
1644 813 1950 869 Dominum
1975 810 2048 865 le-

339 938 470 989 vat:
500 948 568 986 ne
590 926 819 985 sarcina
844 915 1155 992 voluptatis
1180 909 1427 970 carnalis
1453 903 2050 979 praegravatum,ante

343 1023 535 1091 cadat,
568 1034 739 1091 quam
766 1010 937 1069 fuerit
965 1006 1362 1063 sublevatum.
1394 998 1505 1053 Sed
1528 995 1682 1050 videt
1711 1010 1773 1049 se
1803 993 2053 1064 quisque

341 1081 757 1186 gestarebnus
787 1098 981 1158 carnis
1003 1098 1031 1152 ?
1060 1097 1155 1150 det
1194 1105 1428 1162 operam
1470 1102 1571 1157 per
1609 1081 2050 1145 continentiam,

338 1168 406 1257 δι
456 1200 660 1273 purget
690 1191 843 1265 quod
872 1188 1021 1244 levet
1051 1185 1123 1241 ad
1174 1187 1379 1237 Deum.
1430 1176 1591 1231 Beati
1637 1174 1792 1229 enim
1844 1168 2051 1226 mundi

343 1260 536 1348 corde,
568 1260 846 1357 quoniam
874 1277 985 1349 ipsi
1022 1276 1209 1331 Deum
1239 1268 1518 1326 videbunt
1546 1263 1758 1336 (Matth.
1794 1278 1847 1331 ν,
1876 1260 1953 1331 8).

428 1382 483 1435 8.
514 1378 659 1434 Nam
689 1387 818 1430 ecce
859 1369 999 1441 quid
1040 1366 1296 1439 prodest,
1330 1359 1468 1432 quia
1509 1357 1829 1413 sonuerunt
1858 1349 2053 1416 verba,

348 1473 409 1527 1n
441 1466 714 1541 principio
743 1466 865 1519 erat
906 1456 1162 1520 Verbum,
1192 1456 1243 1508 et
1280 1450 1503 1507 Verbum
1530 1450 1649 1502 erat
1679 1442 1833 1515 apud
1863 1442 2055 1501 Deum.

349 1570 401 1618 et
424 1528 557 1615 Deus
586 1528 705 1612 erat
741 1549 980 1608 Verbum
1002 1554 1027 1599 Ρ
1056 1545 1124 1599 Et
1154 1559 1257 1597 nos
1286 1538 1542 1595 diximus
1572 1534 1770 1598 verba,
1805 1546 1939 1587 cum
1970 1528 2057 1584 lo-

351 1660 682 1721 queremur.
713 1636 1010 1709 Numquid
1053 1633 1169 1688 tale
1199 1628 1457 1685 Verbum
1498 1628 1620 1681 erat
1648 1619 1801 1693 apud
1829 1617 2062 1675 Deum?

348 1743 549 1797 Nonne
570 1754 633 1793 ea
660 1750 781 1806 qua
804 1729 1085 1791 diximus,
1110 1721 1430 1779 sonuerunt
1458 1720 1638 1787 atque
1661 1706 2061 1766 transierunt?

350 1794 496 1899 Ergo
518 1829 574 1882 et
595 1794 694 1879 Dei
714 1818 969 1875 Verbum
991 1812 1188 1868 sonuit
1210 1813 1265 1864 et
1287 1809 1585 1879 peractum
1610 1800 1746 1857 est?
1765 1794 2061 1863 Quomodo

354 1917 554 1976 omnia
585 1929 686 1987 per
716 1910 909 1982 ipsum
947 1906 1096 1960 facta
1128 1904 1286 1966 sunt,
1319 1903 1373 1952 et
1409 1895 1534 1949 sine
1565 1892 1687 1962 ipso
1719 1890 1937 1943 factum
1975 1889 2065 1939 est

352 1973 549 2064 nihil?
587 1973 886 2074 quomodo
942 2011 1038 2066 per
1091 1990 1231 2045 illud
1282 1986 1521 2057 regitur,
1574 1980 1719 2051 quod
1774 1994 1873 2049 per
1922 1973 2060 2028 illuvl

353 2100 613 2153 creatum
654 2096 762 2157 est,
780 2088 828 2145 si
872 2084 1067 2141 sonuit
1090 2088 1143 2136 et
1167 2075 1435 2134 transiit?
1457 2071 1635 2138 Quale
1657 2084 1788 2136 ergo
1814 2063 2061 2119 Verbum

355 2151 506 2260 quod
556 2188 613 2238 et
656 2151 891 2243 dicitur,
926 2178 983 2230 et
1033 2187 1148 2226 non
1200 2163 1460 2221 transit?
1500 2158 1763 2216 Intendat
1807 2151 2068 2208 Charitas

366 2549 423 2600 et
463 2543 520 2597 in
555 2540 683 2611 ipso
731 2532 988 2597 homine,
1021 2526 1176 2599 quod
1224 2526 1423 2578 manet
1473 2520 1629 2573 intus
1664 2532 1676 2569 :
1712 2530 1842 2567 nam
1895 2523 2076 2563 sonus

370 2597 629 2704 procedit
677 2642 745 2680 ex
776 2639 895 2678 ore.
929 2597 1296 2674 Est—verbum
1328 2610 1477 2682 quod
1532 2621 1664 2661 vere
1695 2597 2074 2674 spiritualiter

373 2692 603 2785 dicitur,
636 2713 779 2769 illud
811 2709 966 2783 quod
999 2704 1251 2773 inelligis
1282 2702 1352 2757 de
1374 2713 1539 2764 sono,
1577 2710 1689 2750 non
1722 2692 1846 2762 ipse
1872 2702 2073 2745 sonus.

373 2809 518 2865 Ecce
555 2803 792 2859 verbum
833 2799 982 2865 dico,
1015 2810 1150 2851 cum
1183 2792 1330 2857 dico,
1364 2789 1542 2844 Deus.
1572 2786 1758 2850 Quam
1794 2782 1963 2835 breve
1992 2778 2082 2830 est

374 2896 532 2972 quod
579 2895 720 2961 dixi,
744 2894 995 2963 quatuor
1022 2885 1262 2950 litteras,
1296 2884 1352 2935 et
1397 2880 1543 2934 duas
1573 2869 1865 2946 syllabast
1898 2868 2080 2923 Num-

373 2958 656 3061 quidnam
680 2958 789 3039 hoc
821 2985 1008 3036 totum
1030 2980 1120 3031 est
1149 2972 1589 3041 Deus,quatuor
1618 2962 1841 3030 litterae,
1874 2966 1929 3014 et
1957 2958 2081 3010 dure

378 3050 615 3151 syllaba:
638 3072 666 3130 ἳ
698 3078 782 3126 An
825 3074 1105 3141 quantum
1152 3063 1261 3118 hoc
1291 3059 1405 3114 vile
1434 3060 1543 3123 est,
1572 3057 1802 3110 tantum
1836 3050 2081 3105 charum

375 3133 461 3222 ὲὲι
491 3161 647 3235 quod
668 3159 727 3216 in
754 3133 1255 3223 eis-intelligitur?
1283 3146 1427 3211 Quid
1457 3144 1676 3199 factum
1708 3146 1791 3195 est
1823 3138 1882 3192 in
1913 3133 2085 3190 corde

372 3260 496 3321 tuo,
530 3268 659 3307 cum
709 3247 996 3311 audisses,
1033 3222 1225 3296 Deus?
1255 3235 1402 3303 Quid
1438 3234 1653 3288 factum
1703 3232 1791 3284 est
1822 3227 1879 3280 in
1912 3222 2084 3280 corde

373 3359 525 3412 meo,
547 3356 679 3396 cum
712 3337 984 3403 dicerem,
1010 3329 1198 3387 Deus?
1229 3328 1440 3397 Magna
1463 3331 1517 3377 et
1548 3335 1783 3376 summa
1816 3314 2081 3387 quaedam

374 3411 705 3491 substantia
727 3424 973 3497 cogitata
1002 3426 1108 3488 est,
1128 3436 1254 3491 quae
1284 3411 1658 3471 transcendat
1687 3423 1918 3463 omnem
1955 3420 2083 3457 mu-

375 3521 615 3579 tabilem
677 3521 1026 3578 creaturam,
1077 3506 1367 3564 carnalem
1426 3506 1481 3557 et
1536 3498 1869 3555 animalem.
1922 3498 1982 3548 Et
2031 3494 2081 3549 si

384 3613 573 3668 dicam
605 3606 730 3673 tibi,
769 3606 917 3660 Deus
967 3592 1401 3655 commutabilis
1431 3594 1540 3659 est,
1576 3603 1649 3643 an
1692 3586 2090 3640 incommuta-

383 3700 567 3756 bilis?
598 3692 980 3768 respondebis
1028 3687 1250 3751 statim,
1284 3682 1450 3739 Absit
1490 3690 1554 3763 ul
1585 3695 1686 3749 ego
1730 3675 1815 3731 vel
1851 3674 2083 3729 credam

380 3788 468 3843 vel
513 3786 761 3841 sentiam
812 3777 1280 3836 commutabilem
1334 3760 1514 3826 Deum
1546 3787 1560 3825 :
1594 3762 2088 3822 incommutabilis

382 3884 472 3932 est
500 3874 673 3929 Deus.
710 3870 919 3925 Anima
970 3873 1073 3922 tua
1102 3862 1366 3937 quamvis
1417 3875 1607 3931 parva,
1642 3855 1907 3927 quamvis
1942 3854 2087 3907 forte

382 3965 575 4022 adhuc
605 3958 876 4028 carnalis,
913 3972 1026 4012 non
1060 3953 1206 4009 mihi
1237 3951 1420 4022 potuit
1469 3947 1818 4019 respondere
1850 3944 1960 3998 nisi
1994 3942 2086 3996 in-

384 4049 861 4111 commutabilem
894 4046 1078 4102 Deum
1105 4061 1119 4111 ;
1154 4042 1344 4098 omnis
1374 4041 1567 4094 autem
1601 4040 1867 4090 creatura
1899 4036 2087 4086 muta-

384 4142 519 4198 bilis
552 4159 564 4197 :
594 4138 885 4211 quomodo
908 4150 1045 4206 ergo
1078 4129 1312 4203 potuisti
1335 4124 1649 4183 scintillare
1676 4125 1735 4177 in
1759 4122 1898 4176 illud
1935 4121 2089 4192 quod

390 4238 478 4291 est
508 4248 681 4305 super
711 4243 940 4286 omnem
975 4228 1325 4289 creaturam,
1358 4223 1419 4273 ut
1451 4221 1637 4271 certus
1681 4213 1818 4268 mihi
1857 4227 2092 4280 respon-

385 4326 551 4380 deres
585 4300 1145 4376 incommutabilem
1197 4307 1420 4367 Deum?
1449 4305 1591 4371 Quid
1645 4308 1733 4359 est
1763 4318 1897 4374 ergo
1949 4300 2091 4355 illud

386 4415 444 4470 in
479 4413 651 4469 corde
681 4416 800 4475 tuo,
835 4405 1069 4479 quando
1117 4399 1335 4473 cogitas
1362 4396 1678 4470 quamdam
1708 4389 2093 4447 substantiam

380 4504 592 4568 vivam,
646 4478 1011 4571 perpetuam,
1064 4489 1548 4562 omnipotentem,
1598 4481 1916 4548 infinltam,
1968 4478 2096 4533 ubi-

390 4607 503 4661 que
542 4565 909 4661 praasentem,
942 4583 1161 4654 ubique
1194 4584 1394 4643 totam,
1424 4589 1717 4645 nusquam
1762 4568 2049 4625 inclusam
2071 4565 2098 4620 ?

389 4654 632 4744 Quando
662 4677 776 4731 ista
805 4675 1050 4744 cogitas,
1073 4673 1178 4725 hoc
1208 4672 1294 4723 est
1322 4666 1559 4721 verbum
1594 4663 1664 4717 de
1690 4661 1803 4716 Deo
1833 4657 1893 4712 in
1929 4654 2101 4712 corde

391 4776 515 4827 tuo.
549 4766 846 4837 Numquid
880 4768 1075 4818 autem
1118 4761 1223 4815 hoc
1253 4761 1341 4813 est
1371 4770 1552 4811 sonus
1581 4751 1677 4807 ille
1722 4751 1813 4818 qui
1850 4751 2101 4819 quatuor

386 4856 603 4917 litteris
625 4858 876 4919 constat,
901 4856 957 4907 et
989 4850 1218 4904 duabus
1240 4844 1475 4918 syllabis
1494 4844 1521 4898 ?
1554 4841 1698 4913 Ergo
1722 4852 2100 4910 quaecumque

392 4950 668 5006 dicuntur
690 4952 746 5000 et
768 4945 1094 5007 transeunt,
1119 4937 1246 4993 soni
1272 4938 1433 4998 sunt,
1458 4932 1661 4987 littera:
1694 4925 2100 4998 eunt,syllabaa

392 5042 678 5096 suntHoc
692 5024 1329 5098 verbumtransit,quod
1343 5027 1538 5079 sonat:
1556 5020 1709 5093 quod
1726 5023 1917 5074 autem
1934 5015 2103 5087 signi-

394 5130 582 5184 ﬁcavit
616 5141 818 5191 sonus,
843 5130 898 5177 et
932 5122 984 5174 in
1018 5118 1311 5189 cogitante
1343 5119 1432 5169 est
1462 5112 1560 5181 qui
1583 5110 1827 5177 dixit,et
1857 5106 1914 5161 in
1951 5103 2107 5159 intel-

398 5216 611 5285 ligente
632 5220 720 5270 est
742 5214 843 5284 qui
864 5206 1109 5274 audivit,
1129 5208 1320 5261 manet
1341 5203 1451 5258 hoc
1474 5197 1914 5255 transeuntibus
1929 5195 2106 5251 sonis.

469 5305 523 5359 9.
558 5303 724 5357 Refer
754 5302 771 5335 ί
805 5303 1069 5357 animum
1127 5298 1196 5352 ad
1248 5293 1387 5349 illud
1438 5291 1697 5346 verbum.
1731 5287 1790 5342 Si
1839 5291 1896 5340 tu
1949 5290 2109 5355 potes

400 5392 615 5447 habere
646 5390 886 5445 verbum
918 5390 975 5443 in
1008 5388 1178 5445 corde
1211 5394 1330 5453 tuo,
1364 5390 1639 5454 tanquam
1675 5374 1985 5431 consilium
2017 5391 2113 5429 na-

403 5487 529 5539 tum
562 5480 622 5536 in
656 5484 849 5535 mente
881 5488 993 5548 tua,
1027 5485 1091 5535 ut
1132 5494 1295 5533 mens
1326 5481 1422 5531 tua
1454 5472 1639 5545 pariat
1690 5466 2019 5535 consilium,
2054 5471 2109 5521 et

476 5672 494 5711 ί
523 5670 686 5721 Juxta
714 5667 864 5731 Lov.,
894 5666 1075 5728 refert.
1140 5666 1210 5716 Μ.

2156 454 2348 513 cordis
2378 453 2483 507 tui.
2518 449 2683 506 Prius
2715 450 2870 503 enim
2902 464 2999 502 cor
3028 455 3267 517 generat
3298 443 3630 510 consilium,
3657 451 3719 501 ut
3753 445 3865 501 ali-

2159 560 2329 618 quam
2370 540 2647 596 fabricam
2696 542 3025 602 construas,
3061 533 3279 605 aliquid
3315 533 3576 604 amplum
3622 533 3682 588 in
3713 540 3869 590 terra

2162 632 2422 690 moliaris
2450 632 2609 701 ;jam
2644 632 2844 685 natum
2870 631 2958 682 est
2988 625 3319 687 consilium,
3345 629 3400 679 et
3431 641 3578 696 opus
3604 626 3863 681 nondum

2162 722 2509 795 completum
2534 725 2623 776 est
2655 736 2669 775 :
2704 718 2863 773 vides
2896 722 2980 781 tu,
3004 716 3145 787 quid
3174 717 3433 769 facturus
3464 731 3563 783 es;
3598 716 3699 771 sed
3725 715 3876 773 alius

2165 831 2278 870 non
2315 813 2573 876 miratur,
2599 809 2709 863 nisi
2739 824 2869 862 cum
2899 805 3099 861 feceris
3132 812 3178 860 et
3206 804 3599 859 construxeris
3634 804 3870 877 molem,

2164 916 2217 961 et
2251 904 2528 959 fabricam
2564 901 2722 955 illam
2756 899 2825 954 ad
2859 896 3315 968 exsculptionem
3343 898 3871 967 perfectionemque

2165 994 2503 1070 perduxeris
2528 1011 2540 1048 :
2568 991 2879 1048 attendunt
2912 990 3174 1045 homines
3210 988 3534 1043 mirabilem
3571 987 3872 1057 fabricam,

2164 1091 2220 1143 et
2250 1086 2536 1141 mirantur
2564 1080 2876 1138 consilium
2918 1080 3298 1148 fabricantis;
3334 1084 3571 1149 stupent
3603 1078 3755 1149 quod
3789 1079 3870 1132 vi-

2166 1177 2327 1243 dent,
2349 1178 2402 1229 et
2434 1175 2633 1226 amant
2667 1169 2820 1242 quod
2846 1185 2956 1223 non
2991 1166 3183 1223 vident
3219 1183 3232 1220 :
3267 1168 3400 1238 quis
3432 1170 3519 1220 est
3550 1166 3650 1237 qui
3683 1172 3872 1237 potest

2166 1264 2357 1321 videre
2386 1261 2743 1319 consilium?
2774 1259 2833 1314 Si
2865 1273 3001 1329 ergo
3049 1273 3117 1311 ex
3158 1272 3365 1326 magna
3412 1255 3607 1327 aliqua
3660 1257 3879 1311 fabrica

2166 1354 2439 1411 laudatur
2460 1351 2787 1407 humanum
2813 1346 3140 1411 consilium,
3164 1345 3252 1400 vis
3285 1345 3477 1400 videre
3494 1344 3661 1415 quale
3683 1346 3872 1400 consi-

2166 1446 2312 1502 lium
2344 1443 2445 1499 Dei
2466 1444 2558 1498 est
2583 1439 2869 1496 Dominus
2893 1439 3059 1493 Iesus
3089 1436 3375 1505 Christus,
3400 1435 3455 1491 id
3489 1439 3593 1503 est,
3615 1434 3869 1491 Verbum

2168 1533 2318 1593 Dei?
2345 1530 2594 1589 Attende
2622 1529 2903 1585 fabricam
2935 1528 3109 1582 istam
3145 1523 3350 1580 mundi
3377 1541 3390 1592 ;
3424 1523 3552 1579 vide
3584 1541 3712 1597 quas
3754 1524 3869 1579 sint

2171 1628 2321 1682 facta
2354 1639 2455 1693 per
2488 1620 2768 1686 Verbum,
2802 1622 2859 1672 et
2907 1621 3043 1672 tunc
3075 1630 3388 1687 cognosces
3417 1614 3584 1685 quale
3635 1615 3710 1670 sit
3738 1613 3874 1669 Ver-

2171 1717 2333 1771 bum.
2369 1712 2617 1766 Attende
2639 1710 2758 1764 haec
2788 1708 2904 1761 duo
2928 1704 3133 1761 mundi
3165 1719 3426 1775 corpora,
3452 1702 3660 1758 coelum
3697 1709 3753 1757 et
3775 1710 3875 1759 ter-

2174 1824 2296 1863 ram
2318 1822 2330 1860 :
2356 1803 2487 1876 quis
2512 1800 2761 1873 explicat
2780 1797 2970 1853 verbis
2996 1800 3263 1851 ornatum
3290 1794 3415 1848 coeli
3432 1794 3458 1847 ?
3480 1794 3611 1865 quis
3631 1793 3877 1863 explicat

2174 1896 2361 1951 verbis
2387 1893 2798 1948 fecunditatem
2833 1888 3037 1943 terrae?
3064 1887 3196 1958 quis
3220 1884 3392 1955 digne
3424 1884 3717 1939 collaudat
3741 1889 3879 1939 tem-

2176 2002 2376 2058 porum
2411 1982 2611 2039 vices?
2643 1979 2774 2051 quis
2825 1978 2996 2047 digne
3048 1974 3340 2031 collaudat
3387 1973 3676 2029 seminum
3713 1973 3825 2027 vim
3851 1973 3878 2027 Τ

2175 2074 2395 2131 Videtis
2442 2089 2563 2143 quae
2594 2075 2836 2135 taceam,
2872 2083 2942 2122 ne
2974 2066 3068 2121 diu
3114 2064 3616 2121 commemorando
3668 2078 3877 2134 parum

2178 2167 2365 2222 dicam
2420 2164 2583 2227 forte,
2632 2176 2809 2232 quam
2867 2155 3102 2227 potestis
3148 2154 3400 2225 cogitare
3440 2156 3480 2206 ί.
3534 2152 3613 2206 Ex
3658 2152 3880 2207 fabrica

2049 2270 2070 2279 '
2180 2272 2311 2323 ergo
2341 2256 2450 2309 ista
2495 2248 2935 2307 animadvertito
2966 2245 3132 2318 quale
3172 2244 3424 2301 Verbum
3454 2247 3543 2299 est
3592 2258 3689 2314 per
3720 2243 3876 2313 quod

2182 2347 2331 2402 facta
2361 2346 2448 2398 est
2480 2359 2493 2397 :
2527 2345 2583 2396 et
2614 2357 2727 2395 non
2755 2337 2879 2393 sola
2913 2338 3057 2391 facta
3088 2339 3194 2391 est.
3224 2333 3433 2389 Omnia
3471 2332 3623 2388 enim
3655 2330 3769 2386 ista
3799 2329 3880 2384 vi-

2184 2437 2414 2499 dentur,
2448 2432 2585 2503 quia
2618 2428 2905 2501 pertinent
2935 2427 3006 2481 ad
3039 2440 3271 2481 sensum
3305 2421 3577 2493 corporis.
3604 2423 3712 2474 Per
3744 2418 3893 2473 illud

2184 2526 2436 2581 Verbum
2468 2527 2524 2578 et
2575 2518 2778 2592 Angeli
2828 2518 2963 2573 facti
3015 2520 3191 2583 sunt;
3226 2530 3327 2583 per
3357 2512 3499 2568 illud
3547 2510 3799 2566 Verbum
3834 2513 3891 2564 et

2185 2612 2531 2685 Arcbangeli
2587 2610 2718 2665 facti
2767 2613 2943 2673 sunt;
2992 2607 3331 2671 Potestates,
3364 2603 3563 2671 Sedes,
3608 2598 3896 2656 Domina-

2186 2706 2395 2770 tiones,
2450 2700 2853 2771 Principatus;
2914 2712 3013 2766 per
3054 2693 3198 2749 illud
3246 2692 3505 2747 Verbum
3559 2690 3706 2744 facta
3754 2691 3900 2743 sunt

2188 2794 2384 2851 omnia
2416 2808 2428 2845 :
2464 2790 2593 2845 hinc
2621 2789 2865 2857 cogitate
2896 2784 3068 2857 quale
3097 2782 3351 2838 Verbum
3385 2784 3492 2836 est.

2263 2884 2349 2937 10.
2383 2880 2711 2951 Respondet
2753 2876 2895 2931 mihi
2946 2874 3116 2929 modo
3167 2873 3310 2927 forte
3357 2869 3551 2925 nescio
3602 2868 3781 2939 quis:
3824 2869 3897 2921 Et

2192 2973 2325 3045 quis
2368 2972 2473 3026 hoc
2520 2968 2775 3023 Verbum
2808 2963 3067 3036 cogitat?
3099 2960 3223 3018 Noli
3257 2977 3392 3032 ergo
3436 2958 3538 3015 tibi
3586 2958 3753 3029 quasi
3783 2955 3897 3010 vile

2194 3061 2412 3134 aliquid
2460 3061 2723 3126 formare,
2774 3073 2908 3112 cum
2967 3053 3134 3110 audis
3183 3052 3458 3118 Verbum,
3509 3053 3565 3104 et
3612 3047 3901 3117 conjicere

2193 3154 2367 3209 verba
2397 3167 2524 3222 quas
2555 3148 2725 3205 audis
2756 3146 3037 3219 quotidie,
3059 3142 3157 3198 Ille
3188 3140 3326 3197 talia
3365 3138 3539 3194 verba
3569 3136 3730 3204 dixit,
3756 3134 3896 3191 talia

2193 3244 2365 3298 verba
2395 3242 2624 3297 locutus
2671 3241 2778 3308 est,
2809 3236 2951 3291 talia
2982 3234 3154 3289 verba
3196 3229 3337 3286 mihi
3370 3244 3574 3307 narras
3608 3244 3621 3282 :
3657 3224 3895 3281 assidue

2195 3333 2349 3389 enim
2401 3330 2645 3387 dicendo
2697 3326 2934 3382 nomina
2979 3322 3311 3388 verborum,
3362 3304 3531 3391 quasi
3579 3316 3900 3378 viluerunt,

2196 3424 2389 3478 verba.
2420 3420 2487 3475 Et
2518 3418 2752 3490 quando
2785 3414 2974 3480 audis,
3008 3415 3072 3467 1n
3102 3410 3372 3481 principio
3400 3412 3516 3463 erat
3540 3406 3785 3469 Verbum,
3820 3419 3893 3458 ne

2196 3512 2307 3569 vile
2338 3510 2550 3580 aliquid
2596 3511 2851 3578 putares,
2885 3501 3055 3574 quale
3087 3498 3436 3556 consuevisti
3466 3497 3734 3566 cogitare,
3767 3508 3902 3549 cum

2196 3602 2372 3659 verba
2414 3600 2676 3654 humana
2723 3595 2939 3650 soleres
2988 3591 3211 3660 audire,
3259 3588 3393 3644 audi
3443 3587 3581 3658 quid
3635 3582 3907 3655 cogites:

2198 3693 2338 3747 heus
2367 3693 2483 3746 erat
2517 3686 2767 3741 Verbum.

2272 3783 2363 3837 11.
2403 3779 2580 3835 Exeat
2628 3790 2782 3831 nunc
2831 3770 3023 3827 nescio
3075 3768 3206 3841 quis
3254 3764 3505 3823 infidelis
3546 3762 3814 3828 Arianus,
3846 3763 3906 3815 et

2200 3872 2357 3927 dicat
2389 3869 2524 3939 quia
2555 3865 2813 3919 Verbum
2845 3860 2946 3916 Dei
2981 3858 3194 3914 factum
3230 3860 3339 3912 est.
3373 3852 3667 3921 Quomodo
3716 3853 3916 3921 potest

2202 3960 2325 4017 fieri
2356 3936 2423 4014 ut
2442 3956 2694 4012 Verbum
2729 3952 2825 4007 Dei
2852 3950 3060 4004 factum
3096 3946 3192 4013 sit,
3215 3943 3450 4015 quando
3475 3943 3627 3996 Deus
3652 3954 3751 4011 per
3770 3936 3913 3992 Ver-

2202 4051 2342 4105 bum
2369 4045 2502 4101 fecit
2522 4042 2760 4099 omnia?
2783 4040 2841 4095 Si
2861 4043 2918 4095 et
2938 4037 3197 4092 Verbum
3220 4033 3317 4089 Dei
3338 4033 3531 4103 ipsum
3552 4029 3772 4083 factum
3796 4030 3911 4093 est,

2204 4155 2304 4212 per
2326 4135 2481 4209 quod
2504 4132 2663 4189 aliud
2682 4129 2939 4186 Verbum
2966 4129 3183 4183 factum
3207 4122 3340 4179 est?
3370 4121 3428 4176 Si
3454 4120 3563 4173 hoc
3585 4116 3752 4183 dicis,
3776 4117 3911 4185 quia

2205 4205 2295 4284 est
2323 4205 2581 4280 Verbum
2613 4220 2806 4285 Verbi,
2842 4234 2940 4289 per
2972 4214 3125 4287 quod
3159 4214 3374 4267 factum
3406 4214 3495 4264 est
3526 4206 3691 4274 illud,
3717 4205 3910 4277 ipsum

2208 4318 2335 4374 dico
2367 4332 2472 4385 ego
2491 4313 2730 4368 unicum
2767 4307 2976 4364 Filium
3002 4305 3125 4361 Dei.
3152 4302 3209 4359 Si
3244 4305 3434 4357 autem
3465 4315 3575 4352 non
3611 4294 3756 4350 dicis
3772 4292 3913 4348 Ver-

2211 4409 2351 4462 bum
2382 4402 2576 4467 Verbi,
2601 4399 2852 4456 concede
2884 4412 2997 4452 non
3024 4396 3239 4449 factum
3275 4406 3375 4461 per
3407 4387 3559 4458 quod
3596 4386 3741 4440 facta
3770 4390 3910 4437 sunt

2209 4496 2429 4553 omnia.
2462 4493 2584 4548 Non
2617 4490 2773 4546 enim
2808 4504 2902 4559 per
2934 4485 3190 4555 seipsum
3224 4479 3346 4535 fieri
3388 4477 3595 4549 potuit,
3632 4491 3733 4545 per
3760 4473 3919 4544 quod

2211 4590 2361 4644 facta
2408 4587 2544 4640 sunt
2590 4580 2789 4637 omnia
2823 4594 2835 4634 :
2864 4576 3031 4632 crede
3074 4589 3210 4645 ergo
3259 4566 3660 4639 Evangelistae.
3694 4563 3927 4619 Poterat

2211 4675 2369 4731 enim
2419 4672 2631 4736 dicere,
2666 4671 2728 4723 In
2763 4664 3048 4738 principio
3080 4662 3215 4717 fecit
3246 4658 3401 4715 Deus
3432 4654 3687 4710 Verbum
3724 4668 3735 4705 :
3771 4666 3916 4720 quo-

2209 4765 2378 4820 modo
2411 4760 2545 4816 dixit
2582 4759 2829 4828 Moyses,
2861 4757 2926 4809 In
2968 4750 3243 4825 principio
3291 4747 3425 4819 fecit
3471 4746 3604 4800 Deus
3652 4741 3843 4797 caelum
3875 4743 3927 4794 et

2211 4861 2453 4912 terram:
2485 4856 2539 4906 et
2570 4849 2763 4905 omnia
2795 4846 2878 4900 sic
2926 4846 3248 4905 enumerat,
3273 4836 3431 4894 Dixit
3476 4836 3648 4898 Deus,
3684 4831 3824 4899 Fiat,
3869 4832 3927 4883 et

2215 4948 2429 5001 factum
2461 4944 2550 4998 est
2581 4937 2733 5011 (Gen.
2758 4937 2817 5005 ι).
2843 4935 2902 4989 Si
2930 4931 3095 4998 dixit,
3121 4927 3252 4999 quis
3283 4923 3473 4981 dixit?
3501 4922 3714 4994 Utique
3750 4920 3923 4972 Deus.

2216 5038 2285 5092 Et
2316 5033 2453 5106 quid
2490 5032 2702 5086 factum
2735 5024 2862 5081 est?
2892 5023 3163 5077 Creatura
3194 5016 3409 5089 aliqua.
3447 5015 3600 5069 Inter
3630 5011 3923 5095 dicentem

2215 5088 2397 5181 Deujm
2430 5126 2486 5177 et
2520 5119 2729 5173 factam
2763 5117 3082 5169 creaturam
3116 5106 3258 5180 quid
3286 5113 3372 5161 est
3396 5121 3498 5177 per
3527 5100 3679 5173 quod
3707 5088 3925 5153 factum

2219 5218 2327 5279 est,
2361 5210 2471 5267 nisi
2512 5206 2767 5263 Verbum
2789 5203 2816 5258 ⁸2
2848 5200 2987 5273 quia
3036 5198 3181 5255 dixit
3227 5196 3402 5261 Deus,
3436 5194 3579 5259 Fiat,
3603 5198 3655 5246 et
3710 5189 3934 5244 factum

2219 5276 2326 5362 est.
2358 5304 2470 5358 Hoc
2503 5299 2753 5355 Verbum
2788 5288 3303 5349 incommutabile:
3331 5283 3598 5357 quamvis
3634 5276 3944 5335 mutabilia

2221 5412 2325 5468 per
2352 5392 2607 5446 Verbum
2644 5387 2806 5453 ﬁant,
2838 5383 3035 5455 ipsum
3068 5372 3548 5436 incommutabile
3581 5375 3685 5426 est.

2284 5526 2303 5560 ί
2329 5524 2474 5573 Unus
2493 5516 2915 5568 Becheronensis
2948 5511 3135 5569 codex,
3157 5509 3208 5573 et
3228 5503 3410 5573 minus
3436 5516 3591 5568 quam
3613 5495 3825 5573 petatis
3841 5508 3939 5542 co—

2267 5559 2409 5628 ῑιηῖρ-
2438 5582 2568 5628 Hinc
2590 5594 2709 5628 cum
2733 5559 3141 5628 aliis—scidecim
3163 5571 3283 5619 Mss.
3307 5559 3507 5617 omissa
3541 5559 3818 5628 particula,
3842 5570 3936 5628 ex,

2222 5620 2565 5714 prosequitur
2586 5620 2695 5694 Si}:
2721 5620 3195 5701 iiiiiéaﬁgama
3215 5620 3603 5688 animadversa,
3625 5620 3795 5689 quale,
3826 5624 3937 5671 etc.
