4170 6188
335 319 402 379 35
1512 310 1976 374 TRACTATUS
2020 311 2095 373 II.
2145 310 2401 375 CAPUT
2445 314 2497 375 Ι.

320 454 398 510 12.
431 452 554 508 Noli
602 467 741 522 ergo
775 451 1011 507 credere
1043 449 1281 515 factum,
1314 466 1417 520 per
1446 450 1597 521 quod
1634 449 1782 506 facta
1813 452 1954 504 sunt

258 542 436 600 omnia
472 558 485 595 :
518 557 590 596 ne
624 558 740 597 non
766 539 1047 596 reficiaris
1079 556 1177 611 per
1207 537 1487 606 Verbum,
1530 556 1630 611 per
1671 539 1820 610 quod
1859 556 1956 593 re-

258 633 521 688 ﬁciuntur
550 632 766 686 omnia.
799 634 923 687 Jam
949 631 1101 685 enim
1135 630 1319 684 factus
1342 646 1403 685 es
1428 645 1530 701 per
1558 629 1831 699 Verbum,
1857 630 1958 684 sed

258 727 475 795 oportet
504 728 561 778 te
602 722 763 778 reﬁci
796 738 897 793 per
934 722 1184 776 Verbum
1220 737 1233 777 :
1268 721 1543 776 siautem
1594 720 1747 775 mala
1787 721 1963 775 fuerit

256 814 393 868 ﬁdes
427 817 530 868 tua
560 813 631 867 de
662 811 873 881 Verbo,
907 828 1019 866 non
1052 812 1267 882 poteris
1290 811 1449 866 refici
1482 827 1583 881 per
1604 810 1963 866 Verbum.Et

257 901 296 957 si
318 902 421 957 tibi
448 903 689 974 contigit
714 902 838 957 fieri
859 918 960 973 per
978 900 1333 966 Verbum,ut
1359 917 1459 971 per
1480 899 1625 954 illud
1651 901 1836 955 factus
1860 900 1960 961 sis,

254 1009 349 1065 per
384 998 440 1048 te
472 992 671 1047 deﬁcis
706 1008 720 1046 :
752 993 801 1046 si
836 1007 934 1063 per
964 994 1020 1045 te
1053 989 1272 1059 deficis,
1304 989 1402 1046 ille
1432 995 1488 1045 te
1520 990 1736 1045 reﬁciat
1768 989 1865 1060 qui
1908 994 1963 1044 te

251 1082 380 1138 fecit
416 1099 430 1136 :
467 1082 515 1137 si
551 1099 651 1151 per
680 1086 732 1136 te
763 1080 1015 1138 deterior
1044 1081 1314 1141 afficeris,
1347 1078 1443 1135 ille
1474 1084 1527 1135 te
1552 1087 1765 1135 recreet
1786 1079 1886 1149 qui
1910 1084 1963 1133 te

252 1171 494 1229 creavit.
529 1171 827 1236 Quomodo
871 1176 926 1225 te
973 1175 1166 1225 autem
1217 1174 1431 1225 recreet
1478 1185 1577 1240 per
1606 1168 1882 1234 Verbum,
1918 1168 1965 1223 si

248 1263 397 1319 male
442 1262 667 1334 aliquid
718 1261 939 1318 sentias
988 1264 1058 1317 de
1097 1260 1330 1317 Verbo?
1377 1259 1743 1333 Evangelista
1799 1258 1963 1327 dicit,

248 1357 301 1411 In
333 1356 620 1427 principio
670 1358 791 1408 erat
832 1353 1058 1409 Verbum
1082 1369 1101 1414 ,·
1132 1356 1188 1406 et
1235 1359 1290 1407 tu
1352 1351 1523 1419 dicis,
1564 1357 1627 1406 In
1676 1349 1963 1421 principio

248 1448 466 1501 factum
492 1450 583 1499 est
610 1442 885 1499 Verbum.
916 1441 1036 1508 Ille,
1068 1442 1269 1501 Omnia
1302 1457 1397 1512 per
1426 1443 1607 1513 ipsum
1636 1444 1783 1511 facta
1813 1446 1963 1508 sunt,

250 1536 383 1591 dicit
422 1552 437 1602 ;
473 1540 531 1590 et
562 1539 621 1588 tu
659 1532 805 1588 dicis
837 1531 970 1604 quia
1003 1536 1058 1586 et
1090 1535 1281 1602 ipsum
1314 1532 1569 1587 Verbum
1604 1531 1821 1585 factum
1854 1530 1963 1584 est.

250 1632 485 1686 Poterat
513 1628 707 1683 dicere
756 1625 1137 1697 Evangelista,
1190 1624 1252 1679 In
1305 1624 1588 1696 principio
1631 1624 1844 1678 factum
1875 1624 1965 1676 est

250 1721 509 1775 Verbum
549 1732 563 1772 :
597 1719 693 1772 sed
730 1716 866 1788 quid
903 1716 977 1770 ait
1010 1715 1036 1770 ?
1064 1717 1129 1769 In
1156 1715 1432 1787 principio
1454 1718 1575 1769 erat
1615 1713 1873 1768 Verbum.
1905 1710 1965 1765 Si

250 1819 392 1877 erat,
428 1825 549 1864 non
582 1813 670 1863 est
702 1807 934 1871 factum,
969 1810 1029 1859 ut
1057 1804 1166 1860 ista
1184 1805 1379 1860 omnia
1406 1804 1716 1876 peripsum
1744 1803 1960 1871 ﬁerent,

250 1909 298 1956 et
334 1901 470 1955 sine
501 1899 631 1970 ipso
663 1896 829 1952 nihil.
856 1897 913 1951 Si
938 1912 1073 1967 ergo
1094 1902 1215 1951 erat
1246 1897 1305 1951 in
1329 1894 1605 1966 principio
1635 1896 1889 1965 Verbum,
1910 1899 1965 1951 et

253 1992 492 2046 Verbum
530 1992 650 2042 erat
679 1985 825 2056 apud
858 1986 1044 2052 Deum,
1072 1988 1123 2039 et
1162 1985 1301 2040 Deus
1328 1986 1445 2039 erat
1478 1983 1707 2038 Verbum
1734 2001 1755 2040 :
1776 1984 1826 2039 si
1849 2004 1963 2042 non

250 2085 418 2151 potes
450 2077 703 2147 cogitare
734 2074 874 2145 quid
909 2074 1003 2142 sit,
1054 2073 1220 2127 differ
1251 2077 1316 2128 ut
1362 2088 1613 2129 crescas.
1668 2073 1767 2129 Ille
1799 2075 1964 2132 cibus

244 2176 355 2235 est,
388 2168 595 2239 accipe
624 2167 711 2221 lac
744 2169 807 2220 ut
842 2162 1138 2231 nutriaris,
1173 2169 1237 2219 ut
1257 2163 1340 2219 sis
1371 2162 1599 2219 validus
1637 2165 1704 2219 ad
1737 2166 1967 2237 capien-

244 2262 389 2315 dum
428 2259 654 2315 cibum.
1760 2260 1765 2263 '

314 2350 411 2405 13.
448 2349 624 2418 Sane,
660 2348 892 2417 fratres,
920 2346 1073 2417 quod
1108 2344 1390 2419 sequitur,
1426 2346 1625 2403 Omnia
1653 2361 1755 2415 per
1787 2345 1966 2418 ipsum

247 2445 403 2511 facta
432 2443 589 2507 sunt,
620 2445 673 2493 et
702 2439 821 2493 sine
858 2438 972 2507 ipso
1008 2437 1186 2506 fatum
1234 2446 1311 2491 est
1340 2435 1506 2503 nihil,
1542 2436 1730 2491 videte
1781 2452 1850 2491 ne
1881 2436 1966 2491 sic

248 2529 545 2603 cogitetis,
603 2528 741 2599 quia
792 2525 935 2581 nihil
967 2525 1184 2595 aliquid
1214 2529 1321 2581 est.
1363 2525 1562 2580 Solent
1609 2525 1762 2581 enim
1799 2525 1965 2581 multi

251 2621 409 2677 male
442 2617 863 2689 intelligentes,
894 2617 1016 2670 sine
1056 2617 1171 2686 ipso
1217 2616 1429 2684 [actum
1464 2616 1727 2682 estnihil,
1763 2620 1966 2687 putare

249 2709 483 2783 aliquid
517 2723 646 2763 esse
678 2705 845 2762 nihil.
883 2706 1183 2761 Peccatum
1232 2705 1464 2777 quidem
1497 2721 1611 2761 non
1644 2721 1741 2775 per
1773 2706 1963 2776 ipsum

248 2802 479 2857 factum
513 2802 604 2854 est
636 2815 647 2852 :
689 2801 743 2852 et
776 2796 1147 2851 manifestum
1179 2801 1289 2856 est,
1322 2796 1460 2867 quia
1484 2801 1786 2867 peccatum
1820 2795 1967 2850 nihil

248 2896 364 2959 est,
396 2895 457 2945 et
488 2888 634 2943 nihil
669 2888 822 2942 fiunt
869 2886 1137 2942 homines
1180 2903 1313 2942 cum
1350 2891 1612 2957 peccant.
1648 2887 1715 2941 Et
1748 2885 1968 2941 idolum

249 2999 368 3038 non
406 2996 512 3053 per
542 2978 795 3035 Verbum
831 2978 1040 3032 factum
1074 2981 1164 3032 est
1198 2993 1211 3032 :
1247 2976 1422 3031 habet
1454 2977 1686 3047 quidem
1725 2978 1969 3031 formam

249 3070 578 3143 quamdam
632 3069 977 3133 humanam,
1032 3068 1130 3122 sed
1182 3067 1305 3137 ipse
1352 3068 1517 3121 homo
1568 3081 1667 3137 per
1713 3065 1971 3121 Verbum

252 3163 457 3216 factus
486 3164 615 3225 est;
651 3174 787 3213 nam
812 3157 995 3214 forma
1027 3158 1280 3213 hominis
1303 3158 1362 3213 in
1388 3156 1563 3225 idolo,
1588 3172 1702 3212 non
1724 3173 1825 3228 per
1842 3156 1975 3211 Ver-

254 3253 400 3307 bum
440 3249 595 3305 facta
625 3252 715 3303 est
746 3267 761 3316 ;
794 3254 848 3303 et
880 3248 1161 3318 scriptum
1196 3251 1303 3310 est,
1338 3248 1547 3302 Scimus
1572 3248 1707 3318 quia
1735 3245 1882 3301 nihil
1901 3253 1980 3301 est

255 3341 474 3396 idolum
506 3339 553 3407 (Ι
594 3337 721 3394 Cor.
771 3354 894 3404 VII],
932 3336 1003 3405 4).
1036 3337 1185 3408 Ergo
1235 3337 1343 3392 ista
1378 3353 1489 3392 non
1519 3342 1657 3393 sunt
1701 3338 1850 3393 facta
1880 3353 1981 3409 per

256 3430 578 3495 Verbum;
635 3429 732 3483 sed
783 3442 1155 3499 quaecumque
1213 3426 1558 3481 naturaliter
1617 3428 1767 3482 facta
1821 3430 1981 3495 sunt,

265 3532 666 3591 quaecumque
688 3520 822 3571 sunt
844 3515 900 3570 in
926 3515 1225 3583 creaturis,
1250 3515 1446 3570 omnia
1464 3514 1702 3571 omnino
1725 3532 1853 3587 quas
1875 3516 1985 3571 ﬁxa

259 3611 322 3663 in
360 3608 509 3664 caelo
533 3610 693 3675 sunt,
718 3622 846 3677 quae
890 3606 1117 3677 fulgent
1151 3606 1571 3676 desuper,quee
1608 3604 1849 3660 volitant
1874 3607 1985 3661 sub

266 3697 438 3764 coelo,
472 3699 530 3750 et
561 3711 688 3765 qua
720 3698 1026 3749 moventur
1058 3694 1115 3749 in
1148 3695 1161 3729 ¹
1204 3693 1478 3749 universa
1528 3699 1736 3749 natura
1767 3710 1984 3762 rerum,

267 3786 469 3842 omnis
501 3783 739 3838 omnino
770 3787 1032 3837 creatura
1062 3799 1076 3838 :
1128 3781 1312 3837 dicam
1347 3782 1597 3853 planius,
1632 3782 1843 3850 dicam,
1877 3782 1988 3836 fra-

268 3878 406 3941 tres,
440 3877 507 3927 ut
536 3871 899 3942 intelligetis,
934 3870 1004 3926 ab
1038 3872 1243 3943 angelo
1276 3889 1461 3943 usque
1491 3873 1558 3927 ad
1584 3871 1986 3927 vermiculum.

270 3966 419 4031 Quid
457 3962 795 4034 praeclarius
821 3961 1027 4034 angelo
1060 3963 1117 4017 in
1147 3963 1471 4020 creaturis?
1502 3964 1639 4034 quid
1673 3962 1988 4018 extremius

272 4054 605 4110 vermiculo
636 4053 693 4107 in
727 4052 1004 4107 creaturis
1024 4053 1052 4107 ?
1081 4053 1183 4108 Per
1214 4070 1388 4124 quem
1412 4054 1595 4107 factus
1615 4060 1699 4110 est
1723 4054 1989 4125 angelus,

272 4162 378 4217 per
407 4145 597 4215 ipsum
631 4143 819 4198 factus
849 4146 938 4198 est
967 4148 1022 4198 et
1043 4142 1398 4198 vermiculus
1438 4160 1452 4199 :
1497 4144 1593 4198 sed
1630 4144 1872 4214 angelus
1902 4144 1991 4198 di-

272 4251 426 4309 gnus
459 4232 624 4297 caelo,
659 4231 1022 4286 vermiculus
1045 4236 1218 4287 terra.
1253 4232 1359 4296 Qui
1391 4233 1628 4297 creavit,
1661 4232 1784 4304 ipse
1809 4232 1994 4303 dispo-

278 4328 420 4383 suit.
455 4324 513 4380 Si
547 4330 787 4397 poneret
814 4324 1198 4380 vermiculum
1228 4326 1285 4379 in
1315 4324 1479 4394 caelo,
1503 4324 1989 4395 reprehenderes;

282 4417 332 4472 si
361 4415 535 4473 vellet
557 4414 811 4486 Angelos
846 4414 1005 4469 nasci
1023 4416 1094 4470 de
1115 4416 1581 4483 putrescentibus
1603 4414 1898 4481 carnibus,
1914 4429 1995 4469 re-

286 4506 679 4578 prehenderes
716 4522 729 4561 :
763 4515 817 4561 et
847 4510 1041 4561 tamen
1076 4521 1255 4577 prope
1287 4506 1394 4561 hoc
1427 4506 1560 4561 facit
1596 4506 1772 4571 Deus,
1803 4510 1859 4560 et
1882 4522 1995 4561 non

284 4604 367 4653 est
421 4595 967 4668 reprehendendus.
1010 4595 1147 4650 Nam
1180 4612 1384 4651 omnes
1418 4596 1673 4652 homines
1723 4597 1793 4653 de
1824 4611 1997 4654 carne

285 4692 615 4753 nascentes,
665 4685 803 4757 quid
854 4690 993 4741 sunt
1036 4686 1144 4741 nisi
1178 4686 1457 4741 vermes?
1495 4695 1547 4741 et
1587 4688 1657 4742 de
1705 4689 1998 4745 vermibus

284 4778 545 4849 Angelos
579 4778 737 4832 facit.
791 4777 847 4832 Si
895 4777 1049 4833 enim
1083 4777 1209 4848 ipse
1253 4777 1534 4833 Dominus
1565 4779 1727 4846 dicit,
1762 4780 1865 4850 Ego
1894 4797 1997 4835 au-

282 4871 390 4921 tem
428 4884 558 4921 sum
598 4868 820 4935 vermis,
871 4874 923 4921 et
969 4882 1079 4922 non
1135 4866 1295 4923 homo
1348 4866 1522 4937 (Psal.
1573 4885 1687 4934 xm,
1718 4870 1822 4937 7);
1868 4868 1998 4939 quis

288 4956 517 5011 dubitat
541 4956 648 5010 hoc
671 4954 861 5010 dicere
883 4954 1039 5027 quod
1061 4957 1344 5026 scriptum
1367 4960 1455 5011 est
1481 4961 1537 5011 et
1558 4955 1614 5010 in
1638 4956 1765 5025 Job,
1791 4958 2001 5026 Quanto

290 5047 465 5115 magis
518 5044 687 5100 homo
737 5045 990 5115 putredo,
1047 5048 1096 5100 et
1150 5045 1303 5115 ﬁlius
1351 5046 1586 5101 hominis
1642 5048 1844 5103 vermis
1878 5047 1998 5117 (Job

291 5152 420 5202 xxv,
454 5136 510 5205 6)
541 5134 570 5189 ?
603 5133 797 5190 Primo
828 5133 996 5199 dixit,
1029 5133 1184 5190 homo
1212 5135 1437 5205 putredo
1464 5152 1484 5197 ;
1517 5140 1569 5190 et
1604 5140 1823 5206 postea,
1845 5135 2005 5206 ﬁlius

295 5225 537 5280 hominis
568 5226 770 5279 vermis
799 5241 820 5280 :
850 5224 990 5295 quia
1020 5225 1234 5279 vermis
1285 5225 1353 5279 de
1384 5226 1691 5297 putredine
1721 5226 2005 5293 nascitur,

297 5316 418 5371 ideo
450 5316 614 5369 homo
642 5313 891 5385 putredo,
915 5320 972 5369 et
1001 5314 1155 5384 ﬁlius
1184 5315 1419 5369 hominis
1453 5316 1669 5370 vermis.
1695 5315 1837 5371 Ecce
1867 5317 2009 5387 quid

300 5404 413 5459 ﬁeri
447 5402 639 5459 voluit
689 5407 925 5474 propter
972 5407 1050 5468 te,
1097 5403 1240 5459 illud
1275 5404 1427 5472 quod
1475 5405 1536 5458 in
1583 5404 1861 5476 principio
1898 5414 2015 5462 erat

305 5493 548 5565 Verbum,
581 5498 630 5549 et
670 5494 900 5549 Verbum
945 5503 1064 5550 erat
1093 5492 1238 5565 apud
1284 5495 1470 5562 Deum,
1500 5503 1551 5550 et
1581 5497 1719 5551 Deus
1748 5505 1865 5552 erat
1897 5495 2016 5553 Ver-

370 5686 384 5718 ι
424 5683 521 5734 Hic
553 5683 611 5733 in
639 5681 919 5747 plerisque
949 5681 1072 5732 Mss.
1107 5695 1217 5735 non
1253 5689 1333 5736 est
1360 5684 1688 5750 prmpositio,
1722 5684 1796 5737 in.

633 5800 907 5864 ΡΑτιιοι..
949 5800 1187 5866 XXXV.

3615 316 3775 380 1386

2068 450 2214 504 bum.
2250 450 2435 513 Quare
2466 450 2575 508 hoc
2606 452 2822 509 factum
2864 457 2954 510 est
3003 460 3238 526 propter
3275 460 3328 511 te
3355 454 3383 510 ‘I
3412 454 3483 512 Ut
3514 473 3776 527 augeres,

2067 539 2165 609 qui
2198 542 2546 596 manducare
2594 558 2709 599 non
2770 548 3020 614 poteras.
3076 544 3325 601 Omnino
3356 562 3517 618 ergo,
3548 546 3778 613 fratres,

2069 629 2154 684 sic
2185 630 2449 700 accipite,
2486 631 2681 687 Omnia
2722 649 2823 704 per
2870 637 3051 706 ipsum
3078 636 3230 704 facta
3258 645 3408 704 sunt,
3440 642 3492 692 et
3523 637 3643 691 sine
3666 637 3780 707 ipso

2069 719 2281 788 [actum
2312 730 2388 775 est
2417 723 2578 779 nihil.
2631 723 2907 779 Universa
2955 724 3109 779 enim
3155 730 3421 781 creatura
3450 741 3553 798 per
3582 727 3778 797 ipsum

2072 810 2223 867 facta
2252 821 2361 874 est,
2414 817 2623 884 major,
2657 815 2847 871 minor
2879 832 2893 870 :
2934 832 3037 887 per
3080 816 3274 887 ipsum
3326 817 3477 873 facta
3506 820 3647 872 sunt
3677 833 3780 872 su-

2073 919 2230 972 pera,
2264 904 2480 973 infera;
2506 906 2847 976 spiritualis,
2883 908 3222 978 corporalis,
3268 925 3371 981 per
3399 910 3595 980 ipsum
3629 909 3781 965 facta

2075 997 2234 1048 sunt.
2266 994 2438 1050 Nulla
2466 996 2621 1051 enim
2656 997 2862 1064 forma,
2897 996 3053 1053 nulla
3086 1014 3421 1071 compages.
3456 998 3622 1057 nulla
3650 1017 3783 1057 cen-

2075 1082 2272 1138 cordia
2302 1086 2576 1156 partium,
2610 1085 2769 1141 nulla
2800 1087 3241 1160 qualiscumque
3271 1090 3618 1158 substantia,
3652 1107 3779 1163 quas

2079 1177 2269 1241 potest
2318 1173 2531 1230 habere
2586 1176 2840 1246 pondus,
2874 1192 3211 1246 numerum,
3256 1194 3614 1248 mensuram,
3666 1181 3781 1237 nisi

2075 1278 2175 1335 per
2204 1261 2345 1317 illud
2378 1263 2628 1319 Verbum
2674 1268 2782 1335 est,
2814 1268 2871 1319 et
2912 1263 2982 1318 ab
3033 1264 3131 1321 illo
3160 1266 3349 1322 Verbo
3380 1271 3656 1335 creatore,
3687 1270 3781 1324 cui

2075 1354 2295 1409 dictum
2327 1361 2431 1420 est,
2468 1353 2663 1409 Omnia
2692 1355 2753 1409 in
2780 1370 3064 1421 mensura,
3101 1358 3155 1410 et
3183 1372 3433 1428 numero,
3462 1362 3515 1413 et
3542 1358 3784 1427 pondere

2075 1444 2391 1514 disposuisti
2420 1445 2574 1516 (Sap.
2608 1463 2687 1507 χι,
2718 1445 2828 1515 21).

2152 1534 2236 1588 th.
2270 1533 2450 1588 Nemo
2481 1550 2615 1606 ergo
2646 1551 2749 1591 vos
2780 1534 2964 1604 fallat,
2989 1536 3225 1608 quando
3251 1537 3397 1593 forte
3418 1538 3655 1593 tadium
3682 1554 3784 1608 pa-

2077 1624 2269 1679 timini
2303 1625 2372 1678 ad
2406 1641 2640 1681 muscas
2672 1624 2713 1683 ί.
2748 1626 2975 1684 Etenim
2997 1628 3179 1701 aliqui
3211 1628 3389 1685 derisi
3421 1634 3562 1685 sunt
3592 1646 3625 1685 a
3656 1629 3788 1685 dia-

2074 1713 2226 1783 bolo,
2260 1719 2317 1769 et
2346 1715 2417 1769 ad
2452 1731 2687 1771 muscas
2717 1719 2870 1786 capti
2902 1722 3062 1773 sunt.
3107 1717 3309 1774 Solent
3337 1718 3493 1774 enim
3525 1734 3784 1790 aucupes

2076 1820 2290 1876 ponere
2326 1804 2384 1858 in
2418 1804 2748 1877 muscipula
2772 1821 3028 1875 muscas,
3053 1811 3118 1863 ut
3135 1808 3453 1863 esurientes
3474 1824 3609 1863 aves
3628 1807 3785 1863 deci-

2075 1896 2239 1967 piant
2271 1910 2284 1950 :
2318 1894 2398 1949 sic
2428 1899 2487 1951 et
2516 1896 2613 1950 isti
2643 1896 2713 1951 ad
2749 1912 2983 1952 muscas
3012 1915 3044 1952 a
3084 1896 3319 1953 diabolo
3359 1898 3585 1969 decepti
3619 1900 3781 1953 sunt.

2074 1984 2220 2041 Nam
2281 1986 2477 2041 nescio
2527 1986 2659 2057 quis
2697 1986 2933 2042 taedium
2994 1987 3321 2058 patiebatur
3378 1988 3452 2043 ad
3510 2002 3785 2043 muscas:

2072 2075 2298 2132 invenit
2328 2073 2495 2130 illum
2528 2075 2876 2132 Manichacus
2910 2076 3079 2131 taedio
3102 2078 3369 2132 affectum
3396 2094 3410 2145 ;
3444 2082 3500 2132 et
3528 2093 3662 2132 cum
3695 2077 3783 2132 di-

2074 2170 2229 2222 ceret
2258 2181 2320 2220 se
2362 2181 2476 2221 non
2510 2182 2681 2237 posse
2712 2166 2829 2237 pati
2860 2182 3093 2223 muscas
3121 2172 3177 2221 et
3203 2167 3393 2223 odisse
3418 2167 3785 2223 vehementer

2074 2255 2222 2325 illas,
2256 2254 2453 2311 statim
2479 2254 2595 2319 ille,
2615 2255 2752 2322 Quis
2772 2256 2901 2311 fecit
2930 2255 3035 2312 has
3055 2256 3083 2311 ?
3102 2256 3168 2311 Et
3191 2256 3329 2327 quia
3345 2258 3515 2311 taedio
3538 2258 3783 2312 affectus

2074 2350 2217 2412 erat,
2250 2348 2307 2400 et
2338 2344 2538 2399 oderat
2561 2344 2711 2412 illas,
2753 2361 2865 2401 non
2902 2360 3079 2401 ausus
3105 2353 3190 2400 est
3220 2345 3433 2414 dicere,
3466 2349 3623 2400 Deus
3652 2344 3783 2399 illas

2075 2435 2212 2493 fecit
2245 2451 2259 2490 :
2292 2438 2415 2491 erat
2445 2438 2637 2490 autem
2669 2434 3009 2492 catholicus.
3042 2434 3145 2491 Ille
3176 2434 3373 2491 statim
3399 2434 3691 2505 subjecit:
3722 2432 3783 2489 Si

2075 2531 2229 2582 Deus
2269 2524 2395 2579 illas
2426 2540 2542 2580 non
2571 2524 2723 2590 fecit,
2757 2527 2891 2596 quis
2922 2524 3050 2581 illas
3106 2524 3241 2582 fecit
3266 2524 3294 2579 ‘I
3323 2523 3518 2592 Plane,
3552 2523 3633 2579 ait
3664 2522 3779 2592 ille,

2075 2631 2181 2687 ego
2213 2616 2384 2670 credo
2415 2613 2554 2686 quia
2584 2614 2850 2670 diabolus
2876 2615 3009 2670 fecit
3033 2630 3286 2670 muscas.
3313 2614 3380 2668 Et
3409 2612 3508 2669 ille
3538 2611 3737 2668 statim
3766 2626 3781 2665 :

2075 2706 2131 2759 Si
2164 2720 2427 2760 muscam
2478 2702 2746 2758 diabolus
2779 2704 2932 2769 fecit,
2983 2702 3136 2758 sicut
3191 2707 3248 2758 te
3296 2701 3456 2758 video
3496 2699 3785 2767 confiteri,

2078 2793 2560 2863 quia—prudenter
2588 2792 2886 2862 intelligis,
2920 2808 3089 2863 apem
3117 2791 3251 2863 quis
3271 2791 3427 2857 fecit,
3460 2808 3589 2862 qum
3616 2789 3785 2861 paulo

2081 2881 2327 2953 amplior
2356 2891 2440 2937 est
2472 2897 2671 2937 musca
2699 2882 2726 2936 ?
2754 2882 2877 2937 Non
2920 2898 3102 2936 ausus
3147 2881 3246 2936 ille
3295 2884 3385 2937 est
3430 2881 3619 2936 dicere
3650 2881 3790 2950 quia

2082 2980 2230 3029 Deus
2262 2974 2392 3029 fecit
2421 2991 2608 3045 apem,
2643 2978 2701 3028 et
2732 2990 2995 3029 muscam
3031 2989 3142 3029 non
3179 2974 3314 3028 fecit
3342 2988 3356 3040 ;
3384 2973 3518 3043 quia
3546 2987 3639 3027 res
3669 2975 3791 3026 erat

2084 3064 2365 3136 proxima.
2401 3064 2481 3118 Ab
2509 3081 2615 3136 ape
2646 3063 2809 3119 duxit
2840 3064 2910 3118 ad
2942 3063 3251 3130 locustam,
3285 3080 3318 3117 a
3348 3062 3569 3118 locusta
3598 3062 3667 3116 ad
3701 3059 3796 3115 la-

2086 3162 2328 3224 certum,
2360 3172 2395 3210 a
2423 3153 2637 3210 lacerto
2682 3154 2753 3209 ad
2802 3170 2988 3220 avem,
3041 3154 3111 3209 ab
3162 3169 3265 3209 ave
3295 3152 3460 3209 duxit
3489 3152 3560 3207 ad
3593 3167 3793 3223 pecus,

2088 3246 2222 3301 inde
2250 3245 2319 3300 ad
2354 3244 2580 3313 bovem,
2603 3243 2735 3300 inde
2765 3245 2836 3299 ad
2859 3242 3253 3315 elephantem,
3280 3247 3574 3314 postremo
3596 3240 3669 3297 ad
3691 3240 3794 3294 ho-

2091 3336 2305 3391 minem
2334 3352 2347 3404 ;
2380 3338 2437 3390 et
2461 3335 2747 3406 persuasit
2769 3333 2989 3391 homini
3015 3334 3151 3405 quia
3173 3349 3289 3389 non
3315 3350 3349 3387 a
3370 3332 3486 3387 Deo
3506 3332 3690 3386 tactus
3710 3333 3800 3383 est

2094 3425 2286 3484 homo.
2300 3428 2383 3481 Ita
2402 3426 2499 3481 ille
2522 3426 2697 3481 miser
2709 3441 2843 3481 cum
2859 3424 3097 3481 tmdium
3118 3438 3327 3496 passus
3346 3421 3519 3477 estad
3540 3434 3797 3481 muscas,

2096 3532 2300 3572 musca
2331 3516 2515 3571 factus
2546 3521 2651 3584 est,
2686 3531 2860 3586 quem
2893 3513 3157 3568 diabolus
3188 3510 3533 3582 possideret.
3571 3505 3799 3561 Beelze-

2096 3605 2215 3660 bub
2250 3604 2461 3676 quippe
2486 3603 2853 3675 interpretari
2897 3602 3111 3657 dicitur
3137 3600 3407 3672 princeps
3426 3611 3759 3652 muscarum
3785 3613 3799 3651 :

2098 3696 2166 3749 de
2190 3694 2404 3765 quibus
2434 3693 2709 3763 scriptum
2732 3696 2840 3759 est,
2865 3691 3060 3748 Muscas
3082 3691 3363 3745 moriturae
3394 3688 3415 3722 ³
3434 3688 3806 3742 exterminant

2097 3786 2277 3843 oleum
2304 3784 2602 3839 suavitatis
2634 3783 2834 3855 (Eecle.
2867 3800 2923 3853 κ,
2958 3782 3030 3852 1).

2170 3878 2257 3932 15.
2292 3876 2439 3939 Quid
2472 3872 2671 3945 igitur,
2706 3874 2908 3930 fratres
2938 3873 2966 3930 ?
2995 3889 3172 3945 quare
3203 3872 3318 3928 ista
3347 3870 3467 3928 dixi
3494 3871 3523 3927 ?
3551 3869 3811 3928 Claudite

2100 3984 2271 4023 aures
2302 3964 2491 4021 cordis
2516 3964 2693 4021 vestri
2724 3965 3000 4020 adversus
3022 3964 3186 4020 dolos
3217 3962 3438 4018 inimici
3465 3960 3810 4033 ;intelligite

2102 4057 2238 4129 quia
2260 4059 2409 4111 Deus
2442 4053 2577 4109 fecit
2607 4053 2824 4118 omnia,
2847 4058 2905 4110 et
2937 4053 2995 4108 in
3029 4053 3153 4109 suis
3173 4052 3456 4123 gradibus
3487 4050 3806 4107 collocavit.

2103 4146 2287 4210 Quare
2319 4149 2512 4200 autem
2547 4144 2802 4213 patimur
2849 4142 3036 4197 multa
3086 4142 3240 4197 mala
3268 4159 3301 4197 a
3332 4148 3597 4197 creatura
3628 4157 3805 4211 quam

2104 4235 2239 4291 fecit
2272 4232 2470 4289 Deus?
2502 4234 2648 4298 Quia
2678 4231 3031 4305 offendimus
3062 4230 3245 4287 Deum
3276 4231 3304 4286 ?
3356 4228 3653 4298 Numquid
3688 4229 3810 4285 haec

2103 4324 2303 4397 Angeli
2335 4324 2639 4395 patiuntur
2657 4323 2684 4378 ?
2708 4321 2992 4377 Fortassis
3009 4330 3061 4376 ct
3086 4336 3192 4376 nos
3214 4320 3273 4376 in
3292 4320 3412 4376 vita
3434 4322 3551 4376 ista
3580 4319 3679 4375 illa
3693 4335 3808 4374 non

2104 4417 2467 4471 timeremus.
2502 4417 2582 4467 De
2608 4427 2773 4481 paena
2796 4415 2891 4465 tua
2923 4416 3215 4481 peccatum
3241 4415 3405 4465 tuum
3433 4426 3667 4477 accusa,
3691 4424 3811 4465 non

2100 4506 2381 4578 judicem.
2415 4502 2557 4557 Nam
2584 4506 2816 4572 prepter
2834 4499 3166 4571 superbiam
3192 4498 3448 4556 instituit
3469 4500 3623 4556 Deus
3639 4500 3812 4556 istam

2107 4599 2428 4650 creaturam
2458 4589 2758 4646 minimam
2789 4593 2845 4644 ct
2873 4588 3329 4659 ahjectissimam
3355 4589 3398 4657 ³,
3452 4597 3515 4645 ιιι
3552 4589 3678 4660 ipsa
3711 4605 3816 4644 nos

2106 4685 2405 4755 torqueret
2434 4696 2449 4736 :
2480 4684 2543 4735 ut
2574 4694 2703 4735 cum
2730 4678 3016 4749 superbus
3049 4678 3219 4733 fuerit
3248 4676 3442 4747 homo,
3465 4683 3523 4736 et
3553 4681 3821 4748 sejacta-

2112 4774 2248 4830 verit
2279 4773 2559 4828 adversus
2582 4770 2766 4826 Deum
2794 4786 2808 4839 ;
2842 4774 2921 4838 et,
2944 4785 3076 4825 cum
3104 4768 3181 4825 sit
3204 4769 3492 4840 mortalis,
3516 4770 3819 4825 mortalem

2112 4864 2410 4931 terruerit;
2436 4871 2508 4933 et,
2537 4878 2668 4921 cum
2695 4862 2771 4917 sit
2803 4861 3000 4927 homo,
3026 4862 3351 4932 proximum
3384 4860 3670 4917 hominem
3704 4873 3818 4911 non

2115 4955 2449 5027 agnoverit;
2482 4969 2614 5010 cum
2632 4970 2697 5010 se
2726 4953 2996 5021 erexerit,
3030 4950 3322 5024 pulicibus
3344 4951 3649 5006 subdatur.
3673 4944 3818 5008 Quid

2117 5052 2206 5104 est
2235 5047 2387 5118 quod
2418 5050 2474 5102 te
2504 5046 2673 5101 inﬂas
2700 5045 2959 5101 humana
2989 5042 3308 5115 superbia?
3330 5041 3513 5096 Homo
3543 5037 3646 5091 tibi
3679 5036 3823 5091 dixit

2115 5136 2459 5198 convicium.
2485 5140 2541 5192 et
2570 5134 2860 5201 tumuisti,
2892 5140 2948 5191 et
2980 5134 3162 5189 iratus
3182 5148 3275 5199 es;
3310 5126 3598 5199 pulicibus
3619 5125 3823 5183 resiste

2184 5314 2198 5347 ί
2234 5311 2388 5367 Editi,
2418 5310 2673 5371 patimini
2702 5324 2732 5357 a
2763 5309 2988 5357 muscis:
3018 5310 3068 5354 et
3099 5305 3257 5368 paulo
3290 5303 3445 5371 intra.
3473 5301 3826 5371 potiebatm-a

2119 5376 2306 5423 muscis
2336 5390 2352 5431 ,-
2380 5365 2513 5437 item
2547 5376 2751 5437 postea,
2775 5384 2956 5432 passus
2986 5372 3059 5417 est
3087 5365 3364 5437 amusois.
3397 5367 3465 5437 ᾼι
3491 5366 3614 5437 Mss.
3642 5380 3825 5437 omnes

2122 5429 2433 5487 constanter
2454 5429 2752 5489 habent,ad
2766 5429 2971 5480 muscas
2987 5446 3005 5479 :
3026 5429 3421 5491 scilicetphraei
3438 5430 3667 5493 quadam
3692 5429 3829 5479 Afris

2125 5500 2337 5557 usitata,
2370 5499 2445 5545 uti
2477 5496 2669 5561 merito
2704 5496 2877 5561 visum
2917 5499 2997 5561 est
3027 5493 3468 5561 Levaniensibus.
3668 5551 3678 5561 .

2188 5562 2209 5595 ³
2232 5556 2378 5624 Lov.,
2400 5559 2681 5624 morientes
2697 5571 2715 5605 :
2744 5557 3034 5624 cujusloco
3052 5556 3284 5624 editialii
3307 5561 3361 5605 et
3384 5558 3526 5624 Mss,
3543 5556 3825 5624 moriturae.

2192 5624 2213 5658 3
2234 5623 2293 5672 In
2322 5623 2588 5685 plerisque
2621 5618 2744 5669 Mss.
2776 5616 3011 5672 instituit
3041 5624 3103 5669 ut
3128 5620 3227 5669 ista
3257 5622 3500 5669 creatura
3530 5616 3750 5666 minima
3780 5616 3831 5661 et

2125 5682 2504 5746 objectissima.

2999 5796 3638 5881 (Quamuis-quain.)
