4164 6192
331 358 486 422 1387

333 503 394 552 ut
425 493 677 551 dormias
709 509 721 547 :
757 509 1040 566 cognosce
1072 495 1171 565 qui
1202 495 1302 549 sis.
1329 493 1474 548 Nam
1510 497 1571 546 ut
1599 491 1892 555 noveritis,
1927 489 2037 543 fra-

331 591 468 651 tres,
502 587 735 656 propter
764 585 1100 655 superbiam
1149 588 1406 637 nostram
1454 583 1802 637 domandam
1850 583 2040 634 creata

333 677 468 744 ista,
503 691 626 745 quae
659 673 904 730 molesta
936 674 1103 729 nobis
1133 681 1328 729 essent
1361 690 1373 727 :
1406 672 1686 744 populum
1721 670 2038 727 Pharaonis

335 766 647 837 superbum
681 765 874 837 potuit
906 769 1052 819 Deus
1085 765 1320 819 domare
1351 763 1421 817 de
1442 761 1615 825 ursis,
1645 763 1715 816 de
1749 761 2038 824 leonibus,

335 859 405 914 de
435 857 805 929 serpentibus
837 870 852 922 ;
879 871 1110 910 muscas
1141 859 1196 908 et
1229 870 1402 908 ranas
1431 852 1545 908 illis
1569 852 1809 908 immisit
1841 849 2037 922 (Exod.

335 965 456 1013 νιιι,
487 948 541 1012 6,
574 946 687 1016 24),
722 949 784 1000 ut
814 945 983 1000 rebus
1015 942 1312 997 vilissimis
1343 942 1611 1011 superbia
1643 943 1993 996 domaretur.

413 1037 496 1092 16.
528 1035 732 1092 Omnia
762 1051 917 1107 ergo,
953 1035 1181 1094 fratres,
1214 1032 1404 1084 omnia
1436 1031 1676 1084 omnino
1713 1047 1815 1100 per
1859 1032 2041 1101 ipsum

337 1131 485 1196 facta
513 1131 663 1190 sunt,
694 1130 744 1179 et
773 1128 891 1178 sine
923 1125 1038 1191 ipso
1067 1125 1272 1191 factum
1306 1125 1380 1175 est
1411 1121 1574 1176 nihil.
1610 1122 1719 1176 Sed
1755 1124 2044 1190 quomodo

342 1233 437 1285 per
468 1217 661 1285 ipsum
697 1217 845 1269 facta
877 1217 1014 1267 sunt
1045 1212 1240 1266 omnia
1271 1212 1298 1265 ?
1331 1213 1479 1279 Quod
1499 1215 1707 1282 factum
1729 1220 1829 1278 est,
1853 1213 1914 1266 in
1947 1211 2045 1265 illo

338 1309 446 1358 vita
477 1310 581 1358 est.
618 1304 812 1358 Potest
837 1301 991 1356 enim
1018 1302 1032 1335 ¹
1059 1303 1142 1355 sic
1173 1300 1309 1367 dici,
1338 1302 1483 1368 Quod
1508 1304 1716 1370 factum
1745 1301 1898 1356 estin
1926 1302 2044 1367 illo,

339 1393 452 1446 vita
474 1400 588 1445 est:
621 1406 755 1460 ergo
783 1394 971 1445 totum
995 1390 1108 1444 vita
1130 1394 1237 1456 est,
1265 1390 1331 1459 sif
1352 1392 1432 1444 sic
1455 1390 2044 1459 pronuntiaverimus.

338 1479 486 1543 Quid
518 1479 675 1534 enim
709 1495 822 1532 non
857 1479 913 1533 in
946 1478 1044 1533 illo
1080 1479 1294 1533 factum
1319 1480 1452 1533 est?
1477 1482 1604 1550 lpse
1627 1487 1715 1534 est
1754 1480 1910 1534 enim
1943 1480 2049 1534 Sa-

341 1570 558 1639 pientia
591 1569 687 1623 Dei
716 1587 728 1635 ;
762 1573 817 1624 et
847 1568 1060 1624 dicitur
1092 1570 1146 1623 in
1174 1570 1421 1637 Psalmo,
1449 1571 1644 1625 Omnia
1676 1572 1736 1625 in
1761 1571 2048 1640 Sapientia

341 1661 523 1726 fecisti
543 1661 712 1726 (Psal.
731 1676 847 1725 cm,
874 1659 985 1728 24).
1003 1659 1058 1712 Si
1081 1674 1214 1729 ergo
1235 1658 1498 1714 Christus
1517 1660 1911 1730 estSapientia
1928 1661 2046 1727 Dei,

341 1753 397 1804 et
419 1749 680 1804 Psalmus
701 1748 861 1814 dicit,
878 1749 1073 1803 Omnia
1088 1750 1442 1819 inSapientia
1454 1751 1885 1815 fecisti;omnia
1899 1750 2052 1805 sicut

343 1855 446 1908 per
463 1837 628 1893 illum
661 1839 832 1906 facta,
867 1838 1018 1892 itain
1046 1838 1144 1892 illo
1181 1839 1327 1894 facta
1358 1845 1516 1895 sunt.
1542 1841 1601 1895 Si
1623 1856 1758 1911 ergo
1777 1841 1971 1896 omnia
1991 1839 2049 1894 in

343 1929 465 1996 illo,
500 1929 701 1984 fratres
733 1927 1084 1995 charissimi,
1111 1933 1166 1983 et
1196 1931 1348 2000 quod
1372 1929 1431 1985 in
1451 1930 1547 1984 illo
1567 1930 1782 1985 factum
1803 1935 1908 1996 est,
1932 1932 2052 1984 vita

347 2023 464 2085 est;
490 2034 626 2089 ergo
647 2023 704 2073 et
720 2022 872 2074 terra
893 2017 1012 2072 vita
1031 2021 1135 2087 est,
1159 2035 1295 2089 ergo
1317 2025 1371 2074 et
1394 2019 1748 2090 lignumvita
1771 2024 1872 2074 est.
1898 2020 2050 2075 Dici-

347 2123 480 2169 mus
511 2107 742 2176 quidem
761 2107 982 2177 lignum
1007 2107 1202 2172 vitam,
1223 2109 1320 2162 sed
1346 2110 1668 2163 secundum
1690 2108 2050 2163 intellectum

346 2197 569 2269 lignum
603 2198 813 2262 crucis,
851 2199 1002 2255 unde
1032 2199 1360 2267 accepimus
1401 2200 1596 2254 vitam.
1641 2199 1787 2269 Ergo
1819 2206 1874 2254 et
1906 2200 2051 2270 lapis

348 2290 465 2344 vita
495 2293 602 2344 est.
638 2289 1013 2344 Inhonestum
1061 2297 1144 2344 est
1192 2290 1276 2344 sic
1315 2290 1656 2359 intelligere,
1709 2307 1780 2345 ne
1822 2307 2049 2346 rursum

349 2378 520 2434 nobis
551 2379 827 2448 subrepat
855 2379 1056 2432 eadem
1092 2378 1498 2434 sordidissima
1526 2385 1678 2434 secta
1711 2381 2054 2436 Manichae-

349 2483 504 2533 rum,
536 2471 592 2522 et
622 2466 776 2522 dicat
796 2467 931 2538 quia
951 2467 1124 2523 habet
1141 2468 1314 2522 vitam
1339 2468 1508 2539 lapis,
1534 2475 1589 2524 et
1607 2469 1780 2523 habet
1801 2471 2052 2524 animam

351 2559 566 2630 paries,
597 2565 654 2615 et
676 2559 951 2614 resticula
984 2559 1154 2614 habet
1185 2563 1460 2625 animam,
1495 2568 1552 2616 et
1589 2561 1724 2616 lana
1757 2568 1810 2616 et
1854 2563 2052 2619 vestis.

351 2648 552 2703 Solent
598 2648 753 2704 enim
804 2647 1121 2702 delirantes
1154 2648 1365 2713 dicere,
1401 2654 1456 2704 et
1486 2666 1613 2705 cum
1649 2653 1898 2722 repressi
1935 2652 2052 2708 fue-

352 2739 468 2792 rint
499 2738 518 2770 ²
550 2740 604 2792 et
637 2737 1060 2807 repulsi,quasi
1095 2739 1165 2793 de
1189 2739 1502 2808 Scripturis
1535 2743 1830 2810 proferunt
1856 2743 2055 2798 dicen-

352 2831 440 2881 tes
475 2843 486 2880 :
523 2825 738 2897 thuid
773 2826 988 2881 dictum
1022 2834 1126 2897 est,
1155 2829 1306 2896 Quod
1334 2833 1538 2897 fartum
1574 2840 1650 2886 est
1685 2834 1744 2888 in
1781 2835 1901 2900 illo,
1945 2834 2056 2889 vita

351 2920 428 2970 est
457 2920 482 2970 .9
509 2917 564 2970 Si
598 2916 750 2971 enim
803 2917 999 2971 omnia
1049 2917 1104 2972 in
1156 2918 1280 2988 ipso
1314 2921 1461 2975 facta
1503 2927 1661 2991 sunt,
1715 2924 1911 2978 omnia
1943 2924 2057 2980 vita

354 3010 512 3061 sunt.
548 3005 673 3061 Non
706 3011 761 3061 te
794 3006 1080 3062 abducant
1111 3027 1130 3062 :
1163 3011 1475 3080 pronuntia
1511 3011 1614 3080 sic,
1651 3014 1799 3080 Quod
1838 3015 2058 3083 factum

351 3105 430 3152 est
460 3115 480 3162 ;
512 3097 605 3151 hic
635 3098 1064 3169 subdistingue,
1087 3104 1142 3153 et
1173 3100 1380 3156 deinde
1413 3101 1582 3172 infer,
1600 3104 1657 3158 in
1690 3105 1786 3160 illo
1815 3107 1923 3160 vita
1954 3112 2053 3163 est.

351 3186 502 3249 Quid
531 3190 620 3242 est
639 3186 747 3242 hoc
765 3187 791 3241 ?
823 3187 989 3242 Facta
1009 3192 1094 3243 est
1117 3193 1288 3256 terra,
1314 3191 1414 3246 sed
1443 3192 1564 3264 ipsa
1582 3197 1729 3248 terra
1752 3211 1877 3266 quae
1911 3198 2058 3252 facta

354 3280 458 3342 est,
481 3292 594 3332 non
617 3280 705 3332 est
727 3277 842 3331 vita
862 3292 874 3330 :
898 3281 983 3332 est
1003 3281 1195 3332 autem
1212 3279 1266 3333 in
1289 3279 1416 3350 ipsa
1435 3282 2058 3355 Sapientiaspirituali-

354 3371 442 3421 ter
471 3367 618 3422 ratio
649 3368 913 3438 quaedam
949 3385 1065 3440 qua
1096 3375 1248 3425 terra
1282 3371 1430 3426 facta
1462 3378 1549 3426 est
1583 3393 1596 3441 ;
1640 3373 1759 3429 haec
1801 3377 1918 3432 vita
1951 3386 2054 3432 est.

427 3459 513 3512 17.
548 3458 843 3522 Quomodo
877 3475 1137 3529 possum,
1171 3460 1359 3515 dicam
1393 3462 1668 3518 Charitati
1700 3470 1923 3521 vestra.
1959 3467 2058 3523 Fa-

356 3547 460 3604 ber
487 3549 623 3602 facit
652 3564 864 3604 arcam.
900 3550 1094 3604 Primo
1126 3550 1183 3604 in
1207 3557 1325 3605 arte
1356 3551 1525 3606 habet
1557 3571 1748 3610 arcam
1778 3571 1790 3608 :
1826 3556 1872 3611 si
1906 3560 2056 3614 enim

355 3638 414 3692 in
448 3642 571 3692 arte
602 3654 794 3693 arcam
830 3655 942 3693 non
990 3639 1249 3706 haberet,
1305 3643 1456 3695 unde
1503 3643 1661 3697 illam
1724 3645 2058 3704 fabricando

356 3727 638 3797 proferret
666 3727 692 3781 ?
719 3728 830 3782 Sed
865 3745 998 3782 arca
1022 3730 1102 3783 sic
1152 3735 1240 3784 est
1272 3731 1326 3784 in
1355 3741 1494 3797 arte,
1531 3738 1592 3787 ut
1629 3750 1738 3788 non
1774 3735 1898 3805 ipsa
1931 3753 2061 3792 arca

358 3813 433 3868 sit
464 3830 590 3884 quin
628 3815 858 3870 videtur
899 3817 1104 3872 oculis.
1164 3821 1224 3873 In
1281 3824 1401 3874 arte
1451 3821 1820 3879 invisibiliter
1859 3832 1966 3896 est,
2003 3829 2060 3885 in

359 3917 529 3972 opere
559 3902 862 3958 visibiliter
894 3905 1021 3958 erit.
1057 3906 1197 3961 Ecce
1229 3907 1379 3962 facta
1409 3915 1496 3963 est
1528 3911 1584 3966 in
1619 3928 1789 3982 opere
1823 3935 1835 3982 ;
1893 3935 2057 3973 num-

360 3993 500 4064 quid
523 3994 744 4048 destitit
772 4012 899 4049 esse
928 3997 986 4051 in
1020 4002 1142 4052 arte
1163 3998 1189 4052 ?
1221 3999 1280 4053 Et
1306 3999 1404 4053 illa
1424 4000 1479 4054 in
1513 4019 1684 4071 opere
1709 4005 1856 4061 facta
1879 4015 1985 4077 est,
2010 4016 2066 4066 et

359 4083 460 4138 illa
491 4090 687 4140 manet
719 4101 842 4154 quae
874 4086 931 4140 in
966 4092 1086 4142 arte
1107 4093 1196 4142 est
1230 4104 1242 4141 :
1278 4105 1410 4143 nam
1447 4097 1635 4159 potest
1668 4093 1762 4147 illa
1794 4113 1922 4151 arca
1957 4117 2062 4169 pu-

362 4181 631 4240 trescere,
655 4180 711 4230 et
740 4175 947 4230 iterum
981 4193 1046 4232 ex
1079 4177 1174 4231 illa
1207 4194 1329 4246 quae
1360 4179 1417 4234 in
1451 4184 1571 4235 arte
1603 4188 1714 4250 est,
1750 4186 1861 4241 alia
1896 4190 2068 4245 fabri-

363 4264 500 4320 cari.
530 4266 815 4321 Attendite
843 4283 979 4338 ergo
1002 4283 1192 4322 arcam
1227 4268 1284 4322 in
1309 4272 1447 4336 arte,
1482 4274 1536 4324 et
1559 4287 1750 4328 arcam
1785 4275 1840 4329 in
1875 4295 2065 4350 Opere.

360 4357 504 4410 Area
537 4355 592 4409 in
623 4372 794 4428 opere
827 4373 938 4412 non
964 4357 1210 4425 estvita,
1244 4375 1376 4413 arca
1401 4360 1456 4414 in
1487 4365 1608 4417 arte
1639 4362 1753 4418 vita
1783 4371 1907 4436 est;
1933 4373 2068 4441 quia

361 4444 496 4500 vivit
527 4446 727 4502 anima
756 4447 1021 4513 artiﬁcis,
1056 4447 1151 4501 ubi
1187 4454 1326 4503 sunt
1365 4449 1478 4504 ista
1523 4453 1718 4508 omnia
1749 4462 2063 4530 antequam

361 4535 747 4603 proferantur.
771 4536 863 4591 Sic
885 4552 1043 4608 ergo,
1070 4537 1274 4593 fratres
1298 4539 1648 4610 charissimi,
1672 4545 1810 4615 quia
1830 4551 2067 4619 Sapien-

367 4624 446 4676 tia
481 4624 596 4689 Dei,
633 4642 930 4696 perquam
967 4627 1116 4682 facta
1138 4633 1275 4684 sunt
1297 4629 1510 4697 omnia,
1538 4635 1854 4691 secundum
1889 4647 2065 4695 artem

367 4713 624 4768 continet
653 4715 870 4784 omnia,
903 4721 1207 4787 antequam
1240 4718 1484 4774 fabricet
1513 4724 1706 4778 omnia
1738 4746 1751 4793 ;
1789 4725 1922 4784 hinc
1945 4745 2068 4800 quae

366 4802 517 4857 fiunt
548 4818 646 4872 per
683 4803 866 4873 ipsam
902 4811 1108 4872 artem,
1162 4825 1272 4862 non
1320 4811 1596 4867 continuo
1629 4816 1740 4869 vita
1773 4823 1932 4885 sunt,
1967 4823 2064 4876 sed

366 4891 648 4963 quidquid
682 4894 896 4949 factum
929 4901 1031 4963 est,
1065 4896 1180 4952 vita
1210 4897 1266 4953 in
1301 4899 1399 4955 illo
1449 4907 1555 4956 est.
1597 4905 1828 4961 Terram
1861 4907 2015 4964 vides
2049 4932 2062 4979 ;

365 4985 453 5036 est
483 4982 540 5037 in
576 4990 697 5038 arte
729 4990 917 5039 terra:
953 4985 1158 5041 cmlum
1193 4987 1391 5058 vides;
1445 4997 1531 5047 est
1563 4993 1620 5048 in
1655 5000 1775 5051 arte
1806 4998 2012 5054 coelum
2049 5017 2062 5056 :

365 5072 547 5127 solem
584 5080 635 5128 et
669 5073 866 5128 lunam
900 5073 1061 5130 vides
1094 5095 1107 5142 ;
1143 5083 1276 5132 sunt
1305 5085 1360 5134 et
1385 5079 1497 5136 ista
1524 5082 1579 5137 in
1613 5092 1769 5139 arte:
1805 5088 1901 5142 sed
1930 5088 2067 5143 foris

365 5176 607 5233 corpora
639 5169 798 5227 sunt,
831 5163 889 5219 in
924 5170 1046 5220 arte
1079 5166 1194 5220 vita
1224 5173 1380 5223 sunt.
1417 5171 1636 5240 Videte,
1674 5175 1723 5228 si
1755 5193 1865 5245 quo
1900 5179 2067 5233 modo

369 5254 655 5323 potestis;
709 5271 924 5326 magna
960 5256 1113 5312 enim
1166 5272 1256 5312 res
1302 5259 1498 5316 dicta:
1551 5267 1608 5316 et
1663 5265 1711 5318 si
1767 5282 1881 5321 non
1914 5285 1946 5322 a
1978 5286 2068 5324 me

368 5355 604 5408 magno,
638 5349 736 5398 aut
767 5361 879 5399 non
917 5363 1014 5416 per
1066 5364 1156 5401 me
1207 5365 1505 5415 magnum,
1540 5357 1734 5407 tamen
1770 5372 1800 5408 a
1833 5373 2062 5424 magno.

367 5425 492 5480 Non
525 5429 678 5483 enim
712 5449 744 5485 a
776 5451 866 5489 me
896 5437 1134 5505 parvulo
1168 5439 1314 5493 dicta
1342 5447 1474 5493 sunt
1515 5442 1634 5496 haec
1659 5459 1672 5496 :
1701 5444 1800 5497 sed
1834 5424 2065 5502 illernon

431 5631 885 5704 {Sieomnesf‘tiss
907 5643 956 5685 et
975 5641 1300 5704 antiquiores
1315 5646 1533 5698 editi.At
1548 5649 1693 5697 Lov.:
1714 5649 2065 5704 Polestetiam.

431 5695 452 5730 ²
482 5696 697 5762 Aliquot
733 5700 875 5756 Mss,
908 5704 953 5749 et
985 5695 1428 5768 cum'reprehensi
1450 5695 1682 5771 ﬁsi-im.

1273 358 1350 417 IN
1395 356 1719 417 JOANNIS
1763 351 2303 414 EVANGELIUM.
2353 355 2417 414 S.
2468 354 2892 416 AUGUSTINI

3706 360 3861 422 1388

2149 493 2238 544 est
2269 489 2546 560 parvulus
2579 492 2646 544 ad
2672 507 2846 562 quem
2871 491 3138 563 respicio,
3165 495 3228 546 ut
3250 491 3458 548 dicam.
3483 494 3685 566 Capiet
3707 498 3865 568 quis-

2151 594 2261 648 que
2295 586 2353 632 ut
2378 584 2583 648 potest,
2616 579 2674 635 in
2707 585 2986 649 quantum
3025 585 3249 653 potest:
3285 587 3342 636 et
3373 583 3469 653 qui
3504 600 3616 640 non
3651 593 3864 658 potest,

2150 672 2372 724 nutriat
2403 687 2521 737 cor,
2557 672 2837 742 utpossit.
2863 671 3024 726 Unde
3051 673 3270 728 nutriat
3293 672 3319 729 “i
3345 675 3420 729 De
3441 673 3586 730 lacte
3615 678 3862 745 nutriat,

2150 763 2214 813 ut
2246 761 2314 813 ad
2349 759 2541 815 cibum
2596 763 2915 832 perveniat.
2948 762 2993 815 A
3035 760 3263 818 Christo
3305 780 3406 834 per
3447 781 3684 820 carnem
3729 773 3865 824 nato

2153 865 2267 902 non
2320 850 2567 918 recedat,
2604 851 2786 904 donec
2839 851 3138 921 perveniat
3187 852 3258 906 ad
3308 852 3600 908 Christum
3647 854 3718 910 ab
3753 871 3865 912 uno

2154 939 2321 992 Patre
2353 944 2578 1005 natum,
2611 939 2869 994 Verbum
2905 939 3087 995 Deum
3121 942 3273 1013 apud
3307 941 3514 1011 Deum,
3565 961 3666 1015 per
3706 946 3864 1015 quod

2156 1027 2307 1081 facta
2337 1033 2474 1082 sunt
2505 1033 2701 1084 omnia
2736 1045 2748 1083 :
2789 1030 2926 1100 quia
2973 1029 3072 1084 illa
3109 1031 3229 1086 vita
3261 1036 3368 1098 est,
3402 1050 3525 1102 quae
3558 1033 3616 1088 in
3650 1034 3748 1090 illo
3777 1040 3868 1090 est

2154 1115 2252 1170 lux
2287 1117 2591 1172 hominum
2630 1120 2669 1172 ¹.

2230 1208 2313 1261 18.
2349 1207 2465 1263 Hoc
2496 1209 2648 1263 enim
2681 1210 2966 1279 sequitur,
3003 1211 3061 1262 Et
3096 1211 3210 1265 vita
3249 1221 3367 1292 erat
3401 1213 3500 1268 lux
3522 1212 3812 1270 hominum
3846 1232 3865 1277 ;

2157 1304 2209 1350 et
2241 1313 2308 1350 ex
2360 1300 2481 1367 ipsa
2531 1298 2643 1352 vita
2697 1299 2962 1354 homines
3016 1299 3443 1357 illuminantur.
3492 1305 3705 1360 Pecora
3751 1323 3866 1361 non

2162 1384 2586 1456 illuminantur,
2613 1389 2750 1457 quia
2774 1405 2980 1458 pecora
3003 1406 3115 1443 non
3149 1389 3363 1445 habent
3386 1392 3692 1448 rationales
3711 1410 3867 1450 men-

2157 1477 2245 1528 tes
2295 1491 2418 1542 quas
2467 1476 2696 1545 possint
2740 1477 2928 1531 videre
2995 1477 3361 1544 sapientiam.
3435 1480 3616 1536 Homo
3676 1492 3867 1538 autem

2161 1562 2346 1616 factus
2368 1567 2455 1616 est
2476 1563 2544 1616 ad
2571 1562 2885 1634 imaginem
2913 1564 3034 1632 Dei,
3057 1564 3588 1622 habetrationalem
3617 1578 3869 1626 mentem

2162 1669 2264 1724 per
2293 1670 2468 1723 quam
2505 1654 2688 1722 possit
2720 1654 3016 1724 percipere
3048 1656 3417 1725 sapientiam.
3442 1657 3591 1729 Ergo
3623 1658 3722 1714 illa
3752 1661 3872 1714 vita

2161 1759 2263 1812 per
2293 1758 2466 1812 quam
2499 1742 2650 1797 facta
2681 1748 2818 1797 sunt
2848 1744 3062 1812 omnia,
3099 1744 3228 1815 ipsa
3257 1746 3374 1800 vita
3395 1745 3493 1801 lux
3518 1751 3644 1803 est:
3680 1754 3735 1803 et
3761 1766 3871 1805 non

2161 1847 2526 1902 quorumque
2544 1832 2911 1898 animalium,
2929 1835 3027 1888 sed
3053 1832 3148 1888 lux
3165 1834 3497 1891 hominum.
3513 1836 3676 1892 Unde
3697 1838 3871 1909 paulo

2161 1925 2291 1990 post
2323 1920 2480 1988 dicit,
2512 1923 2648 1975 Erat
2695 1923 2880 1978 lumen
2914 1939 3127 1990 verum,
3170 1923 3308 1995 quod
3341 1925 3628 1982 illuminat
3657 1943 3872 1982 omnem

2161 2011 2436 2066 hominem
2469 2013 2774 2066 venientem
2805 2014 2860 2066 in
2907 2012 3054 2067 hunc
3084 2013 3369 2068 mundum.
3399 2014 3481 2070 Ab
3517 2015 3615 2070 illo
3649 2016 3872 2072 lumine

2161 2100 2528 2156 illuminatus
2577 2105 2664 2155 est
2708 2101 2965 2158 Joannes
3006 2103 3307 2173 Baptista;
3361 2107 3431 2159 ab
3487 2105 3610 2176 ipso
3661 2112 3717 2161 et
3745 2107 3871 2178 ipse

2162 2193 2418 2248 Joannes
2449 2191 2825 2260 evangelista.
2861 2191 2940 2245 Ex
2975 2194 3097 2261 ipso
3133 2192 3348 2247 lumine
3382 2194 3585 2264 plenus
3617 2207 3740 2250 erat
3768 2195 3870 2266 qui

2163 2280 2306 2336 dixit
2339 2297 2351 2334 :
2399 2281 2512 2334 Non
2543 2297 2665 2334 sum
2713 2297 2806 2351 ego
2840 2282 3082 2336 Christus
3115 2301 3132 2346 ;
3172 2282 3265 2336 sed
3298 2284 3395 2353 qui
3429 2291 3546 2353 post
3580 2300 3666 2338 me
3695 2286 3866 2349 venit,

2160 2372 2310 2439 cuius
2343 2387 2448 2425 non
2479 2386 2602 2424 sum
2633 2386 2730 2437 ego
2754 2372 2950 2440 dignus
2972 2372 3272 2440 corrigiam
3293 2372 3646 2428 calceamenli
3666 2375 3872 2430 solvere

2165 2461 2339 2532 (Joun.
2378 2477 2413 2524 ι,
2445 2460 2500 2525 9,
2534 2461 2627 2524 20,
2659 2459 2773 2528 27).
2810 2460 2895 2515 Ab
2942 2460 3038 2515 illo
3088 2460 3311 2516 lumine
3350 2461 3719 2517 illuminatus
3750 2469 3875 2519 erat

2165 2550 2264 2621 qui
2311 2550 2476 2618 dixit,
2511 2552 2571 2604 In
2612 2550 2890 2620 principio
2939 2560 3059 2606 erat
3112 2552 3354 2618 Verbum,
3399 2559 3450 2606 et
3503 2553 3726 2608 Verbum
3756 2561 3874 2610 erat

2165 2640 2312 2710 apud
2344 2641 2539 2708 Deum,
2582 2644 2632 2695 et
2663 2641 2800 2695 Deus
2833 2650 2949 2696 erat
2986 2642 3230 2696 Verbum.
3272 2643 3437 2712 Ergo,
3491 2641 3591 2698 illa
3637 2644 3751 2699 vita
3781 2643 3876 2699 lux

2168 2737 2256 2786 est
2290 2731 2613 2788 hominum.

2242 2820 2326 2874 19.
2360 2819 2469 2874 Sed
2500 2820 2640 2874 forte
2671 2819 2852 2876 stulta
2883 2822 3055 2877 corda
3087 2821 3276 2877 adhuc
3330 2838 3533 2894 capere
3566 2823 3738 2879 istam
3769 2825 3871 2880 lu-

2167 2926 2290 2965 cem
2326 2927 2439 2965 non
2473 2915 2738 2980 possunt,
2773 2911 2905 2980 quia
2938 2911 3185 2980 peccatis
3218 2912 3341 2966 suis
3373 2918 3777 2984 aggravantur,
3811 2919 3877 2970 ut

2167 3017 2293 3056 eam
2328 2999 2520 3055 videre
2552 3015 2666 3054 non
2702 3001 2946 3070 possint.
2971 3001 3094 3056 Non
3119 3001 3244 3056 ideo
3269 3003 3522 3073 cogitent
3544 3004 3713 3074 quasi
3746 3004 3880 3060 abs-

2168 3095 2360 3146 entem
2407 3106 2535 3145 esse
2582 3089 2796 3157 lucem,
2843 3090 2979 3160 quia
3025 3107 3150 3146 eam
3194 3091 3388 3147 videre
3439 3109 3554 3148 non
3587 3100 3878 3164 possunt:

2169 3181 2278 3251 ipsi
2326 3182 2477 3236 enim
2523 3187 2757 3252 prepter
2807 3186 3039 3252 peccata
3092 3183 3343 3237 tenebrae
3375 3191 3530 3237 sunt.
3575 3185 3638 3238 Et
3689 3185 3788 3239 lux
3816 3186 3878 3239 in

2169 3271 2408 3326 tenebris
2439 3271 2598 3338 lucet,
2645 3275 2694 3324 et
2740 3271 2976 3326 tenebrae
3023 3287 3143 3325 eam
3173 3287 3282 3326 non
3324 3273 3876 3342 comprehenderunt.

2171 3361 2336 3431 Ergo,
2373 3361 2597 3428 fratres,
2630 3362 2920 3432 quomodo
2961 3361 3135 3415 homo
3170 3361 3393 3431 positus
3427 3363 3485 3416 in
3518 3364 3638 3418 sole
3668 3379 3876 3431 caecus,

2171 3468 2417 3524 praesens
2440 3455 2527 3506 est
2553 3451 2636 3506 illi
2663 3451 2768 3520 sol,
2796 3452 2891 3506 sed
2921 3451 3043 3522 ipse
3067 3450 3171 3506 soli
3196 3452 3407 3507 absens
3431 3460 3550 3521 est;
3582 3452 3665 3508 sic
3687 3454 3879 3509 omnis

2171 3548 2408 3616 stultus,
2428 3549 2617 3602 omnis
2639 3547 3106 3618 iniquus,omnis
3128 3548 3363 3618 impius,
3379 3565 3563 3604 caseus
3583 3552 3877 3606 estcorde.

2173 3637 2433 3692 Praesens
2464 3642 2552 3692 est
2583 3637 2886 3708 sapientia,
2938 3637 3037 3691 sed
3085 3653 3220 3692 cum
3271 3654 3416 3693 caeco
3470 3655 3726 3708 praesens
3767 3644 3879 3706 est,

2171 3728 2354 3783 oculis
2386 3729 2510 3796 ejus
2542 3729 2753 3782 absens
2785 3733 2873 3782 est
2901 3744 2913 3781 :
2949 3745 3062 3782 non
3094 3728 3232 3798 quia
3264 3727 3392 3799 ipsa
3422 3727 3506 3783 illi
3539 3729 3749 3784 absens
3773 3734 3879 3797 est,

2171 3819 2268 3874 sed
2306 3819 2440 3889 quia
2463 3819 2588 3889 ipse
2620 3819 2688 3872 ab
2712 3817 2812 3872 illa
2833 3818 3042 3872 absens
3061 3823 3167 3873 est.
3194 3818 3340 3882 Quid
3375 3834 3508 3888 ergo
3535 3820 3705 3874 faciat
3726 3819 3832 3874 iste
3854 3818 3881 3874 “ii

2176 3907 2416 3962 Mundet
2449 3908 2599 3962 unde
2642 3909 2821 3978 possit
2870 3907 3044 3962 videri
3101 3908 3264 3961 Deus.
3312 3908 3611 3972 Quomodo
3656 3909 3704 3963 si
3747 3923 3880 3978 pro-

2177 4003 2370 4068 pterea
2401 3997 2594 4053 videre
2644 4015 2757 4052 non
2793 4001 3005 4069 posset,
3062 3998 3197 4066 quia
3247 3997 3512 4052 sordidos
3553 4002 3608 4052 et
3649 3997 3884 4052 saucios

2178 4087 2375 4143 oculos
2409 4087 2668 4154 haberet,
2705 4089 2958 4144 irruente
2979 4087 3209 4159 pulvere
3239 4087 3324 4143 vel
3357 4088 3568 4159 pituita
3589 4089 3678 4144 vel
3699 4089 3885 4154 fumo,

2179 4180 2397 4235 diceret
2439 4179 2526 4234 illi
2583 4181 2842 4236 medicus
2877 4198 2888 4235 :
2941 4181 3125 4250 Purga
3155 4180 3223 4235 de
3255 4179 3420 4236 oculo
3451 4185 3551 4236 tuo
3596 4180 3885 4252 quidquid

2181 4269 2315 4324 mali
2350 4273 2456 4336 est,
2494 4275 2556 4324 ut
2603 4270 2791 4341 possis
2841 4270 3034 4325 videre
3083 4270 3265 4325 lucem
3298 4269 3596 4325 oculorum
3630 4279 3887 4328 tuorum.

2180 4357 2396 4425 Pulvis,
2434 4359 2656 4430 pituita.
2717 4359 2936 4426 fumus,
2971 4368 3204 4428 peccata
3244 4364 3300 4413 et
3332 4360 3669 4430 iniquitates
3701 4366 3835 4414 sunt
3869 4381 3883 4428 ;

2179 4448 2314 4503 tolle
2339 4448 2473 4503 inde
2501 4448 2612 4503 ista
2643 4449 2859 4516 amnia,
2884 4453 2939 4502 et
2969 4448 3194 4504 videbis
3217 4448 3570 4518 sapientiam
3598 4464 3719 4520 quae
3743 4465 3884 4518 pra:-

2180 4555 2316 4594 sens
2355 4544 2443 4593 est
2475 4554 2486 4592 :
2523 4538 2661 4608 quia
2692 4537 2844 4592 Deus
2894 4541 2982 4591 est
3035 4537 3162 4608 ipsa
3207 4537 3531 4608 sapientia;
3580 4545 3634 4593 et
3665 4538 3887 4594 dictum

2180 4632 2288 4696 est,
2323 4630 2477 4684 Beati
2505 4629 2719 4683 mundo
2763 4627 2940 4696 corde,
2991 4630 3252 4698 quoniam
3283 4629 3394 4700 ipsi
3424 4630 3595 4683 Deum
3624 4626 3886 4683 videbunt

2179 4722 2394 4791 (Malm
2425 4737 2480 4784 ν’
2511 4720 2585 4788 8)’
2769 4789 3180 4847 TRACTATUS
3223 4791 3289 4846 η.

2180 4883 2254 4936 De
2287 4897 2345 4937 eo
2375 4881 2518 4950 quod
2547 4883 2813 4953 scriptum
2844 4889 2946 4948 est,
2980 4880 3104 4936 Fuit
3135 4881 3309 4936 homo
3334 4879 3548 4935 missus
3577 4896 3610 4935 a
3630 4879 3766 4947 Deo,
3793 4879 3889 4934 cui

2250 4987 2460 5027 nomen
2511 4975 2635 5027 erat
2687 4971 2966 5037 Joannes,
3014 4978 3139 5035 etc.,
3189 4985 3357 5040 usque
3411 4969 3480 5024 ad
3512 4969 3586 5035 id,
3647 4967 3885 5039 plenum

2249 5062 2448 5133 gratis:
2480 5066 2537 5116 et
2565 5061 2844 5116 veritatis.
2883 5061 3010 5129 Cap.
3048 5064 3096 5123 1,
3131 5061 3186 5128 Ῡ.
3219 5059 3375 5114 6-14.

2253 5155 2300 5204 1.
2337 5151 2559 5206 Bonum
2594 5155 2700 5214 est,
2737 5150 2962 5217 fratres,
2996 5153 3058 5202 ut
3098 5154 3319 5204 textum
3364 5147 3694 5203 divinarum
3726 5147 3888 5202 Scri-

2181 5245 2500 5311 pturarum,
2535 5247 2590 5294 et
2640 5239 2891 5294 maxime
2924 5239 3110 5293 sancti
3161 5237 3480 5308 Evangelii,
3530 5237 3758 5291 nullum
3795 5236 3888 5290 lo-

2179 5347 2308 5386 cum
2342 5331 2847 5401 prastermitteutes
2879 5334 3318 5400 pertractemus,
3351 5333 3414 5384 ut
3445 5343 3754 5399 possumus
3785 5344 3800 5392 ;
3834 5331 3895 5380 et

2181 5437 2279 5491 pro
2314 5427 2510 5477 nostra
2531 5421 2852 5491 capacitate
2874 5429 3265 5492 pascamur,et
3288 5420 3694 5474 ministremus
3723 5415 3894 5471 vobis

2180 5511 2332 5566 unde
2362 5516 2418 5566 et
2451 5529 2556 5568 nos
2587 5512 2905 5583 pascimur.
2939 5511 3264 5582 Capitulum
3302 5510 3554 5581 primum
3599 5505 3893 5577 praeterito

2232 5656 2256 5763 lt
2288 5651 2418 5702 Tres
2453 5653 2596 5710 Mss,
2630 5655 2750 5716 quia
2775 5655 2875 5705 illa
2906 5657 3012 5705 vita
3041 5667 3150 5717 qum
3181 5653 3237 5702 in
3272 5652 3360 5701 illo
3383 5653 3471 5712 est,
3496 5651 3587 5700 lux
3621 5649 3890 5700 hominum

2178 5729 2266 5764 εει.
