  <div class='ocr_page' id='page_1' title='image "/cluster/home/n/w/nwhite01/storage/ocr_20150623/35/hvd.32044054170956/044.png"; bbox 0 0 4164 6192; ppageno 0'>
   <div class='ocr_carea' id='block_1_1' title="bbox 283 311 435 374">
    <p class='ocr_par' dir='ltr' id='par_1_1' title="bbox 283 311 435 374">
     <span class='ocr_line' id='line_1_1' title="bbox 283 311 435 374; baseline -0.033 1"><span class='ocrx_word' id='word_1_1' title='bbox 283 311 435 374; x_wconf 84' lang='grc'><strong>1389</strong></span> 
     </span>
    </p>
   </div>
   <div class='ocr_carea' id='block_1_2' title="bbox 277 439 1988 507">
    <p class='ocr_par' dir='ltr' id='par_1_2' title="bbox 277 439 1988 507">
     <span class='ocr_line' id='line_1_2' title="bbox 277 439 1988 507; baseline -0.004 -5"><span class='ocrx_word' id='word_1_2' title='bbox 277 448 363 502; x_wconf 88' lang='lat' dir='ltr'><strong>die</strong></span> <span class='ocrx_word' id='word_1_3' title='bbox 393 443 687 501; x_wconf 90' lang='lat' dir='ltr'><strong>dominico</strong></span> <span class='ocrx_word' id='word_1_4' title='bbox 716 443 1027 497; x_wconf 87' lang='lat' dir='ltr'><strong>tractatum</strong></span> <span class='ocrx_word' id='word_1_5' title='bbox 1059 454 1184 494; x_wconf 84' lang='lat' dir='ltr'><strong>esse</strong></span> <span class='ocrx_word' id='word_1_6' title='bbox 1215 439 1617 507; x_wconf 81' lang='lat' dir='ltr'><strong>meminimus,</strong></span> <span class='ocrx_word' id='word_1_7' title='bbox 1641 442 1695 496; x_wconf 91' lang='lat' dir='ltr'>id</span> <span class='ocrx_word' id='word_1_8' title='bbox 1722 445 1826 505; x_wconf 89' lang='lat' dir='ltr'><strong>est,</strong></span> <span class='ocrx_word' id='word_1_9' title='bbox 1861 462 1888 489; x_wconf 90' lang='grc'><strong>‹‹</strong></span> <span class='ocrx_word' id='word_1_10' title='bbox 1927 443 1988 497; x_wconf 91' lang='lat' dir='ltr'><strong>In</strong></span> 
     </span>
    </p>
   </div>
   <div class='ocr_carea' id='block_1_3' title="bbox 277 530 1985 608">
    <p class='ocr_par' dir='ltr' id='par_1_3' title="bbox 277 530 1985 608">
     <span class='ocr_line' id='line_1_3' title="bbox 277 530 1985 608; baseline -0.002 -18"><span class='ocrx_word' id='word_1_11' title='bbox 277 536 559 608; x_wconf 87' lang='lat' dir='ltr'><strong>principio</strong></span> <span class='ocrx_word' id='word_1_12' title='bbox 591 538 714 589; x_wconf 90' lang='lat' dir='ltr'><strong>erat</strong></span> <span class='ocrx_word' id='word_1_13' title='bbox 742 531 1020 597; x_wconf 87' lang='lat' dir='ltr'><strong>Verbum,</strong></span> <span class='ocrx_word' id='word_1_14' title='bbox 1054 535 1110 585; x_wconf 90' lang='lat' dir='ltr'><strong>et</strong></span> <span class='ocrx_word' id='word_1_15' title='bbox 1148 530 1395 585; x_wconf 84' lang='lat' dir='ltr'><strong>Verbum</strong></span> <span class='ocrx_word' id='word_1_16' title='bbox 1448 537 1570 586; x_wconf 89' lang='lat' dir='ltr'><strong>erat</strong></span> <span class='ocrx_word' id='word_1_17' title='bbox 1599 532 1753 602; x_wconf 90' lang='lat' dir='ltr'><strong>apud</strong></span> <span class='ocrx_word' id='word_1_18' title='bbox 1783 532 1985 600; x_wconf 89' lang='lat' dir='ltr'><strong>Deum,</strong></span> 
     </span>
    </p>
   </div>
   <div class='ocr_carea' id='block_1_4' title="bbox 276 622 1985 695">
    <p class='ocr_par' dir='ltr' id='par_1_4' title="bbox 276 622 1985 695">
     <span class='ocr_line' id='line_1_4' title="bbox 276 622 1985 695; baseline -0.004 -12"><span class='ocrx_word' id='word_1_19' title='bbox 276 634 325 683; x_wconf 85' lang='lat' dir='ltr'><strong>et</strong></span> <span class='ocrx_word' id='word_1_20' title='bbox 364 627 519 683; x_wconf 85' lang='lat' dir='ltr'><strong>Deus</strong></span> <span class='ocrx_word' id='word_1_21' title='bbox 570 631 695 681; x_wconf 90' lang='lat' dir='ltr'><strong>erat</strong></span> <span class='ocrx_word' id='word_1_22' title='bbox 752 626 1005 679; x_wconf 86' lang='lat' dir='ltr'><strong>Verbum</strong></span> <span class='ocrx_word' id='word_1_23' title='bbox 1041 641 1055 679; x_wconf 94' lang='lat'>:</span> <span class='ocrx_word' id='word_1_24' title='bbox 1099 622 1204 678; x_wconf 91' lang='lat' dir='ltr'><strong>hoc</strong></span> <span class='ocrx_word' id='word_1_25' title='bbox 1254 629 1377 679; x_wconf 89' lang='lat' dir='ltr'><strong>erat</strong></span> <span class='ocrx_word' id='word_1_26' title='bbox 1433 623 1492 678; x_wconf 90' lang='lat' dir='ltr'><strong>in</strong></span> <span class='ocrx_word' id='word_1_27' title='bbox 1518 622 1803 695; x_wconf 88' lang='lat' dir='ltr'><strong>principio</strong></span> <span class='ocrx_word' id='word_1_28' title='bbox 1835 624 1985 693; x_wconf 85' lang='lat' dir='ltr'><strong>apud</strong></span> 
     </span>
    </p>
   </div>
   <div class='ocr_carea' id='block_1_5' title="bbox 274 713 1988 786">
    <p class='ocr_par' dir='ltr' id='par_1_5' title="bbox 274 713 1988 786">
     <span class='ocr_line' id='line_1_5' title="bbox 274 713 1988 786; baseline -0.004 -13"><span class='ocrx_word' id='word_1_29' title='bbox 274 718 477 773; x_wconf 89' lang='lat' dir='ltr'><strong>Deum.</strong></span> <span class='ocrx_word' id='word_1_30' title='bbox 510 717 721 772; x_wconf 83' lang='lat' dir='ltr'><strong>Omnia</strong></span> <span class='ocrx_word' id='word_1_31' title='bbox 774 732 877 786; x_wconf 88' lang='lat' dir='ltr'><strong>per</strong></span> <span class='ocrx_word' id='word_1_32' title='bbox 927 714 1122 784; x_wconf 90' lang='lat' dir='ltr'><strong>ipsum</strong></span> <span class='ocrx_word' id='word_1_33' title='bbox 1157 714 1303 769; x_wconf 81' lang='lat' dir='ltr'><strong>facta</strong></span> <span class='ocrx_word' id='word_1_34' title='bbox 1332 718 1487 780; x_wconf 91' lang='lat' dir='ltr'><strong>sunt,</strong></span> <span class='ocrx_word' id='word_1_35' title='bbox 1520 718 1576 767; x_wconf 92' lang='lat' dir='ltr'><strong>et</strong></span> <span class='ocrx_word' id='word_1_36' title='bbox 1597 713 1725 768; x_wconf 88' lang='lat' dir='ltr'><strong>sine</strong></span> <span class='ocrx_word' id='word_1_37' title='bbox 1746 713 1870 784; x_wconf 91' lang='lat' dir='ltr'><strong>ipso</strong></span> <span class='ocrx_word' id='word_1_38' title='bbox 1904 715 1988 767; x_wconf 80' lang='lat' dir='ltr'><strong>fa-</strong></span> 
     </span>
    </p>
   </div>
   <div class='ocr_carea' id='block_1_6' title="bbox 274 801 1988 870">
    <p class='ocr_par' dir='ltr' id='par_1_6' title="bbox 274 801 1988 870">
     <span class='ocr_line' id='line_1_6' title="bbox 274 801 1988 870; baseline -0.004 -8"><span class='ocrx_word' id='word_1_39' title='bbox 274 812 425 862; x_wconf 89' lang='lat' dir='ltr'><strong>ctum</strong></span> <span class='ocrx_word' id='word_1_40' title='bbox 460 811 551 861; x_wconf 84' lang='lat' dir='ltr'><strong>est</strong></span> <span class='ocrx_word' id='word_1_41' title='bbox 582 803 747 860; x_wconf 85' lang='lat' dir='ltr'><strong>nihil.</strong></span> <span class='ocrx_word' id='word_1_42' title='bbox 783 804 944 870; x_wconf 90' lang='lat' dir='ltr'>Quod</span> <span class='ocrx_word' id='word_1_43' title='bbox 970 804 1189 857; x_wconf 87' lang='lat' dir='ltr'><strong>factum</strong></span> <span class='ocrx_word' id='word_1_44' title='bbox 1231 809 1339 868; x_wconf 86' lang='lat' dir='ltr'><strong>est,</strong></span> <span class='ocrx_word' id='word_1_45' title='bbox 1373 804 1430 857; x_wconf 92' lang='lat' dir='ltr'><strong>in</strong></span> <span class='ocrx_word' id='word_1_46' title='bbox 1478 801 1579 858; x_wconf 92' lang='lat' dir='ltr'><strong>illo</strong></span> <span class='ocrx_word' id='word_1_47' title='bbox 1623 804 1744 857; x_wconf 88' lang='lat' dir='ltr'><strong>vita</strong></span> <span class='ocrx_word' id='word_1_48' title='bbox 1774 808 1902 868; x_wconf 87' lang='lat' dir='ltr'><strong>est;</strong></span> <span class='ocrx_word' id='word_1_49' title='bbox 1934 809 1988 856; x_wconf 89' lang='lat' dir='ltr'><strong>et</strong></span> 
     </span>
    </p>
   </div>
   <div class='ocr_carea' id='block_1_7' title="bbox 271 891 2001 960">
    <p class='ocr_par' dir='ltr' id='par_1_7' title="bbox 271 891 2001 960">
     <span class='ocr_line' id='line_1_7' title="bbox 271 891 2001 960; baseline -0.002 -10"><span class='ocrx_word' id='word_1_50' title='bbox 271 897 383 951; x_wconf 85' lang='lat' dir='ltr'><strong>vita</strong></span> <span class='ocrx_word' id='word_1_51' title='bbox 430 900 551 950; x_wconf 88' lang='lat' dir='ltr'><strong>erat</strong></span> <span class='ocrx_word' id='word_1_52' title='bbox 605 896 702 949; x_wconf 82' lang='lat' dir='ltr'><strong>lux</strong></span> <span class='ocrx_word' id='word_1_53' title='bbox 748 894 1053 948; x_wconf 87' lang='lat' dir='ltr'><strong>hominum</strong></span> <span class='ocrx_word' id='word_1_54' title='bbox 1090 912 1103 960; x_wconf 86' lang='lat'><strong>;</strong></span> <span class='ocrx_word' id='word_1_55' title='bbox 1137 898 1193 947; x_wconf 91' lang='lat' dir='ltr'><strong>et</strong></span> <span class='ocrx_word' id='word_1_56' title='bbox 1218 892 1310 947; x_wconf 88' lang='lat' dir='ltr'><strong>lux</strong></span> <span class='ocrx_word' id='word_1_57' title='bbox 1353 893 1409 947; x_wconf 93' lang='lat' dir='ltr'><strong>in</strong></span> <span class='ocrx_word' id='word_1_58' title='bbox 1440 893 1693 947; x_wconf 79' lang='lat' dir='ltr'><strong>tenebris</strong></span> <span class='ocrx_word' id='word_1_59' title='bbox 1727 891 1899 959; x_wconf 87' lang='lat' dir='ltr'><strong>lucet,</strong></span> <span class='ocrx_word' id='word_1_60' title='bbox 1931 894 2001 947; x_wconf 86' lang='lat' dir='ltr'><strong>et.</strong></span> 
     </span>
    </p>
   </div>
   <div class='ocr_carea' id='block_1_8' title="bbox 269 982 1985 1053">
    <p class='ocr_par' dir='ltr' id='par_1_8' title="bbox 269 982 1985 1053">
     <span class='ocr_line' id='line_1_8' title="bbox 269 982 1985 1053; baseline -0.003 -12"><span class='ocrx_word' id='word_1_61' title='bbox 269 987 525 1041; x_wconf 76' lang='lat' dir='ltr'><strong>tenebrae</strong></span> <span class='ocrx_word' id='word_1_62' title='bbox 582 1000 709 1040; x_wconf 90' lang='lat' dir='ltr'><strong>eam</strong></span> <span class='ocrx_word' id='word_1_63' title='bbox 761 1000 875 1038; x_wconf 90' lang='lat' dir='ltr'><strong>non</strong></span> <span class='ocrx_word' id='word_1_64' title='bbox 935 982 1523 1053; x_wconf 87' lang='lat' dir='ltr'><strong>comprehenderunt.</strong></span> <span class='ocrx_word' id='word_1_65' title='bbox 1560 1003 1588 1031; x_wconf 83' lang='lat'>»</span> <span class='ocrx_word' id='word_1_66' title='bbox 1620 985 1745 1035; x_wconf 83' lang='lat' dir='ltr'><strong>Huc</strong></span> <span class='ocrx_word' id='word_1_67' title='bbox 1801 997 1985 1052; x_wconf 91' lang='lat' dir='ltr'><strong>usque</strong></span> 
     </span>
    </p>
   </div>
   <div class='ocr_carea' id='block_1_9' title="bbox 270 1071 1987 1141">
    <p class='ocr_par' dir='ltr' id='par_1_9' title="bbox 270 1071 1987 1141">
     <span class='ocr_line' id='line_1_9' title="bbox 270 1071 1987 1141; baseline -0.003 -11"><span class='ocrx_word' id='word_1_68' title='bbox 270 1080 592 1130; x_wconf 77' lang='lat' dir='ltr'><strong>tractatum</strong></span> <span class='ocrx_word' id='word_1_69' title='bbox 646 1089 769 1128; x_wconf 83' lang='lat' dir='ltr'><strong>esse</strong></span> <span class='ocrx_word' id='word_1_70' title='bbox 828 1072 1029 1127; x_wconf 84' lang='lat' dir='ltr'><strong>credo:</strong></span> <span class='ocrx_word' id='word_1_71' title='bbox 1088 1072 1473 1125; x_wconf 81' lang='lat' dir='ltr'><strong>recordamini</strong></span> <span class='ocrx_word' id='word_1_72' title='bbox 1521 1087 1724 1125; x_wconf 89' lang='lat' dir='ltr'><strong>omnes</strong></span> <span class='ocrx_word' id='word_1_73' title='bbox 1755 1071 1855 1141; x_wconf 89' lang='lat' dir='ltr'><strong>qui</strong></span> <span class='ocrx_word' id='word_1_74' title='bbox 1888 1071 1987 1124; x_wconf 82' lang='lat' dir='ltr'><strong>sd-</strong></span> 
     </span>
    </p>
   </div>
   <div class='ocr_carea' id='block_1_10' title="bbox 271 1162 1983 1235">
    <p class='ocr_par' dir='ltr' id='par_1_10' title="bbox 271 1162 1983 1235">
     <span class='ocr_line' id='line_1_10' title="bbox 271 1162 1983 1235; baseline -0.004 -14"><span class='ocrx_word' id='word_1_75' title='bbox 271 1166 501 1234; x_wconf 78' lang='lat' dir='ltr'><strong>fuistis;</strong></span> <span class='ocrx_word' id='word_1_76' title='bbox 538 1171 593 1219; x_wconf 88' lang='lat' dir='ltr'><strong>et</strong></span> <span class='ocrx_word' id='word_1_77' title='bbox 640 1165 741 1235; x_wconf 88' lang='lat' dir='ltr'><strong>qui</strong></span> <span class='ocrx_word' id='word_1_78' title='bbox 786 1180 900 1218; x_wconf 91' lang='lat' dir='ltr'><strong>non</strong></span> <span class='ocrx_word' id='word_1_79' title='bbox 952 1162 1245 1230; x_wconf 73' lang='lat' dir='ltr'><strong>adfuistis,</strong></span> <span class='ocrx_word' id='word_1_80' title='bbox 1293 1162 1509 1218; x_wconf 84' lang='lat' dir='ltr'><strong>credite</strong></span> <span class='ocrx_word' id='word_1_81' title='bbox 1570 1162 1760 1227; x_wconf 90' lang='lat' dir='ltr'><strong>nobis,</strong></span> <span class='ocrx_word' id='word_1_82' title='bbox 1807 1166 1863 1216; x_wconf 90' lang='lat' dir='ltr'><strong>et</strong></span> <span class='ocrx_word' id='word_1_83' title='bbox 1896 1162 1983 1216; x_wconf 89' lang='lat' dir='ltr'><strong>his</strong></span> 
     </span>
    </p>
   </div>
   <div class='ocr_carea' id='block_1_11' title="bbox 274 1253 1988 1328">
    <p class='ocr_par' dir='ltr' id='par_1_11' title="bbox 274 1253 1988 1328">
     <span class='ocr_line' id='line_1_11' title="bbox 274 1253 1988 1328; baseline -0.004 -17"><span class='ocrx_word' id='word_1_84' title='bbox 274 1259 369 1328; x_wconf 86' lang='lat' dir='ltr'><strong>qui</strong></span> <span class='ocrx_word' id='word_1_85' title='bbox 404 1258 609 1311; x_wconf 79' lang='lat' dir='ltr'><strong>adesse</strong></span> <span class='ocrx_word' id='word_1_86' title='bbox 636 1256 959 1310; x_wconf 83' lang='lat' dir='ltr'><strong>voluerunt.</strong></span> <span class='ocrx_word' id='word_1_87' title='bbox 992 1253 1155 1310; x_wconf 79' lang='lat' dir='ltr'><strong>Nunc</strong></span> <span class='ocrx_word' id='word_1_88' title='bbox 1202 1268 1337 1324; x_wconf 83' lang='lat' dir='ltr'><strong>ergo</strong></span> <span class='ocrx_word' id='word_1_89' title='bbox 1362 1254 1501 1323; x_wconf 91' lang='lat' dir='ltr'><strong>quia</strong></span> <span class='ocrx_word' id='word_1_90' title='bbox 1532 1269 1644 1307; x_wconf 87' lang='lat' dir='ltr'><strong>non</strong></span> <span class='ocrx_word' id='word_1_91' title='bbox 1672 1268 1988 1323; x_wconf 87' lang='lat' dir='ltr'><strong>possumus</strong></span> 
     </span>
    </p>
   </div>
   <div class='ocr_carea' id='block_1_12' title="bbox 274 1341 1990 1418">
    <p class='ocr_par' dir='ltr' id='par_1_12' title="bbox 274 1341 1990 1418">
     <span class='ocr_line' id='line_1_12' title="bbox 274 1341 1990 1418; baseline -0.005 -15"><span class='ocrx_word' id='word_1_92' title='bbox 274 1363 507 1418; x_wconf 81' lang='lat' dir='ltr'><strong>semper</strong></span> <span class='ocrx_word' id='word_1_93' title='bbox 537 1344 733 1400; x_wconf 82' lang='lat' dir='ltr'><strong>omnia</strong></span> <span class='ocrx_word' id='word_1_94' title='bbox 774 1344 1073 1415; x_wconf 87' lang='lat' dir='ltr'><strong>replicare,</strong></span> <span class='ocrx_word' id='word_1_95' title='bbox 1120 1349 1356 1414; x_wconf 75' lang='lat' dir='ltr'><strong>propter</strong></span> <span class='ocrx_word' id='word_1_96' title='bbox 1388 1361 1484 1399; x_wconf 91' lang='lat' dir='ltr'><strong>eos</strong></span> <span class='ocrx_word' id='word_1_97' title='bbox 1516 1343 1617 1414; x_wconf 88' lang='lat' dir='ltr'><strong>qui</strong></span> <span class='ocrx_word' id='word_1_98' title='bbox 1653 1342 1757 1398; x_wconf 81' lang='lat' dir='ltr'><strong>hoc</strong></span> <span class='ocrx_word' id='word_1_99' title='bbox 1786 1341 1990 1396; x_wconf 90' lang='lat' dir='ltr'><strong>volunt</strong></span> 
     </span>
    </p>
   </div>
   <div class='ocr_carea' id='block_1_13' title="bbox 272 1431 1991 1503">
    <p class='ocr_par' dir='ltr' id='par_1_13' title="bbox 272 1431 1991 1503">
     <span class='ocr_line' id='line_1_13' title="bbox 272 1431 1991 1503; baseline -0.005 -13"><span class='ocrx_word' id='word_1_100' title='bbox 272 1436 478 1491; x_wconf 83' lang='lat' dir='ltr'><strong>audire</strong></span> <span class='ocrx_word' id='word_1_101' title='bbox 510 1434 663 1502; x_wconf 83' lang='lat' dir='ltr'><strong>quod</strong></span> <span class='ocrx_word' id='word_1_102' title='bbox 697 1433 981 1503; x_wconf 83' lang='lat' dir='ltr'><strong>sequitur,</strong></span> <span class='ocrx_word' id='word_1_103' title='bbox 1028 1436 1081 1487; x_wconf 86' lang='lat' dir='ltr'><strong>et</strong></span> <span class='ocrx_word' id='word_1_104' title='bbox 1113 1432 1271 1487; x_wconf 86' lang='lat' dir='ltr'><strong>oneri</strong></span> <span class='ocrx_word' id='word_1_105' title='bbox 1313 1436 1400 1487; x_wconf 87' lang='lat' dir='ltr'><strong>est</strong></span> <span class='ocrx_word' id='word_1_106' title='bbox 1430 1431 1543 1486; x_wconf 84' lang='lat' dir='ltr'><strong>illis</strong></span> <span class='ocrx_word' id='word_1_107' title='bbox 1573 1431 1621 1485; x_wconf 87' lang='lat' dir='ltr'><strong>si</strong></span> <span class='ocrx_word' id='word_1_108' title='bbox 1655 1435 1991 1502; x_wconf 77' lang='lat' dir='ltr'><strong>repetantur</strong></span> 
     </span>
    </p>
   </div>
   <div class='ocr_carea' id='block_1_14' title="bbox 278 1521 1993 1597">
    <p class='ocr_par' dir='ltr' id='par_1_14' title="bbox 278 1521 1993 1597">
     <span class='ocr_line' id='line_1_14' title="bbox 278 1521 1993 1597; baseline -0.006 -17"><span class='ocrx_word' id='word_1_109' title='bbox 278 1526 470 1597; x_wconf 85' lang='lat' dir='ltr'><strong>priora</strong></span> <span class='ocrx_word' id='word_1_110' title='bbox 502 1541 632 1580; x_wconf 89' lang='lat' dir='ltr'><strong>cum</strong></span> <span class='ocrx_word' id='word_1_111' title='bbox 667 1523 1104 1578; x_wconf 78' lang='lat' dir='ltr'><strong>deiraudatione</strong></span> <span class='ocrx_word' id='word_1_112' title='bbox 1137 1523 1524 1592; x_wconf 87' lang='lat' dir='ltr'><strong>posteriorum</strong></span> <span class='ocrx_word' id='word_1_113' title='bbox 1562 1539 1574 1587; x_wconf 90' lang='lat'><strong>;</strong></span> <span class='ocrx_word' id='word_1_114' title='bbox 1602 1521 1913 1589; x_wconf 73' lang='lat' dir='ltr'><strong>dignentur</strong></span> <span class='ocrx_word' id='word_1_115' title='bbox 1934 1522 1993 1572; x_wconf 86' lang='lat' dir='ltr'><strong>et</strong></span> 
     </span>
    </p>
   </div>
   <div class='ocr_carea' id='block_1_15' title="bbox 274 1608 1989 1687">
    <p class='ocr_par' dir='ltr' id='par_1_15' title="bbox 274 1608 1989 1687">
     <span class='ocr_line' id='line_1_15' title="bbox 274 1608 1989 1687; baseline -0.004 -17"><span class='ocrx_word' id='word_1_116' title='bbox 274 1616 371 1687; x_wconf 88' lang='lat' dir='ltr'><strong>qui</strong></span> <span class='ocrx_word' id='word_1_117' title='bbox 407 1632 523 1670; x_wconf 90' lang='lat' dir='ltr'><strong>non</strong></span> <span class='ocrx_word' id='word_1_118' title='bbox 561 1615 803 1670; x_wconf 87' lang='lat' dir='ltr'><strong>aderant</strong></span> <span class='ocrx_word' id='word_1_119' title='bbox 834 1630 947 1668; x_wconf 90' lang='lat' dir='ltr'><strong>non</strong></span> <span class='ocrx_word' id='word_1_120' title='bbox 984 1612 1272 1683; x_wconf 75' lang='lat' dir='ltr'><strong>praeterita</strong></span> <span class='ocrx_word' id='word_1_121' title='bbox 1329 1612 1574 1681; x_wconf 76' lang='lat' dir='ltr'><strong>exigere,</strong></span> <span class='ocrx_word' id='word_1_122' title='bbox 1599 1613 1696 1665; x_wconf 81' lang='lat' dir='ltr'><strong>sed</strong></span> <span class='ocrx_word' id='word_1_123' title='bbox 1732 1626 1864 1664; x_wconf 89' lang='lat' dir='ltr'><strong>cum</strong></span> <span class='ocrx_word' id='word_1_124' title='bbox 1898 1608 1989 1664; x_wconf 88' lang='lat' dir='ltr'><strong>his</strong></span> 
     </span>
    </p>
   </div>
   <div class='ocr_carea' id='block_1_16' title="bbox 273 1690 1497 1778">
    <p class='ocr_par' dir='ltr' id='par_1_16' title="bbox 273 1690 1497 1778">
     <span class='ocr_line' id='line_1_16' title="bbox 273 1690 1497 1778; baseline -0.003 -17"><span class='ocrx_word' id='word_1_125' title='bbox 273 1707 364 1778; x_wconf 88' lang='lat' dir='ltr'><strong>qui</strong></span> <span class='ocrx_word' id='word_1_126' title='bbox 388 1706 637 1761; x_wconf 88' lang='lat' dir='ltr'><strong>aderant</strong></span> <span class='ocrx_word' id='word_1_127' title='bbox 666 1714 718 1760; x_wconf 90' lang='lat' dir='ltr'><strong>et</strong></span> <span class='ocrx_word' id='word_1_128' title='bbox 752 1720 902 1757; x_wconf 90' lang='lat' dir='ltr'><strong>nunc</strong></span> <span class='ocrx_word' id='word_1_129' title='bbox 935 1702 1135 1757; x_wconf 88' lang='lat' dir='ltr'><strong>audire</strong></span> <span class='ocrx_word' id='word_1_130' title='bbox 1166 1690 1497 1771; x_wconf 68' lang='lat' dir='ltr'><strong>praesentia.</strong></span> 
     </span>
    </p>
   </div>
   <div class='ocr_carea' id='block_1_17' title="bbox 337 1791 1989 1867">
    <p class='ocr_par' dir='ltr' id='par_1_17' title="bbox 337 1791 1989 1867">
     <span class='ocr_line' id='line_1_17' title="bbox 337 1791 1989 1867; baseline -0.004 -17"><span class='ocrx_word' id='word_1_131' title='bbox 337 1800 391 1850; x_wconf 85' lang='lat'><strong>2.</strong></span> <span class='ocrx_word' id='word_1_132' title='bbox 427 1794 719 1867; x_wconf 82' lang='lat' dir='ltr'><strong>Sequitur,</strong></span> <span class='ocrx_word' id='word_1_133' title='bbox 769 1795 887 1848; x_wconf 82' lang='lat' dir='ltr'><strong>Fuit</strong></span> <span class='ocrx_word' id='word_1_134' title='bbox 932 1793 1090 1847; x_wconf 87' lang='lat' dir='ltr'><strong>homo</strong></span> <span class='ocrx_word' id='word_1_135' title='bbox 1138 1791 1339 1846; x_wconf 82' lang='lat' dir='ltr'><strong>missus</strong></span> <span class='ocrx_word' id='word_1_136' title='bbox 1388 1808 1421 1846; x_wconf 88' lang='lat' dir='ltr'><strong>a</strong></span> <span class='ocrx_word' id='word_1_137' title='bbox 1462 1792 1590 1859; x_wconf 88' lang='lat' dir='ltr'><strong>Deo,</strong></span> <span class='ocrx_word' id='word_1_138' title='bbox 1649 1792 1739 1845; x_wconf 84' lang='lat' dir='ltr'><strong>cui</strong></span> <span class='ocrx_word' id='word_1_139' title='bbox 1794 1805 1989 1844; x_wconf 84' lang='lat' dir='ltr'><strong>nomen</strong></span> 
     </span>
    </p>
   </div>
   <div class='ocr_carea' id='block_1_18' title="bbox 270 1878 1991 1951">
    <p class='ocr_par' dir='ltr' id='par_1_18' title="bbox 270 1878 1991 1951">
     <span class='ocr_line' id='line_1_18' title="bbox 270 1878 1991 1951; baseline -0.005 -10"><span class='ocrx_word' id='word_1_140' title='bbox 270 1890 385 1942; x_wconf 84' lang='lat' dir='ltr'><strong>erat</strong></span> <span class='ocrx_word' id='word_1_141' title='bbox 412 1886 673 1940; x_wconf 83' lang='lat' dir='ltr'><strong>Joannes.</strong></span> <span class='ocrx_word' id='word_1_142' title='bbox 710 1881 929 1937; x_wconf 84' lang='lat' dir='ltr'><strong>Etenim</strong></span> <span class='ocrx_word' id='word_1_143' title='bbox 963 1897 1028 1937; x_wconf 89' lang='lat' dir='ltr'><strong>ea</strong></span> <span class='ocrx_word' id='word_1_144' title='bbox 1056 1898 1179 1951; x_wconf 65' lang='lat' dir='ltr'><strong>qua</strong></span> <span class='ocrx_word' id='word_1_145' title='bbox 1210 1882 1361 1935; x_wconf 88' lang='lat' dir='ltr'><strong>dicta</strong></span> <span class='ocrx_word' id='word_1_146' title='bbox 1388 1886 1521 1935; x_wconf 88' lang='lat' dir='ltr'><strong>sunt</strong></span> <span class='ocrx_word' id='word_1_147' title='bbox 1551 1879 1846 1951; x_wconf 77' lang='lat' dir='ltr'><strong>snperius,</strong></span> <span class='ocrx_word' id='word_1_148' title='bbox 1876 1878 1991 1933; x_wconf 84' lang='lat' dir='ltr'><strong>fra—</strong></span> 
     </span>
    </p>
   </div>
   <div class='ocr_carea' id='block_1_19' title="bbox 271 1970 1988 2043">
    <p class='ocr_par' dir='ltr' id='par_1_19' title="bbox 271 1970 1988 2043">
     <span class='ocr_line' id='line_1_19' title="bbox 271 1970 1988 2043; baseline -0.005 -12"><span class='ocrx_word' id='word_1_149' title='bbox 271 1981 385 2031; x_wconf 83' lang='lat' dir='ltr'><strong>tres</strong></span> <span class='ocrx_word' id='word_1_150' title='bbox 412 1973 768 2043; x_wconf 86' lang='lat' dir='ltr'><strong>charissimi,</strong></span> <span class='ocrx_word' id='word_1_151' title='bbox 792 1972 862 2027; x_wconf 89' lang='lat' dir='ltr'><strong>de</strong></span> <span class='ocrx_word' id='word_1_152' title='bbox 892 1972 1191 2026; x_wconf 83' lang='lat' dir='ltr'><strong>divinitate</strong></span> <span class='ocrx_word' id='word_1_153' title='bbox 1212 1970 1428 2026; x_wconf 85' lang='lat' dir='ltr'><strong>Christi</strong></span> <span class='ocrx_word' id='word_1_154' title='bbox 1450 1970 1603 2025; x_wconf 90' lang='lat' dir='ltr'><strong>dicta</strong></span> <span class='ocrx_word' id='word_1_155' title='bbox 1625 1975 1763 2024; x_wconf 89' lang='lat' dir='ltr'><strong>sunt</strong></span> <span class='ocrx_word' id='word_1_156' title='bbox 1789 1970 1988 2023; x_wconf 73' lang='lat' dir='ltr'><strong>inetia—</strong></span> 
     </span>
    </p>
   </div>
   <div class='ocr_carea' id='block_1_20' title="bbox 272 2062 1993 2137">
    <p class='ocr_par' dir='ltr' id='par_1_20' title="bbox 272 2062 1993 2137">
     <span class='ocr_line' id='line_1_20' title="bbox 272 2062 1993 2137; baseline -0.005 -16"><span class='ocrx_word' id='word_1_157' title='bbox 272 2066 397 2128; x_wconf 88' lang='lat' dir='ltr'><strong>bili,</strong></span> <span class='ocrx_word' id='word_1_158' title='bbox 433 2072 489 2121; x_wconf 88' lang='lat' dir='ltr'><strong>et</strong></span> <span class='ocrx_word' id='word_1_159' title='bbox 522 2080 698 2137; x_wconf 85' lang='lat' dir='ltr'><strong>prope</strong></span> <span class='ocrx_word' id='word_1_160' title='bbox 725 2063 1110 2119; x_wconf 76' lang='lat' dir='ltr'><strong>ineliabiliter.</strong></span> <span class='ocrx_word' id='word_1_161' title='bbox 1148 2064 1287 2129; x_wconf 86' lang='lat' dir='ltr'><strong>Quis</strong></span> <span class='ocrx_word' id='word_1_162' title='bbox 1318 2062 1475 2117; x_wconf 88' lang='lat' dir='ltr'><strong>enim</strong></span> <span class='ocrx_word' id='word_1_163' title='bbox 1504 2062 1710 2132; x_wconf 87' lang='lat' dir='ltr'><strong>capict,</strong></span> <span class='ocrx_word' id='word_1_164' title='bbox 1746 2064 1806 2115; x_wconf 84' lang='lat' dir='ltr'><strong>In</strong></span> <span class='ocrx_word' id='word_1_165' title='bbox 1827 2062 1993 2130; x_wconf 83' lang='lat' dir='ltr'><strong>prin-</strong></span> 
     </span>
    </p>
   </div>
   <div class='ocr_carea' id='block_1_21' title="bbox 270 2151 1992 2226">
    <p class='ocr_par' dir='ltr' id='par_1_21' title="bbox 270 2151 1992 2226">
     <span class='ocr_line' id='line_1_21' title="bbox 270 2151 1992 2226; baseline -0.004 -16"><span class='ocrx_word' id='word_1_166' title='bbox 270 2158 412 2226; x_wconf 83' lang='lat' dir='ltr'><strong>cipio</strong></span> <span class='ocrx_word' id='word_1_167' title='bbox 443 2160 567 2210; x_wconf 86' lang='lat' dir='ltr'><strong>erat</strong></span> <span class='ocrx_word' id='word_1_168' title='bbox 622 2155 871 2219; x_wconf 84' lang='lat' dir='ltr'><strong>Verbum,</strong></span> <span class='ocrx_word' id='word_1_169' title='bbox 900 2160 949 2208; x_wconf 89' lang='lat' dir='ltr'><strong>et</strong></span> <span class='ocrx_word' id='word_1_170' title='bbox 986 2154 1214 2208; x_wconf 84' lang='lat' dir='ltr'><strong>Verbum</strong></span> <span class='ocrx_word' id='word_1_171' title='bbox 1244 2162 1361 2208; x_wconf 89' lang='lat' dir='ltr'><strong>erat</strong></span> <span class='ocrx_word' id='word_1_172' title='bbox 1409 2151 1555 2223; x_wconf 86' lang='lat' dir='ltr'><strong>apud</strong></span> <span class='ocrx_word' id='word_1_173' title='bbox 1586 2152 1751 2207; x_wconf 81' lang='lat' dir='ltr'><strong>Deum</strong></span> <span class='ocrx_word' id='word_1_174' title='bbox 1781 2151 1890 2205; x_wconf 84' lang='lat' dir='ltr'><strong>?Et</strong></span> <span class='ocrx_word' id='word_1_175' title='bbox 1922 2165 1992 2203; x_wconf 91' lang='lat' dir='ltr'><strong>ne</strong></span> 
     </span>
    </p>
   </div>
   <div class='ocr_carea' id='block_1_22' title="bbox 267 2241 1993 2312">
    <p class='ocr_par' dir='ltr' id='par_1_22' title="bbox 267 2241 1993 2312">
     <span class='ocr_line' id='line_1_22' title="bbox 267 2241 1993 2312; baseline -0.003 -13"><span class='ocrx_word' id='word_1_176' title='bbox 267 2246 514 2301; x_wconf 88' lang='lat' dir='ltr'><strong>vilescat</strong></span> <span class='ocrx_word' id='word_1_177' title='bbox 542 2245 644 2299; x_wconf 85' lang='lat' dir='ltr'><strong>tibi</strong></span> <span class='ocrx_word' id='word_1_178' title='bbox 670 2260 877 2299; x_wconf 87' lang='lat' dir='ltr'><strong>nomen</strong></span> <span class='ocrx_word' id='word_1_179' title='bbox 912 2242 1105 2311; x_wconf 87' lang='lat' dir='ltr'><strong>Verbi,</strong></span> <span class='ocrx_word' id='word_1_180' title='bbox 1137 2259 1238 2312; x_wconf 91' lang='lat' dir='ltr'><strong>per</strong></span> <span class='ocrx_word' id='word_1_181' title='bbox 1267 2242 1750 2297; x_wconf 86' lang='lat' dir='ltr'><strong>consuetudinem</strong></span> <span class='ocrx_word' id='word_1_182' title='bbox 1802 2241 1993 2311; x_wconf 90' lang='lat' dir='ltr'><strong>quoti-</strong></span> 
     </span>
    </p>
   </div>
   <div class='ocr_carea' id='block_1_23' title="bbox 268 2322 1994 2398">
    <p class='ocr_par' dir='ltr' id='par_1_23' title="bbox 268 2322 1994 2398">
     <span class='ocr_line' id='line_1_23' title="bbox 268 2322 1994 2398; baseline -0.005 -6"><span class='ocrx_word' id='word_1_183' title='bbox 268 2322 585 2392; x_wconf 85' lang='lat' dir='ltr'><strong>dianorum</strong></span> <span class='ocrx_word' id='word_1_184' title='bbox 619 2333 947 2398; x_wconf 88' lang='lat' dir='ltr'><strong>verborum,</strong></span> <span class='ocrx_word' id='word_1_185' title='bbox 981 2332 1043 2385; x_wconf 81' lang='grc' dir='ltr'>ει</span> <span class='ocrx_word' id='word_1_186' title='bbox 1090 2333 1229 2387; x_wconf 82' lang='lat' dir='ltr'><strong>Deus</strong></span> <span class='ocrx_word' id='word_1_187' title='bbox 1274 2334 1390 2387; x_wconf 84' lang='lat' dir='ltr'><strong>erat</strong></span> <span class='ocrx_word' id='word_1_188' title='bbox 1426 2331 1671 2386; x_wconf 76' lang='lat' dir='ltr'><strong>Verbum.</strong></span> <span class='ocrx_word' id='word_1_189' title='bbox 1707 2331 1821 2384; x_wconf 79' lang='lat' dir='ltr'><strong>Hoc</strong></span> <span class='ocrx_word' id='word_1_190' title='bbox 1852 2329 1994 2385; x_wconf 88' lang='lat' dir='ltr'><strong>Ver-</strong></span> 
     </span>
    </p>
   </div>
   <div class='ocr_carea' id='block_1_24' title="bbox 269 2419 1993 2491">
    <p class='ocr_par' dir='ltr' id='par_1_24' title="bbox 269 2419 1993 2491">
     <span class='ocr_line' id='line_1_24' title="bbox 269 2419 1993 2491; baseline -0.003 -12"><span class='ocrx_word' id='word_1_191' title='bbox 269 2428 413 2480; x_wconf 90' lang='lat' dir='ltr'><strong>bum</strong></span> <span class='ocrx_word' id='word_1_192' title='bbox 450 2425 701 2491; x_wconf 88' lang='lat' dir='ltr'><strong>idipsum</strong></span> <span class='ocrx_word' id='word_1_193' title='bbox 739 2426 847 2486; x_wconf 89' lang='lat' dir='ltr'><strong>est,</strong></span> <span class='ocrx_word' id='word_1_194' title='bbox 900 2421 1054 2475; x_wconf 90' lang='lat' dir='ltr'><strong>unde</strong></span> <span class='ocrx_word' id='word_1_195' title='bbox 1088 2420 1353 2475; x_wconf 89' lang='lat' dir='ltr'><strong>hesterno</strong></span> <span class='ocrx_word' id='word_1_196' title='bbox 1381 2419 1473 2475; x_wconf 90' lang='lat' dir='ltr'><strong>die</strong></span> <span class='ocrx_word' id='word_1_197' title='bbox 1520 2419 1772 2475; x_wconf 91' lang='lat' dir='ltr'><strong>multum</strong></span> <span class='ocrx_word' id='word_1_198' title='bbox 1814 2419 1993 2474; x_wconf 89' lang='lat' dir='ltr'><strong>locuti</strong></span> 
     </span>
    </p>
   </div>
   <div class='ocr_carea' id='block_1_25' title="bbox 268 2508 1985 2582">
    <p class='ocr_par' dir='ltr' id='par_1_25' title="bbox 268 2508 1985 2582">
     <span class='ocr_line' id='line_1_25' title="bbox 268 2508 1985 2582; baseline -0.005 -11"><span class='ocrx_word' id='word_1_199' title='bbox 268 2530 529 2571; x_wconf 80' lang='lat' dir='ltr'><strong>sumus:</strong></span> <span class='ocrx_word' id='word_1_200' title='bbox 564 2518 618 2568; x_wconf 90' lang='lat' dir='ltr'><strong>et</strong></span> <span class='ocrx_word' id='word_1_201' title='bbox 666 2510 990 2582; x_wconf 66' lang='lat' dir='ltr'><strong>praestiterit</strong></span> <span class='ocrx_word' id='word_1_202' title='bbox 1040 2510 1342 2576; x_wconf 87' lang='lat' dir='ltr'><strong>Dominus,</strong></span> <span class='ocrx_word' id='word_1_203' title='bbox 1386 2513 1449 2563; x_wconf 90' lang='lat' dir='ltr'><strong>ut</strong></span> <span class='ocrx_word' id='word_1_204' title='bbox 1485 2509 1572 2564; x_wconf 89' lang='lat' dir='ltr'><strong>vel</strong></span> <span class='ocrx_word' id='word_1_205' title='bbox 1624 2514 1851 2563; x_wconf 90' lang='lat' dir='ltr'><strong>tantum</strong></span> <span class='ocrx_word' id='word_1_206' title='bbox 1903 2508 1985 2563; x_wconf 92' lang='lat' dir='ltr'><strong>lo-</strong></span> 
     </span>
    </p>
   </div>
   <div class='ocr_carea' id='block_1_26' title="bbox 270 2599 1989 2677">
    <p class='ocr_par' dir='ltr' id='par_1_26' title="bbox 270 2599 1989 2677">
     <span class='ocr_line' id='line_1_26' title="bbox 270 2599 1989 2677; baseline -0.003 -18"><span class='ocrx_word' id='word_1_207' title='bbox 270 2604 508 2677; x_wconf 89' lang='lat' dir='ltr'><strong>quendo</strong></span> <span class='ocrx_word' id='word_1_208' title='bbox 568 2600 783 2673; x_wconf 88' lang='lat' dir='ltr'><strong>aliquid</strong></span> <span class='ocrx_word' id='word_1_209' title='bbox 842 2601 911 2654; x_wconf 86' lang='lat' dir='ltr'><strong>ad</strong></span> <span class='ocrx_word' id='word_1_210' title='bbox 954 2600 1130 2655; x_wconf 91' lang='lat' dir='ltr'><strong>corda</strong></span> <span class='ocrx_word' id='word_1_211' title='bbox 1178 2605 1367 2654; x_wconf 88' lang='lat' dir='ltr'><strong>vestra</strong></span> <span class='ocrx_word' id='word_1_212' title='bbox 1419 2599 1882 2670; x_wconf 85' lang='lat' dir='ltr'><strong>perduxerimus.</strong></span> <span class='ocrx_word' id='word_1_213' title='bbox 1928 2599 1989 2653; x_wconf 88' lang='lat' dir='ltr'><strong>In</strong></span> 
     </span>
    </p>
   </div>
   <div class='ocr_carea' id='block_1_27' title="bbox 267 2688 1985 2767">
    <p class='ocr_par' dir='ltr' id='par_1_27' title="bbox 267 2688 1985 2767">
     <span class='ocr_line' id='line_1_27' title="bbox 267 2688 1985 2767; baseline -0.004 -18"><span class='ocrx_word' id='word_1_214' title='bbox 267 2691 531 2767; x_wconf 80' lang='lat' dir='ltr'><strong>principo</strong></span> <span class='ocrx_word' id='word_1_215' title='bbox 559 2695 674 2747; x_wconf 87' lang='lat' dir='ltr'><strong>erat</strong></span> <span class='ocrx_word' id='word_1_216' title='bbox 712 2690 973 2745; x_wconf 85' lang='lat' dir='ltr'><strong>Verbum.</strong></span> <span class='ocrx_word' id='word_1_217' title='bbox 1002 2688 1261 2759; x_wconf 90' lang='lat' dir='ltr'><strong>ldipsum</strong></span> <span class='ocrx_word' id='word_1_218' title='bbox 1304 2694 1411 2754; x_wconf 90' lang='lat' dir='ltr'><strong>est,</strong></span> <span class='ocrx_word' id='word_1_219' title='bbox 1444 2689 1643 2744; x_wconf 88' lang='lat' dir='ltr'><strong>eodem</strong></span> <span class='ocrx_word' id='word_1_220' title='bbox 1678 2690 1848 2744; x_wconf 92' lang='lat' dir='ltr'><strong>modo</strong></span> <span class='ocrx_word' id='word_1_221' title='bbox 1870 2693 1985 2756; x_wconf 87' lang='lat' dir='ltr'><strong>est;</strong></span> 
     </span>
    </p>
   </div>
   <div class='ocr_carea' id='block_1_28' title="bbox 269 2776 1991 2850">
    <p class='ocr_par' dir='ltr' id='par_1_28' title="bbox 269 2776 1991 2850">
     <span class='ocr_line' id='line_1_28' title="bbox 269 2776 1991 2850; baseline -0.005 -10"><span class='ocrx_word' id='word_1_222' title='bbox 269 2785 426 2840; x_wconf 88' lang='lat' dir='ltr'><strong>sicut</strong></span> <span class='ocrx_word' id='word_1_223' title='bbox 486 2786 594 2848; x_wconf 86' lang='lat' dir='ltr'><strong>est,</strong></span> <span class='ocrx_word' id='word_1_224' title='bbox 629 2796 861 2850; x_wconf 84' lang='lat' dir='ltr'><strong>semper</strong></span> <span class='ocrx_word' id='word_1_225' title='bbox 900 2782 982 2835; x_wconf 89' lang='lat' dir='ltr'><strong>sic</strong></span> <span class='ocrx_word' id='word_1_226' title='bbox 1027 2783 1149 2833; x_wconf 88' lang='lat' dir='ltr'><strong>est:</strong></span> <span class='ocrx_word' id='word_1_227' title='bbox 1198 2778 1409 2833; x_wconf 86' lang='lat' dir='ltr'><strong>mutari</strong></span> <span class='ocrx_word' id='word_1_228' title='bbox 1458 2795 1569 2833; x_wconf 92' lang='lat' dir='ltr'><strong>non</strong></span> <span class='ocrx_word' id='word_1_229' title='bbox 1616 2783 1847 2850; x_wconf 90' lang='lat' dir='ltr'><strong>potest:</strong></span> <span class='ocrx_word' id='word_1_230' title='bbox 1882 2776 1991 2832; x_wconf 90' lang='lat' dir='ltr'><strong>hoc</strong></span> 
     </span>
    </p>
   </div>
   <div class='ocr_carea' id='block_1_29' title="bbox 272 2867 1987 2937">
    <p class='ocr_par' dir='ltr' id='par_1_29' title="bbox 272 2867 1987 2937">
     <span class='ocr_line' id='line_1_29' title="bbox 272 2867 1987 2937; baseline -0.005 -9"><span class='ocrx_word' id='word_1_231' title='bbox 272 2878 362 2928; x_wconf 83' lang='lat' dir='ltr'><strong>est</strong></span> <span class='ocrx_word' id='word_1_232' title='bbox 394 2877 488 2927; x_wconf 90' lang='lat' dir='ltr'><strong>est</strong></span> <span class='ocrx_word' id='word_1_233' title='bbox 517 2869 560 2925; x_wconf 71' lang='grc' dir='ltr'><strong>ί.</strong></span> <span class='ocrx_word' id='word_1_234' title='bbox 593 2871 748 2937; x_wconf 86' lang='lat' dir='ltr'><strong>Quod</strong></span> <span class='ocrx_word' id='word_1_235' title='bbox 784 2884 993 2924; x_wconf 89' lang='lat' dir='ltr'><strong>nomen</strong></span> <span class='ocrx_word' id='word_1_236' title='bbox 1028 2884 1198 2923; x_wconf 90' lang='lat' dir='ltr'><strong>suum</strong></span> <span class='ocrx_word' id='word_1_237' title='bbox 1231 2868 1375 2922; x_wconf 85' lang='lat' dir='ltr'><strong>dixit</strong></span> <span class='ocrx_word' id='word_1_238' title='bbox 1400 2868 1615 2922; x_wconf 84' lang='lat' dir='ltr'><strong>famulo</strong></span> <span class='ocrx_word' id='word_1_239' title='bbox 1646 2884 1749 2922; x_wconf 87' lang='lat' dir='ltr'><strong>suo</strong></span> <span class='ocrx_word' id='word_1_240' title='bbox 1773 2867 1987 2936; x_wconf 81' lang='lat' dir='ltr'><strong>Moysi:</strong></span> 
     </span>
    </p>
   </div>
   <div class='ocr_carea' id='block_1_30' title="bbox 271 2956 1989 3031">
    <p class='ocr_par' dir='ltr' id='par_1_30' title="bbox 271 2956 1989 3031">
     <span class='ocr_line' id='line_1_30' title="bbox 271 2956 1989 3031; baseline -0.002 -14"><span class='ocrx_word' id='word_1_241' title='bbox 271 2963 384 3030; x_wconf 73' lang='lat' dir='ltr'><strong>Ego</strong></span> <span class='ocrx_word' id='word_1_242' title='bbox 412 2977 540 3015; x_wconf 88' lang='lat' dir='ltr'><strong>sum</strong></span> <span class='ocrx_word' id='word_1_243' title='bbox 572 2961 667 3031; x_wconf 85' lang='lat' dir='ltr'><strong>qui</strong></span> <span class='ocrx_word' id='word_1_244' title='bbox 695 2975 817 3012; x_wconf 84' lang='lat' dir='ltr'><strong>sum</strong></span> <span class='ocrx_word' id='word_1_245' title='bbox 844 2975 867 3021; x_wconf 89' lang='lat'><strong><em>;</em></strong></span> <span class='ocrx_word' id='word_1_246' title='bbox 897 2962 972 3025; x_wconf 89' lang='lat' dir='ltr'><strong>et,</strong></span> <span class='ocrx_word' id='word_1_247' title='bbox 1005 2956 1151 3012; x_wconf 78' lang='lat' dir='ltr'><strong>Misit</strong></span> <span class='ocrx_word' id='word_1_248' title='bbox 1191 2974 1276 3011; x_wconf 86' lang='lat' dir='ltr'><strong>me</strong></span> <span class='ocrx_word' id='word_1_249' title='bbox 1305 2960 1493 3028; x_wconf 80' lang='lat' dir='ltr'><strong>quiest</strong></span> <span class='ocrx_word' id='word_1_250' title='bbox 1525 2957 1719 3026; x_wconf 75' lang='lat' dir='ltr'><strong>(Exod.</strong></span> <span class='ocrx_word' id='word_1_251' title='bbox 1753 2974 1843 3025; x_wconf 88' lang='grc' dir='ltr'>ιιι,</span> <span class='ocrx_word' id='word_1_252' title='bbox 1879 2957 1989 3025; x_wconf 79' lang='grc'><strong>14).</strong></span> 
     </span>
    </p>
   </div>
   <div class='ocr_carea' id='block_1_31' title="bbox 280 3046 1993 3121">
    <p class='ocr_par' dir='ltr' id='par_1_31' title="bbox 280 3046 1993 3121">
     <span class='ocr_line' id='line_1_31' title="bbox 280 3046 1993 3121; baseline -0.004 -16"><span class='ocrx_word' id='word_1_253' title='bbox 280 3052 423 3117; x_wconf 83' lang='lat' dir='ltr'><strong>Quis</strong></span> <span class='ocrx_word' id='word_1_254' title='bbox 465 3066 603 3121; x_wconf 85' lang='lat' dir='ltr'><strong>ergo</strong></span> <span class='ocrx_word' id='word_1_255' title='bbox 643 3048 748 3103; x_wconf 91' lang='lat' dir='ltr'><strong>hoc</strong></span> <span class='ocrx_word' id='word_1_256' title='bbox 800 3047 1006 3118; x_wconf 88' lang='lat' dir='ltr'><strong>capiet,</strong></span> <span class='ocrx_word' id='word_1_257' title='bbox 1055 3063 1187 3101; x_wconf 88' lang='lat' dir='ltr'><strong>cum</strong></span> <span class='ocrx_word' id='word_1_258' title='bbox 1221 3047 1461 3101; x_wconf 89' lang='lat' dir='ltr'><strong>videatis</strong></span> <span class='ocrx_word' id='word_1_259' title='bbox 1495 3047 1692 3101; x_wconf 87' lang='lat' dir='ltr'><strong>omnia</strong></span> <span class='ocrx_word' id='word_1_260' title='bbox 1728 3046 1993 3101; x_wconf 84' lang='lat' dir='ltr'><strong>mortalia</strong></span> 
     </span>
    </p>
   </div>
   <div class='ocr_carea' id='block_1_32' title="bbox 283 3130 1993 3206">
    <p class='ocr_par' dir='ltr' id='par_1_32' title="bbox 283 3130 1993 3206">
     <span class='ocr_line' id='line_1_32' title="bbox 283 3130 1993 3206; baseline -0.003 -10"><span class='ocrx_word' id='word_1_261' title='bbox 283 3139 599 3196; x_wconf 86' lang='lat' dir='ltr'><strong>mutabilia</strong></span> <span class='ocrx_word' id='word_1_262' title='bbox 626 3158 649 3204; x_wconf 87' lang='lat'><strong><em>;</em></strong></span> <span class='ocrx_word' id='word_1_263' title='bbox 681 3154 813 3193; x_wconf 87' lang='lat' dir='ltr'><strong>cum</strong></span> <span class='ocrx_word' id='word_1_264' title='bbox 861 3138 1103 3192; x_wconf 88' lang='lat' dir='ltr'><strong>videatis</strong></span> <span class='ocrx_word' id='word_1_265' title='bbox 1149 3130 1261 3191; x_wconf 88' lang='lat' dir='ltr'><strong>non</strong></span> <span class='ocrx_word' id='word_1_266' title='bbox 1296 3136 1485 3191; x_wconf 88' lang='lat' dir='ltr'><strong>solum</strong></span> <span class='ocrx_word' id='word_1_267' title='bbox 1516 3153 1759 3206; x_wconf 87' lang='lat' dir='ltr'><strong>corpora</strong></span> <span class='ocrx_word' id='word_1_268' title='bbox 1790 3137 1993 3191; x_wconf 87' lang='lat' dir='ltr'><strong>variari</strong></span> 
     </span>
    </p>
   </div>
   <div class='ocr_carea' id='block_1_33' title="bbox 284 3227 1996 3302">
    <p class='ocr_par' dir='ltr' id='par_1_33' title="bbox 284 3227 1996 3302">
     <span class='ocr_line' id='line_1_33' title="bbox 284 3227 1996 3302; baseline -0.002 -15"><span class='ocrx_word' id='word_1_269' title='bbox 284 3248 386 3302; x_wconf 88' lang='lat' dir='ltr'><strong>per</strong></span> <span class='ocrx_word' id='word_1_270' title='bbox 418 3228 749 3301; x_wconf 83' lang='lat' dir='ltr'><strong>qualitates,</strong></span> <span class='ocrx_word' id='word_1_271' title='bbox 785 3230 1099 3296; x_wconf 88' lang='lat' dir='ltr'><strong>nascendo,</strong></span> <span class='ocrx_word' id='word_1_272' title='bbox 1127 3230 1457 3295; x_wconf 88' lang='lat' dir='ltr'><strong>crescendo,</strong></span> <span class='ocrx_word' id='word_1_273' title='bbox 1492 3227 1837 3292; x_wconf 89' lang='lat' dir='ltr'><strong>deliciendo,</strong></span> <span class='ocrx_word' id='word_1_274' title='bbox 1870 3244 1996 3283; x_wconf 89' lang='lat' dir='ltr'><strong>mo-</strong></span> 
     </span>
    </p>
   </div>
   <div class='ocr_carea' id='block_1_34' title="bbox 281 3316 1997 3389">
    <p class='ocr_par' dir='ltr' id='par_1_34' title="bbox 281 3316 1997 3389">
     <span class='ocr_line' id='line_1_34' title="bbox 281 3316 1997 3389; baseline -0.002 -14"><span class='ocrx_word' id='word_1_275' title='bbox 281 3320 513 3384; x_wconf 88' lang='lat' dir='ltr'><strong>riendo,</strong></span> <span class='ocrx_word' id='word_1_276' title='bbox 540 3319 637 3373; x_wconf 89' lang='lat' dir='ltr'><strong>sed</strong></span> <span class='ocrx_word' id='word_1_277' title='bbox 670 3319 843 3373; x_wconf 88' lang='lat' dir='ltr'><strong>etiam</strong></span> <span class='ocrx_word' id='word_1_278' title='bbox 878 3317 1033 3389; x_wconf 89' lang='lat' dir='ltr'><strong>ipsas</strong></span> <span class='ocrx_word' id='word_1_279' title='bbox 1064 3319 1285 3372; x_wconf 89' lang='lat' dir='ltr'><strong>animas</strong></span> <span class='ocrx_word' id='word_1_280' title='bbox 1318 3334 1417 3388; x_wconf 90' lang='lat' dir='ltr'><strong>per</strong></span> <span class='ocrx_word' id='word_1_281' title='bbox 1447 3316 1714 3371; x_wconf 80' lang='lat' dir='ltr'><strong>atl‘ectum</strong></span> <span class='ocrx_word' id='word_1_282' title='bbox 1749 3317 1997 3371; x_wconf 84' lang='lat' dir='ltr'><strong>diversa-</strong></span> 
     </span>
    </p>
   </div>
   <div class='ocr_carea' id='block_1_35' title="bbox 280 3406 1999 3479">
    <p class='ocr_par' dir='ltr' id='par_1_35' title="bbox 280 3406 1999 3479">
     <span class='ocr_line' id='line_1_35' title="bbox 280 3406 1999 3479; baseline -0.003 -12"><span class='ocrx_word' id='word_1_283' title='bbox 280 3427 419 3467; x_wconf 89' lang='lat' dir='ltr'><strong>rum</strong></span> <span class='ocrx_word' id='word_1_284' title='bbox 444 3408 811 3464; x_wconf 85' lang='lat' dir='ltr'><strong>voluntatum</strong></span> <span class='ocrx_word' id='word_1_285' title='bbox 838 3407 1277 3479; x_wconf 88' lang='lat' dir='ltr'><strong>distendiatque</strong></span> <span class='ocrx_word' id='word_1_286' title='bbox 1300 3407 1545 3462; x_wconf 82' lang='lat' dir='ltr'><strong>discindi</strong></span> <span class='ocrx_word' id='word_1_287' title='bbox 1567 3423 1731 3464; x_wconf 89' lang='lat' dir='ltr'><strong>:cum</strong></span> <span class='ocrx_word' id='word_1_288' title='bbox 1752 3406 1999 3461; x_wconf 81' lang='lat' dir='ltr'><strong>videatis</strong></span> 
     </span>
    </p>
   </div>
   <div class='ocr_carea' id='block_1_36' title="bbox 281 3494 1999 3568">
    <p class='ocr_par' dir='ltr' id='par_1_36' title="bbox 281 3494 1999 3568">
     <span class='ocr_line' id='line_1_36' title="bbox 281 3494 1999 3568; baseline -0.003 -13"><span class='ocrx_word' id='word_1_289' title='bbox 281 3500 559 3555; x_wconf 85' lang='lat' dir='ltr'><strong>homines</strong></span> <span class='ocrx_word' id='word_1_290' title='bbox 590 3502 647 3552; x_wconf 89' lang='lat' dir='ltr'><strong>et</strong></span> <span class='ocrx_word' id='word_1_291' title='bbox 684 3497 975 3568; x_wconf 88' lang='lat' dir='ltr'><strong>percipere</strong></span> <span class='ocrx_word' id='word_1_292' title='bbox 1017 3513 1186 3567; x_wconf 86' lang='lat' dir='ltr'><strong>posse</strong></span> <span class='ocrx_word' id='word_1_293' title='bbox 1233 3496 1601 3567; x_wconf 84' lang='lat' dir='ltr'><strong>sapientiam,</strong></span> <span class='ocrx_word' id='word_1_294' title='bbox 1654 3496 1700 3551; x_wconf 87' lang='lat' dir='ltr'><strong>si</strong></span> <span class='ocrx_word' id='word_1_295' title='bbox 1746 3513 1807 3551; x_wconf 87' lang='lat' dir='ltr'><strong>se</strong></span> <span class='ocrx_word' id='word_1_296' title='bbox 1839 3494 1999 3550; x_wconf 90' lang='lat' dir='ltr'><strong>illius</strong></span> 
     </span>
    </p>
   </div>
   <div class='ocr_carea' id='block_1_37' title="bbox 282 3585 2002 3657">
    <p class='ocr_par' dir='ltr' id='par_1_37' title="bbox 282 3585 2002 3657">
     <span class='ocr_line' id='line_1_37' title="bbox 282 3585 2002 3657; baseline -0.003 -12"><span class='ocrx_word' id='word_1_297' title='bbox 282 3589 403 3645; x_wconf 90' lang='lat' dir='ltr'><strong>luci</strong></span> <span class='ocrx_word' id='word_1_298' title='bbox 441 3593 497 3644; x_wconf 86' lang='lat' dir='ltr'><strong>et</strong></span> <span class='ocrx_word' id='word_1_299' title='bbox 537 3587 712 3643; x_wconf 90' lang='lat' dir='ltr'><strong>calori</strong></span> <span class='ocrx_word' id='word_1_300' title='bbox 756 3586 1115 3641; x_wconf 87' lang='lat' dir='ltr'><strong>admoverint</strong></span> <span class='ocrx_word' id='word_1_301' title='bbox 1145 3603 1159 3653; x_wconf 91' lang='lat'><strong>;</strong></span> <span class='ocrx_word' id='word_1_302' title='bbox 1193 3590 1249 3640; x_wconf 90' lang='lat' dir='ltr'><strong>et</strong></span> <span class='ocrx_word' id='word_1_303' title='bbox 1279 3586 1547 3641; x_wconf 89' lang='lat' dir='ltr'><strong>amittere</strong></span> <span class='ocrx_word' id='word_1_304' title='bbox 1581 3602 1746 3654; x_wconf 88' lang='lat' dir='ltr'><strong>posse</strong></span> <span class='ocrx_word' id='word_1_305' title='bbox 1774 3585 2002 3657; x_wconf 87' lang='lat' dir='ltr'><strong>sapien-</strong></span> 
     </span>
    </p>
   </div>
   <div class='ocr_carea' id='block_1_38' title="bbox 282 3675 2001 3746">
    <p class='ocr_par' dir='ltr' id='par_1_38' title="bbox 282 3675 2001 3746">
     <span class='ocr_line' id='line_1_38' title="bbox 282 3675 2001 3746; baseline -0.002 -12"><span class='ocrx_word' id='word_1_306' title='bbox 282 3681 458 3746; x_wconf 86' lang='lat' dir='ltr'><strong>tiam,</strong></span> <span class='ocrx_word' id='word_1_307' title='bbox 492 3678 544 3734; x_wconf 90' lang='lat' dir='ltr'><strong>si</strong></span> <span class='ocrx_word' id='word_1_308' title='bbox 584 3677 718 3733; x_wconf 88' lang='lat' dir='ltr'><strong>inde</strong></span> <span class='ocrx_word' id='word_1_309' title='bbox 750 3675 904 3733; x_wconf 91' lang='lat' dir='ltr'><strong>malo</strong></span> <span class='ocrx_word' id='word_1_310' title='bbox 934 3676 1141 3731; x_wconf 81' lang='lat' dir='ltr'><strong>aﬂ&#39;ectu</strong></span> <span class='ocrx_word' id='word_1_311' title='bbox 1166 3676 1556 3733; x_wconf 68' lang='lat' dir='ltr'><strong>recesserint?</strong></span> <span class='ocrx_word' id='word_1_312' title='bbox 1587 3677 1728 3733; x_wconf 87' lang='lat' dir='ltr'><strong>Cum</strong></span> <span class='ocrx_word' id='word_1_313' title='bbox 1762 3675 2001 3732; x_wconf 86' lang='lat' dir='ltr'><strong>videatis</strong></span> 
     </span>
    </p>
   </div>
   <div class='ocr_carea' id='block_1_39' title="bbox 284 3765 1999 3838">
    <p class='ocr_par' dir='ltr' id='par_1_39' title="bbox 284 3765 1999 3838">
     <span class='ocr_line' id='line_1_39' title="bbox 284 3765 1999 3838; baseline -0.003 -13"><span class='ocrx_word' id='word_1_314' title='bbox 284 3786 426 3838; x_wconf 72' lang='lat' dir='ltr'><strong>ergo</strong></span> <span class='ocrx_word' id='word_1_315' title='bbox 476 3768 589 3823; x_wconf 88' lang='lat' dir='ltr'><strong>ista</strong></span> <span class='ocrx_word' id='word_1_316' title='bbox 637 3766 834 3822; x_wconf 85' lang='lat' dir='ltr'><strong>omnia</strong></span> <span class='ocrx_word' id='word_1_317' title='bbox 883 3780 1011 3821; x_wconf 89' lang='lat' dir='ltr'><strong>esse</strong></span> <span class='ocrx_word' id='word_1_318' title='bbox 1058 3765 1399 3828; x_wconf 80' lang='lat' dir='ltr'><strong>mutabilia;</strong></span> <span class='ocrx_word' id='word_1_319' title='bbox 1433 3765 1571 3837; x_wconf 92' lang='lat' dir='ltr'><strong>quid</strong></span> <span class='ocrx_word' id='word_1_320' title='bbox 1601 3766 1859 3837; x_wconf 90' lang='lat' dir='ltr'><strong>estquod</strong></span> <span class='ocrx_word' id='word_1_321' title='bbox 1892 3769 1999 3826; x_wconf 88' lang='lat' dir='ltr'><strong>est,</strong></span> 
     </span>
    </p>
   </div>
   <div class='ocr_carea' id='block_1_40' title="bbox 287 3852 2003 3929">
    <p class='ocr_par' dir='ltr' id='par_1_40' title="bbox 287 3852 2003 3929">
     <span class='ocr_line' id='line_1_40' title="bbox 287 3852 2003 3929; baseline -0.002 -15"><span class='ocrx_word' id='word_1_322' title='bbox 287 3858 401 3914; x_wconf 87' lang='lat' dir='ltr'><strong>nisi</strong></span> <span class='ocrx_word' id='word_1_323' title='bbox 429 3856 586 3929; x_wconf 87' lang='lat' dir='ltr'><strong>quod</strong></span> <span class='ocrx_word' id='word_1_324' title='bbox 610 3854 975 3910; x_wconf 83' lang='lat' dir='ltr'><strong>transcendit</strong></span> <span class='ocrx_word' id='word_1_325' title='bbox 996 3854 1195 3910; x_wconf 86' lang='lat' dir='ltr'><strong>omnia</strong></span> <span class='ocrx_word' id='word_1_326' title='bbox 1221 3870 1349 3925; x_wconf 77' lang='lat' dir='ltr'><strong>quae</strong></span> <span class='ocrx_word' id='word_1_327' title='bbox 1365 3854 1449 3910; x_wconf 86' lang='lat' dir='ltr'><strong>sic</strong></span> <span class='ocrx_word' id='word_1_328' title='bbox 1467 3858 1685 3910; x_wconf 87' lang='lat' dir='ltr'><strong>suntut</strong></span> <span class='ocrx_word' id='word_1_329' title='bbox 1712 3871 1823 3909; x_wconf 91' lang='lat' dir='ltr'><strong>non</strong></span> <span class='ocrx_word' id='word_1_330' title='bbox 1845 3852 2003 3911; x_wconf 67' lang='lat' dir='ltr'><strong>sint?</strong></span> 
     </span>
    </p>
   </div>
   <div class='ocr_carea' id='block_1_41' title="bbox 284 3942 2004 4015">
    <p class='ocr_par' dir='ltr' id='par_1_41' title="bbox 284 3942 2004 4015">
     <span class='ocr_line' id='line_1_41' title="bbox 284 3942 2004 4015; baseline -0.002 -12"><span class='ocrx_word' id='word_1_331' title='bbox 284 3947 432 4013; x_wconf 86' lang='lat' dir='ltr'><strong>Quis</strong></span> <span class='ocrx_word' id='word_1_332' title='bbox 481 3961 619 4015; x_wconf 79' lang='lat' dir='ltr'><strong>ergo</strong></span> <span class='ocrx_word' id='word_1_333' title='bbox 674 3944 782 3999; x_wconf 91' lang='lat' dir='ltr'><strong>hoc</strong></span> <span class='ocrx_word' id='word_1_334' title='bbox 830 3942 1074 4015; x_wconf 87' lang='lat' dir='ltr'><strong>capiat?</strong></span> <span class='ocrx_word' id='word_1_335' title='bbox 1125 3948 1243 3997; x_wconf 84' lang='lat' dir='ltr'><strong>Aut</strong></span> <span class='ocrx_word' id='word_1_336' title='bbox 1278 3944 1433 4015; x_wconf 89' lang='lat' dir='ltr'><strong>quis,</strong></span> <span class='ocrx_word' id='word_1_337' title='bbox 1463 3946 2004 4015; x_wconf 85' lang='lat' dir='ltr'><strong>quomodocumque</strong></span> 
     </span>
    </p>
   </div>
   <div class='ocr_carea' id='block_1_42' title="bbox 288 4032 2004 4105">
    <p class='ocr_par' dir='ltr' id='par_1_42' title="bbox 288 4032 2004 4105">
     <span class='ocr_line' id='line_1_42' title="bbox 288 4032 2004 4105; baseline -0.001 -13"><span class='ocrx_word' id='word_1_338' title='bbox 288 4034 613 4092; x_wconf 88' lang='lat' dir='ltr'><strong>intenderit</strong></span> <span class='ocrx_word' id='word_1_339' title='bbox 640 4035 791 4089; x_wconf 88' lang='lat' dir='ltr'><strong>vires</strong></span> <span class='ocrx_word' id='word_1_340' title='bbox 824 4032 1034 4088; x_wconf 86' lang='lat' dir='ltr'><strong>mentis</strong></span> <span class='ocrx_word' id='word_1_341' title='bbox 1066 4038 1283 4100; x_wconf 65' lang='lat' dir='ltr'><strong>sum,ut</strong></span> <span class='ocrx_word' id='word_1_342' title='bbox 1314 4034 1557 4102; x_wconf 84' lang='lat' dir='ltr'><strong>attingat</strong></span> <span class='ocrx_word' id='word_1_343' title='bbox 1579 4035 1872 4104; x_wconf 90' lang='lat' dir='ltr'><strong>quomodo</strong></span> <span class='ocrx_word' id='word_1_344' title='bbox 1903 4051 2004 4105; x_wconf 92' lang='lat' dir='ltr'><strong>po-</strong></span> 
     </span>
    </p>
   </div>
   <div class='ocr_carea' id='block_1_43' title="bbox 285 4122 2008 4195">
    <p class='ocr_par' dir='ltr' id='par_1_43' title="bbox 285 4122 2008 4195">
     <span class='ocr_line' id='line_1_43' title="bbox 285 4122 2008 4195; baseline -0.001 -15"><span class='ocrx_word' id='word_1_345' title='bbox 285 4125 482 4180; x_wconf 82' lang='lat' dir='ltr'><strong>testid</strong></span> <span class='ocrx_word' id='word_1_346' title='bbox 516 4124 671 4194; x_wconf 91' lang='lat' dir='ltr'><strong>quod</strong></span> <span class='ocrx_word' id='word_1_347' title='bbox 707 4126 817 4192; x_wconf 87' lang='lat' dir='ltr'><strong>est,</strong></span> <span class='ocrx_word' id='word_1_348' title='bbox 840 4122 911 4177; x_wconf 89' lang='lat' dir='ltr'><strong>ad</strong></span> <span class='ocrx_word' id='word_1_349' title='bbox 946 4122 1002 4177; x_wconf 91' lang='lat' dir='ltr'><strong>id</strong></span> <span class='ocrx_word' id='word_1_350' title='bbox 1033 4123 1183 4191; x_wconf 92' lang='lat' dir='ltr'><strong>quod</strong></span> <span class='ocrx_word' id='word_1_351' title='bbox 1214 4125 1276 4176; x_wconf 93' lang='lat' dir='ltr'><strong>ut</strong></span> <span class='ocrx_word' id='word_1_352' title='bbox 1305 4138 1555 4192; x_wconf 91' lang='lat' dir='ltr'><strong>cumque</strong></span> <span class='ocrx_word' id='word_1_353' title='bbox 1588 4128 1777 4179; x_wconf 88' lang='lat' dir='ltr'><strong>mente</strong></span> <span class='ocrx_word' id='word_1_354' title='bbox 1808 4124 2008 4195; x_wconf 82' lang='lat' dir='ltr'><strong>attige-</strong></span> 
     </span>
    </p>
   </div>
   <div class='ocr_carea' id='block_1_44' title="bbox 287 4212 2008 4287">
    <p class='ocr_par' dir='ltr' id='par_1_44' title="bbox 287 4212 2008 4287">
     <span class='ocr_line' id='line_1_44' title="bbox 287 4212 2008 4287; baseline -0.001 -16"><span class='ocrx_word' id='word_1_355' title='bbox 287 4215 387 4282; x_wconf 87' lang='lat' dir='ltr'><strong>rit,</strong></span> <span class='ocrx_word' id='word_1_356' title='bbox 438 4213 625 4287; x_wconf 86' lang='lat' dir='ltr'><strong>possit</strong></span> <span class='ocrx_word' id='word_1_357' title='bbox 667 4212 1010 4285; x_wconf 82' lang='lat' dir='ltr'><strong>pervenire?</strong></span> <span class='ocrx_word' id='word_1_358' title='bbox 1041 4212 1133 4267; x_wconf 91' lang='lat' dir='ltr'><strong>Sic</strong></span> <span class='ocrx_word' id='word_1_359' title='bbox 1176 4216 1266 4268; x_wconf 89' lang='lat' dir='ltr'><strong>est</strong></span> <span class='ocrx_word' id='word_1_360' title='bbox 1311 4213 1467 4268; x_wconf 87' lang='lat' dir='ltr'><strong>enim</strong></span> <span class='ocrx_word' id='word_1_361' title='bbox 1504 4218 1784 4286; x_wconf 89' lang='lat' dir='ltr'><strong>tanquam</strong></span> <span class='ocrx_word' id='word_1_362' title='bbox 1818 4213 2008 4269; x_wconf 87' lang='lat' dir='ltr'><strong>videat</strong></span> 
     </span>
    </p>
   </div>
   <div class='ocr_carea' id='block_1_45' title="bbox 285 4304 2010 4378">
    <p class='ocr_par' dir='ltr' id='par_1_45' title="bbox 285 4304 2010 4378">
     <span class='ocr_line' id='line_1_45' title="bbox 285 4304 2010 4378; baseline -0.001 -18"><span class='ocrx_word' id='word_1_363' title='bbox 285 4308 540 4378; x_wconf 84' lang='lat' dir='ltr'><strong>quisque</strong></span> <span class='ocrx_word' id='word_1_364' title='bbox 570 4306 641 4359; x_wconf 91' lang='lat' dir='ltr'><strong>de</strong></span> <span class='ocrx_word' id='word_1_365' title='bbox 669 4304 837 4376; x_wconf 85' lang='lat' dir='ltr'><strong>longe</strong></span> <span class='ocrx_word' id='word_1_366' title='bbox 865 4304 1135 4375; x_wconf 87' lang='lat' dir='ltr'><strong>patriam,</strong></span> <span class='ocrx_word' id='word_1_367' title='bbox 1169 4308 1226 4359; x_wconf 88' lang='lat' dir='ltr'><strong>et</strong></span> <span class='ocrx_word' id='word_1_368' title='bbox 1257 4320 1415 4359; x_wconf 90' lang='lat' dir='ltr'><strong>mare</strong></span> <span class='ocrx_word' id='word_1_369' title='bbox 1447 4304 1819 4374; x_wconf 85' lang='lat' dir='ltr'><strong>iuterjaceat;</strong></span> <span class='ocrx_word' id='word_1_370' title='bbox 1853 4305 2010 4360; x_wconf 89' lang='lat' dir='ltr'><strong>videt</strong></span> 
     </span>
    </p>
   </div>
   <div class='ocr_carea' id='block_1_46' title="bbox 286 4394 2012 4469">
    <p class='ocr_par' dir='ltr' id='par_1_46' title="bbox 286 4394 2012 4469">
     <span class='ocr_line' id='line_1_46' title="bbox 286 4394 2012 4469; baseline -0.002 -16"><span class='ocrx_word' id='word_1_371' title='bbox 286 4414 404 4469; x_wconf 90' lang='lat' dir='ltr'><strong>quo</strong></span> <span class='ocrx_word' id='word_1_372' title='bbox 440 4401 558 4461; x_wconf 89' lang='lat' dir='ltr'><strong>eat,</strong></span> <span class='ocrx_word' id='word_1_373' title='bbox 591 4396 685 4449; x_wconf 90' lang='lat' dir='ltr'><strong>sed</strong></span> <span class='ocrx_word' id='word_1_374' title='bbox 741 4412 854 4449; x_wconf 91' lang='lat' dir='ltr'><strong>non</strong></span> <span class='ocrx_word' id='word_1_375' title='bbox 898 4394 1067 4450; x_wconf 89' lang='lat' dir='ltr'><strong>habet</strong></span> <span class='ocrx_word' id='word_1_376' title='bbox 1100 4410 1214 4464; x_wconf 90' lang='lat' dir='ltr'><strong>qua</strong></span> <span class='ocrx_word' id='word_1_377' title='bbox 1244 4399 1354 4449; x_wconf 89' lang='lat' dir='ltr'><strong>eat.</strong></span> <span class='ocrx_word' id='word_1_378' title='bbox 1390 4394 1483 4450; x_wconf 91' lang='lat' dir='ltr'><strong>Sic</strong></span> <span class='ocrx_word' id='word_1_379' title='bbox 1504 4396 1572 4449; x_wconf 89' lang='lat' dir='ltr'><strong>ad</strong></span> <span class='ocrx_word' id='word_1_380' title='bbox 1601 4394 1757 4450; x_wconf 84' lang='lat' dir='ltr'><strong>illam</strong></span> <span class='ocrx_word' id='word_1_381' title='bbox 1791 4395 2012 4450; x_wconf 84' lang='lat' dir='ltr'><strong>stabili-</strong></span> 
     </span>
    </p>
   </div>
   <div class='ocr_carea' id='block_1_47' title="bbox 288 4483 2007 4555">
    <p class='ocr_par' dir='ltr' id='par_1_47' title="bbox 288 4483 2007 4555">
     <span class='ocr_line' id='line_1_47' title="bbox 288 4483 2007 4555; baseline -0.001 -13"><span class='ocrx_word' id='word_1_382' title='bbox 288 4493 476 4542; x_wconf 87' lang='lat' dir='ltr'><strong>tatem</strong></span> <span class='ocrx_word' id='word_1_383' title='bbox 499 4494 756 4539; x_wconf 88' lang='lat' dir='ltr'><strong>nostram</strong></span> <span class='ocrx_word' id='word_1_384' title='bbox 790 4484 889 4538; x_wconf 92' lang='lat' dir='ltr'><strong>ubi</strong></span> <span class='ocrx_word' id='word_1_385' title='bbox 917 4483 1066 4554; x_wconf 90' lang='lat' dir='ltr'><strong>quod</strong></span> <span class='ocrx_word' id='word_1_386' title='bbox 1100 4488 1187 4539; x_wconf 87' lang='lat' dir='ltr'><strong>est</strong></span> <span class='ocrx_word' id='word_1_387' title='bbox 1216 4490 1323 4551; x_wconf 86' lang='lat' dir='ltr'><strong>est,</strong></span> <span class='ocrx_word' id='word_1_388' title='bbox 1356 4484 1495 4555; x_wconf 89' lang='lat' dir='ltr'><strong>quia</strong></span> <span class='ocrx_word' id='word_1_389' title='bbox 1513 4484 1623 4539; x_wconf 86' lang='lat' dir='ltr'><strong>hoc</strong></span> <span class='ocrx_word' id='word_1_390' title='bbox 1642 4484 1831 4539; x_wconf 89' lang='lat' dir='ltr'><strong>solum</strong></span> <span class='ocrx_word' id='word_1_391' title='bbox 1861 4503 2007 4541; x_wconf 88' lang='lat' dir='ltr'><strong>sem-</strong></span> 
     </span>
    </p>
   </div>
   <div class='ocr_carea' id='block_1_48' title="bbox 289 4573 2007 4648">
    <p class='ocr_par' dir='ltr' id='par_1_48' title="bbox 289 4573 2007 4648">
     <span class='ocr_line' id='line_1_48' title="bbox 289 4573 2007 4648; baseline 0.001 -18"><span class='ocrx_word' id='word_1_392' title='bbox 289 4594 393 4648; x_wconf 88' lang='lat' dir='ltr'><strong>per</strong></span> <span class='ocrx_word' id='word_1_393' title='bbox 426 4576 511 4630; x_wconf 87' lang='lat' dir='ltr'><strong>sic</strong></span> <span class='ocrx_word' id='word_1_394' title='bbox 535 4578 625 4628; x_wconf 89' lang='lat' dir='ltr'><strong>est</strong></span> <span class='ocrx_word' id='word_1_395' title='bbox 651 4579 710 4627; x_wconf 90' lang='lat' dir='ltr'><strong>ut</strong></span> <span class='ocrx_word' id='word_1_396' title='bbox 734 4578 843 4639; x_wconf 86' lang='lat' dir='ltr'><strong>est,</strong></span> <span class='ocrx_word' id='word_1_397' title='bbox 878 4573 1144 4628; x_wconf 85' lang='lat' dir='ltr'><strong>volumus</strong></span> <span class='ocrx_word' id='word_1_398' title='bbox 1168 4574 1498 4644; x_wconf 88' lang='lat' dir='ltr'><strong>pervenire;</strong></span> <span class='ocrx_word' id='word_1_399' title='bbox 1529 4573 1826 4644; x_wconf 84' lang='lat' dir='ltr'><strong>interjacet</strong></span> <span class='ocrx_word' id='word_1_400' title='bbox 1852 4592 2007 4631; x_wconf 89' lang='lat' dir='ltr'><strong>mare</strong></span> 
     </span>
    </p>
   </div>
   <div class='ocr_carea' id='block_1_49' title="bbox 290 4663 2009 4739">
    <p class='ocr_par' dir='ltr' id='par_1_49' title="bbox 290 4663 2009 4739">
     <span class='ocr_line' id='line_1_49' title="bbox 290 4663 2009 4739; baseline 0.001 -17"><span class='ocrx_word' id='word_1_401' title='bbox 290 4669 478 4739; x_wconf 86' lang='lat' dir='ltr'><strong>hujus</strong></span> <span class='ocrx_word' id='word_1_402' title='bbox 510 4663 706 4719; x_wconf 65' lang='lat' dir='ltr'><strong>saeculi</strong></span> <span class='ocrx_word' id='word_1_403' title='bbox 740 4681 857 4735; x_wconf 87' lang='lat' dir='ltr'><strong>qua</strong></span> <span class='ocrx_word' id='word_1_404' title='bbox 888 4666 1186 4731; x_wconf 88' lang='lat' dir='ltr'><strong>imus,etsi</strong></span> <span class='ocrx_word' id='word_1_405' title='bbox 1215 4666 1340 4735; x_wconf 86' lang='lat' dir='ltr'><strong>jam</strong></span> <span class='ocrx_word' id='word_1_406' title='bbox 1383 4666 1649 4720; x_wconf 89' lang='lat' dir='ltr'><strong>videmus</strong></span> <span class='ocrx_word' id='word_1_407' title='bbox 1680 4683 1792 4737; x_wconf 90' lang='lat' dir='ltr'><strong>quo</strong></span> <span class='ocrx_word' id='word_1_408' title='bbox 1825 4667 2009 4724; x_wconf 88' lang='lat' dir='ltr'><strong>imus:</strong></span> 
     </span>
    </p>
   </div>
   <div class='ocr_carea' id='block_1_50' title="bbox 291 4753 2011 4829">
    <p class='ocr_par' dir='ltr' id='par_1_50' title="bbox 291 4753 2011 4829">
     <span class='ocr_line' id='line_1_50' title="bbox 291 4753 2011 4829; baseline 0.001 -17"><span class='ocrx_word' id='word_1_409' title='bbox 291 4773 431 4812; x_wconf 88' lang='lat' dir='ltr'><strong>nam</strong></span> <span class='ocrx_word' id='word_1_410' title='bbox 468 4753 635 4810; x_wconf 90' lang='lat' dir='ltr'><strong>multi</strong></span> <span class='ocrx_word' id='word_1_411' title='bbox 670 4771 773 4808; x_wconf 89' lang='lat' dir='ltr'><strong>nec</strong></span> <span class='ocrx_word' id='word_1_412' title='bbox 805 4771 917 4824; x_wconf 91' lang='lat' dir='ltr'><strong>quo</strong></span> <span class='ocrx_word' id='word_1_413' title='bbox 948 4762 1078 4809; x_wconf 87' lang='lat' dir='ltr'><strong>eant</strong></span> <span class='ocrx_word' id='word_1_414' title='bbox 1110 4753 1320 4808; x_wconf 81' lang='lat' dir='ltr'><strong>vident.</strong></span> <span class='ocrx_word' id='word_1_415' title='bbox 1360 4754 1430 4811; x_wconf 88' lang='lat' dir='ltr'><strong>Ut</strong></span> <span class='ocrx_word' id='word_1_416' title='bbox 1456 4771 1592 4826; x_wconf 84' lang='lat' dir='ltr'><strong>ergo</strong></span> <span class='ocrx_word' id='word_1_417' title='bbox 1623 4762 1777 4811; x_wconf 88' lang='lat' dir='ltr'><strong>esset</strong></span> <span class='ocrx_word' id='word_1_418' title='bbox 1821 4764 1876 4812; x_wconf 90' lang='lat' dir='ltr'><strong>et</strong></span> <span class='ocrx_word' id='word_1_419' title='bbox 1898 4774 2011 4829; x_wconf 88' lang='lat' dir='ltr'><strong>qua</strong></span> 
     </span>
    </p>
   </div>
   <div class='ocr_carea' id='block_1_51' title="bbox 290 4844 2007 4919">
    <p class='ocr_par' dir='ltr' id='par_1_51' title="bbox 290 4844 2007 4919">
     <span class='ocr_line' id='line_1_51' title="bbox 290 4844 2007 4919; baseline 0.001 -18"><span class='ocrx_word' id='word_1_420' title='bbox 290 4847 544 4913; x_wconf 84' lang='lat' dir='ltr'><strong>iremus,</strong></span> <span class='ocrx_word' id='word_1_421' title='bbox 580 4844 738 4898; x_wconf 87' lang='lat' dir='ltr'><strong>venit</strong></span> <span class='ocrx_word' id='word_1_422' title='bbox 771 4844 907 4899; x_wconf 88' lang='lat' dir='ltr'><strong>inde</strong></span> <span class='ocrx_word' id='word_1_423' title='bbox 937 4845 1005 4899; x_wconf 91' lang='lat' dir='ltr'><strong>ad</strong></span> <span class='ocrx_word' id='word_1_424' title='bbox 1041 4860 1214 4916; x_wconf 90' lang='lat' dir='ltr'><strong>quem</strong></span> <span class='ocrx_word' id='word_1_425' title='bbox 1264 4845 1349 4900; x_wconf 89' lang='lat' dir='ltr'><strong>ire</strong></span> <span class='ocrx_word' id='word_1_426' title='bbox 1380 4846 1737 4904; x_wconf 88' lang='lat' dir='ltr'><strong>volebamus.</strong></span> <span class='ocrx_word' id='word_1_427' title='bbox 1773 4849 1841 4903; x_wconf 89' lang='lat' dir='ltr'><strong>Et</strong></span> <span class='ocrx_word' id='word_1_428' title='bbox 1871 4849 2007 4919; x_wconf 89' lang='lat' dir='ltr'><strong>quid</strong></span> 
     </span>
    </p>
   </div>
   <div class='ocr_carea' id='block_1_52' title="bbox 291 4932 2013 5005">
    <p class='ocr_par' dir='ltr' id='par_1_52' title="bbox 291 4932 2013 5005">
     <span class='ocr_line' id='line_1_52' title="bbox 291 4932 2013 5005; baseline 0.002 -15"><span class='ocrx_word' id='word_1_429' title='bbox 291 4935 479 4991; x_wconf 76' lang='lat' dir='ltr'><strong>fecit?</strong></span> <span class='ocrx_word' id='word_1_430' title='bbox 512 4932 1023 5004; x_wconf 84' lang='lat' dir='ltr'><strong>Instituitlignum</strong></span> <span class='ocrx_word' id='word_1_431' title='bbox 1054 4950 1168 5005; x_wconf 92' lang='lat' dir='ltr'><strong>quo</strong></span> <span class='ocrx_word' id='word_1_432' title='bbox 1200 4950 1359 4989; x_wconf 89' lang='lat' dir='ltr'><strong>mare</strong></span> <span class='ocrx_word' id='word_1_433' title='bbox 1406 4940 1793 4991; x_wconf 89' lang='lat' dir='ltr'><strong>transeamus.</strong></span> <span class='ocrx_word' id='word_1_434' title='bbox 1834 4937 2013 4995; x_wconf 88' lang='lat' dir='ltr'><strong>Nemo</strong></span> 
     </span>
    </p>
   </div>
   <div class='ocr_carea' id='block_1_53' title="bbox 290 5022 2014 5095">
    <p class='ocr_par' dir='ltr' id='par_1_53' title="bbox 290 5022 2014 5095">
     <span class='ocr_line' id='line_1_53' title="bbox 290 5022 2014 5095; baseline 0.002 -14"><span class='ocrx_word' id='word_1_435' title='bbox 290 5024 456 5081; x_wconf 84' lang='lat' dir='ltr'><strong>enim</strong></span> <span class='ocrx_word' id='word_1_436' title='bbox 499 5027 691 5095; x_wconf 84' lang='lat' dir='ltr'><strong>potest</strong></span> <span class='ocrx_word' id='word_1_437' title='bbox 750 5022 998 5078; x_wconf 85' lang='lat' dir='ltr'><strong>transire</strong></span> <span class='ocrx_word' id='word_1_438' title='bbox 1048 5040 1208 5078; x_wconf 87' lang='lat' dir='ltr'><strong>mare</strong></span> <span class='ocrx_word' id='word_1_439' title='bbox 1257 5023 1432 5095; x_wconf 91' lang='lat' dir='ltr'><strong>hujus</strong></span> <span class='ocrx_word' id='word_1_440' title='bbox 1455 5024 1669 5092; x_wconf 64' lang='lat' dir='ltr'><strong>seculi,</strong></span> <span class='ocrx_word' id='word_1_441' title='bbox 1703 5026 1812 5082; x_wconf 85' lang='lat' dir='ltr'><strong>nisi</strong></span> <span class='ocrx_word' id='word_1_442' title='bbox 1844 5043 2014 5084; x_wconf 91' lang='lat' dir='ltr'><strong>cruce</strong></span> 
     </span>
    </p>
   </div>
   <div class='ocr_carea' id='block_1_54' title="bbox 290 5112 2015 5185">
    <p class='ocr_par' dir='ltr' id='par_1_54' title="bbox 290 5112 2015 5185">
     <span class='ocr_line' id='line_1_54' title="bbox 290 5112 2015 5185; baseline 0.002 -17"><span class='ocrx_word' id='word_1_443' title='bbox 290 5112 515 5168; x_wconf 77' lang='lat' dir='ltr'><strong>Christi</strong></span> <span class='ocrx_word' id='word_1_444' title='bbox 551 5114 837 5181; x_wconf 90' lang='lat' dir='ltr'><strong>portatus.</strong></span> <span class='ocrx_word' id='word_1_445' title='bbox 860 5113 1019 5166; x_wconf 85' lang='lat' dir='ltr'><strong>Hauc</strong></span> <span class='ocrx_word' id='word_1_446' title='bbox 1039 5128 1271 5167; x_wconf 89' lang='lat' dir='ltr'><strong>crucem</strong></span> <span class='ocrx_word' id='word_1_447' title='bbox 1298 5113 1614 5183; x_wconf 89' lang='lat' dir='ltr'><strong>aliquando</strong></span> <span class='ocrx_word' id='word_1_448' title='bbox 1647 5113 2015 5185; x_wconf 89' lang='lat' dir='ltr'><strong>amplectitur</strong></span> 
     </span>
    </p>
   </div>
   <div class='ocr_carea' id='block_1_55' title="bbox 291 5195 2013 5270">
    <p class='ocr_par' dir='ltr' id='par_1_55' title="bbox 291 5195 2013 5270">
     <span class='ocr_line' id='line_1_55' title="bbox 291 5195 2013 5270; baseline 0.002 -18"><span class='ocrx_word' id='word_1_449' title='bbox 291 5202 350 5253; x_wconf 85' lang='lat' dir='ltr'><strong>et</strong></span> <span class='ocrx_word' id='word_1_450' title='bbox 382 5197 663 5252; x_wconf 82' lang='lat' dir='ltr'><strong>infirmus</strong></span> <span class='ocrx_word' id='word_1_451' title='bbox 686 5195 872 5250; x_wconf 89' lang='lat' dir='ltr'><strong>oculis</strong></span> <span class='ocrx_word' id='word_1_452' title='bbox 904 5199 926 5233; x_wconf 83' lang='grc'>²</span> <span class='ocrx_word' id='word_1_453' title='bbox 958 5212 971 5251; x_wconf 92' lang='lat'><strong>:</strong></span> <span class='ocrx_word' id='word_1_454' title='bbox 1006 5203 1061 5251; x_wconf 89' lang='lat' dir='ltr'><strong>et</strong></span> <span class='ocrx_word' id='word_1_455' title='bbox 1091 5197 1189 5269; x_wconf 90' lang='lat' dir='ltr'><strong>qui</strong></span> <span class='ocrx_word' id='word_1_456' title='bbox 1226 5214 1335 5253; x_wconf 90' lang='lat' dir='ltr'><strong>non</strong></span> <span class='ocrx_word' id='word_1_457' title='bbox 1370 5198 1523 5252; x_wconf 89' lang='lat' dir='ltr'><strong>videt</strong></span> <span class='ocrx_word' id='word_1_458' title='bbox 1551 5198 1721 5270; x_wconf 86' lang='lat' dir='ltr'><strong>longe</strong></span> <span class='ocrx_word' id='word_1_459' title='bbox 1752 5216 1865 5270; x_wconf 91' lang='lat' dir='ltr'><strong>quo</strong></span> <span class='ocrx_word' id='word_1_460' title='bbox 1900 5206 2013 5269; x_wconf 83' lang='lat' dir='ltr'><strong>est,</strong></span> 
     </span>
    </p>
   </div>
   <div class='ocr_carea' id='block_1_56' title="bbox 294 5284 1692 5359">
    <p class='ocr_par' dir='ltr' id='par_1_56' title="bbox 294 5284 1692 5359">
     <span class='ocr_line' id='line_1_56' title="bbox 294 5284 1692 5359; baseline 0.002 -17"><span class='ocrx_word' id='word_1_461' title='bbox 294 5304 417 5343; x_wconf 88' lang='lat' dir='ltr'><strong>non</strong></span> <span class='ocrx_word' id='word_1_462' title='bbox 452 5288 526 5343; x_wconf 89' lang='lat' dir='ltr'><strong>ab</strong></span> <span class='ocrx_word' id='word_1_463' title='bbox 555 5286 654 5340; x_wconf 87' lang='lat' dir='ltr'><strong>illa</strong></span> <span class='ocrx_word' id='word_1_464' title='bbox 680 5286 929 5353; x_wconf 87' lang='lat' dir='ltr'><strong>recedat,</strong></span> <span class='ocrx_word' id='word_1_465' title='bbox 963 5292 1020 5341; x_wconf 88' lang='lat' dir='ltr'><strong>et</strong></span> <span class='ocrx_word' id='word_1_466' title='bbox 1051 5286 1178 5357; x_wconf 87' lang='lat' dir='ltr'><strong>ipsa</strong></span> <span class='ocrx_word' id='word_1_467' title='bbox 1202 5284 1363 5342; x_wconf 89' lang='lat' dir='ltr'><strong>illum</strong></span> <span class='ocrx_word' id='word_1_468' title='bbox 1400 5288 1692 5359; x_wconf 86' lang='lat' dir='ltr'><strong>perducet.</strong></span> 
     </span>
    </p>
   </div>
   <div class='ocr_carea' id='block_1_57' title="bbox 366 5375 2016 5447">
    <p class='ocr_par' dir='ltr' id='par_1_57' title="bbox 366 5375 2016 5447">
     <span class='ocr_line' id='line_1_57' title="bbox 366 5375 2016 5447; baseline 0.003 -16"><span class='ocrx_word' id='word_1_469' title='bbox 366 5378 425 5432; x_wconf 89' lang='lat'><strong>3.</strong></span> <span class='ocrx_word' id='word_1_470' title='bbox 461 5380 691 5447; x_wconf 84' lang='lat' dir='ltr'><strong>Itaque,</strong></span> <span class='ocrx_word' id='word_1_471' title='bbox 724 5376 929 5432; x_wconf 86' lang='lat' dir='ltr'><strong>fratres</strong></span> <span class='ocrx_word' id='word_1_472' title='bbox 978 5376 1115 5443; x_wconf 89' lang='lat' dir='ltr'><strong>mei,</strong></span> <span class='ocrx_word' id='word_1_473' title='bbox 1148 5375 1257 5431; x_wconf 91' lang='lat' dir='ltr'><strong>hoc</strong></span> <span class='ocrx_word' id='word_1_474' title='bbox 1290 5377 1702 5433; x_wconf 86' lang='lat' dir='ltr'><strong>insinuaverim</strong></span> <span class='ocrx_word' id='word_1_475' title='bbox 1738 5378 2016 5437; x_wconf 89' lang='lat' dir='ltr'><strong>cordibus</strong></span> 
     </span>
    </p>
   </div>
   <div class='ocr_carea' id='block_1_58' title="bbox 360 5540 2015 5608">
    <p class='ocr_par' dir='ltr' id='par_1_58' title="bbox 360 5540 2015 5608">
     <span class='ocr_line' id='line_1_58' title="bbox 360 5540 2015 5608; baseline 0.003 -18"><span class='ocrx_word' id='word_1_476' title='bbox 360 5544 379 5579; x_wconf 80' lang='grc' dir='ltr'><strong>ι</strong></span> <span class='ocrx_word' id='word_1_477' title='bbox 417 5541 562 5608; x_wconf 77' lang='lat' dir='ltr'><strong>Editi</strong></span> <span class='ocrx_word' id='word_1_478' title='bbox 593 5546 645 5591; x_wconf 86' lang='lat' dir='ltr'><strong>et</strong></span> <span class='ocrx_word' id='word_1_479' title='bbox 674 5542 819 5604; x_wconf 61' lang='lat' dir='ltr'><strong>Mam,</strong></span> <span class='ocrx_word' id='word_1_480' title='bbox 844 5541 942 5608; x_wconf 60' lang='lat' dir='ltr'><strong>liae</strong></span> <span class='ocrx_word' id='word_1_481' title='bbox 971 5549 1047 5591; x_wconf 83' lang='lat' dir='ltr'><strong>est</strong></span> <span class='ocrx_word' id='word_1_482' title='bbox 1080 5540 1213 5590; x_wconf 84' lang='lat' dir='ltr'><strong>Deus</strong></span> <span class='ocrx_word' id='word_1_483' title='bbox 1241 5542 1353 5592; x_wconf 80' lang='lat' dir='ltr'><strong>est:</strong></span> <span class='ocrx_word' id='word_1_484' title='bbox 1385 5545 1604 5607; x_wconf 82' lang='lat' dir='ltr'><strong>excepto</strong></span> <span class='ocrx_word' id='word_1_485' title='bbox 1634 5544 1816 5596; x_wconf 89' lang='lat' dir='ltr'><strong>codice</strong></span> <span class='ocrx_word' id='word_1_486' title='bbox 1838 5545 2015 5608; x_wconf 84' lang='lat' dir='ltr'><strong>Bech.,</strong></span> 
     </span>
    </p>
   </div>
   <div class='ocr_carea' id='block_1_59' title="bbox 302 5604 991 5667">
    <p class='ocr_par' dir='ltr' id='par_1_59' title="bbox 302 5604 991 5667">
     <span class='ocr_line' id='line_1_59' title="bbox 302 5604 991 5667; baseline -0.001 -13"><span class='ocrx_word' id='word_1_487' title='bbox 302 5618 332 5654; x_wconf 85' lang='lat' dir='ltr'><strong>a</strong></span> <span class='ocrx_word' id='word_1_488' title='bbox 360 5619 474 5663; x_wconf 82' lang='lat' dir='ltr'><strong>quo</strong></span> <span class='ocrx_word' id='word_1_489' title='bbox 507 5604 664 5655; x_wconf 82' lang='lat' dir='ltr'><strong>abest</strong></span> <span class='ocrx_word' id='word_1_490' title='bbox 683 5619 806 5667; x_wconf 79' lang='lat' dir='ltr'><strong>vox,</strong></span> <span class='ocrx_word' id='word_1_491' title='bbox 842 5606 991 5655; x_wconf 82' lang='lat' dir='ltr'><strong>Deus.</strong></span> 
     </span>
    </p>
   </div>
   <div class='ocr_carea' id='block_1_60' title="bbox 366 5667 1514 5733">
    <p class='ocr_par' dir='ltr' id='par_1_60' title="bbox 366 5667 1514 5733">
     <span class='ocr_line' id='line_1_60' title="bbox 366 5667 1514 5733; baseline 0 -15"><span class='ocrx_word' id='word_1_492' title='bbox 366 5667 389 5703; x_wconf 82' lang='grc'>²</span> <span class='ocrx_word' id='word_1_493' title='bbox 426 5669 513 5719; x_wconf 88' lang='lat' dir='ltr'><strong>Sic</strong></span> <span class='ocrx_word' id='word_1_494' title='bbox 543 5667 667 5718; x_wconf 74' lang='lat' dir='ltr'><strong>Mss.</strong></span> <span class='ocrx_word' id='word_1_495' title='bbox 702 5671 772 5719; x_wconf 80' lang='lat' dir='ltr'><strong>At</strong></span> <span class='ocrx_word' id='word_1_496' title='bbox 798 5668 947 5727; x_wconf 87' lang='lat' dir='ltr'><strong>editi,</strong></span> <span class='ocrx_word' id='word_1_497' title='bbox 976 5671 1027 5717; x_wconf 85' lang='lat' dir='ltr'><strong>et</strong></span> <span class='ocrx_word' id='word_1_498' title='bbox 1056 5668 1291 5733; x_wconf 77' lang='lat' dir='ltr'><strong>inﬁrmus</strong></span> <span class='ocrx_word' id='word_1_499' title='bbox 1321 5667 1514 5723; x_wconf 82' lang='lat' dir='ltr'><strong>oculus.</strong></span> 
     </span>
    </p>
   </div>
   <div class='ocr_carea' id='block_1_61' title="bbox 1540 305 2536 370">
    <p class='ocr_par' dir='ltr' id='par_1_61' title="bbox 1540 305 2536 370">
     <span class='ocr_line' id='line_1_61' title="bbox 1540 305 2536 370; baseline 0.001 -5"><span class='ocrx_word' id='word_1_500' title='bbox 1540 305 2014 369; x_wconf 84' lang='lat' dir='ltr'><strong>TRACTATUS</strong></span> <span class='ocrx_word' id='word_1_501' title='bbox 2059 307 2138 369; x_wconf 89' lang='lat' dir='ltr'><strong>II.</strong></span> <span class='ocrx_word' id='word_1_502' title='bbox 2185 307 2441 370; x_wconf 87' lang='lat' dir='ltr'><strong>CAPUT</strong></span> <span class='ocrx_word' id='word_1_503' title='bbox 2485 308 2536 366; x_wconf 93' lang='grc' dir='ltr'><strong>Ι.</strong></span> 
     </span>
    </p>
   </div>
   <div class='ocr_carea' id='block_1_62' title="bbox 3647 313 3806 375">
    <p class='ocr_par' dir='ltr' id='par_1_62' title="bbox 3647 313 3806 375">
     <span class='ocr_line' id='line_1_62' title="bbox 3647 313 3806 375; baseline 0 0"><span class='ocrx_word' id='word_1_504' title='bbox 3647 313 3806 375; x_wconf 85' lang='grc'><strong>1390</strong></span> 
     </span>
    </p>
   </div>
   <div class='ocr_carea' id='block_1_63' title="bbox 2098 442 3804 518">
    <p class='ocr_par' dir='ltr' id='par_1_63' title="bbox 2098 442 3804 518">
     <span class='ocr_line' id='line_1_63' title="bbox 2098 442 3804 518; baseline 0.007 -21"><span class='ocrx_word' id='word_1_505' title='bbox 2098 444 2304 499; x_wconf 88' lang='lat' dir='ltr'><strong>vestris</strong></span> <span class='ocrx_word' id='word_1_506' title='bbox 2339 461 2352 499; x_wconf 90' lang='lat'><strong>:</strong></span> <span class='ocrx_word' id='word_1_507' title='bbox 2387 444 2436 499; x_wconf 89' lang='lat' dir='ltr'><strong>si</strong></span> <span class='ocrx_word' id='word_1_508' title='bbox 2494 442 2667 499; x_wconf 90' lang='lat' dir='ltr'><strong>vultis</strong></span> <span class='ocrx_word' id='word_1_509' title='bbox 2721 443 2813 516; x_wconf 90' lang='lat' dir='ltr'><strong>pie</strong></span> <span class='ocrx_word' id='word_1_510' title='bbox 2859 448 2915 501; x_wconf 89' lang='lat' dir='ltr'><strong>et</strong></span> <span class='ocrx_word' id='word_1_511' title='bbox 2965 444 3279 502; x_wconf 84' lang='lat' dir='ltr'><strong>christiana</strong></span> <span class='ocrx_word' id='word_1_512' title='bbox 3329 448 3537 518; x_wconf 88' lang='lat' dir='ltr'><strong>vivere,</strong></span> <span class='ocrx_word' id='word_1_513' title='bbox 3594 451 3804 510; x_wconf 69' lang='lat' dir='ltr'><strong>haerete</strong></span> 
     </span>
    </p>
   </div>
   <div class='ocr_carea' id='block_1_64' title="bbox 2099 533 3807 610">
    <p class='ocr_par' dir='ltr' id='par_1_64' title="bbox 2099 533 3807 610">
     <span class='ocr_line' id='line_1_64' title="bbox 2099 533 3807 610; baseline 0.005 -21"><span class='ocrx_word' id='word_1_514' title='bbox 2099 533 2326 589; x_wconf 87' lang='lat' dir='ltr'><strong>Christo</strong></span> <span class='ocrx_word' id='word_1_515' title='bbox 2389 536 2714 589; x_wconf 89' lang='lat' dir='ltr'><strong>secundum</strong></span> <span class='ocrx_word' id='word_1_516' title='bbox 2762 534 2817 589; x_wconf 91' lang='lat' dir='ltr'><strong>id</strong></span> <span class='ocrx_word' id='word_1_517' title='bbox 2866 536 3017 604; x_wconf 86' lang='lat' dir='ltr'><strong>quod</strong></span> <span class='ocrx_word' id='word_1_518' title='bbox 3053 552 3153 606; x_wconf 90' lang='lat' dir='ltr'><strong>pro</strong></span> <span class='ocrx_word' id='word_1_519' title='bbox 3186 538 3354 593; x_wconf 90' lang='lat' dir='ltr'><strong>nobis</strong></span> <span class='ocrx_word' id='word_1_520' title='bbox 3384 539 3571 595; x_wconf 84' lang='lat' dir='ltr'><strong>factus</strong></span> <span class='ocrx_word' id='word_1_521' title='bbox 3602 547 3709 610; x_wconf 89' lang='lat' dir='ltr'><strong>est,</strong></span> <span class='ocrx_word' id='word_1_522' title='bbox 3741 548 3807 599; x_wconf 85' lang='lat' dir='ltr'><strong>ut</strong></span> 
     </span>
    </p>
   </div>
   <div class='ocr_carea' id='block_1_65' title="bbox 2100 624 3803 699">
    <p class='ocr_par' dir='ltr' id='par_1_65' title="bbox 2100 624 3803 699">
     <span class='ocr_line' id='line_1_65' title="bbox 2100 624 3803 699; baseline 0.006 -23"><span class='ocrx_word' id='word_1_523' title='bbox 2100 624 2447 692; x_wconf 84' lang='lat' dir='ltr'><strong>pervenistis</strong></span> <span class='ocrx_word' id='word_1_524' title='bbox 2496 624 2567 678; x_wconf 93' lang='lat' dir='ltr'><strong>ad</strong></span> <span class='ocrx_word' id='word_1_525' title='bbox 2627 639 2761 679; x_wconf 92' lang='lat' dir='ltr'><strong>eum</strong></span> <span class='ocrx_word' id='word_1_526' title='bbox 2821 628 3146 682; x_wconf 88' lang='lat' dir='ltr'><strong>secundum</strong></span> <span class='ocrx_word' id='word_1_527' title='bbox 3203 627 3259 682; x_wconf 93' lang='lat' dir='ltr'><strong>id</strong></span> <span class='ocrx_word' id='word_1_528' title='bbox 3306 630 3461 699; x_wconf 91' lang='lat' dir='ltr'><strong>quod</strong></span> <span class='ocrx_word' id='word_1_529' title='bbox 3492 634 3601 698; x_wconf 86' lang='lat' dir='ltr'><strong>est,</strong></span> <span class='ocrx_word' id='word_1_530' title='bbox 3625 636 3681 686; x_wconf 90' lang='lat' dir='ltr'><strong>et</strong></span> <span class='ocrx_word' id='word_1_531' title='bbox 3709 647 3803 687; x_wconf 90' lang='lat' dir='ltr'><strong>se-</strong></span> 
     </span>
    </p>
   </div>
   <div class='ocr_carea' id='block_1_66' title="bbox 2099 714 3805 789">
    <p class='ocr_par' dir='ltr' id='par_1_66' title="bbox 2099 714 3805 789">
     <span class='ocr_line' id='line_1_66' title="bbox 2099 714 3805 789; baseline 0.006 -23"><span class='ocrx_word' id='word_1_532' title='bbox 2099 714 2354 768; x_wconf 91' lang='lat' dir='ltr'><strong>cundum</strong></span> <span class='ocrx_word' id='word_1_533' title='bbox 2397 714 2453 768; x_wconf 91' lang='lat' dir='ltr'><strong>id</strong></span> <span class='ocrx_word' id='word_1_534' title='bbox 2487 730 2597 782; x_wconf 89' lang='lat' dir='ltr'><strong>quo</strong></span> <span class='ocrx_word' id='word_1_535' title='bbox 2628 718 2767 769; x_wconf 86' lang='lat' dir='ltr'><strong>erat.</strong></span> <span class='ocrx_word' id='word_1_536' title='bbox 2820 716 3099 780; x_wconf 84' lang='lat' dir='ltr'><strong>Accessit,</strong></span> <span class='ocrx_word' id='word_1_537' title='bbox 3129 721 3193 772; x_wconf 92' lang='lat' dir='ltr'><strong>ut</strong></span> <span class='ocrx_word' id='word_1_538' title='bbox 3228 734 3331 789; x_wconf 90' lang='lat' dir='ltr'><strong>pro</strong></span> <span class='ocrx_word' id='word_1_539' title='bbox 3363 719 3533 775; x_wconf 88' lang='lat' dir='ltr'><strong>nobis</strong></span> <span class='ocrx_word' id='word_1_540' title='bbox 3566 720 3675 776; x_wconf 90' lang='lat' dir='ltr'><strong>hoc</strong></span> <span class='ocrx_word' id='word_1_541' title='bbox 3707 722 3805 777; x_wconf 52' lang='lat' dir='ltr'><strong>iis.</strong></span> 
     </span>
    </p>
   </div>
   <div class='ocr_carea' id='block_1_67' title="bbox 2098 803 3807 881">
    <p class='ocr_par' dir='ltr' id='par_1_67' title="bbox 2098 803 3807 881">
     <span class='ocr_line' id='line_1_67' title="bbox 2098 803 3807 881; baseline 0.005 -23"><span class='ocrx_word' id='word_1_542' title='bbox 2098 808 2184 858; x_wconf 89' lang='lat' dir='ltr'><strong>ret</strong></span> <span class='ocrx_word' id='word_1_543' title='bbox 2214 805 2271 871; x_wconf 72' lang='lat'><strong>1;</strong></span> <span class='ocrx_word' id='word_1_544' title='bbox 2308 803 2439 873; x_wconf 87' lang='lat' dir='ltr'><strong>quia</strong></span> <span class='ocrx_word' id='word_1_545' title='bbox 2486 804 2596 859; x_wconf 93' lang='lat' dir='ltr'><strong>hoc</strong></span> <span class='ocrx_word' id='word_1_546' title='bbox 2637 820 2738 875; x_wconf 90' lang='lat' dir='ltr'><strong>pro</strong></span> <span class='ocrx_word' id='word_1_547' title='bbox 2784 805 2951 861; x_wconf 91' lang='lat' dir='ltr'><strong>nobis</strong></span> <span class='ocrx_word' id='word_1_548' title='bbox 2994 806 3180 861; x_wconf 80' lang='lat' dir='ltr'><strong>factus</strong></span> <span class='ocrx_word' id='word_1_549' title='bbox 3231 814 3341 876; x_wconf 89' lang='lat' dir='ltr'><strong>est,</strong></span> <span class='ocrx_word' id='word_1_550' title='bbox 3374 808 3472 865; x_wconf 91' lang='lat' dir='ltr'><strong>ubi</strong></span> <span class='ocrx_word' id='word_1_551' title='bbox 3505 814 3807 881; x_wconf 85' lang='lat' dir='ltr'><strong>portentur</strong></span> 
     </span>
    </p>
   </div>
   <div class='ocr_carea' id='block_1_68' title="bbox 2096 892 3805 970">
    <p class='ocr_par' dir='ltr' id='par_1_68' title="bbox 2096 892 3805 970">
     <span class='ocr_line' id='line_1_68' title="bbox 2096 892 3805 970; baseline 0.005 -24"><span class='ocrx_word' id='word_1_552' title='bbox 2096 892 2341 960; x_wconf 75' lang='lat' dir='ltr'><strong>infirmi,</strong></span> <span class='ocrx_word' id='word_1_553' title='bbox 2376 896 2433 948; x_wconf 90' lang='lat' dir='ltr'><strong>et</strong></span> <span class='ocrx_word' id='word_1_554' title='bbox 2487 910 2648 949; x_wconf 88' lang='lat' dir='ltr'><strong>mare</strong></span> <span class='ocrx_word' id='word_1_555' title='bbox 2696 895 2893 950; x_wconf 62' lang='lat' dir='ltr'><strong>saeculi</strong></span> <span class='ocrx_word' id='word_1_556' title='bbox 2938 902 3261 965; x_wconf 88' lang='lat' dir='ltr'><strong>transeant,</strong></span> <span class='ocrx_word' id='word_1_557' title='bbox 3284 903 3341 952; x_wconf 90' lang='lat' dir='ltr'><strong>et</strong></span> <span class='ocrx_word' id='word_1_558' title='bbox 3372 902 3708 970; x_wconf 88' lang='lat' dir='ltr'><strong>perveniant</strong></span> <span class='ocrx_word' id='word_1_559' title='bbox 3734 899 3805 955; x_wconf 90' lang='lat' dir='ltr'><strong>ad</strong></span> 
     </span>
    </p>
   </div>
   <div class='ocr_carea' id='block_1_69' title="bbox 2099 983 3805 1059">
    <p class='ocr_par' dir='ltr' id='par_1_69' title="bbox 2099 983 3805 1059">
     <span class='ocr_line' id='line_1_69' title="bbox 2099 983 3805 1059; baseline 0.004 -23"><span class='ocrx_word' id='word_1_560' title='bbox 2099 983 2347 1056; x_wconf 89' lang='lat' dir='ltr'><strong>patriam</strong></span> <span class='ocrx_word' id='word_1_561' title='bbox 2377 1001 2390 1049; x_wconf 90' lang='lat'><strong>;</strong></span> <span class='ocrx_word' id='word_1_562' title='bbox 2435 983 2532 1037; x_wconf 91' lang='lat' dir='ltr'><strong>ubi</strong></span> <span class='ocrx_word' id='word_1_563' title='bbox 2570 985 2692 1054; x_wconf 85' lang='lat' dir='ltr'><strong>jam</strong></span> <span class='ocrx_word' id='word_1_564' title='bbox 2756 984 2881 1038; x_wconf 88' lang='lat' dir='ltr'><strong>navi</strong></span> <span class='ocrx_word' id='word_1_565' title='bbox 2936 1001 3049 1040; x_wconf 90' lang='lat' dir='ltr'><strong>non</strong></span> <span class='ocrx_word' id='word_1_566' title='bbox 3084 1002 3233 1057; x_wconf 91' lang='lat' dir='ltr'><strong>opus</strong></span> <span class='ocrx_word' id='word_1_567' title='bbox 3258 987 3387 1049; x_wconf 88' lang='lat' dir='ltr'><strong>erit,</strong></span> <span class='ocrx_word' id='word_1_568' title='bbox 3416 987 3553 1059; x_wconf 89' lang='lat' dir='ltr'><strong>quia</strong></span> <span class='ocrx_word' id='word_1_569' title='bbox 3576 987 3805 1044; x_wconf 86' lang='lat' dir='ltr'><strong>nullum</strong></span> 
     </span>
    </p>
   </div>
   <div class='ocr_carea' id='block_1_70' title="bbox 2097 1071 3808 1145">
    <p class='ocr_par' dir='ltr' id='par_1_70' title="bbox 2097 1071 3808 1145">
     <span class='ocr_line' id='line_1_70' title="bbox 2097 1071 3808 1145; baseline 0.004 -18"><span class='ocrx_word' id='word_1_570' title='bbox 2097 1088 2254 1127; x_wconf 89' lang='lat' dir='ltr'><strong>mare</strong></span> <span class='ocrx_word' id='word_1_571' title='bbox 2278 1073 2573 1127; x_wconf 83' lang='lat' dir='ltr'><strong>transitur.</strong></span> <span class='ocrx_word' id='word_1_572' title='bbox 2610 1071 2817 1127; x_wconf 90' lang='lat' dir='ltr'><strong>Melius</strong></span> <span class='ocrx_word' id='word_1_573' title='bbox 2867 1078 2955 1128; x_wconf 88' lang='lat' dir='ltr'><strong>est</strong></span> <span class='ocrx_word' id='word_1_574' title='bbox 2984 1089 3119 1145; x_wconf 83' lang='lat' dir='ltr'><strong>ergo</strong></span> <span class='ocrx_word' id='word_1_575' title='bbox 3156 1090 3272 1131; x_wconf 91' lang='lat' dir='ltr'><strong>non</strong></span> <span class='ocrx_word' id='word_1_576' title='bbox 3302 1075 3496 1133; x_wconf 88' lang='lat' dir='ltr'><strong>videre</strong></span> <span class='ocrx_word' id='word_1_577' title='bbox 3526 1086 3718 1134; x_wconf 87' lang='lat' dir='ltr'><strong>mente</strong></span> <span class='ocrx_word' id='word_1_578' title='bbox 3746 1078 3808 1134; x_wconf 89' lang='lat' dir='ltr'><strong>id</strong></span> 
     </span>
    </p>
   </div>
   <div class='ocr_carea' id='block_1_71' title="bbox 2096 1165 3805 1237">
    <p class='ocr_par' dir='ltr' id='par_1_71' title="bbox 2096 1165 3805 1237">
     <span class='ocr_line' id='line_1_71' title="bbox 2096 1165 3805 1237; baseline 0.005 -20"><span class='ocrx_word' id='word_1_579' title='bbox 2096 1166 2247 1235; x_wconf 90' lang='lat' dir='ltr'><strong>quod</strong></span> <span class='ocrx_word' id='word_1_580' title='bbox 2299 1169 2406 1231; x_wconf 89' lang='lat' dir='ltr'><strong>est,</strong></span> <span class='ocrx_word' id='word_1_581' title='bbox 2456 1173 2506 1220; x_wconf 88' lang='lat' dir='ltr'><strong>et</strong></span> <span class='ocrx_word' id='word_1_582' title='bbox 2556 1169 2750 1219; x_wconf 88' lang='lat' dir='ltr'><strong>tamen</strong></span> <span class='ocrx_word' id='word_1_583' title='bbox 2814 1182 2846 1219; x_wconf 88' lang='lat' dir='ltr'><strong>a</strong></span> <span class='ocrx_word' id='word_1_584' title='bbox 2892 1165 3106 1221; x_wconf 89' lang='lat' dir='ltr'><strong>Christi</strong></span> <span class='ocrx_word' id='word_1_585' title='bbox 3146 1182 3317 1223; x_wconf 89' lang='lat' dir='ltr'><strong>cruce</strong></span> <span class='ocrx_word' id='word_1_586' title='bbox 3356 1185 3469 1224; x_wconf 89' lang='lat' dir='ltr'><strong>non</strong></span> <span class='ocrx_word' id='word_1_587' title='bbox 3516 1168 3805 1237; x_wconf 88' lang='lat' dir='ltr'><strong>recedere,</strong></span> 
     </span>
    </p>
   </div>
   <div class='ocr_carea' id='block_1_72' title="bbox 2096 1253 3806 1322">
    <p class='ocr_par' dir='ltr' id='par_1_72' title="bbox 2096 1253 3806 1322">
     <span class='ocr_line' id='line_1_72' title="bbox 2096 1253 3806 1322; baseline 0.004 -13"><span class='ocrx_word' id='word_1_588' title='bbox 2096 1271 2268 1322; x_wconf 86' lang='lat' dir='ltr'><strong>quam</strong></span> <span class='ocrx_word' id='word_1_589' title='bbox 2329 1254 2521 1310; x_wconf 89' lang='lat' dir='ltr'><strong>videre</strong></span> <span class='ocrx_word' id='word_1_590' title='bbox 2578 1253 2722 1309; x_wconf 92' lang='lat' dir='ltr'><strong>illud</strong></span> <span class='ocrx_word' id='word_1_591' title='bbox 2789 1258 3003 1320; x_wconf 89' lang='lat' dir='ltr'><strong>mente,</strong></span> <span class='ocrx_word' id='word_1_592' title='bbox 3037 1260 3094 1310; x_wconf 89' lang='lat' dir='ltr'><strong>et</strong></span> <span class='ocrx_word' id='word_1_593' title='bbox 3143 1272 3376 1313; x_wconf 88' lang='lat' dir='ltr'><strong>crucem</strong></span> <span class='ocrx_word' id='word_1_594' title='bbox 3426 1258 3636 1314; x_wconf 89' lang='lat' dir='ltr'><strong>Christi</strong></span> <span class='ocrx_word' id='word_1_595' title='bbox 3668 1276 3806 1315; x_wconf 81' lang='lat' dir='ltr'><strong>con-</strong></span> 
     </span>
    </p>
   </div>
   <div class='ocr_carea' id='block_1_73' title="bbox 2096 1344 3808 1417">
    <p class='ocr_par' dir='ltr' id='par_1_73' title="bbox 2096 1344 3808 1417">
     <span class='ocr_line' id='line_1_73' title="bbox 2096 1344 3808 1417; baseline 0.003 -19"><span class='ocrx_word' id='word_1_596' title='bbox 2096 1348 2373 1398; x_wconf 87' lang='lat' dir='ltr'><strong>temnere.</strong></span> <span class='ocrx_word' id='word_1_597' title='bbox 2428 1344 2649 1398; x_wconf 88' lang='lat' dir='ltr'><strong>Bonum</strong></span> <span class='ocrx_word' id='word_1_598' title='bbox 2702 1348 2791 1398; x_wconf 88' lang='lat' dir='ltr'><strong>est</strong></span> <span class='ocrx_word' id='word_1_599' title='bbox 2831 1358 3009 1414; x_wconf 89' lang='lat' dir='ltr'><strong>super</strong></span> <span class='ocrx_word' id='word_1_600' title='bbox 3041 1345 3147 1400; x_wconf 88' lang='lat' dir='ltr'><strong>hoc</strong></span> <span class='ocrx_word' id='word_1_601' title='bbox 3176 1352 3229 1399; x_wconf 87' lang='lat' dir='ltr'><strong>et</strong></span> <span class='ocrx_word' id='word_1_602' title='bbox 3259 1347 3572 1417; x_wconf 91' lang='lat' dir='ltr'><strong>optimum,</strong></span> <span class='ocrx_word' id='word_1_603' title='bbox 3605 1348 3651 1403; x_wconf 89' lang='lat' dir='ltr'><strong>si</strong></span> <span class='ocrx_word' id='word_1_604' title='bbox 3685 1349 3808 1405; x_wconf 83' lang='lat' dir='ltr'><strong>ﬁeri</strong></span> 
     </span>
    </p>
   </div>
   <div class='ocr_carea' id='block_1_74' title="bbox 2099 1433 3809 1503">
    <p class='ocr_par' dir='ltr' id='par_1_74' title="bbox 2099 1433 3809 1503">
     <span class='ocr_line' id='line_1_74' title="bbox 2099 1433 3809 1503; baseline 0.004 -16"><span class='ocrx_word' id='word_1_605' title='bbox 2099 1439 2303 1502; x_wconf 87' lang='lat' dir='ltr'><strong>potest,</strong></span> <span class='ocrx_word' id='word_1_606' title='bbox 2360 1438 2421 1487; x_wconf 92' lang='lat' dir='ltr'><strong>ut</strong></span> <span class='ocrx_word' id='word_1_607' title='bbox 2468 1443 2521 1486; x_wconf 88' lang='lat' dir='ltr'><strong>et</strong></span> <span class='ocrx_word' id='word_1_608' title='bbox 2570 1433 2837 1488; x_wconf 81' lang='lat' dir='ltr'><strong>videatur</strong></span> <span class='ocrx_word' id='word_1_609' title='bbox 2885 1450 2997 1503; x_wconf 91' lang='lat' dir='ltr'><strong>quo</strong></span> <span class='ocrx_word' id='word_1_610' title='bbox 3042 1434 3303 1491; x_wconf 89' lang='lat' dir='ltr'><strong>eundum</strong></span> <span class='ocrx_word' id='word_1_611' title='bbox 3335 1437 3429 1502; x_wconf 86' lang='lat' dir='ltr'><strong>sit,</strong></span> <span class='ocrx_word' id='word_1_612' title='bbox 3462 1441 3518 1493; x_wconf 88' lang='lat' dir='ltr'><strong>et</strong></span> <span class='ocrx_word' id='word_1_613' title='bbox 3546 1444 3809 1495; x_wconf 84' lang='lat' dir='ltr'><strong>teneatur</strong></span> 
     </span>
    </p>
   </div>
   <div class='ocr_carea' id='block_1_75' title="bbox 2099 1518 3810 1591">
    <p class='ocr_par' dir='ltr' id='par_1_75' title="bbox 2099 1518 3810 1591">
     <span class='ocr_line' id='line_1_75' title="bbox 2099 1518 3810 1591; baseline 0.005 -18"><span class='ocrx_word' id='word_1_614' title='bbox 2099 1538 2214 1591; x_wconf 91' lang='lat' dir='ltr'><strong>quo</strong></span> <span class='ocrx_word' id='word_1_615' title='bbox 2248 1525 2508 1591; x_wconf 85' lang='lat' dir='ltr'><strong>portetur</strong></span> <span class='ocrx_word' id='word_1_616' title='bbox 2556 1519 2654 1588; x_wconf 90' lang='lat' dir='ltr'><strong>qui</strong></span> <span class='ocrx_word' id='word_1_617' title='bbox 2706 1518 2907 1587; x_wconf 78' lang='lat' dir='ltr'><strong>pergit.</strong></span> <span class='ocrx_word' id='word_1_618' title='bbox 2944 1523 3058 1574; x_wconf 84' lang='lat' dir='ltr'><strong>Hoc</strong></span> <span class='ocrx_word' id='word_1_619' title='bbox 3092 1525 3408 1590; x_wconf 87' lang='lat' dir='ltr'><strong>potuerunt</strong></span> <span class='ocrx_word' id='word_1_620' title='bbox 3430 1530 3656 1580; x_wconf 86' lang='lat' dir='ltr'><strong>mentes</strong></span> <span class='ocrx_word' id='word_1_621' title='bbox 3687 1543 3810 1581; x_wconf 86' lang='lat' dir='ltr'><strong>ma-</strong></span> 
     </span>
    </p>
   </div>
   <div class='ocr_carea' id='block_1_76' title="bbox 2098 1608 3812 1684">
    <p class='ocr_par' dir='ltr' id='par_1_76' title="bbox 2098 1608 3812 1684">
     <span class='ocr_line' id='line_1_76' title="bbox 2098 1608 3812 1684; baseline 0.005 -21"><span class='ocrx_word' id='word_1_622' title='bbox 2098 1627 2223 1681; x_wconf 83' lang='lat' dir='ltr'><strong>gnae</strong></span> <span class='ocrx_word' id='word_1_623' title='bbox 2276 1609 2580 1674; x_wconf 89' lang='lat' dir='ltr'><strong>montium,</strong></span> <span class='ocrx_word' id='word_1_624' title='bbox 2616 1608 2714 1679; x_wconf 90' lang='lat' dir='ltr'><strong>qui</strong></span> <span class='ocrx_word' id='word_1_625' title='bbox 2750 1614 2974 1665; x_wconf 88' lang='lat' dir='ltr'><strong>montes</strong></span> <span class='ocrx_word' id='word_1_626' title='bbox 3010 1610 3149 1665; x_wconf 89' lang='lat' dir='ltr'><strong>dicti</strong></span> <span class='ocrx_word' id='word_1_627' title='bbox 3185 1616 3345 1677; x_wconf 85' lang='lat' dir='ltr'><strong>sunt,</strong></span> <span class='ocrx_word' id='word_1_628' title='bbox 3378 1629 3527 1684; x_wconf 90' lang='lat' dir='ltr'><strong>quos</strong></span> <span class='ocrx_word' id='word_1_629' title='bbox 3558 1616 3812 1671; x_wconf 80' lang='lat' dir='ltr'><strong>maxime</strong></span> 
     </span>
    </p>
   </div>
   <div class='ocr_carea' id='block_1_77' title="bbox 2098 1698 3810 1769">
    <p class='ocr_par' dir='ltr' id='par_1_77' title="bbox 2098 1698 3810 1769">
     <span class='ocr_line' id='line_1_77' title="bbox 2098 1698 3810 1769; baseline 0.002 -14"><span class='ocrx_word' id='word_1_630' title='bbox 2098 1700 2352 1755; x_wconf 89' lang='lat' dir='ltr'><strong>illustrat</strong></span> <span class='ocrx_word' id='word_1_631' title='bbox 2384 1698 2581 1753; x_wconf 90' lang='lat' dir='ltr'><strong>lumen</strong></span> <span class='ocrx_word' id='word_1_632' title='bbox 2605 1698 2855 1768; x_wconf 85' lang='lat' dir='ltr'><strong>justitias</strong></span> <span class='ocrx_word' id='word_1_633' title='bbox 2889 1715 2901 1751; x_wconf 90' lang='lat'>:</span> <span class='ocrx_word' id='word_1_634' title='bbox 2938 1704 3271 1769; x_wconf 90' lang='lat' dir='ltr'><strong>potuerunt,</strong></span> <span class='ocrx_word' id='word_1_635' title='bbox 3303 1706 3360 1757; x_wconf 89' lang='lat' dir='ltr'><strong>et</strong></span> <span class='ocrx_word' id='word_1_636' title='bbox 3376 1703 3646 1760; x_wconf 86' lang='lat' dir='ltr'><strong>viderunt</strong></span> <span class='ocrx_word' id='word_1_637' title='bbox 3666 1703 3810 1761; x_wconf 88' lang='lat' dir='ltr'><strong>illud</strong></span> 
     </span>
    </p>
   </div>
   <div class='ocr_carea' id='block_1_78' title="bbox 2101 1788 3809 1865">
    <p class='ocr_par' dir='ltr' id='par_1_78' title="bbox 2101 1788 3809 1865">
     <span class='ocr_line' id='line_1_78' title="bbox 2101 1788 3809 1865; baseline 0.003 -21"><span class='ocrx_word' id='word_1_638' title='bbox 2101 1791 2254 1862; x_wconf 89' lang='lat' dir='ltr'><strong>quod</strong></span> <span class='ocrx_word' id='word_1_639' title='bbox 2290 1793 2394 1843; x_wconf 86' lang='lat' dir='ltr'><strong>est.</strong></span> <span class='ocrx_word' id='word_1_640' title='bbox 2440 1788 2582 1844; x_wconf 89' lang='lat' dir='ltr'><strong>Nam</strong></span> <span class='ocrx_word' id='word_1_641' title='bbox 2624 1788 2825 1843; x_wconf 89' lang='lat' dir='ltr'><strong>videns</strong></span> <span class='ocrx_word' id='word_1_642' title='bbox 2873 1788 3128 1845; x_wconf 87' lang='lat' dir='ltr'><strong>Joannes</strong></span> <span class='ocrx_word' id='word_1_643' title='bbox 3159 1789 3408 1859; x_wconf 91' lang='lat' dir='ltr'><strong>dicebat,</strong></span> <span class='ocrx_word' id='word_1_644' title='bbox 3440 1795 3506 1848; x_wconf 88' lang='lat' dir='ltr'><strong>In</strong></span> <span class='ocrx_word' id='word_1_645' title='bbox 3530 1795 3809 1865; x_wconf 84' lang='lat' dir='ltr'><strong>principio</strong></span> 
     </span>
    </p>
   </div>
   <div class='ocr_carea' id='block_1_79' title="bbox 2098 1880 3815 1954">
    <p class='ocr_par' dir='ltr' id='par_1_79' title="bbox 2098 1880 3815 1954">
     <span class='ocr_line' id='line_1_79' title="bbox 2098 1880 3815 1954; baseline 0.004 -20"><span class='ocrx_word' id='word_1_646' title='bbox 2098 1886 2218 1934; x_wconf 84' lang='lat' dir='ltr'><strong>erat</strong></span> <span class='ocrx_word' id='word_1_647' title='bbox 2255 1880 2519 1945; x_wconf 79' lang='lat' dir='ltr'><strong>Verbum,</strong></span> <span class='ocrx_word' id='word_1_648' title='bbox 2551 1888 2601 1934; x_wconf 90' lang='lat' dir='ltr'><strong>et</strong></span> <span class='ocrx_word' id='word_1_649' title='bbox 2635 1880 2864 1935; x_wconf 76' lang='lat' dir='ltr'><strong>Verbum</strong></span> <span class='ocrx_word' id='word_1_650' title='bbox 2894 1885 3015 1935; x_wconf 85' lang='lat' dir='ltr'><strong>erat</strong></span> <span class='ocrx_word' id='word_1_651' title='bbox 3044 1882 3188 1953; x_wconf 82' lang='lat' dir='ltr'><strong>apud</strong></span> <span class='ocrx_word' id='word_1_652' title='bbox 3220 1883 3408 1954; x_wconf 89' lang='lat' dir='ltr'><strong>Deum,</strong></span> <span class='ocrx_word' id='word_1_653' title='bbox 3441 1888 3493 1939; x_wconf 82' lang='lat' dir='ltr'><strong>et</strong></span> <span class='ocrx_word' id='word_1_654' title='bbox 3524 1885 3663 1940; x_wconf 72' lang='lat' dir='ltr'><strong>Deus</strong></span> <span class='ocrx_word' id='word_1_655' title='bbox 3693 1894 3815 1942; x_wconf 78' lang='lat' dir='ltr'><strong>erat</strong></span> 
     </span>
    </p>
   </div>
   <div class='ocr_carea' id='block_1_80' title="bbox 2105 1967 3807 2042">
    <p class='ocr_par' dir='ltr' id='par_1_80' title="bbox 2105 1967 3807 2042">
     <span class='ocr_line' id='line_1_80' title="bbox 2105 1967 3807 2042; baseline 0.003 -19"><span class='ocrx_word' id='word_1_656' title='bbox 2105 1970 2360 2023; x_wconf 71' lang='lat' dir='ltr'><strong>Verbum.</strong></span> <span class='ocrx_word' id='word_1_657' title='bbox 2397 1968 2675 2023; x_wconf 89' lang='lat' dir='ltr'><strong>Viderunt</strong></span> <span class='ocrx_word' id='word_1_658' title='bbox 2719 1967 2847 2034; x_wconf 92' lang='lat' dir='ltr'><strong>hoc,</strong></span> <span class='ocrx_word' id='word_1_659' title='bbox 2883 1973 2940 2023; x_wconf 89' lang='lat' dir='ltr'><strong>et</strong></span> <span class='ocrx_word' id='word_1_660' title='bbox 2979 1974 3043 2023; x_wconf 90' lang='lat' dir='ltr'><strong>ut</strong></span> <span class='ocrx_word' id='word_1_661' title='bbox 3073 1970 3433 2039; x_wconf 80' lang='lat' dir='ltr'><strong>pervenirent</strong></span> <span class='ocrx_word' id='word_1_662' title='bbox 3462 1973 3536 2027; x_wconf 88' lang='lat' dir='ltr'><strong>ad</strong></span> <span class='ocrx_word' id='word_1_663' title='bbox 3568 1974 3623 2028; x_wconf 91' lang='lat' dir='ltr'><strong>id</strong></span> <span class='ocrx_word' id='word_1_664' title='bbox 3657 1975 3807 2042; x_wconf 85' lang='lat' dir='ltr'><strong>quod</strong></span> 
     </span>
    </p>
   </div>
   <div class='ocr_carea' id='block_1_81' title="bbox 2101 2056 3807 2134">
    <p class='ocr_par' dir='ltr' id='par_1_81' title="bbox 2101 2056 3807 2134">
     <span class='ocr_line' id='line_1_81' title="bbox 2101 2056 3807 2134; baseline 0.004 -21"><span class='ocrx_word' id='word_1_665' title='bbox 2101 2059 2371 2113; x_wconf 84' lang='lat' dir='ltr'><strong>videbant</strong></span> <span class='ocrx_word' id='word_1_666' title='bbox 2401 2059 2470 2113; x_wconf 91' lang='lat' dir='ltr'><strong>de</strong></span> <span class='ocrx_word' id='word_1_667' title='bbox 2528 2056 2719 2129; x_wconf 87' lang='lat' dir='ltr'><strong>longe,</strong></span> <span class='ocrx_word' id='word_1_668' title='bbox 2753 2076 2787 2113; x_wconf 91' lang='lat' dir='ltr'><strong>a</strong></span> <span class='ocrx_word' id='word_1_669' title='bbox 2816 2075 2986 2114; x_wconf 90' lang='lat' dir='ltr'><strong>cruce</strong></span> <span class='ocrx_word' id='word_1_670' title='bbox 3031 2059 3243 2116; x_wconf 91' lang='lat' dir='ltr'><strong>Christi</strong></span> <span class='ocrx_word' id='word_1_671' title='bbox 3274 2078 3389 2120; x_wconf 90' lang='lat' dir='ltr'><strong>non</strong></span> <span class='ocrx_word' id='word_1_672' title='bbox 3421 2067 3807 2134; x_wconf 86' lang='lat' dir='ltr'><strong>recesserunt,</strong></span> 
     </span>
    </p>
   </div>
   <div class='ocr_carea' id='block_1_82' title="bbox 2101 2147 3807 2222">
    <p class='ocr_par' dir='ltr' id='par_1_82' title="bbox 2101 2147 3807 2222">
     <span class='ocr_line' id='line_1_82' title="bbox 2101 2147 3807 2222; baseline 0.001 -18"><span class='ocrx_word' id='word_1_673' title='bbox 2101 2153 2156 2204; x_wconf 90' lang='lat' dir='ltr'><strong>et</strong></span> <span class='ocrx_word' id='word_1_674' title='bbox 2188 2147 2578 2203; x_wconf 87' lang='lat' dir='ltr'><strong>humilitatem</strong></span> <span class='ocrx_word' id='word_1_675' title='bbox 2632 2147 2845 2203; x_wconf 86' lang='lat' dir='ltr'><strong>Christi</strong></span> <span class='ocrx_word' id='word_1_676' title='bbox 2896 2165 3009 2203; x_wconf 92' lang='lat' dir='ltr'><strong>non</strong></span> <span class='ocrx_word' id='word_1_677' title='bbox 3050 2155 3547 2222; x_wconf 84' lang='lat' dir='ltr'><strong>contempserunt.</strong></span> <span class='ocrx_word' id='word_1_678' title='bbox 3581 2152 3807 2208; x_wconf 83' lang='lat' dir='ltr'><strong>Parvuli</strong></span> 
     </span>
    </p>
   </div>
   <div class='ocr_carea' id='block_1_83' title="bbox 2100 2236 3810 2309">
    <p class='ocr_par' dir='ltr' id='par_1_83' title="bbox 2100 2236 3810 2309">
     <span class='ocr_line' id='line_1_83' title="bbox 2100 2236 3810 2309; baseline 0.004 -17"><span class='ocrx_word' id='word_1_679' title='bbox 2100 2254 2233 2293; x_wconf 89' lang='lat' dir='ltr'><strong>vero</strong></span> <span class='ocrx_word' id='word_1_680' title='bbox 2267 2238 2361 2306; x_wconf 89' lang='lat' dir='ltr'><strong>qui</strong></span> <span class='ocrx_word' id='word_1_681' title='bbox 2387 2236 2496 2292; x_wconf 90' lang='lat' dir='ltr'><strong>hoc</strong></span> <span class='ocrx_word' id='word_1_682' title='bbox 2528 2254 2638 2290; x_wconf 92' lang='lat' dir='ltr'><strong>non</strong></span> <span class='ocrx_word' id='word_1_683' title='bbox 2674 2246 2917 2307; x_wconf 89' lang='lat' dir='ltr'><strong>possunt</strong></span> <span class='ocrx_word' id='word_1_684' title='bbox 2958 2238 3298 2309; x_wconf 75' lang='lat' dir='ltr'><strong>intelligere,</strong></span> <span class='ocrx_word' id='word_1_685' title='bbox 3331 2258 3445 2297; x_wconf 91' lang='lat' dir='ltr'><strong>non</strong></span> <span class='ocrx_word' id='word_1_686' title='bbox 3476 2243 3810 2299; x_wconf 89' lang='lat' dir='ltr'><strong>recedentes</strong></span> 
     </span>
    </p>
   </div>
   <div class='ocr_carea' id='block_1_84' title="bbox 2101 2326 3810 2403">
    <p class='ocr_par' dir='ltr' id='par_1_84' title="bbox 2101 2326 3810 2403">
     <span class='ocr_line' id='line_1_84' title="bbox 2101 2326 3810 2403; baseline 0.003 -20"><span class='ocrx_word' id='word_1_687' title='bbox 2101 2345 2134 2383; x_wconf 92' lang='lat' dir='ltr'><strong>a</strong></span> <span class='ocrx_word' id='word_1_688' title='bbox 2164 2342 2335 2382; x_wconf 87' lang='lat' dir='ltr'><strong>cruce</strong></span> <span class='ocrx_word' id='word_1_689' title='bbox 2365 2330 2422 2381; x_wconf 89' lang='lat' dir='ltr'><strong>et</strong></span> <span class='ocrx_word' id='word_1_690' title='bbox 2480 2326 2749 2396; x_wconf 86' lang='lat' dir='ltr'><strong>passione</strong></span> <span class='ocrx_word' id='word_1_691' title='bbox 2797 2334 2850 2383; x_wconf 89' lang='lat' dir='ltr'><strong>et</strong></span> <span class='ocrx_word' id='word_1_692' title='bbox 2881 2330 3300 2386; x_wconf 88' lang='lat' dir='ltr'><strong>resurrectione</strong></span> <span class='ocrx_word' id='word_1_693' title='bbox 3330 2330 3568 2400; x_wconf 90' lang='lat' dir='ltr'><strong>Christi,</strong></span> <span class='ocrx_word' id='word_1_694' title='bbox 3600 2332 3657 2387; x_wconf 87' lang='lat' dir='ltr'><strong>in</strong></span> <span class='ocrx_word' id='word_1_695' title='bbox 3681 2331 3810 2403; x_wconf 89' lang='lat' dir='ltr'><strong>ipsa</strong></span> 
     </span>
    </p>
   </div>
   <div class='ocr_carea' id='block_1_85' title="bbox 2102 2416 3809 2492">
    <p class='ocr_par' dir='ltr' id='par_1_85' title="bbox 2102 2416 3809 2492">
     <span class='ocr_line' id='line_1_85' title="bbox 2102 2416 3809 2492; baseline 0.002 -18"><span class='ocrx_word' id='word_1_696' title='bbox 2102 2417 2233 2474; x_wconf 88' lang='lat' dir='ltr'><strong>navi</strong></span> <span class='ocrx_word' id='word_1_697' title='bbox 2266 2416 2667 2488; x_wconf 84' lang='lat' dir='ltr'><strong>perducuntur</strong></span> <span class='ocrx_word' id='word_1_698' title='bbox 2697 2418 2769 2472; x_wconf 88' lang='lat' dir='ltr'><strong>ad</strong></span> <span class='ocrx_word' id='word_1_699' title='bbox 2800 2417 2853 2471; x_wconf 87' lang='lat' dir='ltr'><strong>id</strong></span> <span class='ocrx_word' id='word_1_700' title='bbox 2876 2419 3027 2488; x_wconf 90' lang='lat' dir='ltr'><strong>quod</strong></span> <span class='ocrx_word' id='word_1_701' title='bbox 3049 2435 3163 2475; x_wconf 89' lang='lat' dir='ltr'><strong>non</strong></span> <span class='ocrx_word' id='word_1_702' title='bbox 3193 2420 3410 2488; x_wconf 89' lang='lat' dir='ltr'><strong>vident,</strong></span> <span class='ocrx_word' id='word_1_703' title='bbox 3437 2420 3493 2476; x_wconf 90' lang='lat' dir='ltr'><strong>in</strong></span> <span class='ocrx_word' id='word_1_704' title='bbox 3529 2437 3645 2492; x_wconf 88' lang='lat' dir='ltr'><strong>qua</strong></span> <span class='ocrx_word' id='word_1_705' title='bbox 3677 2423 3809 2478; x_wconf 90' lang='lat' dir='ltr'><strong>navi</strong></span> 
     </span>
    </p>
   </div>
   <div class='ocr_carea' id='block_1_86' title="bbox 2094 2506 3019 2579">
    <p class='ocr_par' dir='ltr' id='par_1_86' title="bbox 2094 2506 3019 2579">
     <span class='ocr_line' id='line_1_86' title="bbox 2094 2506 3019 2579; baseline 0.001 -17"><span class='ocrx_word' id='word_1_706' title='bbox 2094 2506 2441 2579; x_wconf 89' lang='lat' dir='ltr'><strong>perveniunt</strong></span> <span class='ocrx_word' id='word_1_707' title='bbox 2471 2510 2527 2561; x_wconf 91' lang='lat' dir='ltr'><strong>et</strong></span> <span class='ocrx_word' id='word_1_708' title='bbox 2556 2506 2638 2560; x_wconf 89' lang='lat' dir='ltr'><strong>illi</strong></span> <span class='ocrx_word' id='word_1_709' title='bbox 2672 2506 2770 2578; x_wconf 91' lang='lat' dir='ltr'><strong>qui</strong></span> <span class='ocrx_word' id='word_1_710' title='bbox 2804 2507 3019 2563; x_wconf 91' lang='lat' dir='ltr'><strong>vident.</strong></span> 
     </span>
    </p>
   </div>
   <div class='ocr_carea' id='block_1_87' title="bbox 2167 2596 3808 2669">
    <p class='ocr_par' dir='ltr' id='par_1_87' title="bbox 2167 2596 3808 2669">
     <span class='ocr_line' id='line_1_87' title="bbox 2167 2596 3808 2669; baseline 0.003 -19"><span class='ocrx_word' id='word_1_711' title='bbox 2167 2597 2218 2650; x_wconf 86' lang='grc'><strong>4.</strong></span> <span class='ocrx_word' id='word_1_712' title='bbox 2251 2598 2324 2651; x_wconf 83' lang='lat' dir='ltr'><strong>At</strong></span> <span class='ocrx_word' id='word_1_713' title='bbox 2354 2612 2487 2650; x_wconf 91' lang='lat' dir='ltr'><strong>vero</strong></span> <span class='ocrx_word' id='word_1_714' title='bbox 2546 2596 2785 2666; x_wconf 87' lang='lat' dir='ltr'><strong>quidam</strong></span> <span class='ocrx_word' id='word_1_715' title='bbox 2834 2596 3161 2668; x_wconf 82' lang='lat' dir='ltr'><strong>philoSOpbi</strong></span> <span class='ocrx_word' id='word_1_716' title='bbox 3197 2598 3371 2669; x_wconf 91' lang='lat' dir='ltr'><strong>hujus</strong></span> <span class='ocrx_word' id='word_1_717' title='bbox 3401 2600 3602 2654; x_wconf 87' lang='lat' dir='ltr'><strong>mundi</strong></span> <span class='ocrx_word' id='word_1_718' title='bbox 3635 2600 3808 2655; x_wconf 84' lang='lat' dir='ltr'><strong>exsti-</strong></span> 
     </span>
    </p>
   </div>
   <div class='ocr_carea' id='block_1_88' title="bbox 2099 2685 3803 2758">
    <p class='ocr_par' dir='ltr' id='par_1_88' title="bbox 2099 2685 3803 2758">
     <span class='ocr_line' id='line_1_88' title="bbox 2099 2685 3803 2758; baseline 0.002 -16"><span class='ocrx_word' id='word_1_719' title='bbox 2099 2690 2393 2755; x_wconf 88' lang='lat' dir='ltr'><strong>terunt,et</strong></span> <span class='ocrx_word' id='word_1_720' title='bbox 2439 2685 2834 2756; x_wconf 86' lang='lat' dir='ltr'><strong>inquisierunt</strong></span> <span class='ocrx_word' id='word_1_721' title='bbox 2888 2688 3219 2743; x_wconf 89' lang='lat' dir='ltr'><strong>Creatorem</strong></span> <span class='ocrx_word' id='word_1_722' title='bbox 3275 2704 3376 2758; x_wconf 89' lang='lat' dir='ltr'><strong>per</strong></span> <span class='ocrx_word' id='word_1_723' title='bbox 3421 2692 3751 2745; x_wconf 89' lang='lat' dir='ltr'><strong>creaturam</strong></span> <span class='ocrx_word' id='word_1_724' title='bbox 3788 2706 3803 2745; x_wconf 89' lang='lat'><strong>:</strong></span> 
     </span>
    </p>
   </div>
   <div class='ocr_carea' id='block_1_89' title="bbox 2101 2775 3807 2847">
    <p class='ocr_par' dir='ltr' id='par_1_89' title="bbox 2101 2775 3807 2847">
     <span class='ocr_line' id='line_1_89' title="bbox 2101 2775 3807 2847; baseline 0.001 -17"><span class='ocrx_word' id='word_1_725' title='bbox 2101 2777 2240 2847; x_wconf 90' lang='lat' dir='ltr'><strong>quia</strong></span> <span class='ocrx_word' id='word_1_726' title='bbox 2298 2778 2488 2845; x_wconf 88' lang='lat' dir='ltr'><strong>potest</strong></span> <span class='ocrx_word' id='word_1_727' title='bbox 2536 2775 2782 2831; x_wconf 89' lang='lat' dir='ltr'><strong>inveniri</strong></span> <span class='ocrx_word' id='word_1_728' title='bbox 2852 2792 2953 2846; x_wconf 89' lang='lat' dir='ltr'><strong>per</strong></span> <span class='ocrx_word' id='word_1_729' title='bbox 3001 2779 3351 2845; x_wconf 89' lang='lat' dir='ltr'><strong>creaturam,</strong></span> <span class='ocrx_word' id='word_1_730' title='bbox 3403 2778 3702 2834; x_wconf 89' lang='lat' dir='ltr'><strong>evidenter</strong></span> <span class='ocrx_word' id='word_1_731' title='bbox 3722 2778 3807 2834; x_wconf 91' lang='lat' dir='ltr'><strong>di-</strong></span> 
     </span>
    </p>
   </div>
   <div class='ocr_carea' id='block_1_90' title="bbox 2099 2864 3810 2936">
    <p class='ocr_par' dir='ltr' id='par_1_90' title="bbox 2099 2864 3810 2936">
     <span class='ocr_line' id='line_1_90' title="bbox 2099 2864 3810 2936; baseline 0.001 -15"><span class='ocrx_word' id='word_1_732' title='bbox 2099 2874 2264 2921; x_wconf 88' lang='lat' dir='ltr'><strong>cente</strong></span> <span class='ocrx_word' id='word_1_733' title='bbox 2317 2865 2612 2935; x_wconf 84' lang='lat' dir='ltr'><strong>Apostolo,</strong></span> <span class='ocrx_word' id='word_1_734' title='bbox 2662 2864 2978 2919; x_wconf 78' lang='lat' dir='ltr'><strong>lnvisibilia</strong></span> <span class='ocrx_word' id='word_1_735' title='bbox 3047 2866 3194 2920; x_wconf 87' lang='lat' dir='ltr'><strong>enim</strong></span> <span class='ocrx_word' id='word_1_736' title='bbox 3260 2870 3401 2936; x_wconf 80' lang='lat' dir='ltr'><strong>eius,</strong></span> <span class='ocrx_word' id='word_1_737' title='bbox 3459 2884 3492 2922; x_wconf 93' lang='lat' dir='ltr'><strong>a</strong></span> <span class='ocrx_word' id='word_1_738' title='bbox 3548 2870 3810 2923; x_wconf 83' lang='lat' dir='ltr'><strong>constitu-</strong></span> 
     </span>
    </p>
   </div>
   <div class='ocr_carea' id='block_1_91' title="bbox 2098 2962 3811 3036">
    <p class='ocr_par' dir='ltr' id='par_1_91' title="bbox 2098 2962 3811 3036">
     <span class='ocr_line' id='line_1_91' title="bbox 2098 2962 3811 3036; baseline 0.001 -19"><span class='ocrx_word' id='word_1_739' title='bbox 2098 2964 2244 3019; x_wconf 83' lang='lat' dir='ltr'><strong>tione</strong></span> <span class='ocrx_word' id='word_1_740' title='bbox 2295 2962 2506 3027; x_wconf 83' lang='lat' dir='ltr'><strong>mundi,</strong></span> <span class='ocrx_word' id='word_1_741' title='bbox 2537 2978 2643 3032; x_wconf 79' lang='lat' dir='ltr'><strong>per</strong></span> <span class='ocrx_word' id='word_1_742' title='bbox 2688 2977 2750 3016; x_wconf 87' lang='lat' dir='ltr'><strong>ea</strong></span> <span class='ocrx_word' id='word_1_743' title='bbox 2809 2978 2929 3033; x_wconf 71' lang='lat' dir='ltr'><strong>qua:</strong></span> <span class='ocrx_word' id='word_1_744' title='bbox 2958 2964 3103 3026; x_wconf 76' lang='lat' dir='ltr'><strong>facta</strong></span> <span class='ocrx_word' id='word_1_745' title='bbox 3132 2966 3276 3029; x_wconf 82' lang='lat' dir='ltr'><strong>sunt,</strong></span> <span class='ocrx_word' id='word_1_746' title='bbox 3303 2965 3578 3020; x_wconf 81' lang='lat' dir='ltr'><strong>intellecta</strong></span> <span class='ocrx_word' id='word_1_747' title='bbox 3597 2966 3811 3036; x_wconf 83' lang='lat' dir='ltr'><strong>conspi-</strong></span> 
     </span>
    </p>
   </div>
   <div class='ocr_carea' id='block_1_92' title="bbox 2102 3051 3809 3124">
    <p class='ocr_par' dir='ltr' id='par_1_92' title="bbox 2102 3051 3809 3124">
     <span class='ocr_line' id='line_1_92' title="bbox 2102 3051 3809 3124; baseline 0.001 -17"><span class='ocrx_word' id='word_1_748' title='bbox 2102 3054 2368 3119; x_wconf 82' lang='lat' dir='ltr'><strong>ciuntur,-</strong></span> <span class='ocrx_word' id='word_1_749' title='bbox 2413 3051 2749 3122; x_wconf 81' lang='lat' dir='ltr'><strong>sempilernu</strong></span> <span class='ocrx_word' id='word_1_750' title='bbox 2791 3069 2999 3123; x_wconf 80' lang='lat' dir='ltr'><strong>quoque</strong></span> <span class='ocrx_word' id='word_1_751' title='bbox 3054 3054 3226 3108; x_wconf 81' lang='lat' dir='ltr'><strong>virtus</strong></span> <span class='ocrx_word' id='word_1_752' title='bbox 3260 3054 3378 3124; x_wconf 82' lang='lat' dir='ltr'><strong>ejus</strong></span> <span class='ocrx_word' id='word_1_753' title='bbox 3436 3059 3485 3109; x_wconf 85' lang='lat' dir='ltr'><strong>et</strong></span> <span class='ocrx_word' id='word_1_754' title='bbox 3519 3054 3809 3119; x_wconf 83' lang='lat' dir='ltr'><strong>divinitas,</strong></span> 
     </span>
    </p>
   </div>
   <div class='ocr_carea' id='block_1_93' title="bbox 2101 3140 3812 3217">
    <p class='ocr_par' dir='ltr' id='par_1_93' title="bbox 2101 3140 3812 3217">
     <span class='ocr_line' id='line_1_93' title="bbox 2101 3140 3812 3217; baseline 0.001 -22"><span class='ocrx_word' id='word_1_755' title='bbox 2101 3146 2161 3195; x_wconf 87' lang='lat' dir='ltr'><strong>ut</strong></span> <span class='ocrx_word' id='word_1_756' title='bbox 2217 3142 2325 3196; x_wconf 82' lang='lat' dir='ltr'><strong>sint</strong></span> <span class='ocrx_word' id='word_1_757' title='bbox 2348 3140 2767 3196; x_wconf 73' lang='lat' dir='ltr'><strong>inexcusabiles.</strong></span> <span class='ocrx_word' id='word_1_758' title='bbox 2804 3140 2870 3195; x_wconf 88' lang='lat' dir='ltr'><strong>Et</strong></span> <span class='ocrx_word' id='word_1_759' title='bbox 2900 3141 3184 3212; x_wconf 90' lang='lat' dir='ltr'><strong>sequitur,</strong></span> <span class='ocrx_word' id='word_1_760' title='bbox 3214 3143 3359 3212; x_wconf 86' lang='lat' dir='ltr'><strong>Quia</strong></span> <span class='ocrx_word' id='word_1_761' title='bbox 3387 3159 3513 3197; x_wconf 88' lang='lat' dir='ltr'><strong>cum</strong></span> <span class='ocrx_word' id='word_1_762' title='bbox 3539 3147 3812 3217; x_wconf 82' lang='lat' dir='ltr'><strong>cognovis-</strong></span> 
     </span>
    </p>
   </div>
   <div class='ocr_carea' id='block_1_94' title="bbox 2102 3227 3813 3301">
    <p class='ocr_par' dir='ltr' id='par_1_94' title="bbox 2102 3227 3813 3301">
     <span class='ocr_line' id='line_1_94' title="bbox 2102 3227 3813 3301; baseline 0.001 -16"><span class='ocrx_word' id='word_1_763' title='bbox 2102 3236 2223 3285; x_wconf 83' lang='lat' dir='ltr'><strong>sent</strong></span> <span class='ocrx_word' id='word_1_764' title='bbox 2257 3229 2456 3283; x_wconf 88' lang='lat' dir='ltr'><strong>Deum:</strong></span> <span class='ocrx_word' id='word_1_765' title='bbox 2500 3244 2615 3283; x_wconf 92' lang='lat' dir='ltr'><strong>non</strong></span> <span class='ocrx_word' id='word_1_766' title='bbox 2665 3228 2829 3293; x_wconf 82' lang='lat' dir='ltr'><strong>dixit,</strong></span> <span class='ocrx_word' id='word_1_767' title='bbox 2861 3227 3004 3291; x_wconf 89' lang='lat' dir='ltr'><strong>Quia</strong></span> <span class='ocrx_word' id='word_1_768' title='bbox 3035 3245 3149 3285; x_wconf 92' lang='lat' dir='ltr'><strong>non</strong></span> <span class='ocrx_word' id='word_1_769' title='bbox 3198 3236 3596 3301; x_wconf 82' lang='lat' dir='ltr'><strong>cognoverunt</strong></span> <span class='ocrx_word' id='word_1_770' title='bbox 3629 3250 3642 3299; x_wconf 91' lang='lat'><strong>;</strong></span> <span class='ocrx_word' id='word_1_771' title='bbox 3690 3233 3813 3297; x_wconf 89' lang='lat' dir='ltr'><strong>sed,</strong></span> 
     </span>
    </p>
   </div>
   <div class='ocr_carea' id='block_1_95' title="bbox 2106 3317 3816 3392">
    <p class='ocr_par' dir='ltr' id='par_1_95' title="bbox 2106 3317 3816 3392">
     <span class='ocr_line' id='line_1_95' title="bbox 2106 3317 3816 3392; baseline 0.004 -21"><span class='ocrx_word' id='word_1_772' title='bbox 2106 3317 2250 3386; x_wconf 84' lang='lat' dir='ltr'><strong>Quia</strong></span> <span class='ocrx_word' id='word_1_773' title='bbox 2279 3334 2404 3373; x_wconf 88' lang='lat' dir='ltr'><strong>cum</strong></span> <span class='ocrx_word' id='word_1_774' title='bbox 2423 3318 2791 3388; x_wconf 76' lang='lat' dir='ltr'><strong>cognovissent</strong></span> <span class='ocrx_word' id='word_1_775' title='bbox 2822 3318 3009 3385; x_wconf 87' lang='lat' dir='ltr'><strong>Deum,</strong></span> <span class='ocrx_word' id='word_1_776' title='bbox 3043 3336 3153 3374; x_wconf 91' lang='lat' dir='ltr'><strong>non</strong></span> <span class='ocrx_word' id='word_1_777' title='bbox 3174 3319 3316 3374; x_wconf 87' lang='lat' dir='ltr'><strong>sicut</strong></span> <span class='ocrx_word' id='word_1_778' title='bbox 3344 3321 3510 3376; x_wconf 89' lang='lat' dir='ltr'><strong>Deum</strong></span> <span class='ocrx_word' id='word_1_779' title='bbox 3530 3321 3816 3392; x_wconf 79' lang='lat' dir='ltr'><strong>gloriﬁca-</strong></span> 
     </span>
    </p>
   </div>
   <div class='ocr_carea' id='block_1_96' title="bbox 2105 3410 3816 3483">
    <p class='ocr_par' dir='ltr' id='par_1_96' title="bbox 2105 3410 3816 3483">
     <span class='ocr_line' id='line_1_96' title="bbox 2105 3410 3816 3483; baseline 0.002 -19"><span class='ocrx_word' id='word_1_780' title='bbox 2105 3416 2327 3475; x_wconf 78' lang='lat' dir='ltr'><strong>verunt,</strong></span> <span class='ocrx_word' id='word_1_781' title='bbox 2358 3416 2454 3464; x_wconf 85' lang='lat' dir='ltr'><strong>aut</strong></span> <span class='ocrx_word' id='word_1_782' title='bbox 2472 3410 2682 3477; x_wconf 87' lang='lat' dir='ltr'><strong>gratias</strong></span> <span class='ocrx_word' id='word_1_783' title='bbox 2706 3412 2925 3480; x_wconf 84' lang='lat' dir='ltr'><strong>egerunt</strong></span> <span class='ocrx_word' id='word_1_784' title='bbox 2939 3426 2959 3471; x_wconf 86' lang='grc'><strong>.·</strong></span> <span class='ocrx_word' id='word_1_785' title='bbox 2977 3410 3069 3465; x_wconf 83' lang='lat' dir='ltr'><strong>sed</strong></span> <span class='ocrx_word' id='word_1_786' title='bbox 3097 3417 3433 3467; x_wconf 76' lang='lat' dir='ltr'><strong>evanuerunt</strong></span> <span class='ocrx_word' id='word_1_787' title='bbox 3448 3413 3508 3467; x_wconf 81' lang='lat' dir='ltr'><strong>in</strong></span> <span class='ocrx_word' id='word_1_788' title='bbox 3531 3415 3816 3483; x_wconf 84' lang='lat' dir='ltr'><strong>cogitatio-</strong></span> 
     </span>
    </p>
   </div>
   <div class='ocr_carea' id='block_1_97' title="bbox 2105 3498 3817 3568">
    <p class='ocr_par' dir='ltr' id='par_1_97' title="bbox 2105 3498 3817 3568">
     <span class='ocr_line' id='line_1_97' title="bbox 2105 3498 3817 3568; baseline 0.002 -16"><span class='ocrx_word' id='word_1_789' title='bbox 2105 3498 2271 3553; x_wconf 82' lang='lat' dir='ltr'><strong>nibus</strong></span> <span class='ocrx_word' id='word_1_790' title='bbox 2299 3499 2434 3567; x_wconf 84' lang='lat' dir='ltr'><strong>suis,</strong></span> <span class='ocrx_word' id='word_1_791' title='bbox 2456 3507 2507 3553; x_wconf 85' lang='lat' dir='ltr'><strong>et</strong></span> <span class='ocrx_word' id='word_1_792' title='bbox 2535 3499 2852 3552; x_wconf 84' lang='lat' dir='ltr'><strong>obcuratum</strong></span> <span class='ocrx_word' id='word_1_793' title='bbox 2882 3506 2959 3553; x_wconf 88' lang='lat' dir='ltr'><strong>est</strong></span> <span class='ocrx_word' id='word_1_794' title='bbox 2990 3499 3261 3568; x_wconf 77' lang='lat' dir='ltr'><strong>insipiens</strong></span> <span class='ocrx_word' id='word_1_795' title='bbox 3292 3516 3383 3554; x_wconf 84' lang='lat' dir='ltr'><strong>cor</strong></span> <span class='ocrx_word' id='word_1_796' title='bbox 3413 3516 3623 3556; x_wconf 88' lang='lat' dir='ltr'><strong>eorum.</strong></span> <span class='ocrx_word' id='word_1_797' title='bbox 3656 3500 3817 3557; x_wconf 85' lang='lat' dir='ltr'><strong>Unde</strong></span> 
     </span>
    </p>
   </div>
   <div class='ocr_carea' id='block_1_98' title="bbox 2109 3586 3821 3659">
    <p class='ocr_par' dir='ltr' id='par_1_98' title="bbox 2109 3586 3821 3659">
     <span class='ocr_line' id='line_1_98' title="bbox 2109 3586 3821 3659; baseline 0.001 -15"><span class='ocrx_word' id='word_1_798' title='bbox 2109 3589 2533 3644; x_wconf 83' lang='lat' dir='ltr'><strong>obscuratum?</strong></span> <span class='ocrx_word' id='word_1_799' title='bbox 2577 3587 2870 3656; x_wconf 90' lang='lat' dir='ltr'><strong>Sequitur,</strong></span> <span class='ocrx_word' id='word_1_800' title='bbox 2912 3591 2967 3640; x_wconf 88' lang='lat' dir='ltr'><strong>et</strong></span> <span class='ocrx_word' id='word_1_801' title='bbox 3006 3586 3147 3641; x_wconf 89' lang='lat' dir='ltr'><strong>dicit</strong></span> <span class='ocrx_word' id='word_1_802' title='bbox 3192 3588 3447 3659; x_wconf 89' lang='lat' dir='ltr'><strong>apertius</strong></span> <span class='ocrx_word' id='word_1_803' title='bbox 3496 3605 3509 3643; x_wconf 93' lang='lat'><strong>:</strong></span> <span class='ocrx_word' id='word_1_804' title='bbox 3573 3591 3821 3646; x_wconf 84' lang='lat' dir='ltr'><strong>Dicentes</strong></span> 
     </span>
    </p>
   </div>
   <div class='ocr_carea' id='block_1_99' title="bbox 2110 3676 3817 3749">
    <p class='ocr_par' dir='ltr' id='par_1_99' title="bbox 2110 3676 3817 3749">
     <span class='ocr_line' id='line_1_99' title="bbox 2110 3676 3817 3749; baseline 0.001 -16"><span class='ocrx_word' id='word_1_805' title='bbox 2110 3679 2259 3733; x_wconf 84' lang='lat' dir='ltr'><strong>enim</strong></span> <span class='ocrx_word' id='word_1_806' title='bbox 2287 3693 2344 3731; x_wconf 85' lang='lat' dir='ltr'><strong>se</strong></span> <span class='ocrx_word' id='word_1_807' title='bbox 2370 3692 2482 3732; x_wconf 81' lang='lat' dir='ltr'><strong>esse</strong></span> <span class='ocrx_word' id='word_1_808' title='bbox 2512 3676 2798 3747; x_wconf 82' lang='lat' dir='ltr'><strong>sapientes,</strong></span> <span class='ocrx_word' id='word_1_809' title='bbox 2825 3676 2982 3730; x_wconf 80' lang='lat' dir='ltr'><strong>stulti</strong></span> <span class='ocrx_word' id='word_1_810' title='bbox 3009 3678 3146 3747; x_wconf 80' lang='lat' dir='ltr'><strong>[acti</strong></span> <span class='ocrx_word' id='word_1_811' title='bbox 3175 3680 3301 3732; x_wconf 84' lang='lat' dir='ltr'><strong>sunt</strong></span> <span class='ocrx_word' id='word_1_812' title='bbox 3319 3679 3495 3746; x_wconf 84' lang='lat' dir='ltr'><strong>(Rom,</strong></span> <span class='ocrx_word' id='word_1_813' title='bbox 3530 3696 3576 3747; x_wconf 83' lang='grc' dir='ltr'>ι,</span> <span class='ocrx_word' id='word_1_814' title='bbox 3601 3680 3817 3749; x_wconf 85' lang='grc'><strong>20-22).</strong></span> 
     </span>
    </p>
   </div>
   <div class='ocr_carea' id='block_1_100' title="bbox 2114 3760 3823 3838">
    <p class='ocr_par' dir='ltr' id='par_1_100' title="bbox 2114 3760 3823 3838">
     <span class='ocr_line' id='line_1_100' title="bbox 2114 3760 3823 3838; baseline 0.005 -24"><span class='ocrx_word' id='word_1_815' title='bbox 2114 3764 2389 3818; x_wconf 88' lang='lat' dir='ltr'><strong>Viderunt</strong></span> <span class='ocrx_word' id='word_1_816' title='bbox 2419 3779 2535 3834; x_wconf 93' lang='lat' dir='ltr'><strong>quo</strong></span> <span class='ocrx_word' id='word_1_817' title='bbox 2570 3760 2915 3817; x_wconf 84' lang='lat' dir='ltr'><strong>veniendum</strong></span> <span class='ocrx_word' id='word_1_818' title='bbox 2949 3766 3105 3818; x_wconf 90' lang='lat' dir='ltr'><strong>esset</strong></span> <span class='ocrx_word' id='word_1_819' title='bbox 3134 3780 3148 3820; x_wconf 89' lang='lat'><strong>:</strong></span> <span class='ocrx_word' id='word_1_820' title='bbox 3183 3766 3283 3820; x_wconf 87' lang='lat' dir='ltr'><strong>sed</strong></span> <span class='ocrx_word' id='word_1_821' title='bbox 3317 3765 3531 3837; x_wconf 86' lang='lat' dir='ltr'><strong>ingrati</strong></span> <span class='ocrx_word' id='word_1_822' title='bbox 3553 3767 3602 3823; x_wconf 89' lang='lat' dir='ltr'><strong>ei</strong></span> <span class='ocrx_word' id='word_1_823' title='bbox 3637 3767 3729 3838; x_wconf 87' lang='lat' dir='ltr'><strong>qui</strong></span> <span class='ocrx_word' id='word_1_824' title='bbox 3766 3767 3823 3822; x_wconf 87' lang='lat' dir='ltr'><strong>il-</strong></span> 
     </span>
    </p>
   </div>
   <div class='ocr_carea' id='block_1_101' title="bbox 2114 3850 3825 3924">
    <p class='ocr_par' dir='ltr' id='par_1_101' title="bbox 2114 3850 3825 3924">
     <span class='ocr_line' id='line_1_101' title="bbox 2114 3850 3825 3924; baseline 0.003 -16"><span class='ocrx_word' id='word_1_825' title='bbox 2114 3853 2182 3908; x_wconf 91' lang='lat' dir='ltr'><strong>lis</strong></span> <span class='ocrx_word' id='word_1_826' title='bbox 2240 3852 2506 3924; x_wconf 69' lang='lat' dir='ltr'><strong>priestitit</strong></span> <span class='ocrx_word' id='word_1_827' title='bbox 2553 3852 2709 3923; x_wconf 91' lang='lat' dir='ltr'><strong>quod</strong></span> <span class='ocrx_word' id='word_1_828' title='bbox 2742 3850 3029 3920; x_wconf 89' lang='lat' dir='ltr'><strong>viderunt,</strong></span> <span class='ocrx_word' id='word_1_829' title='bbox 3053 3853 3165 3909; x_wconf 90' lang='lat' dir='ltr'><strong>sibi</strong></span> <span class='ocrx_word' id='word_1_830' title='bbox 3212 3853 3520 3912; x_wconf 91' lang='lat' dir='ltr'><strong>voluerunt</strong></span> <span class='ocrx_word' id='word_1_831' title='bbox 3573 3856 3825 3913; x_wconf 88' lang='lat' dir='ltr'><strong>tribuere</strong></span> 
     </span>
    </p>
   </div>
   <div class='ocr_carea' id='block_1_102' title="bbox 2114 3945 3823 4021">
    <p class='ocr_par' dir='ltr' id='par_1_102' title="bbox 2114 3945 3823 4021">
     <span class='ocr_line' id='line_1_102' title="bbox 2114 3945 3823 4021; baseline 0.002 -20"><span class='ocrx_word' id='word_1_832' title='bbox 2114 3945 2272 4018; x_wconf 91' lang='lat' dir='ltr'><strong>quod</strong></span> <span class='ocrx_word' id='word_1_833' title='bbox 2305 3947 2597 4012; x_wconf 80' lang='lat' dir='ltr'><strong>viderunt;</strong></span> <span class='ocrx_word' id='word_1_834' title='bbox 2632 3952 2683 4000; x_wconf 87' lang='lat' dir='ltr'><strong>et</strong></span> <span class='ocrx_word' id='word_1_835' title='bbox 2717 3945 2849 3999; x_wconf 88' lang='lat' dir='ltr'><strong>facti</strong></span> <span class='ocrx_word' id='word_1_836' title='bbox 2885 3946 3468 4017; x_wconf 85' lang='lat' dir='ltr'><strong>superbiamiseruut</strong></span> <span class='ocrx_word' id='word_1_837' title='bbox 3496 3951 3649 4021; x_wconf 89' lang='lat' dir='ltr'><strong>quod</strong></span> <span class='ocrx_word' id='word_1_838' title='bbox 3672 3949 3823 4005; x_wconf 78' lang='lat' dir='ltr'><strong>vide-</strong></span> 
     </span>
    </p>
   </div>
   <div class='ocr_carea' id='block_1_103' title="bbox 2114 4035 3826 4103">
    <p class='ocr_par' dir='ltr' id='par_1_103' title="bbox 2114 4035 3826 4103">
     <span class='ocr_line' id='line_1_103' title="bbox 2114 4035 3826 4103; baseline 0.001 -12"><span class='ocrx_word' id='word_1_839' title='bbox 2114 4036 2278 4103; x_wconf 88' lang='lat' dir='ltr'><strong>bant,</strong></span> <span class='ocrx_word' id='word_1_840' title='bbox 2311 4040 2365 4090; x_wconf 91' lang='lat' dir='ltr'><strong>et</strong></span> <span class='ocrx_word' id='word_1_841' title='bbox 2394 4035 2650 4090; x_wconf 86' lang='lat' dir='ltr'><strong>conversi</strong></span> <span class='ocrx_word' id='word_1_842' title='bbox 2684 4040 2823 4090; x_wconf 89' lang='lat' dir='ltr'><strong>sunt</strong></span> <span class='ocrx_word' id='word_1_843' title='bbox 2852 4035 2986 4090; x_wconf 89' lang='lat' dir='ltr'><strong>inde</strong></span> <span class='ocrx_word' id='word_1_844' title='bbox 3015 4037 3087 4091; x_wconf 92' lang='lat' dir='ltr'><strong>ad</strong></span> <span class='ocrx_word' id='word_1_845' title='bbox 3131 4036 3286 4092; x_wconf 92' lang='lat' dir='ltr'><strong>idola</strong></span> <span class='ocrx_word' id='word_1_846' title='bbox 3328 4046 3381 4094; x_wconf 89' lang='lat' dir='ltr'><strong>et</strong></span> <span class='ocrx_word' id='word_1_847' title='bbox 3423 4037 3739 4094; x_wconf 88' lang='lat' dir='ltr'><strong>simulacra</strong></span> <span class='ocrx_word' id='word_1_848' title='bbox 3767 4042 3826 4093; x_wconf 88' lang='lat' dir='ltr'><strong>et</strong></span> 
     </span>
    </p>
   </div>
   <div class='ocr_carea' id='block_1_104' title="bbox 2116 4124 3825 4199">
    <p class='ocr_par' dir='ltr' id='par_1_104' title="bbox 2116 4124 3825 4199">
     <span class='ocr_line' id='line_1_104' title="bbox 2116 4124 3825 4199; baseline 0.002 -19"><span class='ocrx_word' id='word_1_849' title='bbox 2116 4126 2186 4181; x_wconf 91' lang='lat' dir='ltr'><strong>ad</strong></span> <span class='ocrx_word' id='word_1_850' title='bbox 2248 4124 2510 4180; x_wconf 88' lang='lat' dir='ltr'><strong>culturas</strong></span> <span class='ocrx_word' id='word_1_851' title='bbox 2571 4124 3011 4189; x_wconf 67' lang='lat' dir='ltr'><strong>daemoniorum,</strong></span> <span class='ocrx_word' id='word_1_852' title='bbox 3069 4126 3312 4182; x_wconf 89' lang='lat' dir='ltr'><strong>adorare</strong></span> <span class='ocrx_word' id='word_1_853' title='bbox 3359 4132 3712 4199; x_wconf 75' lang='lat' dir='ltr'><strong>creaturam,</strong></span> <span class='ocrx_word' id='word_1_854' title='bbox 3767 4132 3825 4183; x_wconf 89' lang='lat' dir='ltr'><strong>et</strong></span> 
     </span>
    </p>
   </div>
   <div class='ocr_carea' id='block_1_105' title="bbox 2116 4213 3826 4283">
    <p class='ocr_par' dir='ltr' id='par_1_105' title="bbox 2116 4213 3826 4283">
     <span class='ocr_line' id='line_1_105' title="bbox 2116 4213 3826 4283; baseline 0 -12"><span class='ocrx_word' id='word_1_855' title='bbox 2116 4218 2490 4271; x_wconf 89' lang='lat' dir='ltr'><strong>contemnere</strong></span> <span class='ocrx_word' id='word_1_856' title='bbox 2546 4213 2893 4269; x_wconf 88' lang='lat' dir='ltr'><strong>Creatorem.</strong></span> <span class='ocrx_word' id='word_1_857' title='bbox 2928 4214 3034 4269; x_wconf 88' lang='lat' dir='ltr'><strong>Sed</strong></span> <span class='ocrx_word' id='word_1_858' title='bbox 3071 4215 3197 4283; x_wconf 86' lang='lat' dir='ltr'><strong>jam</strong></span> <span class='ocrx_word' id='word_1_859' title='bbox 3248 4216 3343 4271; x_wconf 89' lang='lat' dir='ltr'><strong>isti</strong></span> <span class='ocrx_word' id='word_1_860' title='bbox 3372 4216 3500 4272; x_wconf 88' lang='lat' dir='ltr'><strong>elisi</strong></span> <span class='ocrx_word' id='word_1_861' title='bbox 3531 4216 3641 4272; x_wconf 87' lang='lat' dir='ltr'><strong>ista</strong></span> <span class='ocrx_word' id='word_1_862' title='bbox 3671 4218 3826 4272; x_wconf 82' lang='lat' dir='ltr'><strong>fece-</strong></span> 
     </span>
    </p>
   </div>
   <div class='ocr_carea' id='block_1_106' title="bbox 2116 4303 3828 4375">
    <p class='ocr_par' dir='ltr' id='par_1_106' title="bbox 2116 4303 3828 4375">
     <span class='ocr_line' id='line_1_106' title="bbox 2116 4303 3828 4375; baseline -0.001 -15"><span class='ocrx_word' id='word_1_863' title='bbox 2116 4309 2256 4360; x_wconf 89' lang='lat' dir='ltr'><strong>runt</strong></span> <span class='ocrx_word' id='word_1_864' title='bbox 2288 4321 2300 4359; x_wconf 85' lang='lat'>:</span> <span class='ocrx_word' id='word_1_865' title='bbox 2335 4308 2400 4359; x_wconf 88' lang='lat' dir='ltr'><strong>ut</strong></span> <span class='ocrx_word' id='word_1_866' title='bbox 2438 4308 2635 4359; x_wconf 87' lang='lat' dir='ltr'><strong>autem</strong></span> <span class='ocrx_word' id='word_1_867' title='bbox 2668 4303 3044 4370; x_wconf 89' lang='lat' dir='ltr'><strong>eliderentur,</strong></span> <span class='ocrx_word' id='word_1_868' title='bbox 3076 4305 3485 4375; x_wconf 89' lang='lat' dir='ltr'><strong>superbierunt</strong></span> <span class='ocrx_word' id='word_1_869' title='bbox 3516 4326 3533 4375; x_wconf 71' lang='grc' dir='ltr'>ς</span> <span class='ocrx_word' id='word_1_870' title='bbox 3564 4320 3697 4360; x_wconf 91' lang='lat' dir='ltr'><strong>cum</strong></span> <span class='ocrx_word' id='word_1_871' title='bbox 3728 4321 3828 4363; x_wconf 79' lang='lat' dir='ltr'><strong>eu-</strong></span> 
     </span>
    </p>
   </div>
   <div class='ocr_carea' id='block_1_107' title="bbox 2120 4391 3821 4465">
    <p class='ocr_par' dir='ltr' id='par_1_107' title="bbox 2120 4391 3821 4465">
     <span class='ocr_line' id='line_1_107' title="bbox 2120 4391 3821 4465; baseline 0 -17"><span class='ocrx_word' id='word_1_872' title='bbox 2120 4398 2236 4448; x_wconf 90' lang='lat' dir='ltr'><strong>tem</strong></span> <span class='ocrx_word' id='word_1_873' title='bbox 2270 4393 2662 4464; x_wconf 89' lang='lat' dir='ltr'><strong>superbirent,</strong></span> <span class='ocrx_word' id='word_1_874' title='bbox 2696 4391 2987 4462; x_wconf 85' lang='lat' dir='ltr'><strong>sapientes</strong></span> <span class='ocrx_word' id='word_1_875' title='bbox 3019 4409 3080 4447; x_wconf 91' lang='lat' dir='ltr'><strong>se</strong></span> <span class='ocrx_word' id='word_1_876' title='bbox 3111 4409 3240 4449; x_wconf 89' lang='lat' dir='ltr'><strong>esse</strong></span> <span class='ocrx_word' id='word_1_877' title='bbox 3269 4393 3557 4449; x_wconf 83' lang='lat' dir='ltr'><strong>dixerunt.</strong></span> <span class='ocrx_word' id='word_1_878' title='bbox 3593 4393 3659 4449; x_wconf 87' lang='lat' dir='ltr'><strong>Hi</strong></span> <span class='ocrx_word' id='word_1_879' title='bbox 3686 4409 3821 4465; x_wconf 82' lang='lat' dir='ltr'><strong>ergo</strong></span> 
     </span>
    </p>
   </div>
   <div class='ocr_carea' id='block_1_108' title="bbox 2120 4482 3830 4554">
    <p class='ocr_par' dir='ltr' id='par_1_108' title="bbox 2120 4482 3830 4554">
     <span class='ocr_line' id='line_1_108' title="bbox 2120 4482 3830 4554; baseline 0.001 -16"><span class='ocrx_word' id='word_1_880' title='bbox 2120 4487 2191 4539; x_wconf 88' lang='lat' dir='ltr'><strong>de</strong></span> <span class='ocrx_word' id='word_1_881' title='bbox 2220 4483 2433 4553; x_wconf 86' lang='lat' dir='ltr'><strong>quibus</strong></span> <span class='ocrx_word' id='word_1_882' title='bbox 2466 4482 2630 4547; x_wconf 85' lang='lat' dir='ltr'><strong>dixit,</strong></span> <span class='ocrx_word' id='word_1_883' title='bbox 2663 4483 2769 4547; x_wconf 84' lang='lat' dir='ltr'><strong>Qui</strong></span> <span class='ocrx_word' id='word_1_884' title='bbox 2796 4498 2920 4537; x_wconf 86' lang='lat' dir='ltr'><strong>cum</strong></span> <span class='ocrx_word' id='word_1_885' title='bbox 2950 4485 3322 4553; x_wconf 83' lang='lat' dir='ltr'><strong>cognovissent</strong></span> <span class='ocrx_word' id='word_1_886' title='bbox 3346 4485 3535 4554; x_wconf 87' lang='lat' dir='ltr'><strong>Deum,</strong></span> <span class='ocrx_word' id='word_1_887' title='bbox 3556 4485 3830 4543; x_wconf 82' lang='lat' dir='ltr'><strong>viderunt</strong></span> 
     </span>
    </p>
   </div>
   <div class='ocr_carea' id='block_1_109' title="bbox 2120 4571 3830 4643">
    <p class='ocr_par' dir='ltr' id='par_1_109' title="bbox 2120 4571 3830 4643">
     <span class='ocr_line' id='line_1_109' title="bbox 2120 4571 3830 4643; baseline 0.002 -16"><span class='ocrx_word' id='word_1_888' title='bbox 2120 4573 2229 4629; x_wconf 91' lang='lat' dir='ltr'><strong>hoc</strong></span> <span class='ocrx_word' id='word_1_889' title='bbox 2260 4573 2414 4643; x_wconf 90' lang='lat' dir='ltr'><strong>quod</strong></span> <span class='ocrx_word' id='word_1_890' title='bbox 2448 4571 2590 4627; x_wconf 89' lang='lat' dir='ltr'><strong>dicit</strong></span> <span class='ocrx_word' id='word_1_891' title='bbox 2635 4572 2903 4639; x_wconf 87' lang='lat' dir='ltr'><strong>Joannes,</strong></span> <span class='ocrx_word' id='word_1_892' title='bbox 2953 4572 3091 4642; x_wconf 90' lang='lat' dir='ltr'><strong>quia</strong></span> <span class='ocrx_word' id='word_1_893' title='bbox 3134 4588 3237 4643; x_wconf 91' lang='lat' dir='ltr'><strong>per</strong></span> <span class='ocrx_word' id='word_1_894' title='bbox 3263 4574 3522 4631; x_wconf 89' lang='lat' dir='ltr'><strong>Verbum</strong></span> <span class='ocrx_word' id='word_1_895' title='bbox 3559 4575 3652 4631; x_wconf 89' lang='lat' dir='ltr'><strong>Dei</strong></span> <span class='ocrx_word' id='word_1_896' title='bbox 3680 4576 3830 4631; x_wconf 80' lang='lat' dir='ltr'><strong>facta</strong></span> 
     </span>
    </p>
   </div>
   <div class='ocr_carea' id='block_1_110' title="bbox 2122 4660 3827 4735">
    <p class='ocr_par' dir='ltr' id='par_1_110' title="bbox 2122 4660 3827 4735">
     <span class='ocr_line' id='line_1_110' title="bbox 2122 4660 3827 4735; baseline 0.002 -19"><span class='ocrx_word' id='word_1_897' title='bbox 2122 4666 2261 4716; x_wconf 90' lang='lat' dir='ltr'><strong>sunt</strong></span> <span class='ocrx_word' id='word_1_898' title='bbox 2281 4660 2497 4715; x_wconf 90' lang='lat' dir='ltr'><strong>omnia.</strong></span> <span class='ocrx_word' id='word_1_899' title='bbox 2532 4662 2675 4715; x_wconf 86' lang='lat' dir='ltr'><strong>Nam</strong></span> <span class='ocrx_word' id='word_1_900' title='bbox 2708 4660 3080 4716; x_wconf 84' lang='lat' dir='ltr'><strong>inveniuntur</strong></span> <span class='ocrx_word' id='word_1_901' title='bbox 3110 4665 3167 4717; x_wconf 88' lang='lat' dir='ltr'><strong>et</strong></span> <span class='ocrx_word' id='word_1_902' title='bbox 3197 4661 3309 4719; x_wconf 87' lang='lat' dir='ltr'><strong>ista</strong></span> <span class='ocrx_word' id='word_1_903' title='bbox 3337 4662 3394 4718; x_wconf 89' lang='lat' dir='ltr'><strong>in</strong></span> <span class='ocrx_word' id='word_1_904' title='bbox 3426 4662 3593 4720; x_wconf 88' lang='lat' dir='ltr'><strong>libris</strong></span> <span class='ocrx_word' id='word_1_905' title='bbox 3628 4663 3827 4735; x_wconf 86' lang='lat' dir='ltr'><strong>philo-</strong></span> 
     </span>
    </p>
   </div>
   <div class='ocr_carea' id='block_1_111' title="bbox 2121 4750 3829 4823">
    <p class='ocr_par' dir='ltr' id='par_1_111' title="bbox 2121 4750 3829 4823">
     <span class='ocr_line' id='line_1_111' title="bbox 2121 4750 3829 4823; baseline 0.003 -18"><span class='ocrx_word' id='word_1_906' title='bbox 2121 4750 2484 4821; x_wconf 90' lang='lat' dir='ltr'><strong>sophorum:</strong></span> <span class='ocrx_word' id='word_1_907' title='bbox 2519 4756 2576 4805; x_wconf 89' lang='lat' dir='ltr'><strong>et</strong></span> <span class='ocrx_word' id='word_1_908' title='bbox 2608 4752 2746 4822; x_wconf 89' lang='lat' dir='ltr'><strong>quia</strong></span> <span class='ocrx_word' id='word_1_909' title='bbox 2790 4750 3159 4821; x_wconf 81' lang='lat' dir='ltr'><strong>unigenitum</strong></span> <span class='ocrx_word' id='word_1_910' title='bbox 3210 4751 3417 4809; x_wconf 90' lang='lat' dir='ltr'><strong>Filium</strong></span> <span class='ocrx_word' id='word_1_911' title='bbox 3452 4754 3626 4810; x_wconf 87' lang='lat' dir='ltr'><strong>habet</strong></span> <span class='ocrx_word' id='word_1_912' title='bbox 3655 4756 3829 4823; x_wconf 86' lang='lat' dir='ltr'><strong>Deus,</strong></span> 
     </span>
    </p>
   </div>
   <div class='ocr_carea' id='block_1_112' title="bbox 2122 4840 3831 4915">
    <p class='ocr_par' dir='ltr' id='par_1_112' title="bbox 2122 4840 3831 4915">
     <span class='ocr_line' id='line_1_112' title="bbox 2122 4840 3831 4915; baseline -0.001 -18"><span class='ocrx_word' id='word_1_913' title='bbox 2122 4859 2223 4913; x_wconf 90' lang='lat' dir='ltr'><strong>per</strong></span> <span class='ocrx_word' id='word_1_914' title='bbox 2251 4857 2422 4912; x_wconf 90' lang='lat' dir='ltr'><strong>quem</strong></span> <span class='ocrx_word' id='word_1_915' title='bbox 2469 4848 2605 4896; x_wconf 90' lang='lat' dir='ltr'><strong>sunt</strong></span> <span class='ocrx_word' id='word_1_916' title='bbox 2634 4840 2852 4897; x_wconf 90' lang='lat' dir='ltr'><strong>omnia.</strong></span> <span class='ocrx_word' id='word_1_917' title='bbox 2897 4841 3044 4896; x_wconf 83' lang='lat' dir='ltr'><strong>Illud</strong></span> <span class='ocrx_word' id='word_1_918' title='bbox 3098 4846 3408 4912; x_wconf 90' lang='lat' dir='ltr'><strong>potuerunt</strong></span> <span class='ocrx_word' id='word_1_919' title='bbox 3444 4845 3637 4900; x_wconf 88' lang='lat' dir='ltr'><strong>videre</strong></span> <span class='ocrx_word' id='word_1_920' title='bbox 3676 4844 3831 4915; x_wconf 91' lang='lat' dir='ltr'><strong>quod</strong></span> 
     </span>
    </p>
   </div>
   <div class='ocr_carea' id='block_1_113' title="bbox 2122 4931 3831 5003">
    <p class='ocr_par' dir='ltr' id='par_1_113' title="bbox 2122 4931 3831 5003">
     <span class='ocr_line' id='line_1_113' title="bbox 2122 4931 3831 5003; baseline -0.003 -15"><span class='ocrx_word' id='word_1_921' title='bbox 2122 4936 2231 4999; x_wconf 89' lang='lat' dir='ltr'><strong>est,</strong></span> <span class='ocrx_word' id='word_1_922' title='bbox 2267 4932 2368 4986; x_wconf 86' lang='lat' dir='ltr'><strong>sed</strong></span> <span class='ocrx_word' id='word_1_923' title='bbox 2398 4931 2667 4987; x_wconf 91' lang='lat' dir='ltr'><strong>viderunt</strong></span> <span class='ocrx_word' id='word_1_924' title='bbox 2696 4933 2764 4985; x_wconf 89' lang='lat' dir='ltr'><strong>de</strong></span> <span class='ocrx_word' id='word_1_925' title='bbox 2796 4931 2966 5003; x_wconf 84' lang='lat' dir='ltr'><strong>longe</strong></span> <span class='ocrx_word' id='word_1_926' title='bbox 2998 4949 3010 4986; x_wconf 92' lang='lat'>:</span> <span class='ocrx_word' id='word_1_927' title='bbox 3038 4933 3351 4988; x_wconf 89' lang='lat' dir='ltr'><strong>noluerunt</strong></span> <span class='ocrx_word' id='word_1_928' title='bbox 3380 4939 3571 4990; x_wconf 87' lang='lat' dir='ltr'><strong>tenere</strong></span> <span class='ocrx_word' id='word_1_929' title='bbox 3594 4931 3831 4988; x_wconf 89' lang='lat' dir='ltr'><strong>humili-</strong></span> 
     </span>
    </p>
   </div>
   <div class='ocr_carea' id='block_1_114' title="bbox 2124 5019 3829 5092">
    <p class='ocr_par' dir='ltr' id='par_1_114' title="bbox 2124 5019 3829 5092">
     <span class='ocr_line' id='line_1_114' title="bbox 2124 5019 3829 5092; baseline -0.001 -16"><span class='ocrx_word' id='word_1_930' title='bbox 2124 5025 2302 5076; x_wconf 89' lang='lat' dir='ltr'><strong>tatem</strong></span> <span class='ocrx_word' id='word_1_931' title='bbox 2335 5020 2569 5090; x_wconf 91' lang='lat' dir='ltr'><strong>Christi,</strong></span> <span class='ocrx_word' id='word_1_932' title='bbox 2623 5021 2683 5076; x_wconf 92' lang='lat' dir='ltr'><strong>in</strong></span> <span class='ocrx_word' id='word_1_933' title='bbox 2731 5037 2849 5092; x_wconf 92' lang='lat' dir='ltr'><strong>qua</strong></span> <span class='ocrx_word' id='word_1_934' title='bbox 2906 5021 3037 5077; x_wconf 87' lang='lat' dir='ltr'><strong>navi</strong></span> <span class='ocrx_word' id='word_1_935' title='bbox 3069 5024 3256 5078; x_wconf 89' lang='lat' dir='ltr'><strong>securi</strong></span> <span class='ocrx_word' id='word_1_936' title='bbox 3289 5021 3648 5091; x_wconf 87' lang='lat' dir='ltr'><strong>pervenirent</strong></span> <span class='ocrx_word' id='word_1_937' title='bbox 3677 5019 3751 5074; x_wconf 89' lang='lat' dir='ltr'><strong>ad</strong></span> <span class='ocrx_word' id='word_1_938' title='bbox 3774 5020 3829 5074; x_wconf 87' lang='lat' dir='ltr'><strong>id</strong></span> 
     </span>
    </p>
   </div>
   <div class='ocr_carea' id='block_1_115' title="bbox 2124 5106 3833 5183">
    <p class='ocr_par' dir='ltr' id='par_1_115' title="bbox 2124 5106 3833 5183">
     <span class='ocr_line' id='line_1_115' title="bbox 2124 5106 3833 5183; baseline 0 -18"><span class='ocrx_word' id='word_1_939' title='bbox 2124 5111 2275 5182; x_wconf 90' lang='lat' dir='ltr'><strong>quod</strong></span> <span class='ocrx_word' id='word_1_940' title='bbox 2331 5109 2500 5183; x_wconf 82' lang='lat' dir='ltr'><strong>longe</strong></span> <span class='ocrx_word' id='word_1_941' title='bbox 2559 5111 2752 5167; x_wconf 88' lang='lat' dir='ltr'><strong>videre</strong></span> <span class='ocrx_word' id='word_1_942' title='bbox 2802 5114 3150 5182; x_wconf 87' lang='lat' dir='ltr'><strong>potuerunt;</strong></span> <span class='ocrx_word' id='word_1_943' title='bbox 3184 5114 3239 5165; x_wconf 84' lang='lat' dir='ltr'><strong>et</strong></span> <span class='ocrx_word' id='word_1_944' title='bbox 3296 5109 3522 5165; x_wconf 87' lang='lat' dir='ltr'><strong>sorduit</strong></span> <span class='ocrx_word' id='word_1_945' title='bbox 3577 5106 3661 5164; x_wconf 87' lang='lat' dir='ltr'><strong>eis</strong></span> <span class='ocrx_word' id='word_1_946' title='bbox 3691 5123 3833 5165; x_wconf 87' lang='lat' dir='ltr'><strong>crux</strong></span> 
     </span>
    </p>
   </div>
   <div class='ocr_carea' id='block_1_116' title="bbox 2124 5196 3831 5267">
    <p class='ocr_par' dir='ltr' id='par_1_116' title="bbox 2124 5196 3831 5267">
     <span class='ocr_line' id='line_1_116' title="bbox 2124 5196 3831 5267; baseline -0.001 -11"><span class='ocrx_word' id='word_1_947' title='bbox 2124 5198 2365 5256; x_wconf 89' lang='lat' dir='ltr'><strong>Christi.</strong></span> <span class='ocrx_word' id='word_1_948' title='bbox 2387 5199 2543 5256; x_wconf 87' lang='lat' dir='ltr'><strong>Mare</strong></span> <span class='ocrx_word' id='word_1_949' title='bbox 2568 5200 2992 5256; x_wconf 88' lang='lat' dir='ltr'><strong>transeundum</strong></span> <span class='ocrx_word' id='word_1_950' title='bbox 3008 5204 3118 5264; x_wconf 89' lang='lat' dir='ltr'><strong>est,</strong></span> <span class='ocrx_word' id='word_1_951' title='bbox 3141 5203 3198 5253; x_wconf 88' lang='lat' dir='ltr'><strong>et</strong></span> <span class='ocrx_word' id='word_1_952' title='bbox 3218 5196 3445 5267; x_wconf 80' lang='lat' dir='ltr'><strong>lignum</strong></span> <span class='ocrx_word' id='word_1_953' title='bbox 3464 5198 3831 5255; x_wconf 80' lang='lat' dir='ltr'><strong>contemnis?</strong></span> 
     </span>
    </p>
   </div>
   <div class='ocr_carea' id='block_1_117' title="bbox 2124 5284 3831 5360">
    <p class='ocr_par' dir='ltr' id='par_1_117' title="bbox 2124 5284 3831 5360">
     <span class='ocr_line' id='line_1_117' title="bbox 2124 5284 3831 5360; baseline -0.001 -15"><span class='ocrx_word' id='word_1_954' title='bbox 2124 5292 2169 5345; x_wconf 92' lang='grc' dir='ltr'><strong>Ο</strong></span> <span class='ocrx_word' id='word_1_955' title='bbox 2200 5288 2490 5360; x_wconf 88' lang='lat' dir='ltr'><strong>sapientia</strong></span> <span class='ocrx_word' id='word_1_956' title='bbox 2520 5286 2807 5359; x_wconf 88' lang='lat' dir='ltr'><strong>superbal</strong></span> <span class='ocrx_word' id='word_1_957' title='bbox 2866 5288 3077 5341; x_wconf 89' lang='lat' dir='ltr'><strong>irrides</strong></span> <span class='ocrx_word' id='word_1_958' title='bbox 3126 5284 3472 5342; x_wconf 83' lang='lat' dir='ltr'><strong>cruciﬁxum</strong></span> <span class='ocrx_word' id='word_1_959' title='bbox 3505 5286 3789 5345; x_wconf 87' lang='lat' dir='ltr'><strong>Christum</strong></span> <span class='ocrx_word' id='word_1_960' title='bbox 3816 5308 3831 5357; x_wconf 88' lang='lat'><strong>;</strong></span> 
     </span>
    </p>
   </div>
   <div class='ocr_carea' id='block_1_118' title="bbox 2124 5375 3830 5451">
    <p class='ocr_par' dir='ltr' id='par_1_118' title="bbox 2124 5375 3830 5451">
     <span class='ocr_line' id='line_1_118' title="bbox 2124 5375 3830 5451; baseline -0.002 -17"><span class='ocrx_word' id='word_1_961' title='bbox 2124 5378 2252 5451; x_wconf 86' lang='lat' dir='ltr'><strong>ipse</strong></span> <span class='ocrx_word' id='word_1_962' title='bbox 2274 5383 2362 5433; x_wconf 89' lang='lat' dir='ltr'><strong>est</strong></span> <span class='ocrx_word' id='word_1_963' title='bbox 2384 5394 2555 5448; x_wconf 88' lang='lat' dir='ltr'><strong>quem</strong></span> <span class='ocrx_word' id='word_1_964' title='bbox 2580 5376 2751 5447; x_wconf 83' lang='lat' dir='ltr'><strong>longe</strong></span> <span class='ocrx_word' id='word_1_965' title='bbox 2772 5375 2966 5431; x_wconf 91' lang='lat' dir='ltr'><strong>vidisti</strong></span> <span class='ocrx_word' id='word_1_966' title='bbox 2992 5390 3006 5430; x_wconf 89' lang='lat'><strong>:</strong></span> <span class='ocrx_word' id='word_1_967' title='bbox 3034 5376 3101 5429; x_wconf 85' lang='lat' dir='ltr'><strong>1n</strong></span> <span class='ocrx_word' id='word_1_968' title='bbox 3113 5375 3392 5448; x_wconf 82' lang='lat' dir='ltr'><strong>principio</strong></span> <span class='ocrx_word' id='word_1_969' title='bbox 3424 5385 3543 5434; x_wconf 83' lang='lat' dir='ltr'><strong>erat</strong></span> <span class='ocrx_word' id='word_1_970' title='bbox 3584 5378 3830 5435; x_wconf 61' lang='lat' dir='ltr'><strong>Verbum,</strong></span> 
     </span>
    </p>
   </div>
   <div class='ocr_carea' id='block_1_119' title="bbox 2194 5542 3836 5606">
    <p class='ocr_par' dir='ltr' id='par_1_119' title="bbox 2194 5542 3836 5606">
     <span class='ocr_line' id='line_1_119' title="bbox 2194 5542 3836 5606; baseline -0.003 -11"><span class='ocrx_word' id='word_1_971' title='bbox 2194 5546 2313 5595; x_wconf 76' lang='lat' dir='ltr'><strong>lita</strong></span> <span class='ocrx_word' id='word_1_972' title='bbox 2353 5545 2498 5594; x_wconf 88' lang='lat' dir='ltr'><strong>editi.</strong></span> <span class='ocrx_word' id='word_1_973' title='bbox 2554 5545 2620 5593; x_wconf 79' lang='lat' dir='ltr'><strong>At</strong></span> <span class='ocrx_word' id='word_1_974' title='bbox 2648 5542 2772 5591; x_wconf 86' lang='lat' dir='ltr'><strong>Mss.</strong></span> <span class='ocrx_word' id='word_1_975' title='bbox 2820 5543 3207 5606; x_wconf 77' lang='lat' dir='ltr'><strong>interpungunt</strong></span> <span class='ocrx_word' id='word_1_976' title='bbox 3244 5545 3350 5595; x_wconf 88' lang='lat' dir='ltr'><strong>sic:</strong></span> <span class='ocrx_word' id='word_1_977' title='bbox 3384 5546 3455 5596; x_wconf 78' lang='lat' dir='ltr'><strong>Et</strong></span> <span class='ocrx_word' id='word_1_978' title='bbox 3485 5544 3759 5596; x_wconf 82' lang='lat' dir='ltr'><strong>secundum</strong></span> <span class='ocrx_word' id='word_1_979' title='bbox 3781 5543 3836 5591; x_wconf 86' lang='lat' dir='ltr'><strong>id</strong></span> 
     </span>
    </p>
   </div>
   <div class='ocr_carea' id='block_1_120' title="bbox 2130 5605 3832 5723">
    <p class='ocr_par' dir='ltr' id='par_1_120' title="bbox 2130 5605 3832 5723">
     <span class='ocr_line' id='line_1_120' title="bbox 2130 5605 3832 5723; baseline -0.002 -67"><span class='ocrx_word' id='word_1_980' title='bbox 2130 5608 2271 5723; x_wconf 51' lang='grc' dir='ltr'><strong>ἓυοά</strong></span> <span class='ocrx_word' id='word_1_981' title='bbox 2297 5610 2409 5655; x_wconf 85' lang='lat' dir='ltr'><strong>erat</strong></span> <span class='ocrx_word' id='word_1_982' title='bbox 2451 5607 2686 5662; x_wconf 81' lang='lat' dir='ltr'><strong>accessit,</strong></span> <span class='ocrx_word' id='word_1_983' title='bbox 2733 5612 2787 5653; x_wconf 83' lang='lat' dir='ltr'><strong>ut</strong></span> <span class='ocrx_word' id='word_1_984' title='bbox 2817 5618 2910 5667; x_wconf 84' lang='lat' dir='ltr'><strong>pro</strong></span> <span class='ocrx_word' id='word_1_985' title='bbox 2950 5605 3210 5657; x_wconf 84' lang='lat' dir='ltr'><strong>nobishoc</strong></span> <span class='ocrx_word' id='word_1_986' title='bbox 3245 5610 3389 5659; x_wconf 61' lang='lat' dir='ltr'><strong>feret</strong></span> <span class='ocrx_word' id='word_1_987' title='bbox 3418 5627 3437 5671; x_wconf 78' lang='lat'><strong>,-</strong></span> <span class='ocrx_word' id='word_1_988' title='bbox 3464 5608 3719 5673; x_wconf 86' lang='lat' dir='ltr'><strong>additque</strong></span> <span class='ocrx_word' id='word_1_989' title='bbox 3748 5607 3832 5655; x_wconf 88' lang='lat' dir='ltr'><strong>hic</strong></span> 
     </span>
     <span class='ocr_line' id='line_1_121' title="bbox 2175 5669 3380 5723; baseline -0.006 0"><span class='ocrx_word' id='word_1_990' title='bbox 2175 5671 2290 5723; x_wconf 86' lang='lat' dir='ltr'><strong>ech.</strong></span> <span class='ocrx_word' id='word_1_991' title='bbox 2323 5669 2491 5721; x_wconf 85' lang='lat' dir='ltr'><strong>codex</strong></span> <span class='ocrx_word' id='word_1_992' title='bbox 2521 5683 2532 5719; x_wconf 89' lang='lat'><strong>:</strong></span> <span class='ocrx_word' id='word_1_993' title='bbox 2559 5670 2696 5723; x_wconf 82' lang='lat' dir='ltr'><strong>quod</strong></span> <span class='ocrx_word' id='word_1_994' title='bbox 2724 5683 2826 5720; x_wconf 89' lang='lat' dir='ltr'><strong>non</strong></span> <span class='ocrx_word' id='word_1_995' title='bbox 2845 5671 2975 5719; x_wconf 83' lang='lat' dir='ltr'><strong>erat.</strong></span> <span class='ocrx_word' id='word_1_996' title='bbox 3360 5684 3380 5703; x_wconf 59' lang='grc' dir='ltr'>ρ</span> 
     </span>
    </p>
   </div>
   <div class='ocr_carea' id='block_1_121' title="bbox 2175 5669 3380 5733">
    <p class='ocr_par' dir='ltr' id='par_1_121' title="bbox 2175 5669 3380 5733">
     <span class='ocr_line' id='line_1_122' title="bbox 2175 5669 3380 5733; baseline -0.005 -11"><span class='ocrx_word' id='word_1_997' title='bbox 2175 5671 2290 5723; x_wconf 88' lang='lat' dir='ltr'><strong>ech.</strong></span> <span class='ocrx_word' id='word_1_998' title='bbox 2323 5669 2491 5721; x_wconf 85' lang='lat' dir='ltr'><strong>codex</strong></span> <span class='ocrx_word' id='word_1_999' title='bbox 2521 5683 2532 5719; x_wconf 90' lang='lat'><strong>:</strong></span> <span class='ocrx_word' id='word_1_1000' title='bbox 2559 5670 2696 5733; x_wconf 82' lang='lat' dir='ltr'><strong>quod</strong></span> <span class='ocrx_word' id='word_1_1001' title='bbox 2724 5683 2826 5720; x_wconf 89' lang='lat' dir='ltr'><strong>non</strong></span> <span class='ocrx_word' id='word_1_1002' title='bbox 2845 5671 2975 5719; x_wconf 83' lang='lat' dir='ltr'><strong>erat.</strong></span> <span class='ocrx_word' id='word_1_1003' title='bbox 3360 5684 3380 5703; x_wconf 59' lang='grc' dir='ltr'>ρ</span> 
     </span>
    </p>
   </div>
  </div>
