4170 6188
323 229 475 292 139i

306 377 364 427 et
395 368 627 425 Verbum
656 376 777 423 erat
806 363 955 438 apud
985 367 1175 421 Deum.
1200 365 1307 421 Sed
1340 381 1522 436 quare
1553 363 1867 419 cruciﬁxus
1899 363 2027 419 est?

308 456 454 521 Quia
483 454 711 527 lignum
755 453 857 510 tibi
896 450 1250 508 humilitatis
1289 452 1418 522 ejus
1462 450 1853 507 necessarium
1876 452 2020 505 erat.

310 545 592 618 Superbia
621 544 777 600 enim
810 546 1133 613 tumueras,
1166 548 1219 597 et
1244 540 1414 612 longe
1444 541 1515 595 ab
1549 541 1645 594 illa
1678 542 1866 611 patria
1898 558 2021 611 pro-

302 637 497 707 jectus
530 649 658 690 eras
692 651 708 701 ;
740 637 798 689 et
829 632 1104 689 ﬂuctibus
1138 630 1311 701 hujus
1358 629 1550 686 szeculi
1582 630 1907 701 interrupta
1938 636 2027 685 est

309 726 423 792 via,
456 733 510 781 et
536 742 654 796 qua
681 728 1005 779 transeator
1028 722 1100 778 ad
1135 721 1381 793 patriam
1425 736 1540 776 non
1591 725 1699 786 est,
1734 720 1843 774 nisi
1868 720 2024 789 ligno

308 814 578 885 porteris.
614 815 869 885 Ingrate,
906 811 1114 866 irrides
1146 825 1277 866 eum
1311 808 1410 878 qui
1442 810 1511 863 ad
1554 813 1610 863 te
1642 808 1797 864 venit
1833 813 1896 862 ut
1929 824 2027 862 re—

308 904 485 960 deas!
518 903 647 973 Ipse
680 904 866 958 tactus
922 904 1010 956 est
1078 900 1187 964 via,
1219 898 1405 954 ethoc
1437 914 1534 968 per
1565 913 1723 952 mare
1757 914 1770 952 :
1798 898 1933 952 inde
1965 898 2023 951 in

310 992 457 1049 mari
499 989 1087 1061 ambulaviat(Matth.
1128 1005 1243 1053 XIV,
1274 987 1391 1058 25,)
1437 991 1502 1041 ut
1538 988 1867 1043 ostenderet
1896 1003 2025 1042 esse

304 1082 364 1139 in
389 1081 533 1138 mari
565 1080 737 1135 viam.
771 1078 882 1135 Sed
916 1083 1003 1144 tu,
1035 1078 1135 1148 qui
1157 1076 1448 1148 quomodo
1480 1077 1603 1146 ipse
1636 1076 1938 1131 ambulare
1963 1076 2022 1130 in

305 1171 455 1229 mari
488 1186 602 1226 non
635 1173 817 1241 potes,
870 1167 1003 1223 navi
1061 1171 1307 1237 portare,
1342 1166 1500 1239 ligno
1533 1170 1768 1238 portare
1804 1182 1819 1221 :
1850 1166 2025 1222 crede

304 1261 363 1316 in
397 1246 757 1325 crucifixum,
791 1261 847 1313 et
876 1257 1092 1329 poteris
1124 1256 1445 1328 pervenire.
1480 1256 1725 1328 Propter
1758 1260 1813 1311 te
1840 1256 2028 1312 cruci-

302 1352 453 1408 ﬂxus
478 1353 584 1417 est,
621 1354 682 1405 ut
711 1347 1101 1404 humilitatem
1149 1347 1380 1402 doceret
1406 1388 1420 1415 ,
1451 1350 1508 1401 et
1550 1345 1686 1416 quia
1719 1346 1767 1400 si
1804 1347 1888 1401 sic
1922 1362 2027 1402 ve-

303 1440 458 1496 niret
480 1444 545 1495 ut
580 1440 747 1506 Deus,
782 1454 896 1494 non
915 1443 1342 1510 agnosceretur.
1378 1436 1472 1491 Sic
1502 1436 1656 1492 enim
1688 1435 1773 1492 sic
1802 1437 2027 1492 veniret

306 1534 373 1584 ut
431 1529 605 1599 Deus,
637 1544 751 1583 non
785 1527 1007 1582 veniret
1038 1526 1121 1582 eis
1154 1526 1256 1598 qui
1284 1525 1473 1581 videre
1504 1525 1688 1581 Deum
1723 1542 1836 1581 non
1872 1530 2028 1597 pote-

309 1622 465 1675 rant.
517 1617 644 1673 Non
701 1617 859 1673 enim
908 1616 1231 1672 secundum
1282 1615 1339 1670 id
1396 1616 1549 1687 quod
1597 1616 1752 1671 Deus
1783 1620 1894 1681 est,
1926 1621 2027 1671 aut

310 1707 490 1775 venit,
523 1712 625 1763 aut
653 1706 903 1772 dicedit;
939 1721 1071 1762 cum
1100 1705 1177 1761 sit
1207 1705 1423 1776 ubique
1455 1721 1735 1777 praesens,
1777 1709 1834 1761 et
1865 1706 2024 1762 nullo

307 1800 437 1856 loco
468 1799 850 1855 contineatur.
904 1797 1019 1853 Sed
1068 1796 1391 1852 secundum
1442 1797 1581 1868 quid
1628 1798 1831 1852 venit?
1859 1796 2023 1861 Quod

316 1887 589 1959 apparuit
620 1886 813 1943 homo.

387 1980 439 2032 5.
474 1976 621 2041 Quia
649 1992 779 2046 ergo
810 1975 894 2032 sic
915 1984 1039 2032 erat
1070 1975 1265 2045 homo,
1303 1978 1366 2031 ut
1395 1974 1600 2031 lateret
1628 1974 1688 2030 in
1721 1974 1817 2030 illo
1849 1974 2023 2037 Deus,

318 2067 541 2124 missus
572 2072 664 2123 est
692 2070 827 2123 ante
855 2066 1031 2122 illum
1062 2082 1314 2139 magnus
1337 2066 1533 2131 homo,
1559 2082 1659 2136 per
1680 2067 1847 2136 cujus
1873 2066 2025 2122 testi-

318 2160 583 2215 monium
603 2157 965 2214 inveniretur
982 2157 1114 2227 plus
1138 2173 1313 2227 quam
1333 2157 1529 2212 homo.
1547 2157 1614 2211 Et
1636 2156 1768 2227 quis
1794 2161 1883 2212 est
1899 2156 2031 2210 hic?

305 2249 439 2303 Fuit
468 2248 647 2303 homo.
681 2248 752 2302 Et
780 2246 1068 2317 quomodo
1094 2250 1285 2316 posset
1320 2246 1427 2299 iste
1459 2262 1661 2300 verum
1685 2246 1755 2300 de
1794 2246 1909 2300 Deo
1941 2247 2027 2300 di-

308 2352 438 2393 cere
459 2337 488 2391 ?
517 2337 706 2391 Missus
737 2352 771 2389 a
801 2336 929 2391 Deo.
953 2334 1100 2399 Quid
1133 2333 1447 2391 vocabatur
1469 2333 1496 2389 ‘t
1543 2333 1646 2389 Cui
1690 2350 1885 2390 nomen
1910 2340 2029 2392 erat

307 2428 563 2483 Joannes.
596 2428 781 2492 Quare
811 2423 1017 2481 venit?
1047 2424 1145 2479 Hic
1174 2423 1319 2481 venit
1339 2426 1400 2479 in
1431 2427 1823 2490 testimonium,
1855 2432 1916 2480 ut
1948 2433 2031 2482 te-

307 2516 637 2572 stimonium
653 2514 967 2587 perhiberet
987 2515 1051 2570 de
1082 2513 1311 2581 lumine,
1344 2523 1405 2568 ut
1426 2529 1610 2568 omnes
1634 2515 1909 2570 crederent
1936 2531 2033 2585 per

314 2605 497 2661 illum.
532 2604 729 2668 Qualis
758 2603 867 2659 iste
901 2604 1003 2674 qui
1033 2603 1433 2659 testimonium
1484 2603 1811 2674 perhiberet
1842 2604 1910 2659 de
1940 2604 2030 2660 lu-

318 2694 522 2749 mine?
552 2693 825 2765 Magnum
846 2692 1066 2763 aliquid
1094 2693 1197 2748 iste
1228 2692 1503 2761 Joannes,
1526 2692 2027 2764 ingensmeritum,

312 2798 523 2854 magna
579 2781 787 2854 gratia,
824 2796 1036 2854 magna
1067 2780 1383 2837 celsitudo!
1437 2782 1667 2852 Mirare,
1702 2782 1872 2855 plane
1915 2785 2032 2840 mi-

310 2889 480 2940 rare;
514 2872 612 2928 sed
644 2876 921 2943 tanquam
957 2875 1234 2927 montem.
1271 2871 1438 2927 Mons
1468 2876 1658 2928 autem
1682 2872 1741 2928 in
1776 2874 2031 2931 tenebris

312 2968 423 3032 est,
473 2963 588 3020 nisi
629 2962 759 3019 luce
798 2962 1094 3019 vestiatur.
1127 2962 1273 3031 Ergo
1320 2966 1552 3019 tantum
1600 2964 1812 3020 mirare
1858 2966 2031 3021 Joan-

313 3060 538 3125 nem,ut
571 3052 777 3110 audias
809 3052 963 3123 quod
993 3052 1274 3122 sequitur,
1306 3054 1423 3109 Non
1475 3059 1594 3109 erat
1627 3054 1731 3109 ille
1790 3056 1977 3111 lumen
2009 3072 2029 3112 :

319 3160 391 3199 ne
445 3159 577 3199 cum
638 3146 891 3199 montem
925 3146 1095 3213 putas
1139 3141 1340 3199 lumen
1388 3159 1535 3213 esse,
1567 3145 1939 3217 naufragium
1970 3147 2030 3201 in

315 3238 514 3291 monte
545 3233 747 3301 facias,
784 3249 900 3289 non
931 3231 1207 3289 solatium
1240 3232 1525 3289 invenias.
1552 3235 1667 3289 Sed
1692 3235 1831 3306 quid
1853 3236 2029 3292 debes

319 3323 568 3379 mirari?
598 3324 854 3380 Montem
907 3330 1180 3394 tanquam
1223 3327 1501 3380 montem.
1546 3325 1713 3397 Erige
1757 3329 1954 3381 autem
1976 3330 2030 3383 te

319 3414 391 3471 ad
423 3412 587 3469 illum
620 3414 720 3485 qui
780 3412 1077 3469 illuminat
1131 3418 1408 3484 montem,
1441 3416 1541 3485 qui
1573 3416 1642 3470 ad
1669 3415 1777 3471 hoc
1806 3423 2030 3472 erectus

316 3507 429 3571 est,
462 3507 527 3560 ut
552 3503 736 3575 {prior
773 3504 965 3560 radios
1003 3502 1269 3575 excipiat,
1301 3507 1357 3560 et
1386 3504 1569 3561 oculis
1623 3504 1743 3561 tuis
1785 3506 2030 3561 nuntiet.

312 3596 488 3663 Ergo,
526 3608 636 3648 non
669 3597 787 3649 erat
817 3593 913 3649 ille
937 3593 1144 3651 lumen.

377 3686 430 3738 9.
464 3685 653 3747 Quare
706 3683 884 3754 igitur
929 3684 1129 3740 venit?
1160 3684 1263 3740 Sed
1311 3692 1373 3739 ut
1411 3686 1787 3742 testimonium
1828 3685 2028 3757 perh’i-

312 3772 459 3829 beret
515 3774 581 3829 de
619 3774 846 3831 lumine.
881 3773 1093 3845 thuid
1139 3774 1247 3831 hoc
1268 3775 1296 3830 ‘l
1326 3776 1387 3832 Ut
1418 3791 1603 3832 omne:
1633 3777 1906 3834 crederent
1928 3794 2030 3848 per

311 3862 491 3918 illum.
510 3862 581 3918 Et
602 3862 672 3919 de
698 3879 812 3934 quo
838 3862 1063 3919 lumine
1090 3864 1485 3921 testimonium
1512 3866 1877 3935 perhiberet?
1895 3869 2028 3924 Erat

305 3953 406 4008 tua:
434 3968 581 4009 vera.
614 3953 803 4019 Quare
824 3952 1087 4008 additum
1121 3961 1224 4017 est,
1259 3957 1432 4008 vera?
1483 3956 1631 4019 Quia
1660 3960 1715 4010 et
1746 3956 1929 4013 homo
1957 3957 2027 4011 il-

300 4038 626 4098 luminatus
652 4040 867 4097 dicitur
897 4040 1030 4109 lux;
1064 4044 1162 4097 sed
1192 4058 1326 4097 vera
1358 4042 1570 4097 luxilla
1611 4050 1698 4098 est
1740 4061 1865 4115 quas
1899 4044 2030 4100 illu-

304 4130 669 4189 minat.Nam
692 4134 748 4187 et
778 4130 930 4187 oculi
957 4132 1135 4187 nostri
1172 4132 1454 4188 dicuntur
1489 4133 1815 4201 lumina;et
1838 4138 2029 4191 tamen

306 4220 421 4276 nisi
444 4223 547 4276 aut
566 4237 666 4291 per
695 4224 920 4277 noctem
954 4221 1191 4277 lucerna
1223 4223 1703 4290 accendatur,aut
1732 4240 1831 4295 per
1876 4224 2028 4281 diem

303 4311 389 4367 sol
420 4316 605 4380 exeat,
638 4311 863 4367 lumina
892 4313 1003 4368 ista
1029 4313 1155 4368 sine
1211 4328 1387 4370 causa
1419 4317 1639 4385 patent.
1670 4314 1765 4369 Sic
1787 4330 1923 4386 ergo
1956 4323 2011 4371 et

300 4402 557 4461 Joannes
587 4407 711 4459 erat
736 4402 851 4468 lux,
883 4404 984 4459 sed
1000 4420 1114 4459 non
1145 4420 1278 4460 vera
1309 4404 1443 4460 lux:
1472 4405 1611 4478 quia
1657 4421 1773 4461 non
1806 4405 2021 4460 illumi-

301 4496 499 4559 natus,
560 4493 849 4560 tenebras;
884 4494 985 4549 sed
1048 4493 1480 4551 illuminatione
1541 4496 1727 4552 factus
1785 4500 1873 4552 est
1914 4495 2030 4551 lux.

302 4580 429 4636 Nisi
460 4587 651 4637 autem
695 4580 1146 4653 illuminaretur,
1184 4585 1435 4641 tenebrae
1468 4590 1612 4653 erat,
1643 4586 1796 4641 sicut
1826 4602 2034 4642 omnes

300 4668 487 4739 impii,
522 4668 735 4738 quibus
756 4671 879 4740 jam
896 4673 1268 4728 credentibus
1298 4674 1439 4728 dixit
1461 4676 1803 4745 Apostolus,
1833 4677 2031 4731 Fuisti:

301 4756 601 4829 aliquando
658 4758 916 4816 tenebrae.
974 4760 1143 4815 Modo
1202 4766 1390 4818 autem
1437 4764 1569 4831 quia
1640 4764 2030 4832 crediderant,

305 4847 442 4919 quid
469 4845 497 4903 ?
528 4846 682 4901 Nunc
701 4852 886 4903 autem
909 4849 1028 4916 lux,
1059 4848 1273 4920 inquit,
1337 4853 1398 4905 in
1445 4853 1676 4908 Domino
1728 4853 1949 4923 (Ephes.
1977 4871 2032 4921 v,

300 4939 378 5011 8).
411 4935 534 4996 Nisi
554 4937 810 5003 adderet,
871 4937 930 4992 in
957 4940 1203 5005 Domino,
1238 4956 1352 4995 non
1376 4941 2023 5012 intelligeremus.Lu:r,

306 5030 519 5101 inquit,
578 5030 640 5084 in
699 5028 926 5085 Domino
956 5045 977 5085 :
1008 5029 1259 5084 tenebras
1292 5046 1408 5086 non
1442 5032 1503 5086 in
1557 5031 1801 5088 Domino
1833 5034 2032 5094 eratis.

307 5118 508 5175 Fuistis
537 5117 691 5175 enim
744 5118 1044 5193 aliquando
1074 5118 1318 5175 tenebrae
1350 5135 1367 5175 :
1402 5119 1481 5174 ibi
1529 5137 1637 5176 non
1695 5121 1941 5192 addidit,
1972 5124 2031 5180 in

313 5206 582 5264 Domino.
618 5210 769 5281 Ergo
802 5212 1053 5269 tenebrae
1088 5212 1146 5266 in
1179 5209 1364 5278 vobis,
1399 5210 1500 5266 lux
1549 5210 1608 5266 in
1638 5212 1904 5271 Domino.
1939 5215 2032 5271 Sic

312 5296 488 5437 etille
523 5311 632 5352 non
663 5305 782 5356 erat
809 5301 932 5371 lux,
976 5302 1069 5359 sed
1119 5304 1177 5358 ut
1226 5302 1607 5357 testimonium
1627 5303 1942 5374 perhiberet
1969 5306 2035 5362 de

350 5399 557 5437 umine.

350 5399 557 5440 umtne.

382 5484 439 5537 7.
471 5480 580 5537 Ubi
613 5491 804 5542 autem
838 5492 922 5544 est
952 5489 1078 5562 ipsa
1100 5492 1197 5548 lux
1221 5492 1248 5547 ‘l
1275 5497 1405 5549 Erat
1438 5493 1539 5550 lux
1574 5509 1726 5563 vera,
1755 5512 1877 5567 quae
1906 5495 2030 5552 illu-

319 5573 503 5631 minat
533 5586 747 5631 omnem
767 5576 1041 5636 hominem
1075 5583 1375 5640 venientem
1407 5585 1463 5639 in
1487 5585 1633 5642 hunc
1666 5586 2031 5644 mundum.Si

1288 226 1367 286 ΙΝ
1409 224 1734 287 JOANNIS
1780 226 2305 298 EVANGELIUM,
2354 225 2415 286 S.
2462 224 2885 287 AUGUSTINI

3696 229 3849 290 1392

2137 379 2371 421 omnem
2428 362 2723 419 hominem
2769 362 3123 430 venientem,
3183 365 3239 418 et
3288 361 3483 432 ipsum
3539 366 3848 430 Joannem,

2139 456 2268 525 Ipse
2291 470 2420 523 ergo
2452 452 2841 522 illuminabat,
2870 470 2902 508 a
2932 468 3044 523 quo
3079 467 3140 507 se
3169 452 3561 509 demonstrari
3598 453 3845 510 volebat.

2136 542 2429 613 Intelligat
2457 542 2723 597 Charitas
2746 546 2939 597 vestra
2972 558 2985 597 :
3022 540 3288 596 veniebat
3335 543 3489 598 enim
3526 543 3596 597 ad
3624 548 3847 599 mentes

2134 631 2425 694 infirmas,
2460 632 2530 686 ad
2563 632 2740 686 corda
2763 632 2983 699 saucia,
3006 631 3076 685 ad
3102 632 3287 687 aciem
3307 630 3513 687 anima:
3534 631 3845 703 lippientis.

2133 722 2217 778 Ad
2276 721 2380 777 hoc
2412 726 2664 777 venerat.
2708 720 2777 775 Et
2829 721 2982 775 unde
3028 726 3220 791 posset
3244 720 3442 777 anima
3473 722 3665 779 videre
3697 723 3846 793 quod

2140 812 2391 885 perfecte
2420 811 2557 866 est?
2611 811 2904 878 Quomodo
2955 810 3300 883 plerumque
3344 812 3403 866 fit
3436 816 3499 867 ut
3540 812 3601 868 in
3658 812 3851 884 aliquo

2136 918 2377 974 corpore
2435 902 2657 957 radiate
2708 905 3089 971 cognoscatur
3129 909 3289 957 ortus
3347 918 3475 958 esse
3514 903 3622 969 sol,
3676 919 3849 974 quem

2137 992 2322 1048 oculis
2346 992 2536 1048 videre
2567 1006 2683 1047 non
2715 1006 3049 1062 possumus.
3084 992 3231 1056 Quia
3270 996 3326 1046 et
3356 990 3455 1063 qui
3489 992 3714 1047 saucios
3746 992 3853 1047 ha-

2134 1082 2271 1138 bent
2309 1080 2529 1142 oculos,
2556 1079 2751 1135 idonei
2772 1084 2911 1135 sunt
2940 1079 3131 1135 videre
3152 1078 3423 1150 parietem
3447 1079 3849 1136 illuminatum

2135 1178 2190 1226 et
2220 1170 2577 1227 illustratum
2611 1186 2643 1225 a
2684 1168 2825 1239 sole,
2868 1167 2954 1224 vel
3001 1174 3259 1225 montem
3299 1170 3386 1225 vel
3434 1169 3719 1240 arborem,
3750 1175 3849 1225 aut

2138 1258 2355 1330 aliquid
2388 1257 2723 1329 bujusmodi
2747 1256 2942 1313 idonei
2974 1261 3114 1312 sunt
3144 1257 3373 1326 videre;
3401 1258 3539 1314 etin
3572 1257 3685 1313 alio
3715 1257 3847 1313 illu-

2137 1354 2317 1405 strato
2350 1348 2784 1405 demonstratur
2814 1347 2928 1403 illis
2948 1352 3109 1404 ortus
3139 1346 3254 1418 ille,
3279 1348 3372 1403 cui
3392 1348 3638 1404 videndo
3660 1347 3852 1404 adhuc

2136 1440 2328 1495 minus
2358 1440 2620 1495 idoneam
2647 1439 2827 1495 aciem
2866 1442 3091 1509 gerunt.
3125 1438 3215 1493 Sic
3247 1454 3380 1509 ergo
3412 1437 3499 1494 illi
3543 1454 3746 1494 omnes
3778 1437 3848 1493 ad

2136 1547 2285 1602 quos
2301 1529 2564 1585 Christus
2581 1533 2837 1595 venerat,
2858 1528 3052 1584 minus
3068 1527 3260 1583 idonei
3278 1533 3444 1584 erant
3465 1545 3599 1585 eum
3625 1529 3849 1585 videre:

2137 1618 2380 1674 radiavit
2401 1618 2684 1673 Joannem
2712 1642 2728 1687 ;
2759 1622 2815 1673 et
2840 1634 2941 1689 per
2969 1616 3133 1673 illum
3160 1617 3535 1674 conﬁtentem
3568 1635 3629 1674 se
3662 1618 3849 1674 radia-

2136 1714 2262 1764 tum
2296 1725 2361 1763 ac
2378 1724 2439 1764 se
2472 1707 2871 1763 illuminatum
2901 1723 3051 1772 esse,
3084 1723 3200 1762 non
3232 1707 3329 1778 qui
3362 1708 3613 1763 radiaret
3643 1711 3700 1763 et
3729 1706 3852 1762 illu-

2138 1800 2405 1867 minaret,
2426 1798 2694 1870 cognitus
2716 1802 2804 1853 est
2817 1796 2913 1853 ille
2926 1797 3025 1868 qui
3039 1796 3354 1866 illuminat,
3369 1797 3636 1869 cognitus
3649 1802 3738 1852 est
3757 1797 3851 1851 ille

2138 1890 2235 1961 qui
2270 1888 2543 1954 illustrat,
2568 1888 2837 1958 cognitus
2867 1891 2956 1941 est
2976 1886 3075 1957 qui
3102 1886 3321 1957 implet.
3351 1886 3416 1941 Et
3449 1886 3580 1957 quis
3601 1886 3729 1941 est?
3749 1887 3855 1953 Qui

2140 1978 2450 2043 illuminat,
2482 1974 2692 2046 inquit,
2725 1990 2937 2031 omnem
2972 1974 3249 2030 hominem
3271 1973 3576 2030 venientem
3607 1976 3663 2029 in
3687 1990 3852 2029 mun-

2140 2068 2287 2123 dum.
2344 2066 2487 2121 Nam
2544 2065 2592 2119 si
2623 2064 2783 2119 illinc
2816 2081 2931 2119 non
2963 2065 3275 2131 recederet,
3302 2079 3415 2119 non
3446 2068 3597 2119 esset
3630 2062 3847 2119 illumi-

2142 2159 2409 2213 nandus:
2444 2155 2543 2211 sed
2578 2154 2706 2210 ideo
2740 2153 2833 2209 hic
2866 2152 3465 2223 illuminandus,quia
3487 2151 3645 2206 illinc
3668 2168 3851 2207 reces-

2140 2248 2236 2313 sit,
2274 2245 2369 2301 ubi
2401 2245 2574 2301 homo
2598 2260 2830 2315 semper
2861 2248 3086 2313 poterat
3114 2259 3241 2298 esse
3274 2241 3654 2297 illuminatus.

2212 2336 2264 2390 8.
2300 2335 2444 2398 Quid
2470 2350 2606 2405 ergo
2626 2334 2655 2388 ?
2672 2333 2730 2387 8i
2768 2332 2927 2387 venit
2971 2332 3109 2400 huc,
3131 2332 3229 2387 ubi
3252 2332 3419 2386 erat?
3437 2332 3501 2385 In
3534 2331 3630 2385 hoc
3649 2331 3853 2387 mundo

2138 2430 2276 2481 erat.
2313 2426 2379 2479 Et
2407 2424 2503 2480 hic
2532 2428 2679 2491 erat,
2704 2426 2760 2479 et
2792 2422 2905 2477 huc
2936 2423 3093 2477 venit
3124 2438 3137 2476 :
3173 2420 3265 2477 hic
3303 2426 3427 2477 erat
3457 2436 3558 2492 per
3586 2421 3854 2477 divinita-

2138 2518 2289 2581 tem;
2322 2513 2436 2569 huc
2466 2513 2623 2569 venit
2673 2528 2775 2584 per
2820 2527 3055 2568 carnem
3091 2528 3105 2567 :
3130 2512 3268 2581 quia
3297 2526 3431 2565 cum
3456 2509 3549 2565 hic
3575 2514 3724 2566 esset
3753 2527 3857 2582 per

2141 2604 2523 2673 divinitatem,
2574 2603 2645 2658 ab
2696 2601 2862 2658 stulis
2890 2609 2943 2658 et
2974 2602 3141 2658 caecis
3177 2606 3232 2658 et
3263 2600 3484 2673 iniquis
3521 2599 3704 2657 videri
3736 2617 3852 2656 non

2140 2699 2391 2769 poterat.
2415 2694 2532 2766 Ipsi
2546 2694 2736 2766 iniqui
2751 2694 3001 2749 tenebrae
3020 2696 3159 2748 sunt
3178 2693 3249 2749 de
3271 2691 3488 2764 quibus
3502 2690 3723 2747 dictum
3741 2695 3851 2757 est,

2141 2786 2260 2840 Lux
2291 2786 2434 2840 lucet
2461 2787 2518 2840 in
2538 2784 2796 2853 tenebris,
2828 2789 2877 2840 et
2897 2786 3136 2840 tenebrae
3165 2799 3291 2838 eam
3314 2798 3421 2839 non
3444 2782 3855 2854 comprehende-

2142 2883 2271 2931 runt
2303 2877 2477 2940 (Joan.
2511 2890 2551 2943 1,
2583 2875 2662 2944 5),
2705 2875 2845 2930 Ecce
2874 2873 2969 2930 hic
2998 2878 3089 2930 est
3121 2880 3174 2929 et
3206 2873 3397 2941 modo,
3418 2877 3475 2929 et
3504 2872 3599 2928 hic
3631 2876 3775 2941 erat,
3800 2876 3857 2928 et

2140 2981 2371 3037 semper
2391 2964 2488 3021 hic
2519 2970 2607 3021 est
2632 3006 2645 3032 ,
2674 2968 2729 3019 et
2760 2980 3061 3036 nunquam
3098 2963 3334 3032 recedit,
3370 2980 3663 3035 nusquam
3705 2979 3858 3019 rece-

2141 3056 2243 3112 dit.
2278 3054 2437 3126 Opus
2468 3060 2556 3110 est
2608 3061 2669 3110 ut
2707 3054 2919 3109 habeas
2960 3054 3116 3109 unde
3145 3053 3341 3109 videas
3372 3053 3527 3125 quod
3562 3053 3668 3108 tibi
3703 3069 3855 3109 nun-

2141 3161 2319 3217 quam
2375 3144 2591 3200 recedit
2622 3162 2637 3212 ;
2670 3160 2817 3213 opus
2848 3148 2938 3199 est
2979 3147 3044 3199 ut
3071 3148 3132 3199 tu
3166 3159 3281 3199 non
3304 3143 3539 3199 recedas
3564 3142 3635 3197 ab
3664 3158 3729 3199 eo
3753 3142 3853 3214 qui

2139 3252 2428 3308 nusquam
2463 3235 2716 3302 recedit;
2741 3250 2886 3306 opus
2916 3238 3006 3290 est
3035 3238 3097 3289 ut
3119 3239 3178 3289 tu
3211 3250 3327 3289 non
3359 3235 3617 3302 deseras,
3650 3236 3706 3289 et
3737 3250 3854 3290 non

2138 3325 2444 3384 desereris.
2479 3328 2601 3382 Non
2634 3327 2861 3393 cadere,
2891 3330 2947 3381 et
2978 3342 3093 3381 non
3126 3324 3228 3380 tibi
3259 3325 3501 3380 occidet.
3536 3324 3595 3379 Si
3628 3333 3687 3379 tu
3712 3324 3857 3380 fece-

2140 3419 2221 3475 ris
2253 3434 2477 3485 casum,
2504 3417 2599 3473 ille
2628 3417 2735 3473 tibi
2774 3417 2906 3472 fecit
2952 3431 3264 3472 occasum:
3308 3414 3357 3469 si
3389 3418 3584 3471 autem
3616 3418 3677 3471 tu
3707 3419 3850 3483 stas,

2140 3525 2391 3582 praesens
2423 3512 2512 3565 est
2542 3508 2668 3564 tibi.
2700 3508 2809 3563 Sed
2835 3523 2947 3562 non
2980 3505 3192 3562 stetisti
3226 3506 3569 3562 :recordare
3589 3506 3745 3562 unde
3765 3522 3852 3561 ce-

2137 3598 2369 3667 cideris,
2403 3598 2559 3654 unde
2584 3602 2641 3654 te
2679 3598 2891 3667 dejecit
2922 3597 3022 3668 qui
3070 3596 3228 3669 prior
3269 3600 3325 3651 te
3374 3594 3599 3653 cecidit.
3639 3596 3860 3667 Dejecit

2139 3690 2292 3747 enim
2325 3696 2400 3759 te,
2432 3704 2549 3745 non
2581 3687 2655 3755 vi,
2691 3704 2807 3743 non
2855 3685 3131 3757 impulsu,
3166 3686 3263 3741 sed
3306 3683 3604 3741 voluntate
3640 3688 3763 3742 tua.
3793 3686 3855 3741 Si

2139 3781 2295 3857 enim
2330 3778 2476 3835 malo
2515 3795 2630 3835 non
2661 3776 3037 3843 consentires,
3064 3780 3273 3843 stares,
3334 3774 3694 3831 illuminatus
3726 3792 3855 3831 ma-

2139 3880 2329 3929 neres.
2364 3869 2566 3925 Modos
2597 3872 2791 3924 autem
2839 3866 2973 3939 quia
3016 3867 3132 3936 jam
3160 3863 3438 3926 cecidisti.
3472 3870 3527 3922 et
3570 3864 3764 3922 factus
3792 3882 3856 3923 es

2140 3962 2377 4018 saucius
2400 3960 2591 4028 corde,
2612 3959 2767 4015 unde
2784 3957 2963 4013 videri
2986 3956 3083 4012 illa
3100 3957 3200 4012 lux
3230 3961 3419 4029 potest
3450 3955 3491 4025 ί,
3519 3955 3677 4012 venit
3710 3956 3783 4012 ad
3801 3961 3859 4013 te

2141 4051 2276 4108 talis
2309 4048 2539 4122 Qualem
2585 4064 2785 4121 posses
2824 4048 3053 4114 videre;
3108 4050 3165 4101 et
3220 4045 3395 4101 talem
3455 4061 3518 4101 se
3558 4044 3859 4102 hominem

2144 4140 2409 4212 praebuit,
2436 4142 2501 4193 ut
2528 4137 2598 4194 ab
2621 4136 2859 4192 homine
2884 4140 3164 4207 quaereret
3184 4133 3713 4191 testimonium.Ab
3748 4134 3850 4190 ho-

2143 4229 2300 4286 mine
2333 4227 2536 4302 quaerit
2565 4225 2968 4283 testimonium
2994 4230 3167 4294 Deus,
3190 4231 3245 4281 et
3273 4228 3424 4280 Deus
3444 4227 3649 4279 testem
3682 4222 3862 4279 habet

2145 4318 2447 4376 hominem
2477 4335 2490 4385 ;
2524 4318 2697 4372 habet
2725 4316 2875 4371 Deus
2908 4319 3117 4371 testem
3151 4314 3471 4382 hominem,
3503 4314 3605 4370 sed
3628 4318 3862 4385 propter

2143 4408 2481 4465 hominem:
2517 4411 2638 4463 tam
2669 4404 2886 4461 iniirmi
2917 4420 3124 4460 sumus
3155 4402 3168 4459 l
3203 4405 3311 4460 Per
3334 4403 3633 4459 lucernam
3658 4404 3859 4474 quaeri-

2148 4514 2277 4554 mus
2310 4496 2463 4552 diem
2490 4512 2502 4550 :
2538 4496 2676 4567 quia
2705 4494 2945 4550 lucerna
2967 4494 3157 4551 dictus
3189 4498 3277 4550 est
3300 4493 3421 4566 ipse
3450 4493 3727 4561 Joannes,
3751 4495 3863 4549 Do-

2148 4586 2305 4641 mino
2337 4585 2561 4640 dicente
2593 4601 2608 4641 :
2641 4584 2744 4639 Ille
2774 4590 2892 4638 erat
2915 4583 3140 4638 lucerna
3161 4582 3358 4638 ardens
3388 4589 3437 4637 et
3467 4582 3668 4649 lucens,
3692 4590 3748 4637 et
3773 4598 3862 4638 vos

2146 4676 2395 4731 voluistis
2424 4674 2701 4729 exsultare
2730 4673 2799 4728 ad
2830 4673 3023 4727 horam
3056 4674 3116 4727 in
3149 4674 3358 4728 lumine
3378 4673 3651 4741 eius:ego
3678 4676 3862 4727 autem

2146 4765 2316 4820 habeo
2346 4765 2717 4820 testimonium
2739 4763 2919 4834 majus
2946 4764 3155 4819 Joanne
3186 4761 3286 4834 (Id.
3318 4778 3371 4829 v,
3403 4761 3493 4828 35,
3529 4761 3643 4831 36).

2212 4858 2266 4912 9.
2289 4858 2433 4926 Ergo
2464 4855 2708 4911 ostendit
2738 4855 2878 4925 quia
2928 4858 3165 4925 propter
3213 4852 3481 4909 homines
3528 4851 3709 4908 voluit
3760 4870 3862 4924 per

2143 4944 2439 5004 lucernam
2473 4945 2860 5002 demonstrari
2902 4945 2974 5001 ad
3023 4944 3197 4999 fidem
3238 4942 3626 5010 credentium,
3659 4947 3727 4998 ut
3757 4959 3861 5015 per

2145 5038 2321 5109 ipsam
2340 5037 2640 5093 lucernam
2658 5034 2880 5091 inimici
2904 5035 3032 5107 ejus
3046 5034 3564 5091 confunderentur.
3589 5030 3676 5087 llli
3699 5032 3857 5088 enim

2142 5127 2366 5184 inimici
2400 5126 2497 5198 qui
2526 5126 2692 5181 illum
2726 5124 3051 5192 tentabant,
3078 5128 3133 5178 et
3162 5123 3452 5191 dicebant,
3487 5123 3581 5177 Dic
3595 5121 3770 5189 nobis,
3798 5125 3863 5176 In

2142 5235 2246 5290 qua
2277 5220 2537 5290 potestate
2567 5218 2671 5271 ista
2696 5214 2839 5286 facit
2861 5216 2890 5268 ?
2918 5212 3274 5284 lnterrogabo
3298 5228 3383 5268 vos
3412 5221 3464 5267 et
3494 5228 3615 5281 ego,
3638 5211 3827 5283 inquit
3846 5255 3859 5279 ,

2143 5327 2315 5365 unum
2348 5323 2643 5366 sermonem
2670 5324 2692 5361 :
2720 5305 2885 5362 dicite
2910 5305 3055 5362 mihi
3063 5350 3077 5377 ,
3121 5306 3425 5379 baptisma:
3449 5305 3680 5363 Joannis
3709 5307 3870 5360 unde

2141 5409 2220 5456 est
2247 5403 2275 5455 ?
2302 5399 2366 5455 de
2389 5400 2539 5466 creto,
2562 5413 2633 5452 an
2666 5397 2731 5452 ab
2753 5396 3069 5453 hominibus
3088 5400 3115 5451 7
3140 5400 3208 5453 Et
3231 5396 3604 5463 turbatirunt,
3629 5402 3679 5450 et
3707 5394 3865 5450 dixe-

2212 5530 2401 5586 !Editi,
2427 5542 2530 5578 non
2559 5530 2742 5592 potest.
2770 5528 2950 5590 Abest,
2976 5540 3151 5592 non,_a
3186 5524 3311 5592 Mss.
3349 5524 3549 5592 Sensus
3572 5526 3865 5590 Augustini

2147 5598 2247 5651 est,
2281 5594 2452 5643 videri
2482 5588 2624 5643 illam
2661 5592 2833 5643 lucem
2864 5588 2973 5642 non
3004 5588 3176 5650 oculo,
3210 5589 3302 5641 sed
3336 5588 3510 5641 corde.
