4170 6188
251 327 282 384 1
296 318 412 385 393

253 467 384 518 runt
412 479 562 534 apud
590 463 924 535 semetipsos,
959 460 1017 519 Si
1063 460 1377 521 dixerimus
1425 468 1491 523 de
1523 470 1655 525 creto
1683 487 1705 533 ,·
1726 471 1976 527 dicturus

252 556 325 609 est
361 552 538 621 nobis,
565 554 746 622 Quare
765 570 889 625 ergo
910 570 1019 609 non
1039 554 1348 610 credidistis
1372 556 1502 612 illi?
1523 558 1679 629 (quia
1704 560 1798 615 ille
1822 560 1979 615 Chri-

255 648 345 698 sto
386 642 766 713 perbibuerat
797 644 1197 699 testimonium
1232 649 1289 699 et
1316 646 1559 713 dixerat,
1592 649 1707 703 Non
1736 666 1858 704 sum
1887 666 1982 721 ego

255 732 530 801 Christus,
562 733 652 789 sed
673 733 771 789 itte
791 735 972 803 [Joan.
1002 751 1036 798 ι,
1059 734 1261 806 2027].
1290 734 1351 790 Si
1375 740 1558 791 autem
1579 752 1647 792 ea;
1667 738 1983 795 hominibus

253 821 570 879 dixerimus
598 839 731 893 esse,
764 825 1015 880 timemus
1051 824 1315 895 populum
1364 842 1432 881 ne
1462 825 1663 896 tapidet
1693 844 1817 889 nos;
1852 844 1983 900 quia

252 922 523 983 tanquam
551 913 870 984 prophetam
900 913 1458 971 habebantJoannem
1481 914 1802 973 .Timentes
1835 917 1980 989 lapi-

254 998 582 1063 dationem,
616 1002 715 1057 sed
748 1000 883 1073 plus
933 1001 1207 1058 timentes
1236 1001 1496 1058 veritatis
1526 1003 1979 1070 confessionem,

254 1091 687 1159 responderunt
720 1090 1082 1147 mendacium
1106 1091 1371 1159 veritati;
1404 1096 1464 1148 et
1487 1093 1730 1148 mentita
1761 1098 1849 1148 est
1871 1094 1983 1148 ini-

254 1178 457 1249 quitas
490 1180 601 1235 sibi
629 1180 804 1249 (I’sal.
836 1197 987 1241 χχιι.
1011 1181 1122 1252 12).
1148 1180 1427 1237 Dixerunt
1457 1183 1611 1238 enim
1638 1200 1650 1239 :
1678 1186 1977 1240 Nescimus.

252 1268 324 1323 Et
362 1269 673 1341 Dominus,
707 1269 977 1342 quiaipsi
1004 1274 1207 1327 contra
1228 1286 1290 1327 se
1320 1271 1674 1341 clauserant,
1718 1275 1981 1343 negando

259 1375 319 1415 se
340 1359 496 1414 scire
518 1360 674 1431 quod
695 1365 997 1433 noverant,
1024 1376 1128 1418 nec
1149 1361 1273 1433 ipse
1297 1361 1413 1417 illis
1437 1363 1683 1434 aperuit,
1700 1364 1842 1435 quia
1867 1382 1979 1419 non

257 1452 661 1525 pulsaverunt.
701 1454 925 1510 Dictum
957 1458 1047 1510 est
1085 1453 1242 1510 enim
1276 1471 1290 1511 :
1337 1457 1569 1522 Putsate,
1616 1465 1670 1511 et
1704 1460 1985 1528 aperietur

257 1544 407 1598 vobis
436 1542 649 1615 (Matth.
684 1560 783 1612 vn,
815 1545 891 1610 7).
925 1544 1047 1600 Non
1074 1546 1265 1600 solum
1299 1551 1492 1600 autem
1518 1544 1603 1600 illi
1636 1563 1748 1602 non
1784 1547 1986 1619 pulsa-

256 1636 491 1700 verunt,
529 1637 594 1688 ut
624 1634 945 1705 aperiretur
977 1654 991 1703 ;
1034 1636 1129 1691 sed
1167 1635 1452 1707 negando,
1509 1636 1726 1691 ostium
1790 1638 1980 1708 ipsum

258 1728 461 1778 contra
490 1738 553 1778 se
584 1722 1018 1779 obstruxerunt.
1056 1724 1121 1778 Et
1152 1724 1231 1779 ait
1260 1724 1343 1779 eis
1374 1725 1696 1781 Dominus:
1731 1726 1835 1781 Nec
1887 1742 1981 1797 ego

257 1812 374 1869 dico
404 1813 560 1868 vobis
593 1816 651 1868 in
684 1831 788 1885 qua
810 1818 1078 1886 potestate
1099 1814 1203 1869 ista
1231 1816 1380 1885 facio
1407 1816 1620 1886 (Matth.
1653 1833 1769 1885 xxx,
1801 1817 1981 1886 23-27,

258 1903 419 1959 Marc.
464 1922 543 1971 χι,
576 1905 773 1973 28-33,
807 1908 855 1961 et
889 1906 1015 1960 Luc.
1046 1922 1137 1966 xx,
1170 1906 1324 1973 2-8).
1359 1906 1427 1961 Et
1460 1908 1683 1962 confusi
1713 1913 1854 1963 sunt
1884 1925 1986 1977 per

256 1991 546 2050 Joannem
585 2011 598 2062 ;
633 1994 1061 2066 impletumque
1093 1996 1151 2049 in
1185 1994 1301 2049 illis
1333 1999 1441 2063 est,
1473 1997 1675 2050 Paran
1716 1997 1982 2053 lucernan

261 2083 481 2139 Christo
512 2099 628 2139 meo
656 2102 678 2150 ;
723 2085 971 2140 inimicos
1010 2084 1129 2154 ejus
1178 2084 1403 2140 induam
1452 2088 1768 2156 confusione
1805 2087 1981 2157 (Psal.

257 2189 446 2242 cum,
484 2175 572 2241 17,
610 2172 718 2245 18).

330 2264 420 2319 t0.
454 2267 519 2319 In
550 2264 754 2321 mundo
792 2272 935 2334 erat,
984 2270 1035 2322 et
1080 2267 1317 2322 mundus
1359 2283 1460 2339 per
1505 2283 1629 2323 eum
1665 2267 1850 2339 factus
1880 2272 1978 2325 est.

260 2353 338 2410 Ne
366 2358 543 2426 putes
584 2354 717 2426 quia
753 2353 836 2410 sic
858 2363 979 2411 erat
1002 2357 1058 2410 in
1084 2358 1323 2425 mundo,
1342 2358 1635 2430 quomodo
1680 2358 1736 2413 in
1765 2359 1980 2414 mundo

255 2448 344 2498 est
374 2448 555 2506 terra,
608 2444 667 2499 in
711 2444 930 2500 mundo
979 2450 1067 2501 est
1106 2444 1335 2512 cmlum,
1388 2446 1444 2501 in
1490 2446 1705 2501 mundo
1755 2451 1841 2503 est
1870 2446 1979 2519 sol,

254 2535 393 2591 luna
417 2539 480 2591 et
509 2534 712 2603 stellae,
745 2535 806 2590 in
858 2536 1077 2592 mundo
1109 2537 1362 2605 arbores,
1414 2554 1640 2609 pecora,
1692 2538 1978 2597 homines.

252 2622 374 2681 Non
398 2625 490 2681 sic
520 2624 637 2680 iste
666 2625 723 2679 in
756 2627 974 2682 mundo
997 2630 1145 2682 erat.
1178 2628 1287 2683 Sed
1314 2631 1605 2700 quomodo
1638 2630 1806 2685 erat?
1828 2632 1976 2695 Quo-

255 2714 431 2769 modo
465 2712 700 2780 artifex,
735 2730 939 2784 regens
988 2715 1139 2787 quod
1174 2716 1329 2771 fecit.
1358 2716 1483 2772 Non
1517 2717 1668 2773 enim
1706 2717 1788 2773 sic
1822 2718 1975 2786 fecit,

254 2804 552 2874 quomodo
585 2803 720 2859 facit
742 2803 920 2861 faber.
956 2804 1300 2861 Forineecus
1332 2809 1420 2861 est
1449 2821 1579 2861 arca
1610 2822 1781 2876 quam
1815 2807 1972 2877 facit,

250 2897 309 2948 et
339 2892 451 2947 illa
483 2891 544 2947 in
578 2890 690 2947 alio
740 2892 867 2949 loco
917 2894 1105 2965 posita
1150 2899 1262 2961 est,
1309 2911 1442 2950 cum
1499 2896 1859 2963 fabricatur;
1919 2900 1976 2952 et

245 2983 522 3054 quamvis
549 2982 722 3053 juxta
752 2985 850 3051 sit,
886 2984 1007 3055 ipse
1044 2984 1191 3040 alios
1220 2984 1346 3041 loco
1378 2984 1542 3041 sedet
1572 2986 1669 3057 qui
1705 2986 1970 3054 fabricat,

246 3078 303 3130 et
332 3073 704 3130 extrinsecus
735 3079 824 3130 est
853 3075 923 3130 ad
974 3074 1117 3129 illud
1153 3076 1303 3146 quod
1358 3075 1601 3131 fabricat
1631 3093 1643 3131 :
1679 3076 1832 3131 Deus
1864 3093 1971 3131 au-

245 3168 370 3219 tem
404 3165 631 3219 mundo
662 3164 889 3220 infusus
914 3164 1174 3232 fabricat,
1202 3165 1415 3236 ubique
1449 3164 1675 3237 positus
1707 3164 1970 3234 fabricat,

248 3259 455 3307 etnon
490 3252 711 3308 recedit
756 3251 971 3324 aliquo,
1025 3269 1140 3308 non
1181 3253 1536 3309 extrinsecus
1581 3253 1745 3325 quasi
1778 3257 1970 3308 versat

246 3340 462 3397 molem
489 3358 669 3412 quam
696 3340 957 3397 fabricat.
982 3341 1288 3399 Praesentia
1314 3343 1637 3414 majestatis
1662 3343 1966 3413 facitquod

246 3429 432 3498 facit;
470 3430 776 3501 praesentia
810 3446 913 3485 sua
962 3430 1248 3500 gubernat
1277 3431 1432 3502 quod
1483 3431 1636 3486 fecit.
1688 3431 1781 3486 Sic
1829 3447 1965 3502 ergo

247 3524 377 3577 erat
398 3520 460 3575 in
489 3522 723 3591 mundo,
748 3522 1039 3593 quomodo
1063 3537 1159 3593 per
1182 3538 1354 3593 quem
1369 3523 1628 3579 mundus
1642 3523 1834 3578 factus
1857 3526 1965 3577 est.

243 3610 359 3665 Per
389 3613 581 3681 ipsum
599 3612 752 3667 enim
775 3610 1011 3667 mundus
1039 3613 1220 3683 factus
1250 3620 1347 3678 est,
1369 3616 1422 3668 et
1449 3612 1686 3667 mundus
1708 3628 1833 3667 eum
1854 3627 1964 3667 non

247 3700 530 3769 cognovit.

322 3790 412 3847 11.
447 3790 599 3854 Quid
629 3794 739 3857 est,
769 3792 1010 3847 mundus
1032 3794 1214 3862 factus
1234 3796 1309 3848 est
1335 3807 1437 3864 per
1466 3792 1647 3863 ipsum
1681 3789 1968 3857 ?Ccelum,

247 3883 427 3945 terra,
461 3895 627 3935 mare
656 3884 712 3936 et
740 3881 941 3937 omnia
971 3897 1091 3953 qua
1123 3881 1182 3937 in
1215 3882 1298 3937 eis
1331 3885 1493 3949 sunt,
1527 3884 1783 3937 mundus
1815 3880 1971 3935 dici-

254 3978 365 4024 tur.
387 3970 610 4026 Iterum
633 3970 747 4025 alia
766 3970 1207 4044 signiﬁcatione,
1232 3971 1541 4028 dilectores
1571 3971 1778 4027 mundi
1802 3986 1969 4026 mun-

250 4059 361 4115 dus
391 4060 691 4118 dicuntur.
722 4060 948 4117 Mundus
970 4076 1068 4132 per
1096 4061 1278 4133 ipsum
1317 4063 1494 4127 factus
1524 4069 1618 4131 est,
1658 4065 1705 4117 et
1735 4059 1973 4116 mundus

247 4164 376 4204 eum
406 4165 516 4204 non
562 4152 827 4221 cognovit.
860 4150 1008 4207 Num
1041 4151 1195 4207 enim
1242 4151 1371 4206 caeli
1412 4168 1528 4206 non
1558 4151 1972 4221 :cognoverunt

249 4238 582 4295 Creatorem
608 4256 805 4308 suum,
840 4245 943 4296 aut
962 4241 1165 4312 Augeli
1192 4257 1304 4296 non
1330 4245 1724 4314 cognoverunt
1753 4240 1973 4295 Creato-

250 4343 373 4384 rem
409 4345 611 4391 suum,
646 4336 747 4385 aut
768 4346 880 4386 non
906 4334 1303 4402 cognoverunt
1332 4332 1659 4387 Creatorem
1688 4346 1858 4385 suum
1890 4330 1973 4386 si-

251 4419 412 4486 dera,
434 4433 610 4489 quem
644 4419 1000 4476 confitentur
1019 4420 1311 4476 daemonia
1328 4420 1356 4475 ?
1388 4420 1597 4475 Omnia
1621 4419 1877 4491 undique
1900 4425 1971 4476 te-

252 4506 601 4564 stimonium
634 4508 1075 4580 perhibuerunt.
1102 4510 1211 4567 Sed
1245 4509 1345 4581 qui
1382 4527 1493 4566 non
1526 4510 1970 4582 cognoverunt?

250 4600 357 4665 Qui
388 4600 643 4656 amando
693 4601 979 4657 mundum
1010 4601 1151 4657 dicti
1208 4605 1349 4657 sunt
1388 4602 1667 4659 mundus.
1712 4601 1973 4656 Amando

251 4691 406 4746 enim
434 4690 781 4748 habitamus
829 4691 998 4748 corde
1031 4706 1047 4747 :
1080 4690 1333 4747 amando
1371 4694 1590 4760 autem,
1633 4690 1737 4746 hoc
1768 4688 1971 4761 appel-

248 4778 358 4836 lari
382 4785 729 4836 meruerunt
748 4781 904 4853 quod
938 4779 1035 4835 ille
1059 4780 1157 4836 ubi
1181 4779 1548 4835 habitabant.
1572 4778 1872 4844 Quomodo
1895 4776 1976 4832 di-

253 4869 457 4938 cimus,
485 4869 637 4925 Mala
656 4874 747 4926 est
764 4868 865 4925 illa
890 4869 1101 4926 domus
1125 4886 1139 4938 ;
1159 4873 1277 4939 aut,
1312 4868 1472 4925 Bona
1492 4872 1580 4924 est
1601 4867 1697 4923 illa
1723 4869 1932 4923 domus
1956 4883 1973 4924 :

254 4974 372 5013 non
392 4959 569 5014 inille
593 4975 764 5031 quam
787 4958 1041 5015 dicimus
1065 4958 1301 5026 malam,
1327 4958 1569 5031 parietes
1591 4969 1972 5023 accusamus;

252 5048 436 5104 autin
462 5048 564 5103 illa
589 5065 770 5118 quam
797 5047 1048 5104 dicimus
1083 5049 1322 5109 bonam,
1346 5049 1593 5119 parietes
1622 5046 1974 5103 laudamus:

253 5140 350 5192 sed
371 5138 592 5194 malam
617 5139 882 5205 domum,
907 5138 1308 5194 inhabitantes
1326 5137 1545 5205 malos;
1568 5142 1625 5194 et
1646 5138 1858 5193 bonam
1884 5138 1980 5193 do-

256 5244 441 5295 mum,
466 5230 868 5286 inbabitantes
892 5230 1094 5286 bonos.
1118 5231 1209 5284 Sic
1232 5229 1726 5300 etmundum,qui
1750 5228 1978 5283 inhabi-

254 5320 652 5377 tantamando
668 5321 1088 5387 mundum.Qui
1105 5320 1272 5376 sunt?
1285 5320 1390 5387 Qui
1406 5320 1655 5384 diligunt
1670 5321 1944 5374 mundum
1962 5337 1976 5375 :

254 5406 368 5479 ipsi
399 5410 557 5466 enim
584 5410 757 5468 corde
779 5410 1045 5467 habitant
1068 5411 1125 5465 in
1151 5410 1393 5465 mundo.
1416 5408 1557 5464 Nam
1583 5408 1685 5479 qui
1709 5424 1821 5463 non
1846 5408 1979 5463 dili-

253 5506 401 5569 gunt
432 5502 749 5569 mundum,
783 5516 957 5557 carne
976 5505 1287 5557 versantur
1317 5500 1373 5553 in
1410 5498 1660 5565 mundo;
1688 5497 1787 5552 sed
1812 5499 1980 5554 corde

254 5588 593 5648 inhabitant
623 5591 863 5659 caelum,
898 5591 1055 5647 sicut
1091 5588 1399 5663 Apostolus
1420 5589 1597 5644 dicit:
1648 5586 1837 5645 Nostra
1884 5606 1979 5645 au-

258 5688 368 5735 tem
421 5685 764 5740 conversatio
786 5683 846 5739 in
906 5683 1055 5739 cesti:
1104 5689 1179 5738 est
1226 5678 1499 5753 (Philipp.
1533 5696 1618 5747 ιιι,
1666 5679 1781 5740 20).
1837 5684 1981 5750 Ergo

1532 330 2001 395 TRAC'I‘ATUS
2046 330 2119 394 ΙΙ.
2167 332 2427 396 CAPUT
2475 332 2523 395 Ι.

3651 348 3807 409 1394

2089 472 2329 527 mundus
2353 488 2451 544 per
2470 488 2595 528 eum
2623 474 2802 543 factus
2858 476 2953 541 est,
3002 476 3054 529 et
3092 476 3327 532 mundus
3373 494 3497 535 eum
3551 496 3661 538 non
3708 500 3806 540 co-

2090 564 2300 630 gnovit.

2166 653 2250 705 12.
2282 654 2345 706 In
2376 669 2474 708 sua
2508 655 2738 724 prapria
2785 656 2934 710 venit
2965 671 2983 709 :
3016 656 3111 726 qui
3165 658 3363 714 omnia
3391 658 3502 716 ista
3533 676 3635 731 per
3671 677 3804 717 eum

2092 741 2245 797 facta
2275 750 2431 799 sunt.
2466 744 2528 798 Et
2558 747 2645 799 sui
2664 760 2788 800 eum
2808 760 2920 799 non
2939 750 3284 817 receperunt.
3310 748 3414 814 Qui
3445 750 3537 806 sui
3557 749 3808 807 ?Homi-

2093 847 2197 887 nes
2231 848 2379 903 quos
2405 834 2554 888 fecit.
2579 834 2767 889 Judaei
2788 851 2933 906 quos
2958 836 3226 905 primitus
3251 839 3383 893 fecit
3403 856 3581 912 super
3600 856 3807 897 omnes

2092 925 2289 989 gentes
2322 937 2469 977 esse.
2502 923 2650 987 Quia
2680 922 2807 978 aliae
2828 928 3033 995 gentes
3054 925 3211 982 idola
3237 927 3579 997 adorabunt,
3613 938 3666 986 et
3691 931 3806 985 daa-

2092 1010 2367 1066 monibus
2389 1011 2746 1081 serviebant;
2774 1012 2871 1069 ille
2901 1019 3094 1070 autem
3120 1017 3368 1087 populus
3400 1028 3571 1075 natus
3593 1024 3718 1077 erat
3734 1021 3807 1075 de

2090 1099 2312 1154 semine
2345 1098 2631 1156 Abrahae:
2678 1106 2734 1156 et
2781 1102 2891 1173 ipsi
2928 1104 3178 1159 maxime
3226 1107 3367 1174 sui;
3420 1110 3558 1178 quia
3602 1113 3660 1165 et
3706 1126 3806 1181 per

2090 1203 2320 1242 carnem
2348 1205 2523 1259 quam
2556 1191 2852 1261 suscipere
2883 1193 3159 1262 dignatus
3191 1199 3299 1265 est,
3333 1197 3580 1267 cognati.
3612 1199 3673 1251 In
3706 1214 3805 1253 sua

2089 1278 2314 1346 propria
2334 1278 2507 1347 venit,
2537 1282 2588 1332 et
2617 1279 2703 1333 sui
2730 1294 2859 1334 eum
2896 1296 3006 1335 non
3048 1292 3387 1353 receperunt.
3422 1286 3545 1340 Non
3578 1300 3807 1355 recepe-

2094 1370 2230 1420 runt
2262 1367 2523 1435 omnino,
2558 1369 2757 1425 nullus
2790 1370 3004 1441 recepit
3027 1371 3055 1425 ?
3084 1371 3289 1428 Nullus
3323 1390 3460 1446 ergo
3491 1375 3683 1432 salvus
3716 1377 3808 1433 fa-

2094 1460 2223 1511 ctus
2246 1455 2381 1511 est?
2399 1456 2577 1513 Nemo
2602 1459 2755 1514 enim
2783 1459 2975 1515 salvus
2998 1460 3110 1523 fiet,
3144 1460 3256 1518 nisi
3278 1463 3373 1533 qui
3396 1463 3689 1522 Christum
3711 1482 3809 1521 re—

2093 1546 2308 1617 ceperit
2338 1549 2689 1604 venientem.

2170 1638 2253 1691 13.
2288 1638 2395 1693 Sed
2444 1638 2710 1694 addidit:
2769 1640 3035 1712 Quotquot
3065 1648 3255 1697 autem
3311 1654 3632 1715 receperunt
3660 1663 3805 1704 eum.

2094 1726 2241 1791 Quid
2274 1726 2357 1781 eis
2398 1728 2716 1796 praestitit?
2749 1728 2960 1800 Magna
2986 1730 3132 1786 bene
3156 1730 3436 1787 volentia!
3471 1735 3670 1805 Magna
3703 1734 3808 1791 mi-

2094 1817 2412 1873 sericordia
2445 1817 2457 1872 l
2493 1817 2712 1874 Unicus
2731 1823 2903 1874 natus
2934 1825 3042 1885 cst,
3066 1824 3119 1875 et
3154 1821 3341 1877 noluit
3363 1837 3594 1879 manere
3627 1842 3800 1883 unus.

2097 1906 2261 1962 Multi
2286 1907 2555 1963 homines
2578 1925 2712 1963 cum
2737 1908 2890 1964 ﬁlios
2914 1925 3027 1964 non
3048 1909 3375 1981 habuerint,
3396 1918 3625 1982 peracta
3639 1918 3807 1970 aetate

2095 1997 2373 2067 adoptant
2403 1998 2510 2053 sibi
2540 2015 2552 2052 :
2587 2003 2643 2054 et
2672 1998 2967 2056 voluntate
2999 2000 3216 2057 faciunt
3245 2002 3398 2073 quod
3432 2010 3639 2061 natura
3687 2020 3807 2061 non

2092 2092 2408 2158 potuerunt
2440 2106 2453 2144 :
2507 2087 2615 2144 hoc
2667 2090 2888 2144 faciunt
2916 2089 3225 2158 {homines
3273 2092 3332 2147 Si
3363 2096 3556 2149 autem
3588 2094 3803 2166 aliquis

2092 2175 2301 2233 habeat
2333 2176 2515 2233 ﬁlium
2551 2177 2805 2247 unicum,
2830 2181 3045 2249 gaudet
3074 2181 3143 2234 ad
3193 2180 3359 2236 illum
3411 2182 3598 2254 magis
3628 2201 3641 2251 ;
3672 2184 3805 2255 quia

2091 2266 2254 2321 solus
2281 2266 2479 2322 omnia
2511 2283 2891 2337 possessurus
2911 2272 3020 2334 est,
3048 2273 3104 2324 et
3129 2285 3241 2326 non
3273 2270 3512 2326 habebit
3543 2271 3799 2341 quicum

2090 2369 2155 2410 eo
2186 2353 2399 2409 dividat
2430 2354 2845 2416 hereditatem,
2894 2361 2959 2411 ut
2988 2357 3300 2427 pauperior
3330 2363 3651 2414 remaneat.
3673 2359 3800 2415 Non

2089 2443 2171 2498 sic
2204 2448 2355 2500 Deus
2382 2460 2395 2499 :
2431 2443 2674 2499 Unicum
2698 2444 2966 2500 eumdem
2989 2445 3180 2516 ipsum
3212 2461 3385 2518 quem
3416 2450 3719 2517 genuerat,
3741 2451 3799 2501 et

2088 2550 2189 2604 per
2217 2551 2389 2605 quem
2422 2539 2634 2591 cuncta
2665 2540 2976 2603 creaverat,
3007 2535 3166 2592 misit
3196 2536 3255 2591 in
3297 2535 3453 2593 hunc
3485 2536 3799 2604 mundum,

2087 2618 2152 2680 ut
2197 2642 2304 2681 non
2358 2632 2514 2682 esset
2563 2643 2738 2687 unus,
2781 2626 2883 2683 sed
2934 2626 3141 2682 fratres
3191 2626 3430 2683 haberet
3470 2626 3801 2698 adoptatos.

2086 2721 2209 2773 Non
2245 2716 2399 2771 enim
2434 2733 2541 2772 nos
2573 2716 2691 2771 nati
2722 2732 2923 2772 sumus
2955 2717 3023 2771 de
3046 2716 3183 2784 Deo,
3219 2716 3509 2788 quomodo
3540 2716 3638 2773 ille
3664 2715 3801 2773 Uni-

2085 2806 2343 2877 genitus,
2374 2804 2478 2861 sed
2508 2805 2765 2877 adoptati
2811 2822 2913 2877 per
2941 2805 3198 2878 "gratiam
3242 2805 3446 2877 ipsius.
3498 2804 3599 2863 Ille
3641 2807 3797 2863 enim

2083 2896 2246 2951 venit
2277 2895 2625 2967 Unigenitus
2651 2895 2872 2951 solvere
2895 2902 3149 2967 peccata,
3178 2896 3390 2967 quibus
3413 2895 3664 2967 peccatis
3689 2896 3799 2952 im-

2086 2984 2465 3057 plicabamur,
2490 3002 2561 3040 ne
2583 2986 2878 3055 adoptaret
2912 3001 3019 3040 nos
3050 2990 3283 3057 propter
3308 2986 3793 3058 impedimentum

2084 3091 2286 3130 eorum
2324 3091 2337 3131 :
2374 3091 2517 3144 quos
2560 3074 2668 3130 sibi
2716 3075 2919 3131 fratres
2953 3076 3137 3131 facere
3167 3075 3415 3145 volebat,
3448 3075 3574 3147 ipse
3604 3074 3796 3145 solvit,

2084 3168 2141 3218 et
2172 3163 2304 3219 fecit
2334 3163 2683 3220 cohaeredes.
2734 3165 2827 3220 Sic
2864 3164 3020 3219 enim
3051 3164 3192 3221 dicit
3236 3165 3569 3237 Apostolus,
3603 3164 3664 3220 Si
3691 3182 3799 3221 au-

2080 3257 2189 3309 tem
2239 3252 2410 3321 ﬁlius,
2460 3256 2509 3307 et
2543 3254 2718 3309 haeres
2766 3269 2863 3324 per
2915 3255 3085 3308 Deum
3116 3252 3315 3321 (Gatat.
3349 3270 3421 3321 ιν,
3453 3254 3512 3325 7)
3546 3269 3561 3310 :
3592 3257 3650 3310 et
3708 3257 3799 3309 te-

2084 3355 2236 3407 rum,
2273 3338 2520 3396 [heredes
2563 3339 2784 3410 quidem
2831 3340 2949 3409 Dei,
2998 3341 3309 3397 coheredes
3365 3344 3550 3396 autem
3598 3339 3807 3395 Christi

2079 3429 2256 3501 (Rom.
2326 3444 2450 3495 vni,
2517 3428 2627 3500 17).
2700 3428 2826 3484 Non
2884 3428 3079 3483 timuit
3128 3426 3225 3482 ille
3276 3426 3483 3482 habere
3542 3426 3796 3482 cohere-

2081 3517 2183 3572 des
2216 3536 2230 3585 ;
2265 3517 2405 3588 quia
2454 3515 2761 3571 hereditas
2790 3516 2916 3586 ejus
2961 3532 3076 3571 non
3125 3514 3191 3569 fit
3222 3521 3491 3584 augusta,
3535 3512 3586 3567 si
3621 3512 3794 3567 multi

2080 3607 2467 3679 possederint.
2540 3606 2627 3660 Illi
2703 3606 2815 3675 ipsi
2881 3608 3031 3660 certe
3106 3604 3202 3660 illo
3251 3604 3587 3676 possidente
3654 3602 3806 3659 ﬁunt

2080 3696 2391 3753 haereditas
2443 3695 2653 3766 ipsius,
2731 3701 2785 3749 et
2850 3694 2972 3765 ipse
3045 3692 3306 3750 vicissim
3378 3693 3444 3749 ιιι
3490 3692 3797 3750 hereditas

2078 3787 2363 3859 ipsorum.
2395 3785 2545 3841 Audi
2577 3786 2867 3856 quomodo
2907 3784 3017 3855 ipsi
3048 3784 3191 3840 ﬁant
3222 3783 3531 3840 haereditas
3574 3783 3794 3854 ipsius:

2079 3878 2336 3934 Dominus
2365 3876 2511 3932 dixit
2542 3876 2619 3931 ad
2650 3892 2756 3943 me,
2779 3874 2955 3931 Filius
2976 3891 3129 3931 meus
3164 3891 3217 3931 es
3238 3883 3296 3930 tu
3326 3888 3349 3936 ,'
3375 3888 3473 3943 ego
3502 3873 3665 3928 hodie
3702 3888 3804 3943 ge-

2077 3968 2251 4023 nuite.
2314 3966 2538 4021 Postuta
2586 3981 2619 4019 a
2666 3980 2772 4035 me,
2802 3970 2854 4021 et
2882 3965 3019 4022 dabo
3048 3965 3153 4021 tibi
3192 3971 3374 4037 gentes
3414 3962 3792 4020 hereditatem

2080 4062 2235 4113 tuam
2265 4058 2439 4125 (Psat.
2471 4071 2532 4124 ιι,
2579 4055 2635 4124 7,
2662 4055 2738 4126 8).
2790 4054 2890 4110 Ille
2919 4054 3211 4125 quomodo
3260 4054 3324 4108 fit
3353 4052 3667 4109 haereditas
3704 4067 3802 4108 eo-

2082 4164 2209 4204 rum
2237 4146 2265 4203 ?
2287 4147 2436 4202 Dicit
2454 4145 2513 4201 in
2534 4144 2801 4201 Psalmo:
2836 4144 3108 4199 Dominus
3137 4160 3265 4215 pars
3291 4142 3635 4199 hereditatis
3653 4156 3795 4198 mea?

2081 4245 2132 4293 et
2161 4237 2342 4293 calicis
2374 4236 2484 4292 mei
2512 4235 2680 4308 (Psal.
2712 4251 2803 4300 xv,
2825 4234 2901 4299 5).
2937 4233 3007 4288 Et
3038 4249 3141 4288 nos
3166 4231 3331 4286 illum
3365 4231 3789 4302 possideamus,

2084 4334 2137 4383 et
2167 4328 2290 4400 ipse
2324 4343 2429 4382 nos
2463 4325 2788 4397 possideat:
2822 4322 2916 4377 ille
2950 4339 3056 4378 nos
3078 4319 3385 4392 possideat,
3416 4320 3566 4375 sicut
3596 4317 3795 4372 Domi-

2082 4434 2194 4472 nus
2220 4434 2233 4485 ;
2262 4433 2369 4471 nos
2387 4414 2553 4469 illum
2580 4413 2985 4483 possideamus
3011 4410 3159 4466 sicut
3183 4409 3452 4476 salutem,
3479 4423 3584 4462 nos
3609 4406 3794 4477 possi-

2081 4506 2324 4562 deamus
2362 4504 2511 4559 sicut
2541 4502 2752 4558 lucem.
2784 4501 2929 4565 Quid
2953 4516 3087 4569 ergo
3120 4498 3279 4554 dedit
3312 4498 3403 4553 his
3434 4494 3532 4568 qui
3564 4511 3795 4565 recepe-

2082 4595 2402 4652 runtillum
2433 4594 2461 4647 ?
2484 4592 2646 4649 Dedit
2674 4591 2751 4647 eis
2772 4593 3090 4661 potestatem
3114 4587 3262 4660 ﬁlios
3291 4588 3389 4643 Dei
3413 4587 3557 4658 ﬁeri,
3588 4585 3670 4641 his
3701 4586 3800 4657 qui

2081 4686 2316 4741 credunt
2345 4684 2405 4739 in
2435 4679 2656 4739 nomine
2688 4681 2804 4753 ejus
2834 4697 2854 4738 :
2885 4684 2950 4737 ut
2999 4682 3235 4737 teneant
3281 4675 3528 4749 lignum,
3556 4679 3615 4732 et
3644 4689 3799 4731 mare

2086 4778 2409 4831 transeant.

2158 4867 2244 4922 14.
2265 4866 2329 4922 Et
2354 4866 2645 4938 quomodo
2665 4862 2748 4919 illi
2772 4863 3128 4919 nascuntur?
3148 4859 3245 4918 Isti
3268 4858 3405 4931 quia
3418 4857 3522 4914 ﬁlii
3536 4855 3632 4912 Dei
3649 4856 3795 4910 fiunt

2087 4964 2142 5013 et
2173 4959 2380 5013 fratres
2404 4956 2640 5022 Christi,
2671 4954 2868 5025 utique
2900 4958 3241 5009 nascuntur.
3264 4950 3410 5007 Nam
3442 4948 3491 5004 si
3524 4961 3639 5001 non
3662 4958 3794 4997 nas-

2088 5052 2321 5112 cuntur,
2359 5044 2461 5100 ﬁlii
2493 5045 2786 5116 quomodo
2834 5059 2963 5099 esse
2995 5037 3284 5114 possunt“?
3330 5037 3437 5092 Sed
3471 5033 3572 5088 filii
3604 5030 3797 5085 homi-

2090 5154 2231 5193 num
2266 5142 2594 5192 nascuntur
2615 5151 2682 5190 ex
2712 5149 2887 5190 carne
2918 5137 2973 5189 et
2994 5132 3298 5201 sanguine,
3330 5130 3388 5181 et
3418 5140 3486 5178 ex
3506 5122 3799 5177 voluntate

2086 5225 2217 5293 viri,
2250 5229 2308 5280 et
2338 5241 2407 5280 ex
2437 5223 2742 5295 complexu
2776 5219 3052 5290 conjugii.
3086 5216 3173 5271 Illi
3203 5222 3392 5268 autem
3426 5210 3714 5282 quomodo
3745 5208 3797 5263 ei

2090 5320 2415 5371 nascuntur
2432 5316 2461 5369 ?
2483 5316 2586 5383 Qui
2605 5329 2713 5368 non
2727 5328 2795 5366 ea:
2814 5309 3171 5378 sanguinibus
3192 5317 3209 5357 :
3230 5307 3507 5372 tanquam
3535 5299 3713 5355 maris
3742 5303 3799 5354 et

2088 5406 2339 5462 femine.
2371 5404 2706 5474 Sanguina‘
2744 5416 2855 5455 non
2876 5403 2962 5452 est
2990 5394 3235 5450 latinum
3268 5389 3411 5448 :sed
3443 5390 3579 5462 quia
3616 5405 3799 5462 graece

2089 5498 2343 5570 positum
2374 5500 2461 5549 est
2491 5492 2811 5563 pluraliter,
2836 5485 3036 5542 maluit
3067 5484 3164 5540 ille
3183 5483 3280 5556 qui
3303 5482 3802 5555 interpretabatur

2094 5587 2177 5644 sic
2209 5598 2445 5657 ponere,
2498 5585 2554 5637 et
2602 5578 2766 5651 quasi
2798 5577 2997 5633 minus
3045 5575 3224 5632 latine
3270 5573 3434 5648 loqui
3472 5572 3799 5629 secundum

2150 5696 2169 5731 ί
2201 5690 2424 5742 Codices
2459 5688 2677 5753 aliquot,
2707 5686 3020 5750 sanguines;
3047 5698 3076 5735 a
3107 5682 3341 5734 secunda
3369 5694 3551 5733 manu.
