4170 6188
300 241 459 305 1395

296 373 737 450 grammaticos,
762 375 819 426 et
833 374 1024 425 tamen
1047 368 1333 441 explicare
1353 368 1653 424 veritatem
1676 370 1896 425 secund
1910 382 2007 422 um

298 467 563 523 auditam
588 463 977 519 infirmorum.
1011 460 1070 515 Si
1093 459 1245 515 enim
1270 459 1483 514 diceret
1514 459 1860 530 sanguinem
1888 457 2010 513 sin-

299 556 487 630 gulari
522 569 786 619 numero,
811 568 927 606 non
958 550 1271 621 explicaret
1302 549 1454 619 quod
1489 549 1751 605 volebat:
1791 566 1856 603 ex
1880 565 2011 604 san-

300 644 578 715 guinihus
605 642 761 699 enim
785 640 1050 696 homines
1084 642 1407 695 nascuntur
1450 639 1630 694 maris
1676 642 1732 693 et
1764 638 2008 694 femine.

300 737 575 793 Dicamus
588 748 742 804 ergo,
758 747 871 787 non
889 730 1201 786 timeamus
1217 728 1429 785 ferulas
1450 728 1971 800 grammaticorum
1995 748 2008 796 ;

303 827 444 882 dum
477 830 671 881 tamen
703 822 773 878 ad
801 822 1097 878 veritatem
1124 819 1365 875 solidam
1394 824 1452 874 et
1477 819 1781 875 certiorem
1816 834 2012 889 perve-

302 915 555 971 niamus.
590 910 983 983 Reprehendit
1012 908 1105 978 qui
1137 906 1433 978 intelligit,
1470 906 1734 978 ingratus
1763 906 1898 977 quia
1931 907 2015 963 in-

302 1006 541 1063 tellexit.
575 1007 695 1061 Non
723 1016 793 1056 ex
835 1000 1215 1070 sanguinibus,
1265 1012 1437 1068 neque
1468 1012 1538 1052 ex
1582 998 1858 1052 volun/ate
1881 1014 2014 1053 car-

302 1098 414 1164 nis,
444 1109 621 1164 neque
656 1107 725 1147 ex
754 1091 1033 1146 voluntate
1060 1090 1188 1143 viri.
1224 1088 1471 1142 Carnem
1524 1104 1625 1158 pro
1668 1088 1881 1142 femina
1913 1103 2016 1157 po-

305 1184 462 1239 suit:
514 1181 653 1252 quia
700 1180 772 1234 de
822 1182 977 1233 costa
1026 1193 1154 1235 cum
1209 1177 1358 1231 facta
1401 1183 1572 1243 esset,
1629 1176 1806 1229 Adam
1852 1174 2017 1245 dixit,

308 1277 412 1330 Hoc
457 1287 622 1337 nunc,
678 1286 735 1326 os
764 1269 829 1324 de
874 1268 1080 1322 ossibus
1132 1269 1284 1329 meis,
1318 1272 1369 1321 et
1417 1283 1542 1321 caro
1588 1265 1653 1320 de
1697 1281 1874 1321 rarne
1902 1280 2020 1319 mea

307 1364 465 1434 (Gen.
500 1377 565 1427 ιι,
602 1360 695 1429 23)
727 1373 742 1425 ;

310 1468 470 1507 suam
496 1451 735 1520 seipsum
756 1447 941 1517 diligit
963 1465 982 1510 ;
1007 1461 1163 1501 nemo
1183 1448 1328 1501 enim
1354 1462 1595 1515 unquam
1627 1461 1683 1499 ea
1695 1461 1844 1499 rnem
1867 1461 2023 1498 suam

310 1542 433 1597 odio
464 1539 622 1594 habet
654 1536 867 1608 (Ephes.
900 1553 952 1603 v,
985 1536 1055 1589 ‘28
1083 1539 1136 1589 et
1162 1536 1277 1607 29).
1314 1535 1553 1591 Ponitur
1592 1551 1726 1605 ergo
1760 1551 1890 1588 caro
1926 1550 2022 1603 pro

312 1645 511 1696 uxore,
547 1628 840 1701 quomodo
887 1632 945 1681 et
991 1624 1305 1696 aliquando
1352 1625 1590 1696 spiritus
1639 1642 1741 1696 pro
1793 1625 2022 1679 marito.

315 1724 503 1788 Quare
531 1720 560 1775 ?
590 1720 736 1785 Quia
766 1717 861 1773 ille
907 1717 1073 1789 regit,
1106 1718 1225 1772 haec
1275 1718 1498 1787 regitur
1529 1733 1541 1771 :
1597 1716 1695 1772 ille
1743 1717 2029 1787 imperare

316 1807 504 1874 debet,
538 1806 654 1863 ista
683 1805 918 1862 servire.
950 1803 1094 1859 Nam
1128 1804 1225 1860 ubi
1259 1821 1391 1859 caro
1420 1806 1685 1876 imperat,
1709 1809 1763 1859 et
1794 1804 2029 1875 spiritus

317 1898 513 1965 servit,
545 1912 809 1969 perversa
831 1897 1043 1950 domus
1072 1898 1179 1950 est.
1215 1894 1362 1958 Quid
1396 1896 1563 1966 pejus
1593 1895 1787 1962 domo,
1822 1894 1913 1947 ubi
1952 1894 2031 1949 l'e-

318 1988 480 2044 mina
510 1986 687 2043 habet
716 1984 1026 2058 imperium
1048 2000 1227 2056 super
1255 1984 1484 2039 virum?
1511 1984 1686 2039 Recta
1715 1988 1907 2038 autem
1932 1984 2032 2037 do-

322 2094 477 2147 mus,
536 2076 636 2134 ubi
695 2076 784 2132 vir
813 2076 1079 2147 imperat,
1134 2075 1345 2130 femina
1402 2075 1782 2146 obtemperat.
1821 2073 2033 2128 Rectus

321 2184 458 2240 ergo
488 2168 614 2238 ipse
645 2167 838 2233 homo,
875 2164 973 2219 ubi
1006 2164 1250 2235 spiritus
1281 2164 1554 2234 imperat,
1594 2179 1726 2220 caro
1764 2161 1960 2218 servit.

396 2257 483 2311 15.
524 2256 597 2311 Hi
628 2270 767 2327 ergo
784 2269 890 2309 non
914 2269 984 2308 ex
1012 2253 1292 2309 voluntate
1319 2253 1524 2319 carnis,
1561 2267 1731 2323 neque
1754 2267 1823 2307 ex
1847 2251 2039 2308 volun-

322 2349 442 2401 tate
470 2346 599 2414 viri,
625 2343 718 2400 sed
754 2358 825 2398 ea:
855 2344 959 2398 Deo
978 2343 1096 2397 nali
1123 2347 1269 2397 sunt.
1307 2340 1378 2398 Ut
1405 2347 1600 2398 autem
1634 2342 1898 2397 homines
1940 2358 2040 2396 na-

326 2440 627 2493 scerentur
663 2450 732 2491 ex
776 2434 912 2497 Deo,
956 2433 1144 2504 primo
1193 2450 1262 2488 ex
1311 2433 1455 2504 ipsis
1505 2438 1680 2489 natus
1730 2438 1818 2489 est
1864 2434 2036 2487 Deus.

328 2525 594 2582 Christus
624 2524 781 2581 enim
813 2523 988 2589 Dens,
1013 2526 1068 2578 et
1096 2522 1363 2578 Christus
1385 2528 1554 2578 natus
1575 2540 1644 2578 ex
1675 2524 2040 2579 hominibus.

331 2614 453 2671 Non
487 2613 751 2685 quaesivit
774 2612 1010 2683 quidem
1045 2611 1157 2667 nisi
1192 2616 1436 2667 matrem
1473 2612 1531 2668 in
1566 2622 1735 2679 terra,
1770 2612 2041 2685 quiajam

332 2712 553 2776 patrem
586 2702 837 2757 habebat
861 2702 917 2756 in
949 2701 1129 2757 caelo:
1167 2706 1339 2756 natus
1369 2717 1436 2757 ex
1470 2703 1601 2771 Deo,
1636 2720 1735 2772 per
1765 2719 1938 2775 quem
1971 2703 2045 2758 ef-

335 2796 675 2862 ﬁceremur;
710 2797 767 2849 et
787 2796 957 2848 natus
983 2808 1051 2848 ex
1075 2792 1312 2853 femina,
1342 2809 1440 2860 per
1462 2809 1629 2863 quem
1653 2793 2038 2850 reficeremur.

336 2882 462 2939 Noli
509 2897 646 2954 ergo
696 2881 915 2948 mirari,
966 2898 999 2937 ο
1048 2881 1241 2950 homo,
1292 2882 1429 2952 quia
1467 2882 1713 2939 afﬁceris
1757 2883 1912 2938 filius
1944 2901 2046 2955 per

336 2976 610 3047 gratiam,
660 2971 796 3043 quia
843 2970 1099 3026 nasceris
1152 2988 1220 3026 ex
1270 2971 1385 3026 Deo
1437 2974 1759 3028 secundum
1790 2973 2045 3029 Verbum

337 3065 484 3134 ejus.
521 3062 685 3117 Prius
714 3062 911 3133 ipsum
942 3059 1196 3115 Verbum
1218 3060 1397 3116 voluit
1421 3062 1578 3117 nasci
1609 3078 1677 3117 ex
1704 3062 1961 3129 homine,
1988 3072 2048 3118 ut

784 1363 840 1413 et
904 1356 1217 1427 Apostolus
1250 1355 1349 1424 ait,
1403 1356 1509 1420 Qui
1550 1354 1736 1425 diligit
1796 1370 2020 1409 uxorem

339 3158 396 3210 te
443 3167 686 3209 securus
735 3150 1058 3207 nascereris
1106 3168 1173 3207 ex
1222 3151 1358 3221 Deo,
1392 3156 1448 3208 et
1496 3152 1715 3208 diceres
1750 3153 1889 3209 libi:
1923 3153 2047 3209 Non

339 3242 467 3299 sine
498 3257 673 3299 causa
706 3246 852 3297 Deus
877 3240 1036 3297 nasci
1059 3258 1127 3297 ex
1157 3241 1392 3297 homine
1417 3242 1619 3311 voluit,
1643 3243 1755 3299 nisi
1781 3245 1919 3316 quia
1942 3244 2046 3299 ali-

340 3333 510 3402 cujus
542 3331 822 3388 momenti
869 3347 957 3386 me
1004 3331 1375 3403 existimavit,
1424 3335 1489 3387 ut
1536 3333 1924 3389 immortalem
1959 3350 2051 3390 me

340 3422 575 3492 faceret,
606 3427 665 3480 et
694 3438 796 3494 pro
827 3438 919 3478 me
971 3422 1295 3478 mortaliter
1343 3430 1693 3480 nasceretur.
1738 3425 1866 3480 Ideo
1915 3443 2049 3482 cum

343 3514 606 3581 dixisset,
636 3529 706 3569 ea:
735 3514 841 3568 Deo
886 3512 1009 3567 nati
1050 3519 1219 3573 sunt;
1252 3514 1421 3583 quasi
1463 3530 1533 3569 ne
1584 3513 1955 3586 miraremur,
1998 3522 2055 3574 et

344 3604 787 3661 exborreremus
831 3607 1051 3659 tantam
1121 3602 1390 3675 gratiam,
1445 3612 1505 3659 ut
1574 3605 1743 3660 nobis
1804 3604 2054 3662 incredi-

347 3693 459 3750 bile
488 3693 781 3749 videretur
811 3693 947 3765 quia
978 3692 1245 3748 homines
1288 3708 1356 3747 ex
1391 3695 1500 3749 Deo
1534 3696 1654 3750 nati
1686 3702 1844 3763 sunt,
1885 3698 2053 3767 quasi

347 3796 616 3838 securum
638 3788 689 3835 te
721 3779 959 3845 faciens,
992 3779 1110 3834 ait:
1144 3780 1205 3834 Et
1230 3779 1458 3835 Verbum
1490 3797 1616 3837 caro
1636 3784 1844 3852 factum
1875 3791 1974 3851 est,
2006 3787 2058 3839 et

348 3867 614 3926 habitavit
642 3872 701 3924 in
730 3870 903 3925 nobis.
937 3868 1081 3934 Quid
1116 3884 1251 3939 ergo
1284 3869 1514 3925 miraris
1537 3871 1671 3938 quia
1702 3871 1969 3928 homines
1992 3890 2059 3928 ex

348 3963 465 4018 Deo
497 3958 869 4017 nascuntur?
902 3959 1148 4016 Attende
1181 3960 1371 4030 ipsum
1405 3959 1587 4015 Deum
1623 3966 1821 4016 natum
1858 3980 1925 4019 ex
1957 3965 2059 4019 ho-

352 4052 648 4108 minibus:
682 4052 749 4106 Et
802 4050 1031 4107 Verbum
1077 4065 1203 4105 caro
1252 4051 1465 4119 factum
1494 4059 1589 4117 est,
1622 4054 1670 4107 et
1708 4051 1973 4108 habitavit
2004 4056 2061 4109 in

351 4140 529 4198 nobis.

426 4233 511 4289 16.
546 4232 691 4300 Quia
720 4249 854 4289 vero
891 4230 1112 4287 Verbum
1149 4248 1275 4287 caro
1304 4233 1512 4302 factum
1562 4241 1658 4301 est,
1691 4240 1741 4289 et
1793 4234 2064 4290 habitavit

351 4322 412 4380 in
440 4323 613 4392 nobis,
644 4324 772 4393 ipsa
803 4320 1100 4378 nativitate
1148 4321 1451 4394 collyrium
1495 4323 1644 4385 fecit,
1688 4325 1842 4379 unde
1879 4331 2063 4395 terge-

354 4419 559 4468 rentur
588 4410 740 4468 oculi
773 4411 965 4467 cordis
1015 4411 1218 4480 nostri,
1253 4418 1308 4466 et
1340 4429 1648 4483 possemus
1670 4414 1860 4470 videre
1894 4416 2067 4485 maje-

354 4507 563 4559 etatem
596 4504 722 4574 ejus
755 4519 855 4574 per
885 4502 1012 4573 ejus
1062 4502 1453 4561 humilitatem
1491 4508 1530 4559 ι.
1582 4507 1712 4561 Ideo
1751 4509 1960 4577 factum
1992 4522 2073 4573 es;

361 4587 597 4646 Verbum
618 4609 765 4660 caro,
797 4602 849 4648 et
880 4592 1147 4649 habitavit
1169 4596 1227 4648 in
1257 4595 1410 4649 nobis
1437 4611 1449 4660 ;
1476 4596 1703 4650 sanavit
1750 4596 1950 4653 oculos
1974 4615 2071 4654 no-

354 4684 506 4736 stros
532 4696 545 4734 :
578 4684 635 4735 et
664 4682 802 4751 quid
827 4683 1094 4752 sequitur
1113 4682 1218 4737 ?Et
1254 4685 1494 4738 vidimus
1514 4683 1751 4753 gloriam
1772 4687 1907 4755 ejus.
1943 4686 2071 4742 Glo-

357 4769 505 4826 riam
538 4770 667 4841 ejus
700 4786 872 4825 nemo
897 4775 1089 4841 posset
1119 4771 1333 4838 videre,
1367 4771 1481 4826 nisi
1513 4772 1705 4828 carnis
1736 4772 2068 4832 humilitate

355 4864 680 4919 sanaretur.
708 4855 868 4915 Unde
892 4876 1004 4915 non
1034 4868 1366 4930 poteramus
1388 4861 1579 4919 videre
1598 4863 1626 4915 ?
1647 4862 1912 4919 Intendat
1933 4881 2068 4936 ergo

354 4952 621 5011 Charitas
651 4954 866 5019 vestra,
898 4954 957 5006 et
986 4950 1171 5006 videte
1208 4953 1361 5022 quod
1393 4952 1540 5009 dico.
1567 4953 1813 5009 lrruerat
1848 4954 2070 5012 homini

356 5044 520 5115 quasi
562 5042 749 5115 pulvis
806 5040 865 5098 in
908 5039 1166 5107 oculum,
1220 5042 1467 5097 irrueret
1514 5048 1686 5110 terra,
1719 5045 2072 5104 sauciaverat

355 5136 613 5200 oculum,
678 5135 875 5189 videre
934 5149 1048 5188 non
1117 5138 1344 5203 poterat
1402 5132 1588 5187 lucem
1638 5151 1650 5188 :
1704 5136 1908 5190 oculus
1958 5137 2070 5193 iste

356 5225 1027 5297 sauciatusinungitur;
1074 5230 1223 5281 terra
1272 5223 1562 5279 sauciatus
1612 5230 1755 5292 erat,
1803 5230 1858 5280 et
1907 5230 2061 5281 terra

354 5309 496 5365 illuc
528 5314 776 5368 mittitur
799 5322 862 5370 ut
892 5323 1150 5373 sanetur.
1184 5316 1392 5373 Omnia
1424 5314 1575 5371 enim
1601 5316 1838 5388 collyria
1867 5322 1922 5372 et
1944 5333 2063 5372 me-

356 5399 687 5453 dicamenta
718 5403 861 5456 nihil
884 5414 1019 5461 sunt
1042 5408 1151 5464 nisi
1176 5410 1243 5464 de
1267 5412 1437 5464 terra.
1466 5408 1540 5462 De
1563 5405 1798 5480 pulvere
1818 5414 2064 5462 emeatus

355 5491 464 5556 est,
489 5488 559 5543 de
592 5487 826 5560 pulvere
842 5495 1069 5550 sanaris
1094 5512 1107 5551 :
1143 5514 1278 5568 ergo
1309 5515 1442 5555 caro
1465 5502 1521 5554 te
1544 5502 1876 5569 caecaverat,
1899 5513 2068 5554 caro-

424 5634 440 5670 ί
480 5632 537 5684 In
569 5628 820 5685 omnibus
849 5645 1015 5698 prope
1047 5634 1192 5695 Μεε..
1220 5652 1314 5700 per
1347 5640 1456 5702 eius
1485 5640 1882 5693 humanitatem.

1247 233 1327 296 IN
1370 232 1693 297 JOANNIS
1740 224 2280 296 EVANGELIUM.
2329 228 2395 288 S.
2443 217 2869 288 AUGUSTINI

3675 214 3833 276 1396

2118 366 2173 417 te
2196 364 2383 416 sanat.
2404 358 2663 415 Carnalis
2696 356 2847 413 enim
2874 354 3071 410 anima
3103 352 3254 406 facta
3274 352 3398 405 erat
3421 348 3834 404 consentiendo

2119 449 2418 505 affectibus
2450 445 2776 502 carnalibus
2806 462 2819 513 ;
2854 444 2988 498 inde
3020 442 3204 497 fuerat
3251 437 3455 493 oculus
3490 437 3683 493 cordis
3723 453 3833 493 cae—

2120 548 2304 594 catus.
2336 537 2570 594 Verbum
2599 552 2728 591 caro
2750 536 2964 603 factum
2993 535 3107 587 est:
3142 528 3405 585 medicus
3438 527 3548 582 iste
3576 526 3680 583 tibi
3706 525 3839 582 fecit

2121 627 2447 701 collyrium.
2482 627 2552 682 Et
2583 624 2855 697 quoniam
2880 623 2963 678 sic
2993 622 3228 676 venitut
3251 618 3321 674 de
3353 633 3527 673 carne
3549 617 3690 672 vitia
3711 632 3837 672 car-

2125 720 2217 774 nis
2247 717 2664 789 exstingueret,
2688 722 2740 770 et
2761 715 2831 768 de
2863 716 3047 767 morte
3068 709 3354 766 occideret
3390 710 3639 763 mortem
3671 722 3684 772 ;
3710 705 3839 762 ideo

2126 811 2342 868 factum
2377 810 2458 862 est
2491 807 2548 860 in
2580 810 2656 873 te,
2692 807 2755 859 ut
2774 800 3049 874 quoniam
3084 798 3310 853 Verbum
3337 812 3466 853 caro
3500 800 3704 865 factum
3738 804 3839 865 est,

2122 902 2183 952 tu
2235 894 2424 968 possis
2474 894 2683 959 dicere,
2738 894 2809 946 Et
2853 889 3084 945 vidimus
3130 888 3361 958 gloriam
3414 886 3551 956 ejus.
3596 883 3839 950 Qualem

2124 986 2367 1059 gloriam
2388 986 2415 1039 ‘I
2444 983 2639 1049 Qualis
2666 984 2849 1038 factus
2872 978 3125 1036 estfilius
3144 976 3402 1032 hominis
3422 977 3450 1029 ?
3475 974 3576 1030 Illa
3597 973 3841 1029 humili-

2125 1081 2215 1131 tas
2248 1074 2432 1145 ipsius
2454 1080 2559 1140 est,
2596 1089 2707 1128 non
2734 1070 2919 1143 gloria
2945 1068 3149 1140 ipsius.
3177 1066 3289 1121 Sed
3318 1081 3431 1136 quo
3457 1065 3734 1137 perducta
3756 1072 3843 1119 est

2126 1166 2279 1221 acies
2314 1165 2588 1231 hominis,
2623 1167 2822 1218 curata
2854 1178 2955 1233 per
3000 1174 3235 1214 carnem
3270 1155 3297 1210 ?
3343 1156 3602 1227 Vidimus,
3628 1154 3842 1227 inquit,

2128 1257 2365 1325 gloriam
2392 1256 2527 1321 eius,
2561 1254 2791 1321 gloriam
2833 1251 2992 1322 quasi
3025 1246 3307 1317 Uuigeniti
3329 1265 3360 1301 a
3396 1251 3577 1310 Putre,
3620 1245 3847 1315 plenum

2128 1350 2316 1417 gratia
2346 1354 2393 1401 et
2426 1348 2667 1400 veritate.
2698 1347 2771 1395 De
2802 1341 2985 1409 gratia
3030 1344 3086 1394 et
3116 1340 3358 1393 veritate
3404 1336 3513 1392 alio
3545 1335 3669 1391 loco
3701 1336 3848 1389 ube-

2131 1439 2253 1493 rius
2284 1436 2343 1491 in
2385 1436 2509 1509 ipso
2550 1431 2877 1503 Evangelia,
2932 1431 2975 1484 si
3030 1428 3313 1484 Dominus
3360 1427 3640 1497 dignatus
3675 1422 3849 1478 fuerit

2133 1530 2364 1590 donare,
2400 1524 2790 1579 tractabimus.
2827 1521 2952 1575 Haec
3003 1535 3154 1573 nunc
3212 1516 3536 1581 sufficiant,
3585 1519 3640 1569 et
3672 1512 3846 1568 aedifi-

2134 1616 2345 1672 camini
2380 1617 2433 1669 in
2468 1614 2713 1682 Christo,
2748 1616 2804 1666 et
2829 1607 3232 1665 eonfortamini
3266 1608 3323 1660 in
3358 1606 3489 1672 ﬁde,
3527 1607 3583 1658 et
3614 1600 3850 1674 vigilate

2138 1711 2193 1763 in
2228 1707 2394 1763 bonis
2443 1705 2763 1778 operibus:
2812 1706 2866 1759 et
2918 1718 2950 1755 a
2999 1699 3156 1770 ligno
3189 1696 3367 1753 nolite
3418 1695 3705 1759 recedere,
3750 1708 3850 1764 per

2137 1800 2287 1870 quod
2324 1797 2558 1868 possitis
2592 1810 2749 1849 mare
2788 1790 3054 1848 transire.

2724 1958 3144 2018 TRACTATUS
3176 1958 3248 2014 III
3261 2000 3272 2013 .

2143 2107 2229 2163 Ab
2259 2122 2317 2161 eo
2349 2103 2488 2175 quod
2526 2102 2786 2173 scriptum
2815 2106 2911 2163 est,
2940 2100 3196 2152 Joannes
3226 2091 3624 2148 testimonium
3659 2088 3858 2160 perhi-

2216 2197 2313 2251 bet
2341 2195 2412 2248 de
2433 2191 2585 2264 ipso,
2608 2195 2734 2257 ete.,
2759 2202 2931 2260 usque
2952 2187 3029 2240 ad
3050 2184 3125 2251 id,
3151 2181 3502 2254 Unigenitus
3530 2178 3734 2248 Filius,
3759 2178 3859 2248 qui

2218 2292 2306 2341 est
2335 2285 2394 2339 in
2430 2283 2562 2337 sinu
2596 2279 2807 2347 Patris,
2840 2277 2965 2349 ipse
2998 2272 3308 2331 enarravit.
3342 2270 3468 2341 Cap.
3501 2287 3543 2338 ι,
3574 2270 3629 2339 ᾗ.
3669 2268 3862 2323 15-18.

2221 2461 2269 2514 1.
2302 2454 2562 2511 Gratiam
2622 2457 2679 2507 et
2728 2449 3030 2505 veritatem
3071 2445 3195 2513 Dei,
3245 2460 3360 2514 qua
3410 2442 3615 2513 plenus
3647 2440 3868 2496 sanctis

2150 2550 2421 2625 apparuit
2441 2543 2783 2618 unigenitus
2804 2540 2981 2595 Filius
3002 2537 3288 2593 Dominus
3311 2539 3367 2591 et
3383 2534 3648 2590 Salvator
3669 2538 3869 2589 noster

2149 2644 2319 2699 Jesus
2348 2638 2634 2705 Christus,
2665 2631 3143 2703 distinguendam
3175 2646 3208 2683 a
3236 2626 3431 2683 Veteri
3464 2626 3868 2682 Testamento:

2151 2731 2427 2804 quoniam
2462 2743 2551 2784 res
2583 2730 2671 2781 est
2698 2723 2837 2779 Novi
2859 2719 3245 2787 Testamenti,
3279 2716 3656 2787 suscepimus
3681 2713 3738 2770 in
3773 2732 3875 2772 no-

2152 2822 2306 2878 mine
2338 2816 2594 2884 Domini,
2624 2818 2680 2871 et
2718 2817 2922 2868 vestra:
2964 2808 3242 2865 Charitati
3282 2806 3681 2879 promisimus.
3724 2805 3873 2862 Ade-

2153 2916 2303 2968 stote
2334 2924 2469 2980 ergo
2499 2904 2729 2968 intenti,
2765 2906 2829 2957 ut
2860 2905 2918 2956 et
2950 2903 3238 2971 quantum
3270 2896 3459 2966 capio,
3492 2896 3664 2951 donet
3685 2895 3867 2964 Deus,

2154 3007 2210 3059 et
2241 3004 2523 3073 quantum
2558 2993 2787 3067 capitis,
2822 2989 3090 3047 audiatis.
3117 2986 3425 3056 Reliquum
3456 2984 3615 3041 enim
3644 2985 3777 3051 erit,
3802 2987 3871 3039 ut

2155 3092 2205 3147 si
2230 3105 2427 3147 semen
2459 3086 2613 3157 quod
2646 3082 2940 3154 spargitur
2962 3080 3019 3134 in
3044 3077 3316 3133 cordibus
3338 3074 3569 3141 vestris,
3596 3091 3708 3129 non
3733 3073 3872 3129 abs-

2156 3180 2400 3235 tulerint
2448 3191 2607 3245 aves,
2654 3189 2758 3228 nec
2793 3169 2972 3241 spinas
3036 3164 3501 3238 praefocaverint,
3546 3178 3652 3219 nec
3695 3169 3872 3217 aestus

2158 3269 2465 3336 exusserit,
2498 3265 2807 3321 accedente
2848 3258 3043 3332 pluvia
3083 3255 3545 3312 cohortationum
3587 3250 3875 3324 quotidia-

2160 3377 2392 3427 narum,
2412 3364 2468 3415 et
2488 3351 2937 3427 cogitationibus
2961 3350 3168 3405 vestris
3189 3346 3356 3404 bonis
3378 3345 3591 3417 quibus
3612 3345 3721 3399 hoc
3743 3343 3872 3414 agi-

2156 3458 2250 3510 tur
2279 3454 2335 3507 in
2387 3449 2578 3516 corde,
2628 3445 2779 3518 quod
2831 3442 3024 3513 agitur
3051 3440 3111 3496 in
3154 3454 3287 3510 agro
3330 3434 3555 3503 rastris,
3605 3438 3668 3490 ut
3703 3432 3876 3505 gleba

2161 3543 2483 3613 frangatur,
2528 3541 2585 3592 et
2632 3549 2828 3589 semen
2860 3530 3154 3602 operiatur
3186 3531 3245 3583 et
3275 3524 3602 3596 germinare
3638 3522 3826 3595 possit
3857 3537 3873 3578 :

2164 3640 2223 3688 ut
2252 3610 2506 3686 ali’eratis
2538 3627 2789 3679 fructum
2827 3624 2869 3686 ’,
2922 3619 2990 3673 ad
3037 3631 3207 3689 quem
3251 3612 3496 3685 gaudeat
3543 3618 3600 3667 et
3647 3610 3879 3667 laetetur

2164 3718 2417 3793 agricola
2434 3698 2655 3788 ’(Matth.
2680 3728 2805 3780 xm,
2826 3707 3003 3779 3-23).
3039 3707 3098 3761 Si
3120 3708 3456 3793 autem‘pro-
3477 3701 3699 3758 semine
3721 3701 3875 3793 bono

2166 3788 2233 3865 et
2254 3824 2355 3881 pro
2380 3804 2569 3878 pluvia
2600 3804 2771 3865 bona,
2798 3814 2913 3854 non
2938 3797 3213 3859 fructum,
3242 3790 3343 3848 sed
3371 3790 3574 3862 spinas
3604 3788 3876 3846 attuleri-

2170 3877 2300 3955 mus
2333 3917 2347 3965 ;
2384 3877 2485 3951 nec
2517 3907 2715 3949 semen
2748 3884 3129 3949 accusabitur,
3159 3898 3263 3939 nec
3296 3880 3494 3951 pluvia
3522 3878 3630 3936 erit
3659 3879 3717 3934 in
3756 3877 3881 3934 cri—

2169 3989 2346 4055 mine,
2378 3986 2478 4041 sed
2512 3982 2699 4054 spinis
2721 3977 2872 4051 ignis
2902 3974 3129 4030 debitus
3160 3976 3536 4044 praeparatur.

2238 4080 2291 4133 2.
2315 4074 2587 4132 Homines
2617 4085 2843 4133 sumus,
2869 4065 3024 4139 quod
3050 4066 3187 4134 puto
3215 4078 3328 4117 non
3351 4060 3447 4116 diu
3475 4075 3603 4115 esse
3632 4058 3881 4115 suaden-

2172 4173 2312 4229 dum
2349 4163 2667 4222 Charitiani
2706 4164 2934 4227 vestrae,
2967 4152 3281 4211 Christiani
3319 4177 3334 4219 ;
3387 4154 3444 4206 et
3474 4150 3520 4205 si
3554 4147 3879 4212 christiani,

2175 4263 2381 4331 utique
2410 4256 2533 4328 ipso
2567 4249 2802 4307 nomine
2842 4247 2912 4301 ad
2953 4244 3245 4331 Christum
3283 4241 3656 4311 pertinentes.
3691 4238 3882 4331 ilujus

2175 4319 2401 4412 signum
2437 4319 2509 4392 .in
2563 4337 2746 4389 fronte
2795 4331 3093 4400 gestamus
3129 4341 3141 4378 :
3174 4324 3244 4379 de
3288 4338 3404 4394 quo
3437 4338 3550 4377 non
3584 4319 3882 4376 erubesci-

2177 4406 2330 4497 mus,
2364 4429 2412 4484 si
2442 4430 2498 4483 et
2524 4424 2583 4478 in
2615 4420 2787 4477 corde
2816 4420 3129 4487 gestemus.
3155 4413 3399 4485 Signum
3423 4412 3551 4480 ejus
3576 4413 3666 4465 est
3695 4406 3885 4462 humi-

2174 4524 2308 4579 litas
2323 4522 2470 4592 ejus.
2485 4510 2835 4570 Perstellam
2850 4523 2983 4562 eum
3008 4504 3162 4575 Magi
3184 4503 3576 4592 cognoverunt
3594 4499 3695 4571 (Id.
3719 4500 3879 4570 11,2):

2176 4616 2235 4668 et
2265 4589 2386 4665 erat
2418 4606 2525 4660 hoc
2557 4602 2789 4671 signum
2822 4596 2891 4650 de
2910 4592 3153 4650 Domino
3187 4591 3410 4657 datum,
3444 4589 3675 4644 cmleste
3705 4592 3884 4657 atque

2177 4700 2515 4774 praeclarum
2550 4712 2563 4751 :
2590 4692 2775 4749 noluit
2797 4687 3024 4745 stellam
3057 4701 3181 4741 esse
3206 4682 3265 4739 in
3300 4682 3484 4737 fronte
3521 4678 3780 4734 fidelium
3813 4679 3889 4733 si-

2178 4768 2359 4865 gnum
2407 4803 2562 4855 sum,
2608 4784 2710 4839 sed
2777 4793 3000 4837 crucem
3050 4790 3241 4831 suam.
3311 4770 3476 4827 Unde
3518 4768 3885 4835 humiliatus,

2180 4857 2316 4938 inde
2337 4879 2714 4952 gloriﬁcatus:
2742 4871 2874 4925 inde
2894 4868 3070 4924 erexit
3098 4862 3373 4931 humiles,
3399 4877 3514 4934 quo
3536 4857 3889 4915 humiliatus

2180 4973 2304 5045 ipse
2327 4950 2642 5026 descendit.
2669 4960 3037 5017 Pertinemus
3059 4971 3195 5025 ergo
3214 4954 3279 5008 ad
3300 4950 3676 5022 Evangeliutn
3694 4950 3738 5014 ³,
3764 4963 3890 5019 per-

2180 5040 2432 5119 tinemus
2450 5059 2518 5112 ad
2545 5055 2768 5109 Novum
2795 5050 3252 5104 Testamentum.
3276 5045 3385 5099 Lex
3406 5058 3500 5113 per
3523 5040 3736 5109 Moysen
3758 5040 3892 5095 data

2178 5161 2279 5220 est,
2312 5150 2501 5205 Gratia
2528 5147 2711 5201 autem
2740 5147 2791 5194 et
2822 5140 3021 5193 veritas
3055 5152 3153 5208 per
3188 5136 3370 5191 Iesum
3409 5132 3689 5187 Christum
3734 5132 3891 5197 facta

2170 5219 2271 5309 est,
2302 5242 2735 5308 Interrogamus
2757 5230 3126 5299 Apostolum,
3152 5234 3204 5282 et
3234 5224 3375 5280 dicit
3407 5221 3571 5278 nobis
3604 5219 3888 5291 quoniam

2171 5350 2285 5388 non
2321 5344 2524 5386 sumus
2573 5324 2677 5379 sub
2728 5322 2897 5392 Lege,
2931 5319 3033 5375 sed
3082 5317 3193 5373 sub
3226 5314 3419 5371 Gratia
3448 5312 3623 5383 (Rom.
3656 5324 3729 5376 vr,
3766 5310 3857 5379 14)

2173 5420 2318 5479 Misit
2347 5434 2481 5491 ergo
2506 5414 2707 5473 Filium
2734 5428 2894 5467 suum
2921 5412 3130 5483 factum
3160 5421 3229 5463 ea:
3258 5404 3511 5470 muliere,
3541 5402 3751 5472 factum
3785 5400 3888 5455 sub

2247 5580 2259 5613 ι
2300 5576 2380 5623 Er.
2414 5570 2589 5635 Lugd:
2604 5572 2656 5635 et
2690 5568 2817 5635 Ven.
2850 5565 2936 5635 hic
2967 5561 3261 5635 habentnut
3286 5554 3762 5635 agentia/fugiam.
3816 5550 3888 5602 Μ.

2245 5641 2266 5673 ²
2296 5618 2542 5698 ῥὶειῖᾇιῗε
2572 5618 2735 5682 Mss:
2769 5630 3087 5681 Perlinemm
3113 5621 3253 5673 enim
3275 5618 3351 5669 ad
3383 5618 3741 5679 Kvangetium.
