4170 6188
338 263 555 326 1391¹

330 407 487 476 Lege,
521 405 581 457 ut
614 415 704 456 eos
729 399 826 473 qui
854 396 952 453 sub
975 399 1112 465 Lege
1142 398 1322 463 erant,
1354 395 1668 462 redimeret,
1701 398 1764 451 ut
1810 394 2055 467 adoytio-

329 510 455 548 nem
487 491 738 561 ﬁliorum
785 490 1153 559 reciperemus
1201 485 1518 557 (Galat.1v,
1567 490 1620 555 4,
1653 487 1730 557 5).
1780 486 1924 541 Ecce
1979 483 2051 538 ad

327 584 441 640 hoc
474 583 633 639 venit
665 579 956 647 Christus,
991 581 1055 631 ut
1084 592 1182 633 eos
1214 575 1313 647 qui
1348 576 1455 631 sub
1512 580 1656 647 Lege
1706 580 1873 631 erant
1897 574 2052 630 redi-

330 677 521 729 meret
562 686 579 726 :
615 673 681 726 ut
702 670 829 741 jam
865 684 979 723 non
1011 665 1195 721 simus
1228 666 1338 720 sub
1371 666 1540 737 Lege,
1573 666 1670 721 sed
1699 666 1807 721 sub
1833 663 2050 720 Gratia.

331 762 481 826 Quis
510 776 651 833 ergo
673 759 832 816 dedit
854 756 1102 829 Legem?
1124 754 1223 811 Ille
1245 755 1400 810 dedit
1429 755 1651 826 Legem,
1686 754 1785 825 qui
1813 753 1973 808 dedit
2001 757 2055 807 et

330 850 597 908 Gratiam
632 852 774 906 :sed
808 847 1015 919 Legem
1049 861 1147 917 per
1193 861 1422 900 servum
1473 844 1653 912 misit,
1692 860 1825 899 cum
1857 841 2056 898 Gratia

329 942 463 1015 ipse
486 939 807 998 descendit.
833 937 903 992 Et
921 936 1077 992 unde
1110 935 1240 991 facti
1266 940 1434 992 erant
1453 934 1722 991 homines
1744 933 1852 988 sub
1877 930 2055 1000 Lege?

336 1035 469 1092 Non
493 1030 793 1103 implendo
826 1029 1053 1098 Legem.
1086 1025 1194 1090 Qui
1225 1026 1383 1081 enim
1434 1024 1617 1094 legem
1666 1023 1888 1094 implut,
1940 1039 2054 1077 non

333 1126 430 1178 est
461 1121 573 1177 sub
615 1122 759 1191 lege,
793 1117 893 1173 sed
928 1132 1059 1171 cum
1092 1114 1250 1187 lege:
1291 1114 1386 1186 qui
1421 1119 1615 1168 autem
1649 1112 1756 1168 sub
1780 1112 1900 1181 lege
1945 1116 2056 1177 est,

335 1227 458 1268 non
484 1209 844 1275 sublevatur,
895 1206 996 1263 sed
1046 1204 1329 1276 premitur
1376 1202 1521 1275 lege.
1587 1201 1802 1257 Omnes
1859 1200 2057 1272 itaque

336 1301 618 1358 homines
647 1298 756 1354 sub
789 1297 932 1367 Lege
962 1293 1329 1361 constitutos,
1355 1309 1483 1349 reos
1524 1292 1659 1348 facit
1689 1292 1799 1346 Lex
1831 1311 1845 1359 ;
1902 1298 1952 1346 el
1985 1290 2055 1344 ad

336 1393 455 1450 hoc
486 1390 605 1448 illis
640 1404 819 1461 super
848 1391 1021 1458 caput
1078 1388 1187 1450 est,
1235 1389 1299 1439 ut
1347 1383 1614 1440 ostendat
1644 1386 1899 1454 peccata,
1946 1396 2058 1435 non

334 1482 532 1541 tollat.
568 1480 684 1537 Lex
713 1494 850 1550 ergo
887 1476 1072 1547 jubet,
1123 1474 1291 1529 dator
1335 1473 1483 1547 legis
1527 1472 1838 1528 miseretur
1886 1471 1945 1525 in
1995 1486 2060 1525 eo

339 1581 501 1653 quod
519 1579 691 1651 jubet
720 1577 830 1633 lex.
846 1576 1138 1631 Conantes
1151 1572 1417 1629 homines
1440 1571 1678 1643 implere
1702 1571 1921 1626 viribus
1940 1568 2062 1625 suis

340 1670 500 1743 quod
534 1686 568 1725 a
586 1668 709 1738 lege
730 1668 1083 1739 praeceptum
1106 1667 1216 1728 est,
1240 1662 1367 1733 ipsa
1389 1678 1497 1717 sua
1526 1660 1829 1717 temeraria
1850 1663 1906 1715 et
1929 1676 2063 1731 prae-

341 1762 511 1834 cipiti
541 1757 999 1833 praesumptione
1048 1753 1429 1820 ceciderunt;
1463 1757 1521 1808 et
1576 1769 1690 1809 non
1738 1756 1873 1806 sunt
1930 1766 2061 1806 cum

340 1854 497 1927 lege,
528 1852 628 1909 sed
661 1850 913 1921 sublege
929 1847 1065 1904 facti
1090 1850 1227 1902 sunt
1250 1844 1329 1900 rei
1366 1862 1379 1900 :
1405 1850 1462 1900 et
1488 1842 1758 1916 quoniam
1782 1843 1904 1898 suis
1925 1842 2061 1897 viri-

343 1946 463 2001 bus
495 1941 739 2014 implere
768 1956 881 1995 non
917 1940 1181 2010 poterant
1211 1935 1421 2007 legem,
1457 1934 1592 1991 facti
1640 1934 1720 1988 rei
1764 1933 1872 1989 sub
1914 1932 2060 2003 lege,

344 2032 815 2105 imploraverunt
831 2027 1155 2083 liberatoris
1168 2024 1447 2081 auxilium
1467 2044 1482 2094 ;
1498 2028 1553 2079 et
1568 2029 1757 2078 reatus
1774 2021 1915 2093 legis
1931 2021 2065 2077 fecit

344 2122 759 2196 aegritudinem
791 2116 1081 2191 superbis.
1115 2114 1413 2184 Egritudo
1451 2113 1859 2183 superborum,
1914 2111 2067 2166 facta

342 2218 435 2268 est
465 2210 751 2268 confessio
784 2205 1096 2264 humilium
1122 2206 1273 2277 :jam
1307 2204 1664 2259 conﬁtentur
1693 2202 1889 2274 aegroti
1927 2199 2067 2273 quia

343 2304 667 2374 aegrotant;
693 2297 884 2354 veniat
917 2295 1198 2361 medicus,
1226 2298 1283 2349 et
1314 2298 1476 2350 sanet
1506 2300 1768 2365 eagrolos.

415 2394 475 2447 3.
509 2389 773 2445 Medicus
796 2387 926 2459 quis
955 2385 984 2437 ?
1016 2385 1300 2441 Dominus
1342 2388 1541 2439 noster
1577 2380 1746 2438 Jesus
1770 2379 2062 2438 Christus.

344 2483 493 2549 Quis
510 2480 795 2538 Dominus
821 2476 1203 2533 nosterJesus
1228 2475 1493 2530 Christus
1513 2475 1540 2529 ?
1561 2475 1662 2530 Ille
1685 2473 1958 2545 quivisus
1980 2474 2069 2528 est

345 2577 407 2629 et
427 2572 504 2627 ab
535 2569 900 2642 eisaquihus
923 2566 1335 2623 cruciﬁxusest
1356 2564 1496 2620 ?llle
1519 2564 1617 2635 qui
1645 2562 2065 2635 apprehensus,

345 2659 770 2732 colaphizatus,
798 2655 1146 2729 ﬂagellatus,
1179 2654 1369 2724 sputis
1392 2653 1594 2719 illitus,
1618 2652 1802 2724 spinis
1833 2668 2071 2707 corona-

345 2756 475 2820 tus,
500 2750 559 2804 in
588 2764 756 2804 cruce
787 2748 1436 2817 suspensus,mortuus,
1469 2743 1668 2799 lancea
1706 2740 2069 2811 vulneratus,

348 2842 424 2897 de
468 2854 640 2896 cruce
668 2836 986 2907 depositus,
1018 2834 1078 2890 in
1110 2833 1372 2905 sepulcro
1404 2833 1647 2904 positus.
1681 2832 1782 2888 Ille
1812 2831 1934 2904 ipse
1960 2831 2071 2887 Do-

350 2930 561 2986 minus
591 2932 792 2983 noster
817 2926 991 2982 Jesus
1021 2924 1315 2993 Christus;
1350 2922 1445 2979 ille
1472 2923 1594 2995 ipse
1628 2922 1821 2996 plane,
1845 2925 1901 2978 et
1952 2922 2073 2993 ipse

351 3025 442 3079 est
472 3025 630 3076 totus
659 3017 917 3073 medicus
935 3014 1241 3071 vulnerum
1265 3018 1622 3079 nostrorum,
1641 3012 1952 3067 cruciﬁxus
1977 3011 2073 3068 ille

355 3110 450 3167 cui
482 3108 834 3165 insultatum
871 3111 979 3173 est,
1014 3122 1128 3177 quo
1154 3106 1435 3175 pendente
1468 3109 1864 3174 persecutores
1902 3106 2077 3172 caput

351 3198 677 3272 agitabant,
708 3199 766 3252 et
798 3194 1085 3261 dicebant,
1119 3192 1180 3248 Si
1207 3193 1357 3263 ﬁlius
1387 3192 1485 3247 Dei
1539 3196 1637 3256 est,
1684 3189 1969 3247 descendat
2015 3195 2079 3246 de

350 3303 516 3342 cruce
573 3284 787 3357 (Matth.
820 3300 995 3351 xxvu,
1027 3282 1117 3352 39,
1150 3283 1281 3355 40):
1312 3283 1433 3353 ipse
1465 3284 1553 3336 est
1609 3285 1763 3335 totus
1818 3279 2076 3334 medicus

354 3382 579 3445 noster,
611 3374 734 3447 ipse
767 3373 957 3447 plane.
982 3374 1171 3439 Quare
1201 3387 1337 3443 ergo
1368 3388 1479 3426 non
1504 3370 1760 3426 ostendit
1792 3367 2078 3424 insultan-

353 3468 541 3537 tibus,
575 3465 713 3538 quia
741 3464 863 3536 ipse
902 3469 1020 3519 erat
1053 3462 1235 3518 Filius
1271 3462 1406 3516 Dei:
1443 3470 1502 3516 ut
1551 3461 1601 3517 si
1633 3477 1690 3516 se
1722 3460 1991 3531 permisit
2020 3460 2079 3514 in

354 3572 595 3614 crucem
627 3554 827 3623 levari,
858 3553 1063 3610 saltem
1099 3568 1232 3609 cum
1267 3550 1351 3607 illi
1386 3552 1666 3618 dicerent,
1710 3551 1768 3605 Si
1787 3550 1938 3620 ﬁlius
1986 3550 2084 3605 Dei

355 3655 460 3718 est,
485 3647 784 3704 descendat
814 3646 877 3701 de
905 3661 1097 3700 cruce:
1129 3648 1269 3700 tunc
1301 3646 1693 3711 descenderet,
1724 3646 1780 3698 et
1800 3642 2078 3699 ostende-

362 3744 455 3795 ret
484 3739 1000 3794 eisverumseesse
1032 3732 1242 3789 Filium
1266 3732 1389 3800 Dei,
1414 3749 1583 3804 quem
1602 3732 1827 3787 illiausi
1852 3732 2081 3787 fuerant

360 3827 657 3885 irridere?
679 3824 896 3882 Noluit.
928 3826 1116 3889 Quare
1139 3822 1367 3880 noluit?
1388 3820 1678 3894 numquid
1700 3822 1837 3893 quia
1860 3838 1970 3876 non
1988 3837 2082 3893 po-

360 3918 475 3977 tuit
504 3918 534 3973 ?
567 3915 760 3974 Potuit
792 3916 981 3989 plane.
1017 3913 1163 3979 Quid
1189 3921 1275 3969 est
1304 3913 1462 3970 enim
1496 3912 1773 3983 amplius,
1806 3912 1877 3968 de
1912 3927 2083 3968 cruce

363 4009 733 4076 descendere,
765 4021 837 4061 an
868 4006 939 4061 de
988 4004 1253 4076 sepulcro
1297 4001 1642 4075 resurgere?
1684 4002 1795 4058 Sed
1845 4001 2084 4074 pertulit

365 4099 725 4155 insultantes
750 4110 910 4150 :nam
930 4110 1068 4149 crux
1089 4110 1203 4148 non
1227 4093 1294 4147 ad
1314 4093 1584 4164 potentiae
1597 4092 2012 4147 documentum
2039 4089 2082 4161 ί,

364 4188 471 4244 sed
497 4186 570 4242 ad
604 4184 937 4255 exemplum
971 4179 1256 4253 patientia:
1287 4187 1557 4253 suscepta
1587 4184 1696 4237 est.
1728 4181 1813 4237 Ibi
1846 4182 2087 4240 vulnera

366 4284 476 4335 tua
497 4273 741 4342 curavit,
776 4273 875 4329 ubi
909 4289 1017 4329 sua
1048 4271 1145 4327 diu
1171 4272 1411 4344 pertulit
1441 4284 1457 4325 :
1489 4271 1567 4326 ibi
1602 4278 1654 4327 te
1674 4288 1707 4327 a
1729 4278 1914 4329 morte
1931 4290 2085 4329 sem-

366 4368 607 4443 piterna
645 4362 892 4427 sanavit,
923 4362 1023 4418 ubi
1053 4360 1453 4434 temporaliter
1484 4361 1632 4418 mori
1660 4362 1937 4434 dignatus
1975 4367 2086 4419 est.

366 4458 439 4514 Et
469 4458 739 4512 mortuus
760 4456 866 4523 est,
917 4468 989 4508 an
1021 4451 1081 4507 in
1118 4450 1218 4507 illo
1254 4468 1410 4509 mors
1455 4455 1686 4509 mortua
1728 4451 1858 4508 est?
1893 4451 2090 4519 Qualis

372 4564 558 4615 mors,
592 4561 720 4618 quis
753 4546 995 4601 mortem
1029 4541 1282 4599 occidit?

446 4638 499 4693 4.
534 4637 665 4709 ipse
695 4638 783 4691 est
812 4639 1007 4691 tamen
1051 4633 1330 4691 Dominus
1360 4637 1556 4690 noster
1601 4633 1775 4691 Jesus
1823 4633 2091 4690 Christus

373 4732 565 4795 totus,
594 4724 696 4799 qui
725 4724 1047 4792 videbatur,
1079 4727 1135 4779 et
1156 4723 1484 4792 tenebatur,
1520 4727 1577 4779 et
1607 4722 2094 4795 cruciﬁgebatur‘l

373 4821 530 4874 Num
558 4820 718 4873 totus
745 4814 769 4849 ²
789 4814 896 4870 hoc
920 4814 1045 4886 ipse
1076 4817 1165 4869 est
1185 4814 1214 4869 ?
1243 4814 1372 4884 Ipse
1403 4818 1493 4870 est
1523 4814 1783 4886 quidem,
1824 4815 1927 4871 sed
1977 4832 2091 4871 non

376 4912 538 4964 totus
563 4905 707 4960 illud
743 4904 895 4974 quod
940 4902 1213 4959 viderunt
1252 4903 1469 4969 Judaei;
1504 4919 1618 4960 non
1649 4904 1757 4960 hoc
1806 4909 1889 4959 est
1936 4908 2096 4960 totus

375 4996 668 5055 Christus.
700 4996 765 5049 Et
796 4994 895 5064 qui
934 4992 1073 5049 est?
1124 4994 1183 5047 In
1226 4992 1507 5063 principio
1552 5002 1667 5049 erat
1718 4993 1968 5049 Verbum.
2032 4994 2093 5051 In

377 5103 493 5160 quo
526 5083 815 5156 principio
850 5080 879 5137 ‘l
910 5084 979 5137 Et
1016 5081 1239 5138 Verbum
1265 5086 1383 5137 erat
1412 5082 1561 5151 apud
1589 5083 1777 5137 Deum.
1821 5083 1888 5137 Et
1927 5082 2098 5154 quale

374 5176 637 5233 Verbum
668 5173 697 5227 ?
729 5175 801 5228 Et
835 5173 968 5228 Deus
990 5176 1106 5227 erat
1138 5170 1383 5228 Verbum.
1415 5172 1703 5243 Numquid
1740 5173 1883 5228 forte
1913 5190 1946 5227 a
1986 5178 2098 5229 Deo

377 5268 597 5323 factum
629 5267 719 5318 est
750 5262 857 5318 hoc
885 5261 1135 5319 Verbum
1166 5262 1195 5317 ‘l
1224 5262 1371 5318 Non.
1406 5263 1512 5317 Hoc
1527 5262 1679 5317 enim
1713 5266 1829 5319 erat
1862 5264 1920 5318 in
1940 5262 2101 5334 prin-

379 5355 532 5429 cipia
565 5354 724 5425 apud
754 5353 941 5409 Deum.
984 5353 1129 5420 Quid
1181 5352 1366 5424 ergo?
1425 5351 1545 5407 Alia
1592 5369 1718 5423 quae
1759 5351 1893 5408 fecit
1948 5352 2102 5407 Deus

380 5463 498 5505 non
548 5443 770 5502 similia
800 5446 941 5499 sunt
969 5441 1155 5499 Verbo
1185 5440 1355 5499 ?Non
1389 5459 1403 5499 :
1438 5442 1577 5514 quia
1596 5442 1782 5498 omnia
1801 5459 1902 5512 per
1925 5444 2103 5514 ipsum

444 5594 463 5629 ί
484 5591 613 5641 Mss.
643 5586 877 5650 aliquot,
895 5585 1079 5649 probas
1101 5588 1261 5650 nota,
1288 5584 1366 5650 ad
1391 5584 1703 5650 impotentia:
1724 5585 2100 5636 documentum.

444 5625 466 5687 ἆ
484 5625 1239 5714 ’ἓῖἴρῑὶἱὲεὶνιῐὶῶἶᾜῖθᾙῖἱῖ
1247 5625 1808 5711 ἰιῆἷεὶἳῐὶἑᾶζὶᾶαῗιῖ

1624 256 2089 322 TRACTATUS
2133 259 2241 321 Ill.
2289 258 2548 322 CAPUT
2591 259 2637 320 ἰ.

3719 264 3872 326 1398

2155 395 2308 464 facta
2336 397 2484 462 sunt,
2509 397 2560 450 et
2580 392 2701 449 sine
2732 394 2851 464 ipso
2891 392 3102 462 factum
3132 396 3209 447 est
3240 392 3406 450 nihil.
3432 395 3730 458 Quomodo
3771 411 3873 468 per

2158 484 2346 557 ipsum
2389 486 2587 541 omnia
2626 490 2764 541 sunt
2809 485 3006 540 facta?
3045 484 3188 551 Quia
3229 486 3369 556 quod
3419 488 3627 557 [actum
3666 496 3767 555 est,
3812 490 3873 544 in

2160 578 2276 647 ipso
2300 578 2405 631 vita
2436 583 2596 633 erat:
2625 581 2681 632 et
2730 583 3039 647 antequam
3088 576 3268 643 ﬁeret,
3339 577 3452 632 vita
3524 581 3667 633 erat.
3711 580 3872 643 Quod

2160 666 2373 721 factum
2408 671 2518 732 est,
2551 684 2665 722 non
2716 670 2802 722 est
2850 667 3009 721 vita:
3062 668 3162 723 sed
3212 666 3271 721 in
3324 670 3467 737 arte,
3500 666 3607 723 hoc
3650 673 3764 733 est,
3816 667 3874 723 in

2161 757 2455 828 Sapientia
2481 756 2605 820 Dei,
2639 765 2951 830 antequam
2995 758 3178 826 ﬁeret,
3236 758 3354 813 vita
3392 761 3535 813 erat.
3582 758 3746 823 Quod
3789 757 3875 811 fa-

2161 855 2316 901 ctum
2347 852 2452 915 est,
2503 849 2732 903 transiit
2781 864 2794 904 :
2830 849 2982 920 quod
3015 852 3105 904 est
3151 848 3210 903 in
3255 847 3575 919 Sapientia,
3629 846 3878 901 transire

2163 954 2275 992 non
2297 942 2502 1008 potest.
2535 937 2664 992 Vita
2687 954 2821 1010 ergo
2872 939 2932 994 in
2974 938 3076 994 illo
3125 942 3268 1005 erat,
3319 938 3474 1009 quod
3521 937 3736 994 factum
3766 941 3877 991 est.

2164 1027 2230 1081 Et
2273 1027 2465 1097 qualis
2525 1027 2634 1083 vita
2662 1030 2689 1081 ?
2736 1029 2881 1094 Quia
2929 1033 2985 1083 et
3033 1028 3230 1083 anima
3280 1027 3539 1099 corporis
3591 1027 3708 1082 vita
3747 1029 3873 1082 est:

2164 1131 2375 1186 corpus
2408 1119 2676 1171 nostrum
2710 1116 2883 1173 habet
2912 1120 3087 1175 vitam
3123 1132 3292 1171 suam
3327 1133 3341 1175 :
3376 1132 3547 1187 quam
3572 1130 3702 1172 cum
3726 1113 3877 1170 ami-

2164 1203 2325 1273 serit,
2361 1221 2517 1259 mors
2558 1211 2647 1261 est
2678 1207 2978 1277 corporis:
3024 1206 3155 1263 talis
3204 1221 3339 1276 ergo
3388 1208 3514 1262 erat
3572 1203 3674 1260 illa
3722 1204 3884 1259 vita?

2171 1293 2292 1351 Non
2322 1309 2335 1347 :
2368 1296 2466 1349 sed
2490 1297 2605 1350 rita
2634 1301 2755 1352 erat
2784 1298 2885 1352 lux
2914 1297 3219 1353 hominum.
3254 1295 3549 1368 Numquid
3583 1295 3681 1351 lux
3711 1310 3882 1365 peco-

2171 1404 2299 1442 rum
2330 1388 2358 1443 ?
2386 1392 2531 1443 Nam
2564 1388 2675 1444 ista
2705 1389 2800 1444 lux
2831 1394 2886 1445 et
2918 1390 3225 1446 hominum
3246 1386 3325 1460 let
3369 1402 3637 1459 pecorum
3655 1385 3883 1442 est.Est

2173 1478 2435 1547 quaedam
2468 1477 2563 1533 lux
2599 1477 2943 1533 hominum:
2979 1479 3133 1534 unde
3164 1478 3383 1535 distant
3410 1476 3680 1533 homines
3717 1490 3753 1530 a
3783 1489 3885 1547 pe-

2171 1568 2401 1624 coribus
2431 1568 2749 1633 videamus,
2785 1574 2841 1625 et
2872 1573 3009 1624 tunc
3060 1567 3454 1639 intelligemus
3495 1565 3635 1638 quid
3668 1565 3744 1621 sit
3785 1564 3884 1620 lux

2172 1658 2501 1714 hominum.
2537 1659 2661 1716 Non
2690 1660 3169 1731 distasapecore,
3223 1658 3337 1715 nisi
3384 1655 3681 1713 intellectu
3715 1670 3730 1711 :
3764 1652 3884 1710 noli

2174 1748 2408 1804 aliunde
2437 1748 2693 1821 gloriari.
2718 1750 2797 1807 De
2828 1751 3048 1807 viribus
3089 1751 3390 1823 praesumis
3418 1748 3446 1804 Ἰ
3474 1766 3505 1803 a
3536 1748 3739 1803 bestiis
3760 1749 3884 1801 vin-

2172 1839 2319 1894 ceris
2352 1855 2364 1893 :
2398 1839 2469 1894 de
2500 1840 2799 1895 volocitate
2851 1840 3203 1912 prasumis?
3242 1857 3274 1894 a
3314 1837 3537 1893 muscis
3575 1834 3829 1893 vinceris
3868 1849 3883 1890 :

2173 1928 2244 1984 de
2275 1929 2711 2000 pulchritudine
2742 1930 3044 2001 praesumis
3073 1929 3101 1985 ?
3129 1933 3347 2002 quanta
3387 1925 3758 2000 pulchritudo
3798 1929 3888 1981 est

2176 2019 2235 2075 in
2276 2020 2484 2091 pennis
2516 2022 2756 2092 pavonis
2786 2022 2992 2078 ?Unde
3021 2037 3156 2093 ergo
3189 2019 3389 2077 melior
3410 2034 3473 2075 es
3493 2017 3521 2074 ‘l
3554 2018 3628 2074 Ex
3650 2017 3888 2088 imagine

2175 2117 2298 2174 Dei.
2332 2118 2440 2174 Ubi
2464 2119 2656 2192 imago
2686 2120 2788 2176 Dei
2817 2121 2921 2178 ?In
2948 2125 3160 2187 mente,
3203 2120 3259 2175 in
3287 2118 3607 2175 intellectu.
3649 2116 3709 2173 Si
3752 2130 3887 2187 ergo

2176 2208 2305 2264 ideo
2339 2207 2545 2264 melior
2599 2225 2824 2280 pecore,
2855 2211 2996 2281 quia
3021 2208 3197 2265 habes
3230 2213 3484 2264 mentem
3520 2224 3635 2278 qua
3664 2204 3884 2261 intelli-

2176 2314 2277 2370 gas
2299 2300 2453 2371 quod
2486 2316 2599 2355 non
2635 2303 2824 2370 potest
2874 2316 3049 2368 pecus
3100 2298 3457 2369 intelligere;
3500 2297 3635 2352 inde
3687 2299 3883 2351 autem

2178 2389 2374 2459 homo,
2409 2389 2543 2461 quia
2606 2388 2809 2444 melior
2850 2404 3078 2458 pecore;
3144 2387 3239 2443 lux
3291 2386 3596 2442 hominum
3642 2389 3732 2440 est
3791 2384 3891 2438 lux

2180 2479 2485 2535 mentium.
2513 2478 2631 2534 Lux
2658 2477 2936 2533 mentium
2972 2494 3150 2548 supra
3184 2480 3410 2531 mentes
3442 2479 3547 2544 est,
3580 2478 3636 2531 et
3666 2473 3891 2529 excedit

2180 2584 2384 2625 omnes
2417 2574 2661 2626 mentes.
2697 2569 2811 2625 Hoc
2841 2576 2961 2626 erat
2993 2569 3104 2624 vita
3126 2568 3222 2623 illa
3246 2582 3537 2639 perquam
3572 2564 3721 2621 facta
3752 2566 3892 2619 sunt

2180 2675 2397 2714 omnia.

2248 2749 2305 2805 5.
2337 2748 2444 2804 Ubi
2468 2753 2591 2804 erat
2611 2750 2639 2804 ?
2659 2749 2751 2804 hic
2782 2754 2938 2811 erat;
2969 2766 3041 2803 an
3066 2747 3219 2821 apud
3261 2746 3489 2802 Patrem
3523 2747 3667 2813 erat,
3698 2746 3754 2800 et
3798 2742 3891 2797 hic

2183 2856 2298 2895 non
2330 2838 2505 2894 erat?
2534 2855 2607 2894 an
2635 2840 2785 2910 quod
2820 2837 3009 2895 verius
3038 2842 3148 2903 est,
3179 2844 3233 2892 et
3272 2834 3429 2908 apud
3478 2836 3705 2889 Patrem
3744 2837 3890 2899 erat,

2182 2936 2236 2985 et
2270 2929 2360 2984 hic
2391 2928 2563 2984 erat?
2590 2928 2647 2984 Si
2670 2945 2807 3001 ergo
2831 2927 2926 2985 hic
2967 2932 3113 2995 orat,
3166 2942 3344 2998 quare
3376 2942 3490 2981 non
3539 2922 3895 2979 videbatur?

2184 3018 2330 3086 Quia
2360 3019 2460 3075 lux
2489 3021 2549 3073 in
2577 3019 2817 3075 tenebris
2838 3019 2999 3089 lucet,
3029 3026 3080 3074 et
3109 3021 3350 3073 tenebrae
3378 3032 3499 3072 eam
3514 3031 3622 3071 non
3654 3028 3897 3084 compre-

2186 3110 2507 3166 henderunt.
2542 3110 2585 3166 Ο
2647 3110 2931 3178 homines,
2988 3108 3166 3165 nolite
3214 3123 3343 3165 esse
3390 3107 3664 3175 tenehrm,
3715 3104 3894 3159 nolite

2186 3216 2311 3257 esse
2342 3200 2624 3268 infideles,
2650 3200 2875 3271 injusti,
2899 3199 3108 3270 iniqui,
3130 3214 3387 3272 rapaces,
3411 3197 3585 3263 avari,
3608 3199 3896 3250 amatores

2188 3290 2423 3358 saeculi;
2461 3291 2543 3344 hae
2577 3296 2713 3345 sunt
2752 3289 2906 3345 enim
2933 3290 3200 3345 tenebras.
3234 3289 3348 3344 Lux
3380 3304 3491 3342 non
3524 3290 3614 3341 est
3660 3285 3896 3353 absens,

2188 3382 2290 3437 sed
2321 3398 2420 3436 vos
2449 3380 2719 3436 absentes
2740 3379 2893 3436 estis
2923 3397 2954 3435 a
2987 3379 3135 3435 luce.
3162 3379 3359 3433 Caecus
3390 3378 3449 3431 in
3485 3374 3605 3431 sole
3645 3390 3895 3446 praesen-

2192 3475 2303 3527 tem
2337 3470 2513 3526 habet
2544 3470 2747 3536 solem,
2782 3471 2880 3525 sed
2908 3471 3121 3525 absens
3139 3474 3228 3523 est
3259 3469 3381 3538 ipse
3404 3464 3533 3521 soli.
3559 3462 3897 3532 Noliteergo

2189 3578 2318 3620 esse
2349 3561 2616 3616 tenebras.
2649 3560 2777 3615 Haec
2799 3565 2888 3615 est
2919 3559 3074 3613 enim
3103 3560 3247 3612 forte
3277 3556 3482 3626 gratia,
3517 3555 3586 3608 de
3627 3552 3766 3623 quia
3807 3551 3897 3604 di-

2192 3661 2392 3709 cturus
2424 3667 2577 3716 sum,
2605 3650 2796 3719 utjam
2824 3662 2936 3703 non
2961 3647 3148 3702 simus
3179 3644 3450 3714 tenebrae,
3484 3641 3709 3698 etdicat
3731 3638 3899 3695 nobis

2188 3740 2499 3813 Apostolus
2530 3756 2543 3795 :
2578 3737 2777 3794 b'uistis
2806 3739 2951 3795 enim
2980 3735 3281 3810 aliquando
3312 3734 3742 3798 tenebrsemunc
3796 3746 3904 3786 au-

2191 3843 2296 3891 tem
2328 3833 2430 3887 lum
2461 3832 2518 3886 in
2550 3832 2779 3887 Domino
2810 3830 3024 3903 (Ephes.
3055 3844 3108 3897 ν,
3153 3828 3227 3899 8).
3282 3826 3427 3891 Quia
3463 3840 3599 3897 ergo
3649 3839 3765 3878 non
3813 3821 3899 3877 vi-

2191 3924 2435 3980 debatur
2462 3922 2559 3978 lux
2579 3921 2913 3990 hominum,
2944 3920 3001 3975 id
3026 3924 3118 3976 est
3148 3919 3245 3975 lux
3271 3917 3580 3984 mentium,
3608 3931 3755 3987 opus
3784 3916 3909 3969 erat

2193 4017 2258 4069 ut
2282 4013 2453 4070 homo
2480 4013 2697 4069 diceret
2743 4014 2815 4070 de
2858 4013 2982 4070 luce
3025 4008 3451 4074 testimonium,
3503 4023 3619 4064 non
3670 4004 3907 4077 quidem

2194 4104 2549 4173 tenebrosus,
2611 4105 2708 4160 sed
2760 4104 2879 4174 jam
2928 4101 3315 4157 illuminatus.
3362 4099 3478 4155 Nec
3528 4101 3726 4153 tamen
3775 4094 3911 4164 quia

2194 4195 2585 4261 illuminatus,
2618 4194 2746 4250 ideo
2771 4192 2899 4265 ipsa
2930 4193 3023 4247 lux
3049 4209 3063 4259 ;
3096 4190 3191 4246 sed
3219 4198 3277 4244 ut
3308 4186 3681 4244 testimonium
3718 4183 3905 4249 perhi-

2196 4286 2342 4341 beret
2371 4284 2436 4340 de
2466 4282 2695 4340 lumine.
2729 4282 2876 4338 Nam
2925 4297 3035 4336 non
3073 4284 3193 4336 erat
3233 4278 3330 4332 ille
3378 4277 3495 4331 lux.
3540 4278 3605 4329 Et
3635 4289 3761 4345 qum
3787 4276 3911 4326 erat

2196 4376 2295 4432 lux
2313 4377 2341 4432 ?
2367 4376 2492 4430 Erat
2524 4374 2625 4429 lux
2644 4389 2795 4441 vera,
2827 4388 2944 4443 qum
2971 4371 3497 4426 illuminatomnem
3526 4363 3801 4419 hominem
3825 4376 3911 4416 ve-

2196 4469 2441 4524 nientem
2473 4465 2532 4519 in
2562 4464 2707 4517 hunc
2733 4460 3017 4516 mundum.
3052 4460 3119 4513 Et
3167 4457 3261 4512 ubi
3308 4461 3428 4512 erat
3484 4454 3597 4508 ista
3625 4449 3654 4506 τ
3699 4451 3765 4505 In
3812 4450 3910 4505 hoc

2197 4555 2401 4613 mundo
2430 4557 2570 4610 erat.
2604 4553 2673 4607 Et
2702 4550 2988 4620 quomodo
3023 4550 3083 4604 in
3135 4547 3233 4602 hoc
3271 4544 3472 4601 mundo
3515 4544 3685 4599 erat?
3734 4556 3907 4597 num-

2201 4647 2341 4720 quid
2396 4645 2549 4701 sicut
2604 4643 2717 4699 ista
2749 4641 2849 4697 lux
2898 4638 3057 4708 solis,
3098 4637 3271 4705 lunae,
3304 4634 3702 4701 lucernarum,
3737 4630 3819 4688 sic
3857 4635 3910 4684 et

2200 4738 2311 4794 ista
2344 4736 2440 4792 lux
2471 4736 2529 4790 in
2556 4734 2770 4790 mundo
2823 4739 2908 4788 est
2932 4730 2960 4786 ‘l
3004 4728 3150 4786 Non.
3185 4726 3330 4791 Quia
3366 4723 3604 4781 mundus
3644 4737 3746 4794 per
3787 4736 3911 4775 eum

2200 4830 2380 4899 factus
2420 4831 2524 4891 est,
2579 4834 2629 4880 et
2686 4821 2923 4879 mundus
2969 4836 3092 4877 eum
3139 4834 3251 4874 non
3299 4816 3591 4886 cognovit:
3642 4813 3748 4866 hoc
3796 4812 3906 4871 est,

2204 4916 2303 4971 luas
2332 4916 2395 4971 in
2451 4912 2688 4970 tenebris
2747 4912 2909 4978 lucet,
2959 4917 3009 4965 et
3049 4908 3289 4964 tenebrae
3344 4921 3462 4961 eam
3508 4917 3616 4958 non
3661 4911 3909 4965 compre-

2205 5006 2529 5062 henderunt.
2575 5002 2831 5059 Mundus
2862 5000 3018 5057 enim
3068 5002 3367 5065 tenebre;
3422 4994 3555 5065 quia
3604 4986 3911 5042 dilectores

2208 5094 2429 5162 mundi,
2466 5092 2743 5148 mundus.
2786 5091 2935 5146 Num
2990 5091 3148 5147 enim
3201 5094 3459 5142 creatura
3516 5093 3629 5133 non
3677 5072 3913 5162 agnovit

2208 5160 2536 5243 Creatorem
2561 5199 2737 5239 suum
2757 5183 2785 5237 ‘2
2809 5181 3229 5238 Testimonium
3266 5174 3423 5229 dedit
3442 5167 3649 5225 cmlum
3681 5165 3752 5220 de
3774 5160 3912 5218 stel-

2208 5275 2587 5345 la(Matth.1i,
2631 5274 2727 5341 2);
2779 5269 3169 5328 testimonium
3225 5262 3385 5319 dedit
3438 5273 3611 5323 mare,
3664 5254 3914 5345 portavit

2208 5344 2606 5421 ambulantem
2666 5362 2976 5417 Dominum
3029 5356 3269 5427 (1d.xrv,
3325 5351 3457 5424 26);
3506 5344 3910 5404 testimonium

2212 5458 2497 5512 dederunt
2521 5451 2699 5519 venti,
2734 5449 2806 5504 ad
2828 5450 2955 5518 ejus
2978 5447 3213 5516 jussum
3246 5442 3591 5517 quieverunt
3650 5437 3756 5509 (Id.
3788 5451 3911 5503 νιιι,

2208 5547 2301 5617 27)
2332 5539 2775 5612 ;testimonium
2808 5537 2965 5593 dedit
2993 5540 3165 5602 terra,
3199 5534 3296 5591 illo
3355 5530 3630 5589 crucifixo
3689 5531 3914 5617 contre-

2212 5615 2360 5693 muit
2384 5632 2485 5704 (Id.
2520 5646 2694 5698 xxvu,
2724 5630 2818 5701 51)
2853 5627 2938 5685 :si
2967 5626 3165 5685 omnia
3213 5626 3326 5683 ista
3374 5617 3775 5680 testimonium
3801 5615 3908 5669 de-
