4164 6192
319 150 470 211 i399

311 290 545 378 derunt,
577 294 869 362 quomodo
920 300 1177 357 mundus
1216 316 1350 358 eum
1402 321 1517 360 non
1566 307 1856 378 cognovit,
1905 306 2020 364 nisi

310 377 442 447 quia
474 383 755 462 Amundus
819 386 1125 445 dilectores
1191 393 1417 462 mundi,
1467 377 1660 452 corde
1692 397 2019 455 habitantes

310 458 593 516 mundum
619 462 648 519 ‘I
677 465 743 519 Et
775 467 966 524 malus
998 472 1273 541 mundus,
1297 458 1434 546 quia
1479 476 1617 533 mali
1662 478 2017 536 habitatores

307 550 550 638 mundi:
579 552 734 612 sicut
754 558 910 615 mala
940 560 1171 632 domus,
1206 582 1319 621 non
1360 568 1632 638 parietes,
1683 571 1783 627 sed
1844 571 2011 630 inha-

304 635 582 707 bitantes,

374 729 429 784 6.
462 730 522 785 In
544 736 779 804 propria
810 737 977 809 venit,
1011 739 1068 794 id
1100 749 1205 813 est,
1237 743 1296 799 in
1329 762 1435 802 sua
1466 748 1627 805 venit
1658 765 1673 804 :
1706 756 1759 805 et
1774 749 1865 804 sui
1891 768 2013 806 eum

302 833 415 873 non
436 829 775 892 receperunt.
798 828 933 892 Quae
964 843 1101 900 ergo
1141 847 1275 902 spes
1306 837 1417 901 est,
1449 837 1559 891 nisi
1594 838 1730 909 quia
1761 843 2017 911 quotquot

307 919 631 979 receperunt
657 928 804 981 eum,
836 916 1003 971 dedit
1028 917 1107 973 eis
1123 925 1435 990 potestatem
1462 924 1604 992 ﬁlios
1635 927 1730 981 Dei
1754 926 1923 996 ﬁeri?
1952 927 2011 983 Si

306 996 414 1051 ﬁlii
439 998 609 1067 ﬁunt,
635 1010 957 1059 nascuntur
990 1022 1002 1061 :
1038 1007 1084 1062 si
1111 1022 1432 1067 nascuntur
1448 1016 1738 1085 quomodo
1757 1034 2014 1073 nascun-

306 1086 447 1143 iur?
474 1089 600 1146 Non
629 1108 693 1147 ex
724 1109 916 1160 carne,
971 1112 1078 1152 non
1108 1114 1176 1154 ea:
1198 1104 1560 1172 sanguinibus
1581 1123 1687 1162 non
1719 1124 1791 1162 ea:
1820 1109 2013 1166 volun-

302 1182 419 1233 tate
446 1180 632 1236 carnis
672 1198 743 1238 ea:
775 1186 1054 1244 voluntate
1102 1192 1209 1245 viri
1235 1209 1256 1254 ,·
1278 1193 1367 1248 sed
1404 1212 1474 1251 ex
1521 1197 1623 1253 Deo
1690 1201 1815 1254 nati
1860 1209 2008 1256 sunt.

304 1267 605 1361 Gaudeant
629 1289 785 1346 ergo,
821 1277 959 1347 quia
988 1296 1056 1335 ex
1109 1283 1218 1339 Deo
1264 1286 1379 1340 nati
1422 1293 1559 1343 sunt
1591 1305 1605 1343 :
1654 1297 2012 1361 praesumant

304 1373 367 1412 se
400 1360 687 1453 pertinere
716 1365 787 1419 ad
820 1366 1002 1423 Deum
1031 1386 1044 1438 ;
1078 1372 1368 1444 accipiant
1398 1360 1835 1446 documentum,
1874 1382 2011 1453 quia

302 1461 371 1501 ex
399 1447 514 1505 Deo
546 1452 670 1506 nati
703 1463 840 1509 sunt
875 1472 888 1511 :
920 1459 988 1513 Et
1029 1461 1254 1518 Verbum
1283 1481 1409 1520 caro
1437 1469 1645 1534 factum
1666 1478 1761 1536 est,
1813 1479 1865 1525 et
1890 1447 2011 1525 -ha-

300 1535 494 1593 bitavit
540 1541 597 1595 in
648 1544 823 1600 nobis.
872 1548 929 1602 Si
993 1551 1246 1608 Verbum
1291 1571 1407 1612 non
1444 1558 1674 1613 erubuit
1738 1535 1893 1616 nasci
1939 1562 2008 1616 de

299 1624 557 1697 homine,
582 1632 1213 1697 erubescuntbomines
1246 1647 1406 1700 nasci
1440 1646 1509 1703 de
1542 1647 1656 1704 Deo
1689 1649 1716 1704 ?
1744 1654 1860 1705 Hoc
1911 1669 2010 1707 au-

297 1718 413 1814 tem
437 1718 573 1788 quia
603 1721 757 1814 fecit,
791 1728 1049 1785 curavit:
1092 1732 1231 1801 quia
1271 1735 1510 1804 curavit,
1554 1738 1838 1796 videmus.
1889 1746 2007 1796 Hoc

295 1811 451 1894 enim
483 1811 638 1879 quod
679 1812 906 1869 Verbum
935 1833 1060 1874 caro
1079 1823 1287 1889 factum
1314 1833 1410 1894 est,
1442 1830 1493 1881 et
1522 1828 1795 1884 habitavit
1828 1831 1887 1884 in
1916 1846 2009 1886 no-

297 1892 397 1961 bis,
434 1898 924 1989 medicamentum
954 1908 1123 1964 nobis
1154 1910 1369 1968 factum
1397 1892 1508 1985 est,
1538 1921 1603 1973 ut
1633 1918 1767 1989 quia
1798 1924 1951 1976 terra
1984 1923 2001 1956 ¹

297 1985 677 2080 caecabamur,
710 1991 780 2046 de
803 2000 950 2050 terra
989 2014 1371 2059 sanaremur:
1422 2009 1479 2060 et
1520 1985 1705 2062 sanati
1751 2009 1887 2080 quid
1920 2009 2003 2064 vi-

299 2072 571 2130 deremus
591 2075 710 2168 igEt
753 2080 1013 2152 vidimus,
1058 2086 1269 2157 inquit,
1316 2092 1552 2161 gloriam
1598 2096 1736 2167 ejus,
1767 2072 2006 2168 gloriam

298 2168 559 2253 tanquam
593 2166 875 2236 Unigeniti
900 2188 936 2227 a
973 2175 1153 2246 Patre,
1185 2179 1409 2249 plenum
1444 2166 1629 2253 gratia
1676 2194 1731 2241 et
1771 2166 2007 2244 veritate

305 2250 492 2318 (toan.
528 2269 567 2319 ι,
600 2255 778 2328 1-14).

342 2338 417 2439 ,7.
465 2341 701 2439 Joannes
748 2347 1119 2408 testimonium
1146 2355 1396 2421 perhibet
1442 2360 1508 2417 de
1536 2361 1675 2434 ipso,
1705 2369 1757 2420 et
1801 2368 2007 2424 clamat

292 2426 496 2522 dicens,
530 2431 627 2487 Hic
653 2439 775 2490 erat
794 2452 955 2508 quem
986 2442 1140 2510 dixi,
1167 2445 1276 2512 Qui
1297 2457 1421 2519 post
1442 2467 1528 2506 me
1555 2426 1724 2522 venit,
1761 2463 1891 2511 ante
1920 2474 2007 2515 me

290 2520 473 2618 factus
501 2524 768 2618 est._Post
799 2543 888 2583 me
916 2531 1095 2618 venit,
1129 2537 1186 2587 et
1225 2539 1522 2605 prmeessit
1568 2558 1681 2598 me.
1711 2520 1860 2610 Quid
1887 2552 1996 2618 est,

291 2616 419 2661 ante
471 2624 555 2663 me
588 2611 770 2679 factus
816 2620 933 2670 est?
964 2617 1264 2678 Praecessit
1289 2640 1381 2681 me
1415 2642 1430 2682 :
1480 2646 1620 2696 non,
1689 2632 1873 2691 iactus
1914 2611 2002 2691 est

290 2704 604 2791 antequam
655 2700 844 2758 factus
881 2720 1072 2763 essem
1123 2726 1263 2783 ego;
1326 2716 1449 2783 sed,
1497 2724 1857 2791 antepositus
1914 2729 2003 2780 est

291 2783 437 2839 mihi
470 2799 485 2839 :
513 2785 624 2842 hoc
654 2797 761 2858 est,
791 2798 921 2849 ante
966 2813 1053 2852 me
1077 2807 1257 2870 factus
1285 2810 1384 2859 est.
1418 2808 1604 2871 Quare
1634 2783 1777 2867 ante
1834 2818 1889 2870 te
1921 2815 2003 2871 fa-

291 2880 416 2930 ctus
437 2880 543 2967 est,
576 2895 708 2935 cum
730 2888 861 2951 post
890 2890 944 2941 te
957 2893 1177 2947 venerit
1195 2893 1379 2963 ?Quz’a
1407 2898 1815 2967 priormeerat.
1842 2904 2004 2963 Prior

288 2969 386 3065 te,.
418 2965 793 3065 odii-annos“?
835 2975 987 3065 Quid
1038 2995 1334 3052 magnum,
1387 2965 1435 3042 si
1469 2990 1624 3058 prior
1669 2996 1728 3047 te
1757 2994 1785 3049 ?
1830 2995 2001 3065 Bene,

290 3055 425 3156 quia
455 3062 512 3156 tu
545 3055 933 3156 illi—perhibes
965 3068 1365 3131 testimonium
1401 3093 1416 3132 :
1459 3055 1768 3138 audiamus
1810 3055 2000 3156 ipsum

289 3143 599 3246 dicentem,
622 3147 686 3246 Et
711 3154 1144 3246 ante‘Abraham
1189 3177 1284 3232 ego
1314 3180 1438 3220 sum
1482 3167 1662 3239 (Joan.
1708 3143 1852 3240 νιιι,⁵
1881 3174 2001 3246 58).

289 3230 497 3333 εθάυεξῐ
513 3235 809 3333 Abraham
840 3242 897 3298 in
923 3247 1115 3303 medio
1145 3230 1355 3320 genere
1385 3230 1645 3315 humano
1677 3230 1838 3318 ortus
1877 3230 1997 3333 est;

293 3321 467 3378 multi
497 3330 631 3382 ante
661 3326 851 3399 illum,
884 3336 1051 3389 multi
1083 3344 1213 3408 post
1252 3340 1416 3399 illum
1444 3361 1459 3401 :
1491 3347 1630 3403 audi
1660 3365 1856 3407 vocem
1898 3321 2004 3407 Pa:

289 3410 396 3515 tris
416 3412 763 3515 aid-Filium,
793 3420 929 3477 Ante
958 3424 1251 3495 luciferum
1279 3436 1451 3503 genui
1473 3444 1524 3491 te
1552 3436 1727 3509 (Psal.
1782 3457 1891 3512 ctx,
1923 3443 2002 3515 3).

292 3502 399 3598 Qui
422 3511 553 3560 ante
572 3503 882 3567 luciferum
911 3515 1146 3584 genitus
1175 3502 1291 3586 est,
1309 3539 1513 3581 omnes
1544 3502 1668 3598 ipse
1690 3502 2001 3589 illuminat.

294 3590 491 3684 Dictus
520 3600 605 3651 est
634 3598 790 3655 enim
821 3602 1060 3673 quidam
1089 3608 1293 3667 lucifer
1314 3613 1410 3684 qui
1433 3590 1670 3673 cecidit:
1704 3623 1829 3675 erat
1849 3621 2002 3677 enim

293 3681 555 3753 angelus,
588 3689 645 3740 et
671 3688 858 3745 factus
888 3697 977 3747 est
1006 3695 1303 3767 diabolus;
1330 3681 1391 3758 et
1429 3705 1576 3762 dixit
1606 3707 1677 3762 de
1716 3708 1816 3764 illo
1854 3709 2003 3765 Bori-

295 3773 501 3866 ptural
527 3772 879 3866 Lucifer_gui
918 3798 1079 3839 mane
1117 3789 1413 3859 oriebatur,
1461 3796 1657 3851 cecidit
1689 3797 1838 3866 (Isai.
1886 3816 2002 3857 xrv.

298 3857 408 3926 12).
457 3856 619 3914 Unde
652 3860 857 3921 lucifer
884 3866 1074 3932 ‘lQuia
1121 3856 1490 3935 illuminatus
1534 3856 1788 3941 lucebat.
1842 3856 2005 3944 Unde

294 3949 488 4000 autem
519 3949 866 4008 tenebrosus
898 3955 1130 4014 factus?
1158 3961 1302 4024 Quia
1342 3966 1401 4021 in
1431 3970 1669 4026 veritate
1695 3988 1810 4028 non
1841 3976 2005 4031 stetit

298 4034 619 4126 (locn.vm,
652 4039 764 4113 44).
799 4043 945 4117 Ergo
972 4046 1070 4104 ille
1100 4052 1577 4126 anteluciferum,
1609 4066 1742 4117 ante
1771 4080 2005 4122 omnem

295 4124 693 4185 illuminatum
721 4149 735 4188 :
768 4134 1058 4205 siquidem
1091 4148 1226 4198 ante
1248 4161 1479 4204 omnem
1503 4124 1893 4209 illuminatum
1930 4156 2006 4210 sit

296 4230 535 4273 necesse
560 4222 665 4291 est,
698 4238 731 4277 a
753 4239 866 4295 quo
898 4225 1309 4289 illuminantur
1337 4252 1541 4294 omnes
1563 4240 1663 4311 qui
1686 4240 2004 4300 illuminari

293 4312 558 4376 possunt.

364 4395 417 4449 8.
444 4397 576 4454 Ideo
612 4399 715 4458 hoc
764 4407 1076 4477 sequitur:
1120 4413 1187 4466 Et
1232 4414 1301 4471 de
1342 4417 1702 4487 plenitudine
1738 4422 1853 4491 ejus
1908 4438 2006 4478 nos

296 4500 477 4582 omnes
525 4492 870 4582 accepimus.
915 4498 1063 4561 Quid
1112 4506 1467 4574 accepistis?
1522 4509 1590 4563 Et
1625 4512 1865 4580 gratiam
1906 4528 2006 4582 pro

295 4578 497 4650 gratia.
551 4581 644 4637 Sic
692 4587 844 4643 enim
894 4588 1113 4647 habent
1174 4594 1347 4651 verba
1402 4578 1750 4669 evangelica,
1797 4578 2008 4657 collata

298 4683 432 4724 cum
465 4670 888 4741 exemplaribus
909 4680 1132 4748 graecis.
1166 4682 1290 4738 Non
1322 4684 1422 4752 ait,
1447 4685 1515 4742 Et
1544 4688 1613 4742 de
1646 4688 2006 4758 plenitudine

298 4758 423 4850 ejus
454 4776 561 4850 nos
592 4777 794 4819 omnes
824 4770 1177 4841 accepimus,
1208 4775 1454 4843 gratiam
1506 4794 1608 4847 pro
1652 4782 1872 4850 gratia;
1904 4783 2003 4837 sed

297 4849 382 4904 sic
412 4848 511 4906 ait.
542 4851 609 4906 Et
638 4851 1066 4924 deplenitudine
1094 4862 1211 4931 ejus
1242 4880 1339 4919 nos
1370 4881 1559 4921 omnes
1591 4848 1923 4939 accepimus,
1954 4880 2005 4928 et

295 5123 353 5172 et
382 5120 620 5193 insuper
651 5126 897 5196 gratiam
929 5146 1032 5201 pro
1088 5134 1299 5204 gratia.
1348 5137 1696 5207 Accepimus
1745 5120 1899 5195 enim
1933 5142 2004 5195 de

296 5207 653 5278 plenitudine
674 5218 822 5285 ejus,
856 5221 1045 5291 primo
1076 5227 1358 5293 gratiam,
1391 5230 1448 5280 et
1480 5243 1716 5283 rursum
1767 5232 2002 5301 accepi-

296 5312 430 5351 mus
460 5302 725 5372 gratiam,
759 5310 1005 5378 gratiam
1039 5330 1142 5385 pro
1171 5315 1376 5385 gratia.
1410 5318 1595 5382 Quam
1622 5319 1865 5388 gratiam
1882 5319 2003 5391 pri-

366 5450 687 5534 :.MJs_s.‘tres,
710 5458 800 5520 qui
829 5474 859 5510 a
884 5465 1043 5513 terra.
1065 5466 1163 5517 Alii
1197 5470 1435 5534 totidem,
1457 5472 1585 5534 quia
1608 5488 1639 5522 a
1668 5471 2001 5532 terra.Unus,

294 5515 418 5576 quia
443 5515 508 5565 de
537 5524 694 5568 terra.

1258 162 1340 223 IN
1383 163 1706 229 JOANNIS
1749 168 2276 235 EVANGELIUM.
2326 173 2388 233 S.
2435 173 2867 241 AUGUSTINI

3688 176 3841 241 H00

2130 334 2225 373 mo
2254 318 2585 389 accepimus
2615 320 2642 373 ‘I
2671 320 2890 376 Fidem.
2926 322 2988 375 In
3020 318 3543 386 fideambulantes,
3579 320 3634 376 in
3657 320 3842 393 gratia

2125 408 2518 464 ambulamus.
2549 410 2713 465 Unde
2744 411 2899 466 enim
2933 411 3043 466 hoc
3070 411 3397 467 meruimus
3426 411 3453 466 ‘l
3483 413 3693 482 quibus
3726 428 3841 467 no-

2127 499 2265 553 stris
2298 500 2757 567 prascedentibus
2789 501 3011 555 meritis
3028 501 3055 555 ‘?
3074 499 3196 555 Non
3230 516 3287 555 se
3308 501 3557 572 quisque
3580 502 3838 572 compul-

2126 592 2223 661 pet
2257 590 2296 654 ¹,
2330 590 2526 644 redeat
2553 590 2610 644 in
2645 591 3053 646 conscientiam
3089 607 3278 656 suam,
3319 597 3537 662 quierat
3575 591 3836 647 latebras

2124 680 2538 749 cogitationum
2579 696 2836 749 suarum,
2862 682 3054 736 redeat
3074 681 3146 737 ad
3178 681 3384 737 seriem
3401 683 3684 738 factorum
3709 699 3839 737 suo-

2125 787 2255 826 rum
2290 788 2302 827 :
2340 788 2453 826 non
2486 773 2745 827 attendat
2775 771 2868 842 qui
2892 774 2985 841 sit,
3042 773 3090 828 si
3133 774 3256 841 jam
3308 774 3519 843 aliquid
3561 777 3683 841 est;
3732 773 3835 828 sed

2125 860 2224 933 qui
2258 860 2445 929 fuerit,
2471 865 2533 915 ut
2560 867 2716 917 esset
2746 860 3006 933 aliquid;
3046 861 3300 917 inveniet
3348 880 3461 918 non
3494 879 3557 919 se
3587 864 3833 934 dignum

2124 955 2302 1008 fuisse
2335 952 2446 1007 nisi
2479 953 2787 1025 supplicio.
2823 953 2880 1008 Si
2905 970 3040 1025 ergo
3074 953 3359 1025 supplicio
3392 955 3609 1026 dignus
3650 953 3832 1021 fuisti,

2121 1047 2180 1098 et
2218 1043 2372 1097 venit
2426 1042 2523 1098 ille
2556 1043 2655 1114 qui
2707 1060 2823 1098 non
2862 1049 3088 1112 peccata
3132 1044 3385 1115 puniret,
3438 1046 3533 1099 sed
3600 1049 3837 1115 peccata

2121 1132 2397 1199 donaret;
2432 1134 2616 1204 gratia
2665 1133 2769 1187 tibi
2816 1132 2951 1188 data
2997 1140 3101 1200 est,
3155 1151 3267 1188 non
3320 1150 3541 1200 merces
3594 1134 3831 1189 reddita.

2124 1220 2285 1276 Unde
2312 1227 2550 1276 vocatur
2580 1222 2810 1295 gratia?
2840 1223 2982 1286 Quia
3026 1224 3202 1290 gratis
3260 1223 3448 1277 datur.
3499 1221 3625 1279 Non
3675 1223 3830 1279 enim

2121 1310 2579 1382 praecedentibus
2623 1313 2845 1367 meritis
2897 1313 3090 1368 emisti
3138 1312 3289 1383 quod
3341 1311 3631 1382 accepisti.
3673 1312 3830 1367 Hanc

2120 1418 2251 1473 ergo
2284 1402 2504 1473 accepit
2531 1403 2775 1474 gratiam
2810 1404 3058 1475 primam
3091 1407 3377 1473 peccator,
3412 1406 3475 1457 ut
3519 1405 3646 1474 ejus
3697 1419 3831 1474 pec-

2120 1505 2242 1548 cata
2267 1493 2717 1550 dimitterentur.
2737 1496 2879 1559 Quid
2908 1497 3122 1550 meruit
3140 1495 3825 1566 ‘Ilnterrogetjustitiam;

2121 1583 2347 1639 invenit
2387 1600 2616 1656 pcenam
2656 1602 2668 1639 :
2711 1584 3025 1657 interroget
3071 1585 3567 1653 misericordiam;
3610 1586 3831 1642 invenit

2118 1675 2388 1745 gratiam.
2423 1676 2531 1731 Sed
2566 1675 2672 1731 hoc
2694 1682 2750 1732 et
2776 1676 3125 1748 promiserat
3153 1677 3307 1731 Deus
3339 1693 3441 1748 per
3472 1676 3827 1747 Prophetas:

2116 1762 2309 1832 itaque
2341 1780 2472 1818 cum
2506 1764 2663 1819 venit
2690 1766 2826 1821 dare
2866 1766 3020 1836 quod
3056 1765 3404 1836 promiserat
3439 1782 3452 1830 ;
3496 1781 3610 1821 non
3642 1764 3823 1819 solum

2115 1853 2357 1920 gratiam
2391 1854 2569 1920 dedit,
2612 1854 2709 1910 sed
2752 1861 2804 1909 et
2848 1855 3175 1910 veritatem.
3234 1853 3531 1917 Quomodo
3571 1852 3827 1909 exhibita

2114 1950 2203 2001 est
2231 1947 2442 2001 veritas
2476 1945 2503 2000 ‘l
2533 1946 2679 2011 Quia
2708 1947 2923 2002 factum
2955 1951 3038 2003 est
3070 1947 3225 2017 quod
3261 1947 3614 2018 promissum
3642 1951 3756 2003 est.

2182 2035 2235 2087 9.
2271 2035 2418 2099 Quid
2451 2039 2539 2091 est
2568 2052 2726 2107 ergo,
2756 2037 2997 2106 gratiam
3027 2051 3125 2107 pro
3156 2037 3344 2103 gratia
3374 2037 3402 2089 ?
3431 2034 3570 2090 Fide
3596 2051 3827 2103 prome-

2115 2133 2314 2171 remur
2339 2118 2547 2184 Deum;
2583 2126 2634 2171 et
2669 2117 2769 2187 qui
2802 2117 2962 2188 digni
2995 2133 3111 2172 non
3161 2132 3386 2172 eramus
3436 2115 3650 2188 quibus
3688 2132 3825 2187 pec-
3909 2151 3913 2154 ~

2114 2211 2245 2261 cata
2276 2207 2727 2275 dimitterentur,
2760 2224 2825 2263 ex
2853 2223 2919 2263 eo
2942 2209 3080 2279 quia
3099 2213 3326 2263 tantum
3359 2207 3575 2263 donum
3599 2207 3823 2278 indigni

2114 2297 2469 2368 accepimus,
2502 2298 2688 2368 gratia
2717 2305 2972 2353 vocatur.
3034 2297 3180 2361 Quid
3223 2302 3310 2353 est
3366 2296 3595 2369 gratia?
3647 2297 3826 2367 gratis

2115 2386 2269 2442 data.
2298 2387 2445 2450 Quid
2470 2392 2557 2442 est
2588 2387 2767 2457 gratis
2797 2388 2931 2442 data
2960 2387 2988 2441 ?
3039 2388 3278 2457 Donata,
3322 2402 3437 2442 non
3486 2385 3727 2442 reddita.
3765 2385 3822 2440 Si

2114 2476 2454 2545 debebatur,
2489 2492 2710 2532 merces
2742 2477 2964 2531 reddita
2991 2482 3097 2545 est,
3132 2493 3245 2532 non
3277 2476 3461 2549 gratia
3484 2476 3730 2543 donata;
3772 2475 3821 2529 si

2114 2571 2299 2622 autem
2328 2583 2458 2622 vere
2489 2566 2828 2634 debebatur,
2866 2568 3054 2623 bonus
3077 2566 3235 2622 fuisti
3267 2582 3280 2621 :
3318 2583 3429 2623 non
3464 2571 3659 2622 autem
3688 2565 3731 2632 ³,
3766 2570 3827 2620 ut

2114 2673 2309 2713 verum
2352 2661 2458 2727 est,
2496 2656 2678 2712 malus
2709 2658 2881 2725 fuisti,
2914 2658 3212 2714 credidisti
3246 2663 3441 2714 autem
3474 2657 3530 2712 in
3563 2674 3694 2714 eum
3722 2660 3823 2731 qui

2104 2747 2394 2816 justiﬁcat
2426 2746 2668 2817 impium
2688 2747 2867 2817 (Rom.
2903 2763 2977 2812 ιν,
3024 2747 3080 2818 5)
3122 2746 3293 2819 (Quid
3341 2751 3450 2812 est,
3505 2746 3606 2818 qui
3640 2747 3823 2818 justi-

2113 2838 2247 2893 ﬁcat
2276 2837 2521 2910 impium
2555 2836 2583 2893 ‘I
2614 2838 2694 2892 Ex
2725 2837 2904 2910 impio
2938 2838 3073 2893 facit
3096 2838 3314 2909 pium);
3348 2839 3536 2910 cogita
3553 2839 3690 2909 quid
3726 2857 3826 2911 per

2112 2926 2291 2998 legem
2328 2926 2427 2983 tibi
2460 2926 2768 2983 imminere
2818 2927 3083 2997 debebat,
3129 2932 3184 2982 et
3234 2928 3374 2998 quid
3430 2944 3529 2998 per
3574 2931 3822 2998 gratiam

2113 3022 2463 3072 consecutus
2498 3016 2601 3072 sis.
2632 3018 2992 3073 Consecutus
3018 3024 3208 3071 autem
3258 3016 3428 3071 istam
3460 3015 3709 3088 gratiam
3754 3018 3821 3071 ﬁ-

2113 3105 2222 3171 dei,
2248 3107 2358 3161 erit
2390 3106 2586 3175 justus
2639 3122 2706 3161 ex
2765 3105 2878 3161 ﬁde
2916 3105 3143 3176 (Justus
3192 3105 3344 3162 enim
3395 3121 3463 3160 ex
3505 3105 3616 3160 fide
3664 3106 3822 3167 vivit)

2112 3194 2332 3264 (Hebae.
2383 3194 2544 3263 11,4;
2600 3194 2748 3249 Rom.
2783 3210 2825 3262 ι,
2894 3194 3024 3265 17);
3068 3198 3125 3249 et
3174 3194 3601 3265 promereberis
3647 3196 3818 3251 Deum

2110 3285 2355 3341 vivendo
2412 3302 2480 3340 ex
2520 3285 2671 3341 fide:
2717 3302 2849 3341 cum
2899 3284 3291 3356 promerueris
3336 3284 3519 3342 Deum
3574 3286 3819 3343 vivendo

2112 3392 2180 3434 ex
2203 3378 2333 3444 fide,
2369 3377 2617 3449 accipies
2649 3377 2955 3448 praemium
3008 3376 3526 3449 immortalitatem,
3559 3382 3615 3433 et
3645 3377 3819 3432 vitam

2111 3475 2404 3523 aeternam.
2441 3468 2508 3522 Et
2540 3467 2640 3523 illa
2668 3468 2855 3539 gratia
2885 3472 2991 3523 est.
3025 3466 3169 3522 Nam
3204 3484 3304 3539 pro
3334 3484 3450 3539 quo
3484 3468 3687 3523 merito
3727 3484 3823 3522 ac-

2112 3558 2259 3630 cipis
2278 3558 2453 3612 vitam
2485 3564 2755 3611 aeternam
2782 3557 2809 3611 ‘l
2836 3559 2944 3612 Pro
2976 3558 3179 3628 gratia.
3215 3558 3273 3612 Si
3305 3558 3459 3613 enim
3492 3558 3636 3613 ﬁdes
3687 3574 3819 3629 gra-

2111 3649 2192 3704 tia
2216 3652 2324 3715 est,
2359 3659 2409 3703 et
2442 3648 2557 3703 vita
2578 3653 2786 3703 aeterna
2816 3649 2983 3720 quasi
3027 3665 3245 3704 merces
3287 3658 3373 3705 est
3420 3648 3553 3704 fidei
3603 3666 3616 3703 :
3660 3649 3821 3704 vide-

2115 3739 2209 3792 tur
2240 3737 2471 3809 quidem
2503 3742 2650 3792 Deus
2698 3738 2876 3792 vitam
2919 3742 3196 3794 (sternam
3247 3745 3520 3809 tanquam
3570 3737 3820 3794 debitam

2116 3828 2355 3883 reddere
2384 3827 2512 3898 (Cui
2545 3828 2800 3883 debitam
2835 3826 2863 3882 ?
2900 3828 3106 3896 Fideli,
3139 3831 3276 3900 quia
3300 3828 3623 3900 promeruit
3663 3828 3821 3883 illam

2113 3933 2215 3987 per
2247 3917 2437 3987 iidem)
2470 3917 2607 3983 ;sed
2643 3916 2778 3988 quia
2825 3916 2953 3988 ipsa
3002 3918 3148 3973 ﬁdes
3200 3917 3388 3987 gratia
3435 3922 3544 3983 est,
3603 3919 3660 3972 et
3708 3917 3823 3972 vita

2112 4015 2321 4061 aeterna
2350 4007 2531 4078 gratia
2561 4014 2647 4062 est
2688 4023 2789 4077 pro
2830 4008 3031 4077 gratia.

2190 4096 2271 4150 tO.
2304 4098 2450 4151 Audi
2481 4098 2727 4153 Paulum
2770 4098 3091 4167 apostolum
3143 4099 3513 4154 confitentem
3547 4098 3819 4169 gratiam,

2114 4191 2171 4240 et
2195 4193 2396 4256 postea
2426 4187 2683 4242 debitum
2715 4192 3098 4257 expetentem.
3134 4187 3430 4242 Confessio
3469 4187 3665 4257 gratim
3694 4204 3817 4258 qua:

2113 4281 2201 4331 est
2232 4275 2291 4330 in
2324 4275 2497 4331 Paulo
2529 4276 2556 4330 ‘l
2597 4278 2704 4344 Qui
2729 4280 2885 4346 prius
2909 4280 2995 4347 [ui
3025 4278 3389 4349 blasphemus,
3422 4284 3472 4332 et
3490 4282 3821 4348 persecutor.

2113 4373 2165 4422 et
2209 4365 2517 4435 injuriosus
2546 4383 2564 4421 :
2593 4365 2684 4421 sed
2728 4367 3179 4434 misericordiam,
3225 4367 3437 4438 inquit,
3509 4370 3824 4423 consecutus

2113 4472 2233 4511 sum
2262 4457 2308 4527 (Ι
2345 4456 2480 4510 Tim.
2514 4472 2554 4524 ι,
2590 4457 2698 4527 13).
2746 4456 3052 4527 Indignum
3098 4474 3159 4513 se
3190 4457 3334 4512 dixit
3376 4456 3476 4528 qui
3508 4471 3825 4526 conseque-

2116 4552 2318 4603 retur:
2372 4553 2749 4604 consecutum
2785 4552 2975 4604 tamen
3012 4566 3124 4604 non
3159 4565 3255 4619 per
3306 4548 3513 4602 merita
3545 4565 3671 4612 sua,
3719 4548 3818 4602 sed

2117 4654 2217 4709 per
2248 4637 2706 4693 misericordiam
2741 4638 2862 4695 Dei.
2898 4638 3046 4693 Audi
3078 4638 3242 4693 illum
3284 4639 3407 4708 jam
3460 4637 3821 4708 ﬂagitantem

2114 4728 2399 4795 debitum,
2434 4729 2530 4799 qui
2568 4731 2753 4800 primo
2786 4729 3103 4784 indebitam
3142 4734 3479 4799 susceperat
3526 4728 3774 4795 gratiam
3804 4743 3817 4781 :

2116 4818 2223 4886 Ego
2253 4818 2421 4888 enim,
2450 4817 2657 4889 inquit,
2680 4821 2804 4889 jam
2837 4819 3112 4885 immolor,
3144 4822 3195 4873 et
3219 4822 3432 4889 tempus
3470 4816 3823 4872 resolutionis

2112 4926 2252 4966 mea?
2283 4913 2468 4967 instat.
2495 4912 2703 4967 Bonum
2735 4920 3005 4966 certamen
3042 4909 3270 4978 certavi,
3314 4925 3528 4964 cursum
3563 4924 3819 4965 consum-

2114 5001 2281 5070 mavi,
2316 5002 2476 5070 ﬁdem
2508 5003 2720 5057 servavi
2737 5020 2751 5053 :
2785 5002 2848 5055 de
2865 5005 3061 5057 caetero
3086 5002 3323 5072 reposita
3354 5002 3431 5054 est
3452 4998 3589 5052 mihi
3621 5012 3822 5052 corona

1988 5092 2003 5159 ξ
2114 5090 2371 5158 iustitiae.
2406 5091 2535 5145 Jam
2570 5090 2831 5144 debitum
2866 5090 3114 5159 ﬂagitat,
3150 5090 3273 5158 jam
3320 5087 3582 5143 debitum
3620 5086 3819 5157 exigit.

2113 5177 2260 5233 Nam
2295 5178 2419 5232 vide
2450 5177 2620 5233 verba
2648 5179 2993 5248 sequentia:
3029 5179 3203 5246 Quam
3236 5178 3377 5232 mihi
3419 5176 3603 5231 reddet
3634 5176 3822 5229 Domi-

2111 5284 2216 5321 nus
2272 5270 2331 5322 in
2362 5267 2462 5323 illa
2518 5266 2625 5335 die,
2684 5268 2875 5337 justus
2921 5267 3101 5338 judea:
3128 5268 3205 5340 (ll
3265 5267 3399 5322 Tim.
3451 5280 3527 5331 tv,
3575 5263 3710 5335 6.8).
3750 5262 3823 5319 Ut

2177 5415 2197 5484 ξ
2225 5412 2701 5484 gs._li‘ossatensis_,
2749 5411 3029 5484 quisquam
3057 5410 3237 5477 palpet
3248 5424 3279 5484 ί
3317 5405 3611 5484 a_secunda
3634 5419 3822 5484 manu.

2174 5474 2363 5585 ;dEditi
2399 5470 2814 5537 interponebabt
2848 5470 2953 5533 hic,
2983 5470 3087 5525 non
3124 5470 3311 5523 merito
3346 5480 3435 5521 tuo
3455 5487 3477 5532 ;
3506 5470 3649 5534 quod
3674 5470 3825 5521 abest

2115 5552 2145 5590 α
2228 5552 2297 5586 ss.
