4164 6192
244 211 399 274 MO!

241 355 382 403 ante
410 346 740 419 susciperet
785 343 1054 417 gratiam,
1089 342 1523 399 misericordem
1557 347 1780 412 patrem
1813 358 1958 412 opus

237 438 493 494 habebat
528 455 542 494 :
576 447 637 493 ut
670 436 970 508 praemium
1003 436 1221 506 gratiae,
1265 434 1523 503 judicem
1572 434 1814 501 justum.
1848 433 1956 495 Qui

244 543 361 582 non
395 524 699 582 damnavit
726 525 998 596 impium,
1032 524 1330 578 damnabit
1366 522 1589 577 ﬁdelem
1612 522 1640 574 ‘?
1662 521 1726 574 Et
1757 525 1955 575 tamen

243 618 289 672 si
326 619 477 673 bene
527 617 769 687 cogites,
802 615 928 687 ipse
976 614 1137 669 dedit
1194 612 1363 667 fidem
1407 612 1616 682 primo,
1652 628 1767 681 qua
1822 626 1955 665 eum

240 707 671 778 promeruisti:
728 723 841 762 non
885 707 1038 761 enim
1076 705 1145 760 de
1192 709 1289 759 tuo
1334 703 1710 773 promeruisti
1764 705 1826 754 ut
1855 701 1955 754 tibi

235 797 469 868 aliquid
502 796 833 851 deberetur.
868 796 1029 859 Quod
1083 809 1220 865 ergo
1264 793 1561 863 praemium
1601 790 1959 846 immortali—

233 888 376 941 tatis
432 890 635 958 postea
684 886 906 953 tribuit,
941 884 1093 939 dona
1125 900 1230 939 sua
1279 887 1539 941 coronat,
1588 898 1701 936 non
1755 880 1956 935 merita

232 981 357 1031 tua.
395 976 565 1046 Ergo,
602 977 829 1041 fratres,
876 990 1061 1029 omnes
1091 974 1158 1028 de
1202 971 1551 1044 plenitudine
1580 972 1694 1041 ejus
1740 969 1955 1039 accepi-

227 1082 405 1119 mus:
440 1066 511 1120 de
559 1062 927 1135 plenitudine
984 1061 1394 1118 misericordiae
1452 1061 1599 1130 ejus,
1651 1061 1722 1113 de
1771 1058 1954 1112 abun-

230 1154 445 1209 dantia
476 1153 756 1208 bonitatis
775 1154 901 1221 ejus
925 1152 1281 1223 accepimus.
1308 1151 1456 1215 Quid
1482 1150 1509 1205 ‘2
1535 1149 1951 1205 Remissionem

229 1251 639 1316 peccatorum,
687 1250 749 1299 ut
791 1244 1255 1314 justiﬁcaremus
1304 1258 1370 1296 ex
1420 1241 1553 1296 fide.
1607 1240 1671 1295 Et
1716 1239 1957 1309 insuper

231 1337 377 1407 quid
406 1337 433 1391 ?
460 1339 525 1391 Et
554 1339 798 1406 gratiam
826 1352 926 1403 pro
957 1335 1139 1404 gratia
1155 1351 1177 1395 ;
1204 1332 1241 1387 il
1275 1338 1380 1402 est,
1416 1349 1519 1403 pro
1553 1332 1658 1386 hac
1692 1330 1872 1402 gratia
1895 1332 1951 1385 in

228 1443 353 1497 qua
384 1442 454 1481 ex
515 1427 627 1480 fide
669 1426 938 1490 vivimus,
973 1423 1259 1496 recepturi
1293 1438 1498 1477 sumus
1540 1420 1711 1475 aliam
1747 1437 1760 1474 :
1813 1419 1949 1489 quid

231 1524 437 1570 tamen
478 1515 590 1570 nisi
622 1515 861 1585 gratiam
896 1514 923 1568 ?
948 1513 1091 1569 Nam
1140 1513 1190 1568 si
1223 1511 1419 1567 dixero
1452 1511 1586 1581 quia
1627 1514 1685 1565 et
1717 1510 1821 1564 hoc
1852 1509 1952 1563 de-

230 1607 433 1673 betur,
453 1605 676 1677 aliquid
709 1606 851 1661 mihi
885 1605 1142 1675 assigno,
1174 1603 1341 1674 quasi
1375 1601 1467 1657 cui
1517 1601 1817 1655 debeatur.
1849 1602 1951 1654 Co-

233 1702 409 1751 ronat
448 1702 644 1752 autem
677 1696 735 1750 in
769 1695 936 1751 nobis
966 1695 1120 1750 Deus
1151 1694 1305 1749 dona
1343 1690 1754 1747 misericordiae
1785 1706 1903 1745 suae
1936 1702 1950 1741 :

233 1788 337 1842 sed
374 1787 426 1841 si
460 1788 519 1841 in
552 1803 615 1842 ea
646 1786 831 1859 gratia
881 1802 1054 1858 quam
1090 1784 1342 1856 primam
1386 1780 1737 1852 accepimus,
1772 1793 1954 1851 perse-

231 1880 513 1933 veranter
544 1876 940 1932 ambulemus.

306 1966 395 2020 11.
434 1968 552 2021 Lex
579 1966 725 2021 enim
754 1982 857 2039 per
906 1965 1123 2037 Moysen
1154 1963 1281 2019 data
1305 1971 1424 2019 est:
1460 1978 1587 2033 quae
1623 1977 1747 2017 reos
1800 1967 1959 2015 tene—

235 2057 351 2112 bat.
419 2056 566 2121 Quid
601 2056 755 2112 enim
817 2056 897 2111 ait
953 2052 1308 2127 Apostolus?
1341 2054 1449 2107 Lex
1502 2052 1858 2117 subintravit,
1898 2057 1957 2104 ut

227 2147 544 2201 abundaret
574 2145 827 2201 delictum
856 2146 1028 2214 (Rom.
1064 2162 1116 2213 v,
1146 2143 1260 2214 20).
1306 2142 1422 2198 Hoc
1454 2141 1721 2212 proderat
1753 2156 1958 2211 super-

224 2237 339 2297 bis.
365 2240 433 2290 ut
456 2235 784 2291 abundaret
806 2234 1112 2290 delictum:
1139 2233 1391 2287 multum
1411 2230 1565 2286 enim
1590 2230 1699 2285 sibi
1724 2230 1953 2297 dabant,

220 2331 282 2380 et
314 2325 493 2397 quasi
516 2324 741 2380 viribus
769 2325 887 2379 suis
913 2324 1165 2379 multum
1190 2320 1574 2393 assignabant
1598 2340 1611 2388 ;
1638 2325 1831 2374 etnon
1858 2335 1962 2389 po-

221 2419 429 2471 terant
468 2413 714 2485 implere
738 2413 1049 2484 justitiam,
1083 2412 1195 2468 nisi
1237 2411 1526 2481 adjuvaret
1558 2408 1655 2463 ille
1695 2407 1794 2479 qui
1820 2408 1957 2476 jus-

223 2509 413 2561 serat.
450 2503 795 2575 Superbiam
828 2502 1059 2558 illorum
1088 2501 1287 2557 volens
1312 2502 1544 2556 domare
1575 2499 1749 2567 Deus,
1796 2496 1953 2552 dedit

226 2591 475 2661 Legem,
532 2593 813 2661 tanquam
847 2589 1084 2645 dicens:
1139 2587 1280 2642 Ecce
1329 2584 1582 2656 implete,
1615 2600 1687 2640 ne
1740 2581 1954 2655 putetis

225 2679 442 2735 deesse
464 2679 794 2748 jubentem.
820 2678 943 2736 Non
972 2679 1137 2733 deest
1154 2675 1254 2749 qui
1278 2674 1500 2747 jubeat,
1525 2675 1622 2729 sed
1656 2674 1819 2729 deest
1852 2672 1952 2745 qui

229 2768 513 2837 impleat.

314 2860 406 2914 12.
439 2858 497 2912 Si
548 2874 680 2930 ergo
714 2860 879 2914 deest
920 2858 1019 2931 qui
1052 2858 1313 2930 impleat,
1348 2858 1501 2912 unde
1550 2873 1662 2911 non
1698 2853 1903 2927 implet
1933 2854 1962 2909 ?

240 2949 397 3013 Quia
423 2954 602 3005 natus
634 2965 761 3003 cum
796 2949 1038 3004 traduce
1069 2947 1285 3018 peccati
1317 2951 1371 3001 et
1402 2947 1624 3001 mortis.
1658 2946 1737 2999 De
1780 2945 1956 2998 Adam

236 3043 446 3105 natus,
480 3038 652 3094 traxit
683 3053 883 3094 secum
924 3039 1076 3110 quod
1112 3037 1190 3093 ibi
1235 3039 1575 3106 conceptum
1606 3040 1710 3089 est.
1747 3031 1962 3089 Cecidit

238 3132 482 3204 primus
512 3131 726 3197 homo;
760 3135 816 3185 et
844 3146 1043 3186 omnes
1075 3129 1170 3200 qui
1201 3129 1272 3184 de
1294 3128 1392 3183 illo
1427 3126 1545 3183 nati
1578 3131 1735 3192 sunt,
1761 3126 1830 3181 de
1860 3125 1958 3182 illo

236 3223 551 3277 traxerunt
590 3219 1117 3292 concupiscentiam
1152 3217 1363 3274 carnis.
1395 3216 1705 3288 Oportebat
1758 3220 1822 3271 ut
1853 3234 1955 3271 na-

234 3316 506 3369 sceretur
537 3311 683 3367 alius
732 3311 907 3367 homo
939 3311 1029 3382 qui
1065 3309 1279 3365 nullam
1312 3308 1485 3364 traxit
1533 3308 1956 3379 concupiscen~

226 3402 397 3458 tiam.
436 3402 642 3469 Homo,
676 3406 729 3457 et
760 3401 973 3457 homo:
998 3400 1173 3456 homo
1195 3401 1266 3456 ad
1295 3403 1567 3466 mortem,
1601 3403 1659 3454 et
1681 3398 1854 3455 homo
1882 3399 1952 3453 ad

229 3492 440 3547 vitam.
474 3491 569 3547 Sic
611 3491 756 3547 dicit
788 3492 1097 3563 Apostolus
1131 3507 1145 3545 :
1181 3491 1449 3557 Quoniam
1482 3488 1696 3561 quidem
1723 3504 1824 3559 per
1852 3487 1955 3541 ho-

228 3583 451 3638 minem
481 3598 652 3650 mors,
685 3586 733 3638 et
772 3599 870 3654 per
916 3582 1191 3637 hominem
1227 3581 1552 3635 resurrectio
1591 3583 1956 3635 mortuorum.

232 3674 348 3728 Per
378 3689 560 3743 quem
584 3670 882 3727 hominem
918 3687 1092 3732 mors,
1118 3679 1170 3726 et
1202 3686 1303 3741 per
1332 3686 1506 3743 quem
1538 3668 1832 3725 hominem
1867 3684 1957 3722 re-

237 3765 532 3821 surrectio
570 3763 971 3819 mortuorum?
1001 3763 1129 3819 Noli
1164 3762 1464 3818 festinare:
1499 3760 1783 3834 sequitur,
1808 3763 1862 3815 et
1884 3759 1963 3815 di-

239 3857 316 3909 cit
352 3875 366 3910 :
404 3856 564 3911 Sicut
608 3856 757 3910 enim
810 3854 869 3909 in
900 3854 1068 3909 Adam
1118 3870 1297 3911 omnes
1342 3855 1678 3921 moriuntur,
1710 3853 1788 3907 sic
1818 3856 1869 3906 et
1900 3850 1959 3907 in

242 3946 457 4002 Christo
518 3962 709 4000 omnes
762 3947 1185 4016 viviﬁcabuntur
1214 3946 1258 4014 (Ι
1293 3945 1413 4001 Cor.
1446 3962 1535 4017 xv,
1568 3945 1656 4013 2t,
1711 3944 1820 4012 22).
1855 3943 1959 4009 Qui

240 4039 545 4108 pertinent
575 4036 647 4091 ad
680 4036 853 4091 Adam
885 4038 913 4091 7
940 4035 1154 4092 Omnes
1186 4036 1283 4109 qui
1334 4036 1453 4092 nati
1486 4040 1624 4091 sunt
1654 4037 1723 4090 de
1752 4036 1961 4093 Adam.

240 4126 356 4190 Qui
397 4127 464 4181 ad
487 4125 791 4181 Christum
814 4125 843 4178 ?
861 4123 1073 4182 Omnes
1100 4124 1198 4197 qui
1224 4124 1342 4180 nati
1366 4131 1497 4180 sunt
1521 4139 1619 4196 per
1641 4124 1961 4180 Christum.

236 4220 432 4284 Quare
462 4233 667 4273 omnes
690 4217 748 4272 in
774 4221 1003 4287 peccato
1025 4216 1052 4271 ‘I
1074 4217 1215 4281 Quia
1242 4233 1407 4271 nemo
1429 4219 1598 4271 natus
1640 4224 1724 4271 est
1760 4220 1963 4285 praeter

236 4308 456 4364 Adam.
491 4305 566 4362 Ut
597 4311 793 4363 autem
835 4311 1209 4363 nascerentur
1244 4323 1308 4362 ex
1358 4306 1564 4372 Adam,
1601 4304 1964 4360 necessitatis

236 4399 354 4453 fuit
387 4415 459 4454 ex
490 4398 864 4454 damnatione
898 4416 912 4454 :
947 4398 1105 4453 nasci
1138 4414 1240 4468 per
1283 4396 1600 4465 Christum,
1650 4394 1963 4452 voluntatis

236 4495 326 4542 est
357 4491 415 4543 et
445 4487 671 4559 gratias.
713 4487 835 4545 Non
862 4495 1145 4559 coguntur
1175 4487 1440 4543 homines
1472 4486 1631 4542 nasci
1666 4503 1768 4559 per
1795 4484 1963 4540 Chri-

237 4583 443 4631 stum:
469 4593 587 4632 non
620 4576 759 4648 quia
778 4576 1112 4642 voluerunt,
1132 4577 1251 4631 nati
1276 4580 1415 4632 sunt
1439 4591 1506 4631 ex
1528 4576 1726 4631 Adam.
1751 4574 1964 4631 Omnes

236 4671 451 4722 tamen
485 4666 582 4736 qui
615 4683 685 4721 ex
712 4667 924 4735 Adam,
946 4681 1077 4722 cum
1109 4670 1342 4738 peccato
1366 4670 1727 4737 peccatores:
1763 4681 1964 4721 omnes

243 4756 355 4828 qui
380 4772 486 4827 per
508 4755 1157 4826 Christum,justiiicati
1182 4763 1237 4811 et
1266 4755 1431 4825 justi,
1458 4756 1654 4811 nonin
1682 4773 1760 4823 se,
1781 4756 1881 4810 sed
1906 4754 1963 4810 in

234 4844 373 4900 illo.
409 4844 556 4899 Nam
590 4846 647 4900 in
682 4861 740 4901 se
762 4844 1169 4917 siinterroges,
1191 4846 1370 4902 Adam
1396 4850 1534 4902 sunt
1559 4865 1571 4903 :
1597 4846 1651 4901 in
1677 4845 1774 4901 illo
1798 4845 1845 4901 si
1877 4845 1965 4898 in-

234 4941 531 5004 terroges,
558 4934 772 4990 Christi
804 4939 943 4991 sunt
970 4934 1425 5001 ‘.Quare?Quia
1459 4935 1556 4993 ille
1575 4940 1746 5008 caput
1778 4935 1963 4989 Domi-

232 5042 357 5082 nus
390 5030 591 5080 noster
626 5030 796 5082 Jesus
827 5025 1117 5093 Christus,
1156 5044 1270 5083 non
1302 5043 1437 5084 cum
1476 5027 1713 5082 traduce
1747 5022 1964 5097 peccati

229 5117 405 5173 venit
434 5132 447 5168 :
480 5114 581 5170 sed
610 5121 806 5172 tamen
836 5117 993 5171 venit
1022 5133 1155 5172 cum
1188 5134 1357 5173 carne
1389 5116 1643 5173 mortali.

319 5210 414 5264 i3.
451 5207 605 5263 Mors
639 5210 1003 5277 peccatorum
1041 5223 1207 5278 pmna
1249 5210 1434 5262 (τι-δίει
1471 5206 1529 5260 in
1564 5205 1805 5261 Domino
1840 5219 1965 5259 mu-

231 5314 357 5353 nus
397 5296 807 5351 misericordia:
838 5300 981 5363 erat,
1018 5313 1128 5351 non
1176 5312 1344 5369 pmna
1376 5295 1619 5368 peccati.
1651 5294 1779 5349 Non
1813 5294 1968 5349 enim

238 5385 482 5458 aliquid
507 5386 759 5442 habebat
780 5384 1062 5442 Dominus
1086 5402 1260 5458 quare
1284 5386 1443 5457 juste
1474 5389 1817 5441 moreretur.
1840 5385 1970 5455 Ipse

319 5548 339 5581 ι
384 5544 831 5594 Carcassonensis
860 5544 977 5604 Mm,
1011 5542 1249 5594 Christus
1277 5545 1413 5591 sunt.

318 5610 346 5641 ³
382 5608 506 5658 Mss.
540 5610 808 5673 quatuor:
840 5606 979 5657 Mors
1021 5606 1076 5657 in
1105 5606 1271 5657 Adam
1308 5618 1461 5670 paena
1487 5607 1811 5669 peccatorum
1839 5604 1972 5654 erat.

1513 204 1977 267 TRAC'I‘A'I‘US
2020 205 2129 267 ΙΙΙ.
2180 200 2436 265 CAPUT
2479 205 2527 263 I.

3609 200 3766 265 1409

2067 342 2164 409 ait,
2200 344 2331 397 Ecce
2362 345 2513 397 venit
2556 343 2812 414 princeps
2859 341 3022 411 huius
3051 343 3264 411 mundi,
3304 347 3352 399 et
3402 346 3460 399 in
3502 361 3589 401 me
3625 348 3771 405 nihil

2065 435 2293 488 invenit.
2329 432 2514 495 Quare
2571 449 2703 501 ergo
2767 432 3051 487 moreris!
3089 431 3192 487 Sed
3248 440 3305 487 ut
3361 435 3536 489 sciant
3586 451 3767 492 omnes

2066 528 2193 593 quia
2221 523 2553 577 voluntatem
2594 525 2752 577 Paris
2798 524 2909 577 mei
2937 522 3102 591 facio,
3152 525 3378 593 surgite,
3418 540 3604 578 eamus
3642 525 3773 581 hinc

2066 614 2246 682 (Joan.
2279 628 2391 676 xxv,
2426 612 2495 665 30
2524 617 2577 666 et
2607 611 2719 683 3i).
2754 610 2876 665 Non
2913 612 3161 666 habebat
3193 612 3287 667 ille
3318 628 3497 683 quare
3529 629 3775 669 morere-

2065 707 2180 765 tur,
2214 705 2271 755 et
2303 706 2567 755 mortuus
2601 706 2689 755 est
2721 718 2735 757 :
2769 705 2829 755 tu
2864 702 3039 756 habes
3074 718 3270 771 quare,
3305 711 3358 757 et
3407 702 3553 757 mori
3604 701 3775 756 dedi-

2065 792 2306 862 gnaris?
2334 792 2582 863 Dignare
2605 809 2767 863 aequo
2800 792 2995 847 animo
3017 792 3131 862 pati
3158 808 3253 861 per
3280 792 3550 847 meritum
3586 798 3772 861 tuum,

2064 884 2217 954 quod
2251 884 2347 940 ille
2379 886 2493 955 pati
2526 886 2800 957 dignatus
2834 889 2942 951 est,
2967 889 3031 939 ut
3062 889 3117 940 te
3146 902 3177 939 a
3204 884 3557 954 sempiterna
3586 889 3772 941 morte

2065 974 2353 1029 liberaret.
2377 976 2639 1041 Homo,et
2669 975 2871 1029 homo:
2894 974 2992 1029 sed
3014 973 3377 1039 ille,nonnisi
3404 974 3575 1029 homo
3599 993 3613 1042 ;
3638 972 3770 1044 iste,

2064 1062 2216 1119 Deus
2239 1063 2412 1119 homo
2436 1065 2478 1120 ί.
2506 1064 2607 1119 Ille
2630 1063 2803 1119 homo
2830 1064 3072 1135 peccati,
3098 1065 3206 1119 iste
3223 1063 3486 1133 justitize.
3505 1064 3770 1120 Mortuus

2063 1170 2124 1209 es
2157 1155 2213 1210 in
2242 1156 2440 1219 Adam,
2467 1170 2701 1224 resurge
2734 1153 2790 1208 in
2815 1154 3069 1209 Christo:
3095 1170 3229 1208 nam
3262 1158 3578 1225 utrumque
3601 1153 3775 1209 debe-

2063 1247 2158 1298 tur
2190 1244 2309 1298 tibi.
2342 1245 2468 1298 Jam
2522 1244 2823 1298 credidisti
2870 1244 2927 1298 in
2970 1244 3283 1311 Christum,
3330 1243 3531 1299 reddes
3577 1247 3771 1299 tamen

2061 1334 2209 1403 quod
2244 1333 2416 1389 debes
2449 1335 2517 1388 de
2545 1334 2751 1388 Adam.
2784 1334 2892 1388 Sed
2929 1350 3040 1387 non
3076 1333 3207 1388 tein
3239 1338 3515 1388 aeternum
3551 1333 3769 1389 tenebit

2061 1424 2354 1478 vinculum
2379 1423 2595 1493 peocali
2616 1449 2628 1490 ;
2653 1422 2783 1493 quia
2808 1428 3052 1477 mortem
3077 1426 3237 1478 tuam
3261 1428 3539 1477 aeternam
3559 1423 3773 1478 occidit

2065 1529 2220 1567 mors
2254 1512 2590 1585 temporalis
2637 1512 2867 1568 Domini
2902 1511 3002 1566 tui.
3039 1512 3164 1583 ipsa
3196 1516 3285 1566 est
3324 1512 3529 1582 gratia,
3563 1513 3768 1567 fratres

2063 1603 2195 1673 mei,
2227 1603 2355 1675 ipsa
2385 1607 2472 1659 est
2501 1612 2553 1658 et
2583 1603 2812 1672 veritas,
2845 1602 2983 1673 quia
3015 1602 3301 1672 promissa
3330 1604 3387 1657 et
3418 1600 3694 1656 exhibita.

2140 1692 2221 1747 14.
2258 1694 2378 1747 Non
2419 1696 2539 1747 erat
2566 1693 2676 1747 ista
2710 1692 2766 1747 in
2796 1690 2988 1747 Veteri
3031 1693 3423 1758 Testamento,
3462 1688 3602 1760 quia
3645 1687 3764 1745 Lex

2066 1782 2421 1851 minabatur,
2456 1799 2569 1838 non
2603 1782 3029 1853 cpitulabatur;
3056 1782 3460 1853 jubebat,non
3495 1782 3771 1850 sanabat;

2065 1875 2401 1944 languorem
2435 1874 2800 1943 ostendebat,
2836 1890 2950 1930 non
2986 1873 3279 1929 auferebat
3314 1889 3328 1929 :
3363 1872 3462 1928 sed
3514 1870 3599 1925 illi
3637 1887 3784 1941 prte-

2067 1965 2308 2036 parabat
2340 1963 2563 2019 medico
2594 1968 2834 2020 venturo
2867 1980 2997 2019 cum
3025 1963 3207 2035 gratia
3238 1966 3294 2018 et
3328 1961 3562 2018 veritate
3593 1982 3609 2031 ;
3642 1965 3775 2017 tan-

2067 2071 2240 2126 quam
2277 2054 2347 2109 ad
2382 2054 2634 2125 aliquem
2668 2072 2841 2125 quem
2876 2070 3080 2110 curare
3108 2054 3232 2108 vult
3266 2053 3546 2118 medicus,
3581 2052 3773 2107 mittat

2068 2146 2252 2215 primo
2277 2161 2505 2200 servum
2531 2160 2723 2212 suum,
2748 2150 2810 2200 ut
2834 2144 3074 2216 ligatum
3096 2143 3262 2199 illum
3286 2142 3556 2198 inveniat.
3582 2142 3774 2199 Sanus

2068 2254 2182 2293 non
2214 2240 2357 2305 erat,
2390 2235 2580 2291 sanari
2626 2235 2880 2301 nolebat,
2914 2241 2970 2290 et
3001 2252 3073 2290 ne
3121 2243 3441 2299 sanaretur,
3474 2248 3683 2288 sanum
3715 2248 3774 2288 se

2067 2327 2499 2398 essejactabat:
2537 2327 2715 2382 missa
2745 2326 2853 2381 Lex
2886 2330 2994 2394 est,
3029 2324 3224 2397 ligavit
3254 2342 3387 2381 eum
3416 2343 3428 2393 ;
3464 2326 3684 2381 invenit
3714 2340 3776 2381 se

2068 2432 2256 2486 reum,
2284 2416 2408 2487 jam
2439 2414 2657 2471 clamat
2687 2415 2756 2470 de
2786 2415 3053 2486 ligatura.
3082 2415 3250 2469 Venit
3280 2412 3589 2481 Dominus,
3612 2420 3777 2468 curat

2069 2507 2283 2563 amaris
2327 2506 2687 2577 aliquantum
2744 2516 2797 2561 et
2854 2505 3088 2561 acribus
3120 2502 3581 2561 medicamentis:
3641 2502 3783 2558 dicit

2068 2599 2223 2656 enim
2258 2602 2491 2670 aegroto,
2520 2598 2713 2663 Ferto;
2747 2595 2908 2663 dicit,
2940 2594 3173 2662 Tolera;
3198 2594 3357 2663 dicit,
3380 2593 3511 2649 Noli
3538 2592 3777 2663 diligere

2071 2690 2383 2756 mundum,
2409 2688 2615 2743 habeto
2636 2686 3002 2756 patientiam,
3025 2690 3183 2740 curet
3215 2690 3267 2740 te
3297 2682 3449 2754 ignis
3482 2679 3777 2736 continen-

2070 2784 2181 2850 tiae,
2204 2782 2419 2838 ferrum
2463 2776 2929 2850 persecutionum
2958 2772 3201 2831 tolerent
3229 2775 3470 2829 vulnera
3503 2777 3621 2827 tua.
3673 2770 3774 2826 Ex-

2070 2872 2420 2946 pavescebas
2452 2868 2713 2940 quamvis
2745 2867 2955 2937 ligatus
2982 2881 2994 2919 :
3021 2863 3170 2919 liber
3200 2862 3297 2918 ille
3328 2871 3381 2919 et
3416 2878 3528 2917 non
3545 2861 3766 2932 ligatus

2070 2965 2218 3020 bibit
2246 2962 2400 3034 quod
2432 2960 2539 3015 tibi
2568 2959 2775 3027 dabat;
2802 2958 2957 3028 prior
2988 2971 3194 3028 passus
3227 2962 3310 3009 est
3336 2957 3396 3009 ut
3424 2956 3484 3009 te
3513 2950 3777 3009 consola-

2068 3063 2244 3122 retur,
2277 3058 2552 3123 tanquam
2588 3049 2805 3105 dicens.
2840 3046 2998 3111 Quod
3032 3048 3203 3101 times
3234 3043 3350 3116 pati
3382 3059 3483 3116 pro
3513 3047 3591 3110 te,
3625 3042 3780 3114 prior

2069 3146 2257 3219 patior
2297 3160 2397 3214 pro
2430 3147 2504 3197 te.
2542 3142 2667 3196 Haec
2697 3141 2784 3195 est
2813 3136 3017 3208 gratia,
3052 3142 3105 3191 et
3144 3150 3355 3206 magna
3391 3134 3600 3205 gratia.
3640 3132 3778 3201 Quis

2067 3235 2226 3292 illam
2261 3234 2434 3306 digne
2464 3229 2801 3289 collaudat?

2137 3327 2225 3385 15.
2260 3328 2339 3383 De
2369 3323 2697 3383 humilitate
2726 3319 2938 3377 Christi
2962 3318 3186 3390 loquor,
3218 3316 3424 3373 fratres
3459 3314 3592 3372 mei.
3654 3313 3782 3371 Ma-

2060 3422 2334 3492 jestatem
2359 3416 2572 3473 Christi
2595 3419 2652 3471 et
2670 3412 3031 3468 divinitatem
3054 3407 3268 3463 Christi
3305 3407 3437 3478 quis
3473 3405 3731 3475 loquitur
3750 3403 3777 3458 ?

2068 3513 2129 3566 In
2147 3508 2490 3581 explicando
2519 3511 2575 3562 et
2600 3503 2844 3559 dicendo
2872 3504 2935 3556 ut
2959 3496 3369 3571 quoquomodo
3384 3492 3777 3549 humilitatem

2068 3599 2283 3656 Christi
2315 3598 2705 3670 loqueremur,
2740 3609 2855 3648 non
2887 3588 3238 3655 sufficimus,
3265 3587 3382 3642 imo
3419 3584 3725 3641 deficimus
3755 3597 3773 3640 :

2068 3697 2255 3747 totum
2272 3687 2660 3759 cogitantibus
2684 3681 3126 3747 committimus,
3148 3694 3263 3734 non
3286 3676 3658 3733 audientibus
3678 3674 3781 3731 ad-

2071 3779 2409 3853 implemus.
2432 3777 2685 3850 Cogitate
2707 3772 3103 3830 humilitatem
3119 3766 3352 3826 Christi.
3378 3767 3487 3823 Sed
3513 3765 3645 3839 quis
3670 3782 3779 3822 no-

2071 3872 2183 3938 bis,
2202 3870 2421 3943 inquis,
2445 3885 2571 3925 eam
2596 3866 2866 3938 explicat,
2902 3863 3010 3920 nisi
3035 3867 3095 3918 tu
3128 3860 3285 3916 dicas
3315 3860 3343 3916 ‘t
3372 3858 3471 3915 Ille
3501 3857 3661 3914 intus
3687 3855 3773 3911 di-

2067 3967 2182 4020 cat.
2218 3962 2426 4019 Melius
2456 3959 2600 4017 illud
2629 3959 2769 4015 dicit
2800 3954 2899 4031 qui
2926 3955 3087 4011 intus
3112 3953 3352 4022 habitat,
3369 3964 3546 4023 quam
3568 3947 3670 4020 qui
3691 3947 3776 4002 fo-

2072 4055 2150 4109 ris
2181 4053 2413 4108 clamat.
2461 4051 2590 4124 Ipse
2620 4049 2779 4106 vobis
2824 4045 3095 4103 ostendat
3124 4044 3373 4114 gratiam
3425 4037 3774 4094 humilitatis

2072 4160 2211 4212 suae,
2245 4142 2343 4214 qui
2379 4141 2550 4210 cmpit
2581 4138 2843 4194 habitare
2875 4137 2931 4193 in
2956 4133 3228 4191 cordibus
3251 4128 3475 4189 vestris.
3509 4128 3774 4182 Jamvero

2072 4235 2119 4291 si
2144 4235 2199 4288 in
2223 4234 2351 4304 ejus
2369 4230 2697 4287 humilitate
2715 4226 3055 4299 explicanda
3072 4228 3127 4278 et
3144 4220 3434 4291 eroganda
3447 4215 3775 4279 deﬁcimus,

2073 4324 2436 4393 maiestatem
2460 4320 2585 4391 ejus
2610 4317 2742 4389 quis
2765 4313 3068 4386 loquatur?
3090 4312 3150 4367 Si
3176 4310 3403 4366 Verbum
3418 4320 3551 4361 caro
3570 4308 3776 4393 factum

2074 4391 2384 4471 conturbat
2423 4425 2547 4479 nos,
2582 4407 2641 4462 In
2671 4404 2947 4475 principio
2979 4410 3107 4458 erat
3144 4402 3368 4457 Verbum
3407 4397 3538 4467 quis
3593 4391 3772 4465 expli-

2073 4513 2272 4569 cabit?
2300 4512 2515 4565 Tenete
2544 4521 2702 4577 ergo,
2734 4504 2960 4568 fratres,
2992 4500 3343 4556 soliditatem
3370 4495 3569 4551 istam.

2144 4601 2231 4657 t6.
2266 4601 2375 4655 Lex
2410 4614 2516 4670 per
2544 4598 2763 4669 Moysen
2810 4593 2942 4649 data
2971 4594 3066 4659 est,
3111 4588 3294 4660 gratia
3341 4591 3391 4643 et
3446 4586 3651 4642 ueritas
3678 4598 3778 4656 per

2072 4694 2252 4749 Iesum
2286 4690 2564 4746 Christum
2592 4690 2737 4757 facta
2774 4693 2871 4741 est.
2918 4682 3022 4738 Per
3077 4696 3304 4737 servum
3337 4679 3450 4735 Lex
3502 4678 3642 4733 data
3670 4678 3775 4743 est,

2075 4800 2203 4839 reos
2236 4782 2368 4839 iecit
2402 4798 2417 4838 :
2459 4796 2557 4852 per
2606 4778 3016 4849 Imperatorem
3060 4770 3429 4842 indulgentia
3478 4770 3616 4825 data
3644 4770 3729 4825 est
3761 4787 3775 4834 ;

2074 4892 2204 4932 reos
2233 4872 2521 4931 liberavit.
2554 4872 2664 4926 Lex
2688 4884 2793 4941 per
2824 4867 3034 4938 Moysen
3066 4863 3196 4919 data
3225 4870 3318 4918 est.
3352 4861 3476 4916 Non
3527 4857 3635 4915 sibi
3679 4856 3781 4909 ali-

2074 4966 2207 5041 quid
2239 4964 2490 5036 amplius
2523 4976 2722 5017 servus
2751 4958 3025 5030 assignet,
3056 4969 3234 5027 quam
3262 4950 3417 5023 quod
3466 4965 3569 5020 per
3612 4944 3779 4999 illum

2075 5058 2289 5112 factum
2312 5059 2417 5111 est.
2446 5053 2673 5108 Electus
2691 5050 2761 5106 ad
2780 5064 3055 5121 magnum
3082 5040 3475 5101 ministerium
3497 5043 3775 5105 tanquam

2078 5145 2337 5202 ﬁdelisin
2362 5145 2555 5212 domo,
2579 5142 2677 5198 sed
2698 5145 2889 5197 tamen
2914 5152 3136 5205 servus,
3157 5147 3323 5203 agere
3346 5126 3665 5184 secundum
3692 5123 3779 5180 Le-

2076 5254 2200 5310 gem
2237 5239 2445 5308 potest,
2467 5236 2688 5291 solvere
2706 5250 2737 5288 a
2758 5235 2919 5286 reatu
2952 5226 3119 5296 Legis
3142 5238 3255 5277 non
3280 5223 3483 5310 potest.
3519 5217 3632 5310 Lee:
3645 5231 3782 5310 ergo

2070 5305 2178 5398 per
2208 5305 2420 5397 Moysen
2448 5324 2575 5379 data
2605 5330 2702 5389 est,
2725 5321 2911 5376 Gratia
2944 5320 2992 5369 et
3033 5312 3237 5368 verita:
3266 5324 3361 5380 per
3385 5308 3565 5364 Iesum
3596 5305 3781 5362 Chris-

2079 5427 2193 5475 tum
2220 5422 2372 5489 [acta
2400 5425 2497 5473 est.

2147 5599 2160 5632 ί
2194 5593 2350 5649 Editi,
2386 5590 2517 5639 Deus
2541 5596 2590 5639 et
2619 5588 2785 5639 homo.
2820 5586 3172 5651 Expungitur,
3213 5585 3282 5649 et,
3314 5582 3629 5634 auctoritate
3654 5575 3781 5627 Mss.
