4164 6192
333 234 492 297 1403

409 373 494 427 17.
529 373 594 427 Et
626 390 696 429 ne
713 373 856 429 forte
873 372 1090 444 aliquis
1111 372 1283 444 dicat,
1309 374 1377 430 Et
1400 374 1592 430 Gratia
1609 378 1664 432 et
1694 374 1903 430 veritas
1927 389 2042 427 non

335 467 423 518 est
453 465 603 518 facta
622 479 723 534 per
740 463 1001 535 Moysen,
1017 463 1114 534 qui
1139 463 1282 518 vidit
1309 465 1485 520 Deum
1503 464 1531 518 ?
1554 465 1750 520 statim
1773 463 2041 533 subjecit,

336 555 501 607 Deum.
521 569 676 608 nemo
698 553 1118 623 viditunquam.
1138 554 1204 608 Et
1220 555 1372 610 unde
1390 555 1642 609 innotuit
1658 554 1832 626 Moysi
1859 558 2007 607 Deus

336 644 478 707 Quia
512 643 782 697 revelavit
824 659 988 697 servo
1019 661 1125 698 suo
1172 645 1467 699 Dominus.
1524 644 1663 706 Quis
1714 643 1991 698 Dominus
2020 640 2047 693 ‘t

338 732 464 802 Ipse
490 732 772 800 Christus,
800 732 894 802 qui
921 733 1200 802 praemisit
1221 733 1426 804 Legem
1464 749 1565 805 per
1588 749 1840 800 servum,
1870 737 1931 785 ut
1960 746 2049 783 ve-

338 820 485 874 niret
541 821 664 889 ipse
696 837 825 874 cum
860 820 1058 876 Gratia
1088 825 1143 875 et
1189 823 1443 876 veritate.
1487 827 1660 875 Deum
1693 820 1847 876 enim
1890 834 2048 873 nemo

336 909 478 965 vidit
510 927 773 980 unquam.
801 910 866 963 Et
893 911 1044 964 unde
1077 910 1159 963 illi
1192 926 1356 966 servo
1380 916 1659 980 quantum
1695 925 1895 978 capere
1920 925 2050 980 pose

340 1008 429 1054 set
456 999 771 1069 apparuit?
803 1000 909 1054 Sed
944 999 1288 1068 unigenitus,
1324 1001 1535 1071 inquit,
1573 1000 1747 1055 Filius
1777 1001 1970 1070 quiest
1995 1001 2053 1053 in

338 1089 462 1141 sinu
495 1088 696 1156 Patris,
719 1088 833 1157 ipse
861 1090 1160 1142 enarravit.
1194 1090 1338 1154 Quid
1364 1099 1465 1157 est,
1486 1093 1540 1146 in
1572 1092 1698 1145 sinu
1729 1089 1914 1144 Patris
1945 1091 1972 1143 ?
1993 1089 2051 1142 In

339 1181 558 1231 secreto
593 1176 933 1232 Patris.Non
966 1179 1121 1233 enim
1151 1178 1304 1235 Deus
1332 1180 1499 1234 habet
1534 1181 1749 1248 sinum,
1771 1180 1924 1235 sicut
1950 1194 2053 1232 nos

343 1265 623 1321 habemus
655 1268 713 1320 in
762 1266 1034 1332 vestibus,
1086 1275 1186 1322 aut
1217 1270 1559 1342 cogitandus
1590 1275 1678 1325 est
1728 1269 1810 1324 sic
1855 1268 2056 1323 sedere

342 1354 636 1424 quomodo
661 1371 788 1418 nos,
813 1360 912 1410 aut
933 1355 1076 1410 forte
1105 1356 1327 1413 cinctus
1352 1366 1435 1413 est
1456 1362 1520 1412 ut
1551 1361 1745 1414 sinum
1778 1357 2052 1412 haberet:

344 1444 443 1498 sed
478 1445 615 1514 quia
647 1444 811 1498 sinus
835 1453 1028 1499 noster
1048 1445 1208 1501 intus
1238 1452 1346 1512 est,
1373 1453 1656 1504 secretum
1685 1451 1868 1505 Patris
1891 1447 2057 1504 sinus

347 1530 529 1586 Patris
553 1537 812 1589 vocatur.
848 1535 907 1588 In
951 1541 1174 1590 secreto
1230 1536 1438 1601 Patris,
1472 1537 1570 1608 qui
1617 1538 1840 1592 Patrem
1875 1537 2054 1603 novit,

346 1623 472 1693 ipse
502 1624 810 1678 enarravit.
845 1625 985 1680 Nam
1050 1628 1214 1682 Deum
1247 1645 1394 1684 nemo
1443 1629 1580 1684 vidit
1617 1646 1880 1700 unquam.
1931 1627 2058 1699 Ipse

347 1728 482 1783 ergo
513 1713 760 1780 venit,et
793 1717 1046 1770 narravit
1067 1717 1351 1788 quidquid
1377 1719 1536 1773 vidit.
1559 1719 1706 1783 Quid
1731 1719 1872 1774 vidit
1895 1719 2058 1790 Moy-

345 1799 488 1856 ses?
511 1800 736 1872 Moyses
767 1802 906 1858 vidit
940 1805 1168 1874 urbem,
1189 1805 1331 1861 vidit
1362 1807 1791 1876 angelum,vidit
1824 1808 2054 1878 ignem:

348 1889 538 1944 omnis
569 1889 670 1945 illa
697 1897 966 1947 creatura
994 1897 1084 1948 est
1115 1911 1130 1961 ;
1184 1898 1380 1966 typum
1415 1896 1649 1951 Domini
1679 1896 1769 1951 sui
1795 1896 2055 1966 gerebat,

349 1995 466 2036 non
506 1980 698 2052 ipsius
734 1982 959 2037 Domini
997 1986 1364 2053 praesentiam
1414 1987 1742 2043 exhibebat.
1795 1986 2058 2057 Namque

349 2074 549 2141 aperte
581 2071 762 2127 habes
800 2072 856 2126 in
892 2073 1062 2144 Lege,
1095 2075 1166 2129 Et
1197 2076 1524 2146 loquebatur
1549 2076 1746 2147 Moyses
1802 2093 1926 2131 cum
1956 2077 2058 2131 Do-

354 2164 533 2229 mino,
565 2172 757 2218 contra
790 2166 849 2218 in
872 2175 1062 2220 contra
1085 2167 1228 2221 sicut
1247 2168 1459 2223 amicus
1481 2185 1603 2223 cum
1626 2168 1801 2224 amico
1831 2183 1948 2223 suo.
1975 2167 2061 2221 Se-

358 2252 550 2322 queris
599 2253 786 2322 ipsam
819 2255 1202 2325 Scripturam,
1235 2263 1292 2312 et
1324 2257 1548 2314 invenis
1576 2258 1811 2331 Moysen
1861 2257 2064 2313 dicen-

354 2347 491 2408 tem,
525 2341 586 2396 Si
616 2345 802 2398 inveni
831 2344 1072 2414 gratiam
1106 2346 1162 2400 in
1199 2352 1481 2419 conspectu
1513 2352 1623 2415 tuo,
1666 2347 1884 2404 ostende
1920 2344 2066 2402 mihi

350 2432 586 2498 teipsum
616 2434 934 2500 manifeste,
967 2443 1024 2489 ut
1065 2435 1282 2491 videam
1332 2444 1402 2493 te.
1434 2440 1503 2493 Et
1552 2455 1754 2510 parum
1804 2443 1891 2493 est
1932 2437 2066 2510 quia

351 2521 500 2576 dixit
534 2539 548 2576 :
582 2537 926 2592 responsum
990 2526 1233 2596 accepit,
1271 2528 1385 2582 Non
1431 2533 1580 2598 potes
1631 2528 1810 2584 videre
1863 2529 2067 2596 faciem

352 2626 536 2665 meum
584 2610 788 2680 (Exod.
849 2630 1047 2681 χχχιιι,
1094 2616 1299 2683 11,13,
1329 2617 1441 2688 20).
1493 2618 1862 2689 Loquebatur
1910 2635 2065 2690 ergo,

356 2700 561 2754 fratres
595 2701 730 2769 mei,
762 2717 892 2758 cum
930 2703 1125 2776 Moyse
1155 2707 1415 2776 angelus,
1457 2712 1695 2778 portans
1721 2714 1922 2780 typum
1959 2714 2067 2764 Do-

356 2790 541 2844 mini:
574 2793 629 2843 et
660 2790 758 2844 illa
794 2795 985 2846 omnia
1021 2810 1150 2864 quae
1182 2796 1258 2850 ibi
1293 2813 1391 2867 per
1422 2799 1692 2868 angelum
1729 2802 1874 2854 facta
1905 2804 2066 2868 sunt,

357 2872 609 2933 futuram
661 2879 831 2936 istam
884 2885 1126 2952 gratiam
1179 2891 1234 2940 et
1282 2887 1576 2944 veritatem
1632 2890 2068 2959 promittebant.

356 2969 463 3031 Qui
496 2969 642 3025 bene
673 2977 1011 3029 scrutantur
1063 2976 1292 3048 Legem,
1336 2983 1624 3035 noverunt
1655 2996 1668 3034 :
1704 2984 1761 3035 et
1792 2997 1924 3035 cum
1966 2996 2068 3052 op-

358 3067 672 3132 portunum
707 3074 811 3135 est,
846 3073 910 3122 ut
940 3073 994 3123 et
1026 3086 1130 3125 nos
1163 3071 1379 3141 aliquid
1413 3073 1546 3129 inde
1579 3073 1863 3142 dicamus,
1895 3092 2073 3145 quan-

359 3158 484 3208 tum
520 3154 802 3210 Dominus
836 3159 1066 3229 revelat,
1100 3177 1214 3216 non
1240 3166 1500 3218 tacemus
1531 3161 1804 3218 Charitati
1846 3169 2069 3220 vestrae.

433 3245 519 3301 18.
564 3244 711 3300 Illud
745 3251 936 3303 autem
971 3249 1189 3316 sciatis,
1221 3253 1360 3322 quia
1392 3253 1591 3308 omnia
1622 3271 1744 3322 qua:
1768 3256 2072 3326 corporali-

358 3339 447 3389 ter
474 3335 592 3389 visa
626 3339 785 3400 sunt,
819 3353 931 3392 non
957 3343 1122 3394 erant
1153 3339 1249 3394 illa
1280 3342 1608 3396 substantia
1635 3344 1752 3398 Dei.
1786 3344 1886 3399 Illa
1916 3345 2070 3400 enim

360 3424 513 3480 oculi
553 3425 746 3480 carnis
774 3427 1029 3484 videmus
1063 3447 1076 3485 :
1112 3429 1210 3485 Dei
1244 3432 1574 3488 substantia
1621 3434 1774 3490 unde
1804 3435 2074 3490 videtur?

363 3515 742 3586 Evangelium
779 3516 1096 3591 interroga:
1133 3521 1295 3575 Beati
1323 3524 1533 3577 mundo
1565 3524 1766 3586 corde;
1798 3524 1930 3595 quia
1962 3524 2076 3596 ipsi

366 3605 542 3660 Deum
577 3605 846 3663 videbunt
874 3609 1157 3677 (Matt/LV,
1187 3611 1263 3682 8).
1299 3610 1555 3668 Fuerunt
1582 3613 1843 3668 homines
1876 3613 1953 3686 (α)
1978 3616 2075 3686 qui

365 3696 620 3751 dicerent
649 3697 899 3753 vanitate
933 3700 1020 3754 sui
1053 3701 1244 3756 cordis
1278 3703 1521 3772 decepti,
1557 3703 1721 3759 Pater
1764 3704 2076 3760 invisibilis

365 3789 473 3852 est,
508 3784 686 3842 Filius
719 3792 914 3842 autem
942 3789 1191 3845 visibilis
1220 3797 1326 3846 est.
1357 3793 1513 3848 Unde
1544 3794 1788 3850 visibilis
1811 3794 1838 3848 ‘?
1866 3795 1923 3849 Si
1951 3811 2078 3866 pro-

368 3880 494 3946 pter
516 3879 928 3947 carnem,quia
966 3881 1224 3952 suscepit
1265 3898 1530 3952 carnem;
1574 3884 1942 3940 manifestum
1968 3890 2072 3946 est.

369 3965 455 4020 Illi
486 3967 641 4021 enim
675 3967 772 4038 qui
804 3984 1036 4025 carnem
1064 3970 1273 4026 Christi
1298 3972 1780 4045 viderunt,aliqui
1815 3974 2080 4030 credide-

370 4061 526 4121 runt,
562 4056 740 4128 aliqui
797 4060 1209 4116 cruciﬁxerunt
1239 4080 1250 4118 :
1286 4069 1340 4117 et
1393 4064 1489 4132 qui
1546 4065 1938 4133 crediderunt,
1975 4065 2075 4120 illo

371 4145 645 4202 cruciﬁxo
679 4151 1161 4218 mutaverunt;et
1185 4151 1294 4207 nisi
1326 4152 1514 4222 ipsam
1548 4158 1677 4224 post
1710 4154 2081 4210 resurrectio-

372 4253 502 4291 nem
537 4240 864 4309 palparent,
891 4239 1030 4296 fides
1063 4243 1132 4296 ad
1165 4258 1263 4297 eos
1297 4259 1408 4298 non
1443 4252 1820 4299 revocaretur.
1856 4244 1914 4300 Si
1945 4261 2080 4317 ergo

373 4337 606 4400 propter
635 4347 864 4386 carnem
891 4331 1135 4388 visibilis
1169 4333 1374 4402 Filius;
1409 4339 1588 4391 etnos
1611 4335 2082 4404 concedimus,et

372 4423 459 4473 est
489 4419 772 4475 catholica
804 4421 944 4476 ﬁdes
981 4438 995 4479 :
1029 4423 1075 4478 si
1128 4428 1322 4479 autem
1358 4429 1488 4481 ante
1527 4442 1756 4481 carnem
1793 4426 1939 4482 sicut
1969 4427 2083 4498 ipsi

373 4509 596 4577 dicunt,
629 4511 685 4565 id
720 4515 826 4579 est,
859 4516 1167 4583 antequam
1201 4515 1625 4584 incarnaretur;
1655 4515 1903 4572 multum
1936 4516 2082 4574 deli-

376 4605 523 4668 rant,
557 4607 614 4656 et
637 4603 882 4658 multum
907 4609 1125 4661 errant.
1153 4606 1325 4662 Facta
1355 4607 1507 4662 enim
1533 4613 1672 4662 sunt
1704 4607 1798 4662 illa
1829 4607 2084 4664 visibilia
2135 4667 2148 4679 η

374 4691 748 4760 corporaliter
779 4707 877 4762 per
909 4701 1249 4761 creaturam,
1281 4695 1340 4749 in
1365 4695 1577 4765 quibus
1607 4703 1774 4766 typus
1807 4697 2082 4752 ostende-

376 4783 564 4834 retur:
600 4794 716 4834 non
750 4780 951 4851 utique
981 4782 1303 4837 substantia
1336 4785 1456 4853 ipsa
1489 4784 1996 4839 demonstrabatur
2026 4789 2082 4839 et

378 4869 879 4927 manifestabatur.
906 4871 975 4926 Et
1007 4870 1114 4926 hoc
1163 4873 1416 4926 attenuat
1443 4872 1703 4927 Charitas
1737 4877 1926 4928 vestra
1958 4874 2083 4930 lene

377 4961 792 5016 documentum
818 4963 857 5017 ¹.
879 4962 1178 5032 Sapientia
1200 4961 1298 5016 Dei
1323 4962 1498 5016 videri
1527 4963 1709 5018 oculis
1737 4980 1846 5018 non
1877 4968 2084 5035 potest.

378 5051 625 5120 Fratres,
659 5053 708 5108 si
766 5053 1033 5109 Christus
1093 5052 1387 5124 Sapientia
1448 5053 1565 5122 Dei,
1625 5060 1679 5110 et
1734 5055 1929 5112 Virtus
1979 5057 2078 5112 Dei

376 5142 422 5211 (Ι
455 5145 579 5199 Cor.
615 5161 653 5211 ι,
685 5144 816 5215 24);
851 5144 898 5199 si
931 5144 1197 5201 Christus
1246 5143 1496 5200 Verbum
1530 5145 1626 5199 Dei
1663 5166 1676 5213 ;
1710 5147 1946 5202 verbum
1985 5148 2085 5203 ho—

380 5230 548 5286 minis
579 5233 761 5289 oculis
793 5251 905 5292 non
937 5235 1186 5301 videtur,
1227 5235 1481 5290 Verbum
1515 5233 1612 5289 Dei
1661 5236 1840 5292 videri
1874 5238 1956 5293 sic
1988 5254 2085 5309 po-

378 5325 495 5378 test
525 5322 554 5378 ?

445 5484 912 5598 mtsgvplerique,
950 5488 1055 5539 leve
1084 5490 1448 5540 documentum
1471 5506 1486 5540 :
1519 5490 1653 5540 forte
1681 5504 1797 5554 pro,
1830 5490 1978 5539 breve
2008 5491 2093 5539 do-

381 5563 694 5600 cumentum.

442 5615 516 5677 (a)
545 5612 746 5664 Ariani.

1277 237 1356 297 IN
1399 237 1730 299 JOANNIS
1771 228 2308 298 EVANGELIUM.
2359 229 2426 288 S.
2473 224 2891 290 AUGUSTINI

3705 225 3862 286 1404

2227 367 2311 422 19.
2348 362 2623 436 Expellite
2653 379 2790 433 ergo
2822 362 2894 417 de
2925 362 3196 418 cordibus
3228 360 3432 416 vestris
3465 360 3730 417 carnales
3770 378 3869 418 co-

2154 456 2486 529 gitationes,
2522 457 2583 507 ut
2612 469 2737 507 vere
2770 452 2900 506 sitis
2924 451 3032 507 sub
3065 450 3270 522 gratia,
3299 450 3446 504 utad
3477 450 3695 505 Novum
3729 451 3871 506 Tes-

2155 549 2484 599 tamentum
2522 541 2876 612 pertineatis.
2914 541 3046 595 Ideo
3097 541 3213 594 vita
3244 544 3458 594 aeterna
3509 540 3876 611 promittitur

2159 635 2216 689 in
2262 634 2417 692 Novo
2449 633 2842 687 Testamento.
2880 630 3070 702 Legite
3101 629 3278 685 Vetus
3328 631 3796 696 Testamentum,
3822 633 3880 684 et

2159 724 2350 779 videte
2376 724 2512 794 quia
2537 721 2753 777 carnali
2779 721 2966 776 adhuc
2997 720 3212 792 populo
3239 735 3305 774 ea
3327 721 3566 791 quidem
3592 720 3862 792 praecipis

2162 814 2374 868 bantur
2407 828 2536 883 quae
2570 810 2756 866 nobis.
2782 809 2928 864 Nam
2962 825 3145 864 unum
3182 810 3360 864 Deum
3386 809 3596 877 colere,
3623 815 3678 864 et
3710 808 3880 864 nobis

2161 901 2518 973 praecipitur.
2553 901 2667 956 Non
2699 898 2937 971 decipies
2966 901 3022 953 in
3057 915 3259 954 vanum
3289 914 3485 954 nomen
3530 897 3752 953 Domini
3783 898 3884 954 Dei

2160 994 2265 1060 tui,
2297 997 2354 1046 et
2388 990 2555 1046 nobis
2597 989 2970 1062 praecipitur:
3006 990 3160 1060 quod
3190 992 3280 1043 est
3311 987 3638 1044 secundum
3673 1003 3880 1060 prace-

2163 1081 2591 1154 ptum.0bserva
2621 1079 2762 1134 diem
2794 1078 3033 1146 sabbati,
3070 1077 3258 1150 magis
3293 1078 3462 1134 nobis
3497 1077 3875 1149 praecipitur:

2165 1171 2302 1242 quia
2320 1170 2702 1241 spiritualiter
2723 1169 3149 1224 observandum
3174 1167 3880 1239 praecipiturJudaaienim

2165 1261 2450 1319 serviliter
2508 1261 2819 1316 observant
2850 1260 3001 1316 diem
3046 1260 3293 1329 sabbati,
3327 1260 3398 1314 ad
3455 1260 3773 1330 luxuriam,
3808 1260 3879 1315 ad

2166 1353 2528 1410 ebrietatem.
2562 1354 2784 1418 Quanto
2817 1353 3032 1406 meltus
3079 1351 3308 1407 femina:
3339 1368 3538 1407 eorum
3572 1351 3766 1408 lanam
3797 1352 3882 1408 fa-

2165 1448 2377 1510 cerent,
2405 1461 2579 1514 quam
2613 1443 2712 1497 illo
2744 1442 2838 1498 die
2871 1442 2928 1498 in
2962 1442 3267 1498 maenianis
3292 1441 3611 1497 ‘saltarent
3637 1443 3665 1496 ?
3689 1442 3878 1509 Absit,

2166 1534 2391 1603 fratres,
2427 1541 2482 1588 ut
2525 1532 2654 1588 illos
2687 1533 2937 1588 dicimus
2969 1533 3276 1589 observare
3323 1533 3658 1588 sabbatum.
3696 1531 3883 1602 Spiri-

2166 1624 2399 1680 tualiter
2430 1623 2700 1679 observat
2729 1622 3047 1678 sabbatum
3073 1622 3452 1693 christianus,
3486 1621 3790 1678 abstinens
3811 1638 3875 1678 se

2167 1712 2237 1768 ab
2269 1728 2441 1784 opere
2470 1711 2684 1768 servili.
2718 1711 2866 1778 Quid
2899 1715 2987 1767 est
3034 1711 3190 1766 enim
3225 1713 3294 1767 ab
3327 1727 3498 1785 opere
3553 1709 3752 1766 servili
3781 1709 3809 1764 τ
3840 1713 3885 1766 Α

2168 1807 2422 1875 peccato.
2453 1803 2521 1857 Et
2564 1803 2720 1858 unde
2767 1802 3083 1874 probamus
3109 1803 3140 1856 ?
3183 1802 3500 1858 Dominum
3533 1801 3829 1872 interroga
3865 1817 3880 1858 :

2167 1896 2366 1950 Omnis
2393 1893 2490 1965 qui
2519 1893 2658 1960 facit
2687 1901 2991 1963 peccatum,
3013 1908 3200 1948 servus
3218 1897 3298 1946 est
3319 1893 3528 1964 peccati
3556 1893 3731 1962 (Joan.
3763 1908 3883 1959 vur,

2168 1984 2280 2053 3i).
2314 1983 2460 2053 Ergo
2494 1985 2550 2037 et
2582 1981 2749 2036 nobis
2783 1981 3115 2053 praecipitur
3146 1981 3526 2052 spiritualiter
3553 1981 3916 2037 observatio-

2172 2072 2422 2129 sabbati.
2455 2072 2586 2128 Jam
2620 2071 2720 2128 illa
2751 2073 2951 2128 omnia
2973 2077 3259 2145 praecepta
3281 2072 3446 2128 nobis
3470 2071 3655 2141 magis
3677 2073 3878 2142 praeci-

2172 2163 2436 2237 piuntur,
2469 2167 2525 2218 et
2564 2163 2922 2218 observanda
2953 2167 3092 2218 sunt
3123 2180 3139 2220 :
3171 2164 3287 2219 Non
3328 2162 3551 2232 occides,
3587 2163 3703 2218 Non
3749 2177 3884 2216 mae-

2173 2253 2437 2321 chaberis,
2470 2253 2583 2307 Non
2616 2253 2910 2322 furaberis,
2939 2253 3055 2308 Non
3083 2253 3290 2322 falsum
3312 2252 3692 2307 testimonium
3721 2250 3886 2317 dices,

2175 2347 2398 2402 Honora
2424 2355 2641 2416 patrem
2679 2353 2730 2401 et
2757 2350 3015 2410 matrem,
3037 2347 3153 2401 Non
3183 2346 3521 2416 concupisces
3551 2359 3667 2399 rem
3697 2344 3892 2412 proxi-

2171 2435 2256 2490 mi
2285 2436 2390 2504 tui,
2426 2437 2545 2490 Non
2573 2437 2919 2506 concupisces
2938 2450 3168 2490 uxorem
3190 2434 3432 2504 proximi
3459 2434 3547 2489 tui
3569 2434 3760 2503 (Exod.
3795 2449 3890 2498 xx,

2175 2525 2354 2595 3-17).
2390 2529 2592 2580 Nonne
2624 2525 2735 2580 ista
2765 2523 2963 2579 omnia
2991 2529 3048 2579 et
3079 2525 3247 2580 nobis
3279 2523 3743 2595 praecipiuntur?
3775 2522 3889 2577 Sed

2177 2629 2368 2685 quaere
2401 2613 2753 2679 mercedem,
2776 2616 2833 2668 et
2863 2613 3124 2669 invenies
3147 2612 3224 2667 ibi
3256 2613 3402 2668 dici:
3426 2611 3495 2668 Ut
3527 2610 3892 2681 expelluntur

2179 2704 2377 2759 hostes
2404 2721 2436 2758 a
2469 2703 2611 2759 facie
2635 2707 2756 2773 tua,
2780 2706 2836 2758 et
2858 2703 3156 2774 accipiatis
3181 2708 3392 2758 terram
3421 2717 3594 2772 quam
3620 2700 3892 2774 promisit

2178 2793 2332 2849 Deus
2377 2792 2644 2864 patribus
2694 2792 2897 2847 vestris
2928 2793 3124 2860 (Leuit.
3183 2809 3336 2860 xxvr,
3372 2792 3540 2863 1-13).
3585 2792 3724 2858 Quia
3777 2807 3893 2846 non

2180 2885 2448 2952 poterant
2478 2896 2683 2952 capere
2716 2879 3060 2944 invisibilia,
3098 2897 3200 2951 per
3230 2879 3486 2936 visibilia
3516 2880 3887 2936 tenebantur.

2178 2966 2366 3032 Quare
2388 2967 2783 3024 tenebantur?
2809 2965 2891 3023 Ne
2925 2968 3154 3038 penitus
3183 2968 3507 3036 interirent,
3539 2970 3598 3021 et
3628 2967 3696 3022 ad
3732 2964 3896 3020 idola

2177 3059 2532 3114 laberentur.
2555 3057 2700 3112 Nam
2717 3059 2999 3114 decerunt
3029 3058 3158 3127 hoc,
3183 3058 3389 3113 fratres
3421 3055 3726 3123 mei,sicut
3753 3055 3896 3127 legi-

2181 3154 2295 3216 tur,
2323 3148 2486 3204 obliti
2511 3153 2670 3204 tanta
2695 3147 2978 3204 miracula
2999 3166 3126 3220 quae
3161 3149 3293 3204 fecit
3316 3149 3468 3204 Deus
3493 3164 3683 3203 coram
3706 3146 3896 3202 oculis

2180 3252 2402 3293 eorum.
2439 3236 2594 3292 Mare
2626 3237 2934 3293 discissum
2972 3241 3060 3293 est
3090 3252 3105 3304 ;
3137 3236 3228 3291 via
3263 3236 3413 3292 facta
3467 3236 3643 3293 estin
3685 3233 3896 3297 mediis

2182 3326 2487 3395 fluctibus;
2514 3333 2826 3398 sequentes
2849 3327 3041 3383 hostes
3058 3343 3258 3382 eorum
3283 3326 3502 3382 eisdem
3519 3325 3686 3397 aquis
3707 3324 3894 3396 operti

2183 3423 2338 3482 sunt,
2372 3432 2473 3487 per
2503 3433 2647 3487 quas
2681 3416 2764 3470 illi
2797 3415 3152 3472 transierunt
3186 3415 3383 3487 (Exod.
3417 3431 3528 3483 xw,
3563 3415 3755 3484 21-31)
3791 3430 3805 3469 :
3839 3417 3900 3469 et

2185 3522 2318 3562 cum
2357 3506 2583 3577 Moyses
2615 3506 2786 3562 homo
2823 3505 2922 3562 Dei
2973 3505 3310 3562 recessisset
3337 3507 3408 3560 ab
3439 3504 3625 3562 oculis
3667 3519 3896 3570 eorum,

2184 3599 2405 3654 idolum
2439 3599 2752 3670 petierunt,
2778 3603 2834 3652 et
2865 3599 3176 3654 dixerunt:
3211 3602 3319 3655 Fac
3349 3597 3503 3653 nobis
3525 3597 3647 3653 deos
3677 3597 3772 3668 qui
3802 3611 3900 3651 nos

2182 3692 2444 3760 praecant,
2478 3689 2606 3759 quia
2641 3686 2743 3742 ille
2765 3687 2921 3744 homo
2951 3689 3174 3744 dimisit
3204 3704 3318 3744 nos.
3352 3688 3498 3742 Tota
3527 3702 3662 3758 spes
3692 3702 3896 3742 eorum

2188 3777 2245 3832 in
2281 3777 2516 3833 homine
2548 3777 2734 3849 posita
2764 3785 2905 3842 erat,
2938 3793 3052 3833 non
3085 3777 3141 3833 in
3175 3777 3311 3834 Deo.
3338 3776 3481 3832 Ecce
3511 3780 3779 3832 mortuus
3811 3777 3905 3830 est

2188 3865 2394 3921 homo:
2422 3867 2708 3937 numquid
2735 3871 3002 3922 mortuus
3029 3871 3118 3922 est
3148 3865 3301 3922 Deus
3328 3865 3423 3937 qui
3458 3868 3683 3921 eruerat
3712 3879 3811 3920 eos
3829 3864 3906 3920 de

2187 3959 2341 4011 terra
2370 3956 2597 4026 .Egypti
2621 3956 2648 4011 ?
2687 3956 2754 4010 Et
2776 3973 2909 4012 cum
2931 3955 3204 4012 fecissent
3236 3955 3348 4011 sibi
3369 3954 3679 4024 imaginem
3705 3953 3901 4025 vituli,

2186 4044 2595 4110 adoraverunt,
2629 4052 2679 4100 et
2704 4045 2992 4112 dixerunt,
3014 4046 3079 4099 lli
3108 4052 3236 4100 sunt
3265 4045 3346 4099 dii
3379 4045 3479 4114 tui,
3510 4043 3702 4108 Israel,
3726 4041 3822 4113 qui
3853 4045 3906 4096 te

2189 4131 2564 4188 liberaverunt
2595 4132 2658 4188 de
2709 4140 2862 4188 terra
2891 4135 3122 4206 .‘Egypti
3165 4132 3262 4198 (Id.
3313 4148 3487 4198 χχχιι,
3524 4133 3665 4199 1-4).
3717 4132 3899 4193 Quam

2189 4224 2300 4278 cito
2333 4223 2498 4278 obliti
2523 4231 2636 4278 tam
2673 4223 3087 4279 manifestam2
3138 4223 3383 4295 gratiam
3418 4222 3430 4276 l
3487 4220 3711 4288 Quibus
3766 4236 3905 4292 ergo

2191 4313 2379 4369 modis
2412 4318 2710 4370 teneretur
2740 4313 2988 4385 populus
3017 4313 3174 4383 talis,
3210 4313 3319 4368 nisi
3352 4310 3663 4384 promissis
3696 4325 3908 4367 carna-

2191 4403 2395 4459 libus?

2259 4494 2441 4548 20.Ea
2473 4493 2851 4564 ibijubentur
2873 4493 2932 4548 in
2966 4493 3243 4566 decalogo
3267 4492 3430 4564 Legis
3454 4508 3580 4562 quae
3612 4497 3666 4544 et
3698 4489 3905 4558 nobis;

2191 4584 2292 4640 sed
2325 4601 2439 4639 non
2471 4600 2537 4639 ea
2571 4584 3000 4656 promittuntur
3030 4601 3157 4655 qua:
3190 4580 3579 4639 nobis.Nobis
3598 4579 3736 4652 quid
3770 4595 3907 4651 pro-

2192 4672 2496 4728 mittitur?
2525 4672 2652 4728 Vita
2685 4678 2918 4729 aeterna.
2961 4675 3080 4729 Hac
3111 4681 3191 4729 est
3223 4681 3400 4729 autem
3435 4674 3546 4727 vita
3577 4674 3814 4736 aeterna,
3846 4671 3910 4722 ut

2191 4768 2516 4835 cognoscant
2540 4771 2590 4818 te
2613 4781 2784 4819 unum
2816 4781 3004 4820 verum
3032 4766 3225 4828 Deum,
3250 4770 3299 4818 et
3319 4779 3481 4834 quem
3503 4761 3709 4817 misisti
3726 4761 3911 4816 les-um

2195 4853 2474 4910 Christum
2526 4857 2703 4924 (Joan.
2738 4872 2876 4924 xvu,
2909 4856 2982 4925 3).
3037 4854 3302 4925 Cognitio
3360 4853 3462 4908 Dei
3505 4851 3860 4922 promittitur
3895 4865 3909 4905 :

2191 4941 2322 5015 ipsa
2355 4948 2444 4999 est
2483 4945 2670 5013 gratia
2701 4959 2801 5014 pro
2852 4943 3056 5014 gratia.
3095 4944 3344 5005 Fratres,
3396 4940 3565 4998 modo
3597 4941 3915 5008 credimus,

2196 5049 2310 5089 non
2343 5035 2652 5089 videmus:
2707 5051 2809 5106 pro
2860 5033 2972 5088 ista
3022 5033 3134 5088 fide
3188 5033 3491 5104 praemium
3541 5029 3673 5101 erit,
3718 5028 3918 5084 videre

2195 5125 2347 5195 quod
2380 5123 2999 5180 credimus.Noverant
3021 5122 3130 5178 hoc
3149 5121 3585 5195 Prophetee,sed
3617 5119 3917 5176 occultum

2197 5219 2318 5269 erat
2338 5217 2646 5283 antequam
2669 5214 2912 5269 veniret.
2929 5212 3076 5270 Nam
3101 5212 3338 5284 quidam
3366 5211 3670 5283 suspirans
3690 5212 3921 5264 amator

2198 5303 2257 5358 in
2289 5303 2539 5359 Psalmis
2571 5305 2688 5359 ait:
2721 5303 2895 5359 Unam
2922 5301 3062 5375 petii
3094 5321 3126 5358 a
3153 5302 3404 5372 Domino,
3435 5303 3577 5357 hanc
3610 5297 3917 5371 requiram.

2264 5431 2282 5468 ι
2315 5428 2470 5493 Editi,
2489 5427 2772 5480 neomeniis
2793 5443 2815 5480 :
2831 5433 3079 5493 corrupte
3104 5443 3218 5493 pro,
3241 5428 3544 5488 mamianir,
3567 5427 3712 5493 quod
3741 5427 3923 5493 nostri

2202 5505 2390 5541 omnes
2421 5491 2542 5541 Mss.
2568 5493 2880 5555 prmferunt.
2907 5490 3174 5543 Mainiana
3202 5497 3411 5542 veteres
3437 5490 3630 5542 vocant
3649 5490 3922 5553 podiolos.

2202 5569 2298 5605 seu
2327 5554 2608 5606 domorum
2635 5554 2833 5607 solaris
2848 5592 2863 5607 .

2265 5615 2287 5651 ²
2311 5617 2467 5680 Editi,
2506 5618 2861 5680 magniﬁcam.
2893 5620 3017 5670 Mss.
3051 5632 3257 5681 omnes,
3284 5618 3643 5680 manifestam.
