4170 6188
302 245 465 310 1405

296 394 362 447 Et
384 389 600 461 quaris
621 388 763 460 quid
791 391 989 460 petat?
1012 392 1178 448 Forte
1200 392 1357 448 enim
1392 398 1606 452 terram
1649 399 1791 469 petit
1829 400 2015 455 ﬂuen-

298 488 413 534 tem
451 479 599 533 lacte
631 482 690 533 et
734 479 908 535 melle
948 480 1281 551 carnaliter,
1320 485 1589 554 quamvis
1638 486 2016 557 spiritualiter

298 570 408 625 iste
430 568 752 641 quaerenda
776 570 850 625 sit
870 574 926 626 et
946 572 1196 643 petenda
1220 589 1232 627 :
1258 579 1355 629 aut
1398 575 1540 631 forte
1591 577 2015 647 subjectionem

296 659 563 716 hostium
587 677 857 727 suorum,
880 668 976 716 aut
1012 665 1258 718 mortem
1301 663 1697 735 inimicorum,
1717 672 1816 723 aut
1837 668 2017 739 impe-

297 750 386 805 ria
417 753 476 803 et
507 748 811 805 facultates
842 750 1021 822 hujus
1051 751 1268 808 saeculi.
1303 754 1483 809 Ardet
1526 756 1680 811 enim
1709 773 1927 825 amore,
1961 763 2018 813 et

300 839 558 897 multum
602 841 883 913 suspirat,
934 847 991 897 et
1038 848 1265 913 aestuat,
1311 852 1365 901 et
1400 845 1655 903 anhelat.
1710 848 2018 905 Videamus

298 928 444 996 quid
479 934 657 1001 petat,
687 931 859 987 Unam
886 931 1024 1002 petii
1045 949 1079 987 a
1110 933 1357 1000 Domino,
1383 932 1524 990 hanc
1544 936 1850 1008 requiram.
1869 936 2015 1002 Quid

296 1023 391 1070 est
413 1018 526 1073 hoc
547 1018 703 1090 quod
735 1019 1024 1091 requirit?
1067 1022 1127 1077 Ut
1169 1021 1495 1089 inhabitem,
1529 1024 1737 1094 inquit,
1767 1028 1823 1080 in
1854 1026 2015 1081 domo

299 1105 548 1175 Domini,
570 1124 669 1178 per
696 1125 881 1164 omnes
909 1109 1024 1165 dies
1052 1111 1177 1166 vita
1199 1127 1356 1169 mare.
1379 1115 1444 1168 Et
1470 1118 1604 1183 puta
1627 1114 1764 1185 quia
1787 1114 2014 1170 habitas

295 1191 358 1245 in
391 1193 571 1250 domo
602 1195 854 1263 Domini,
892 1198 1045 1252 unde
1091 1198 1170 1252 ibi
1225 1200 1329 1253 erit
1378 1200 1660 1271 gaudium
1709 1201 1917 1256 tuum?
1952 1202 2015 1257 Ut

293 1284 661 1353 eontempter,
733 1284 946 1355 inquit,
1035 1285 1448 1344 delectationem
1532 1290 1756 1345 Domini
1837 1290 2011 1356 (Psat.

294 1387 450 1436 xxv1,
486 1372 564 1442 4).

366 1462 459 1515 21.
489 1463 714 1519 Fratres
778 1465 911 1529 mei,
974 1467 1127 1539 unde
1177 1468 1466 1539 clamatis,
1498 1472 1652 1525 unde
1687 1472 2013 1538 exsultatis,

297 1552 453 1606 unde
486 1552 714 1619 amatis,
748 1554 862 1609 nisi
896 1555 1129 1625 quiaibi
1164 1562 1254 1612 est
1283 1557 1540 1613 scintilla
1556 1560 1732 1629 hujus
1755 1561 2017 1617 charita—

293 1642 369 1697 tis
392 1642 419 1695 ?
443 1641 589 1707 Quid
616 1642 980 1711 desideratis,
1014 1662 1149 1714 rogo
1174 1663 1275 1702 vos
1296 1646 1323 1701 ?
1344 1647 1537 1704 Videri
1559 1654 1749 1720 potest
1783 1651 1969 1708 oculis
1988 1653 2017 1707 ‘t

296 1732 456 1800 tangi
491 1730 722 1803 potest?
753 1732 1129 1805 pulchritudo
1162 1736 1362 1807 aliqua
1384 1741 1469 1793 est
1510 1754 1637 1808 quae
1677 1739 1879 1796 oculos
1925 1743 2019 1795 de-

300 1820 532 1877 lectat?
564 1822 767 1878 Nonne
799 1832 1081 1894 martyres
1104 1828 1281 1882 amati
1329 1833 1470 1883 sunt
1513 1828 1918 1898 vehementer;
1961 1840 2015 1887 et

298 1912 539 1981 quando
582 1928 679 1968 eos
721 1929 1270 1986 commemoramus,
1314 1918 1737 1975 inardescimus
1775 1922 2016 1977 amore?

300 2000 454 2066 Quid
491 2001 550 2056 in
586 2000 703 2057 illis
734 2019 1027 2075 amamus,
1060 2005 1265 2062 fratres
1286 2007 1314 2060 ?
1342 2008 1600 2063 Membra
1621 2007 1836 2065 laniata
1877 2028 1911 2066 a
1934 2011 2017 2066 fe-

298 2091 381 2145 ris
404 2090 433 2145 ?
467 2092 615 2157 Quid
653 2092 881 2163 fcedius,
916 2094 965 2149 si
998 2095 1198 2152 oculos
1239 2098 1432 2154 carnis
1478 2099 1844 2171 interroges?
1873 2101 2015 2172 quid

298 2180 632 2252 pulchrius,
661 2181 708 2236 si
734 2183 931 2239 oculos
964 2185 1156 2241 cordis
1187 2185 1509 2259 interroges
1531 2188 1558 2243 ?
1584 2189 1729 2252 Quid
1780 2190 1884 2245 tibi
1930 2191 2014 2246 vi-

296 2271 476 2326 detur
498 2271 836 2328 adolescens
859 2273 1294 2345 pulcherrimus
1320 2277 1449 2332 fur?
1469 2279 1757 2344 Quomodo
1779 2279 2017 2337 horrent

296 2359 461 2415 oculi
484 2360 566 2415 tui
591 2361 619 2415 ?
647 2363 943 2433 Numquid
966 2365 1117 2420 oculi
1147 2366 1340 2422 carnis
1357 2367 1643 2424 horrent?
1663 2368 1723 2425 Si
1748 2369 1908 2439 ipsos
1926 2369 2016 2426 in-

294 2454 591 2521 terroges,
617 2451 762 2506 nihil
786 2451 887 2507 illo
909 2469 1149 2524 corpore
1182 2456 1585 2528 compositias,
1614 2456 1762 2513 nihil
1786 2459 2014 2514 ordina-

294 2537 415 2592 tius
450 2540 504 2605 ¹;
539 2543 597 2593 et
624 2539 882 2607 parilitas
914 2542 1335 2613 membrorum,
1368 2550 1425 2601 et
1465 2545 1677 2604 coloris
1711 2547 2017 2603 delectatio

291 2627 472 2683 illicit
497 2627 698 2683 oculos
736 2633 829 2696 ;et
857 2634 1051 2688 tamen
1079 2649 1207 2689 cum
1238 2635 1407 2690 audis
1430 2636 1567 2706 quia
1601 2639 1695 2692 iur
1732 2641 1841 2704 est,
1869 2636 2017 2708 fugis

296 2715 603 2771 hominem
629 2718 845 2774 animo.
875 2720 1048 2776 Vides
1070 2737 1139 2778 ex
1161 2722 1272 2779 alia
1308 2730 1470 2795 parte
1510 2742 1709 2782 senem
1748 2742 2015 2793 curvum,

296 2805 515 2861 baculo
536 2804 911 2876 innitentem,
933 2809 1025 2866 vix
1057 2828 1119 2868 se
1151 2822 1501 2882 moventem,
1549 2816 1706 2885 rugis
1766 2815 2019 2886 undique

302 2903 608 2952 exaratum
645 2897 826 2969 :quid
878 2900 1036 2957 vides
1076 2904 1229 2972 quod
1267 2902 1463 2960 oculos
1505 2904 1805 2961 delectet?
1837 2905 2019 2961 Audis

306 2985 670 3056 quiajustus
686 2995 770 3041 est
798 3004 811 3055 ;
835 3005 1018 3060 amas,
1043 2991 1433 3063 amplecteris.
1474 2994 1637 3050 Talia
1672 2995 1839 3051 nobis
1874 3012 2019 3065 pras-

310 3074 432 3130 mia
459 3075 759 3146 promissa
786 3082 946 3148 sunt,
972 3079 1178 3136 fratres
1219 3082 1370 3137 mei:
1398 3082 1513 3138 tale
1547 3083 1762 3154 aliquid
1805 3090 2017 3151 amate,

310 3163 407 3219 tali
430 3181 611 3236 regno
632 3167 943 3238 suspirate,
968 3169 1138 3226 talem
1166 3171 1411 3241 patriam
1432 3171 1796 3240 desiderate;
1822 3172 1873 3228 si
1894 3171 2021 3227 vul-

312 3253 384 3309 tis
408 3254 708 3325 pervenire
731 3257 799 3311 ad
822 3256 874 3311 id
896 3273 1024 3313 cum
1051 3275 1165 3330 quo
1206 3261 1361 3317 venit
1391 3260 1677 3318 Dominus
1709 3265 1931 3331 noster,
1962 3261 2021 3316 id

310 3349 418 3407 est,
452 3344 520 3397 ad
572 3345 819 3417 gratiam
868 3352 923 3402 et
970 3349 1295 3406 veritatem.
1346 3350 1403 3407 Si
1454 3356 1649 3407 autem
1700 3352 2023 3421 corporalia

308 3435 556 3505 praemia
585 3437 951 3508 concupieris
998 3456 1033 3494 a
1080 3439 1215 3509 Deo,
1250 3442 1440 3497 adhuc
1498 3443 1606 3499 sub
1658 3443 1805 3515 Lege
1848 3458 1932 3510 es,
1968 3447 2024 3498 et

305 3521 657 3595 ideoipsam
685 3526 882 3595 Legem
908 3542 1022 3583 non
1068 3528 1361 3597 implebis.
1397 3531 1835 3600 Quandolenim
1868 3532 2024 3587 vide-

307 3613 389 3668 ris
425 3613 730 3669 abundare
762 3614 873 3671 ista
902 3618 1249 3689 temporalia
1280 3620 1338 3675 in
1369 3620 1454 3676 eis
1484 3621 1585 3692 qui
1617 3620 1800 3677 Deum
1838 3622 2025 3678 often-

306 3703 477 3771 dunt,
508 3709 719 3760 nutant
745 3722 985 3778 gressus
1006 3709 1109 3780 tui,
1141 3714 1198 3766 et
1230 3710 1376 3766 dicis
1401 3712 1505 3767 tibi
1533 3726 1555 3767 :
1586 3712 1729 3768 Ecce
1759 3727 1864 3784 ego
1896 3712 2023 3769 colo

306 3794 517 3864 Deum,
544 3796 804 3868 quotidie
830 3799 899 3854 ad
922 3800 1225 3856 ecclesiam
1253 3817 1442 3867 curro,
1466 3817 1655 3872 genua
1693 3802 1836 3857 mihi
1889 3804 2023 3859 trita

304 3890 445 3941 sunt
472 3887 530 3939 in
556 3876 955 3959 orationibus;
989 3895 1045 3944 et
1067 3892 1300 3947 assidue
1323 3898 1537 3964 aegroto
1564 3911 1578 3949 :
1606 3892 1922 3949 homicidia
1944 3894 2022 3950 fa-

308 3976 471 4029 ciunt
500 3975 792 4045 homines,
830 3978 1066 4050 rapinas
1095 3982 1345 4051 faciunt;
1393 3983 1685 4039 exsultant
1732 3988 1789 4040 et
1835 3983 2023 4039 abun-

307 4067 464 4133 dant,
492 4068 639 4123 bene
664 4074 755 4124 est
777 4068 915 4128 illis.
939 4072 1100 4127 Talia
1121 4089 1258 4145 ergo
1281 4076 1577 4147 quarebas
1599 4093 1633 4132 a
1654 4081 1766 4131 Deo
1788 4074 1816 4132 ‘t
1857 4077 2023 4132 Certe

308 4156 376 4209 ad
412 4158 666 4227 gratiam
704 4159 1037 4229 pertinebas
1069 4163 1111 4216 ³.
1144 4163 1205 4218 Si
1233 4164 1480 4235 gratiam
1536 4165 1665 4221 ideo
1716 4165 1818 4220 tibi
1864 4165 2024 4220 dedit

307 4246 489 4312 Deus,
512 4248 649 4317 quia
671 4250 853 4317 gratis
880 4249 1057 4321 dedit,
1084 4253 1264 4325 gratis
1285 4272 1437 4311 ama.
1469 4254 1592 4313 Noli
1616 4256 1683 4310 ad
1709 4256 2019 4326 praemium

308 4337 553 4407 diligere
576 4338 795 4411 Deum;
822 4340 945 4411 ipse
968 4343 1043 4397 sit
1066 4346 1370 4415 praemium
1395 4350 1583 4402 tuum.
1606 4347 1789 4417 ,Dicat
1825 4346 2023 4401 anima

306 4431 431 4493 tua,
454 4429 631 4485 Unam
657 4433 795 4500 petii
809 4447 842 4486 α
878 4432 1125 4501 Domino,
1148 4434 1291 4490 hanc
1315 4437 1621 4507 requiram,
1642 4445 1700 4491 ut
1720 4435 2023 4491 inhabitem

306 4522 363 4573 in
378 4519 541 4573 domo
572 4521 796 4576 Domini
819 4538 921 4593 per
939 4539 1126 4579 omnes
1148 4526 1260 4581 dies
1284 4525 1407 4581 vitae
1430 4541 1580 4595 meas,
1612 4533 1673 4581 ut
1693 4527 2024 4598 contempter

305 4606 731 4664 delectationem
763 4612 1133 4669 Domini.Noli
1161 4614 1365 4671 timere
1390 4616 1714 4687 nefastidio
1735 4617 1972 4672 deﬁcias
2005 4632 2019 4671 :

307 4698 443 4753 talis
472 4700 581 4755 erit
604 4698 705 4756 illa
730 4701 1035 4759 delectatio
1058 4704 1538 4776 pulchritudinis,
1560 4712 1619 4763 ut
1638 4723 1869 4779 semper
1916 4706 2023 4763 tibi

304 4804 568 4859 praesens
592 4790 689 4859 sit,
714 4795 1089 4865 etnunquam
1131 4796 1396 4865 satiaris;
1440 4798 1554 4853 imo
1590 4813 1816 4869 semper
1846 4798 2021 4854 satie-

302 4879 412 4944 ris,
446 4883 502 4933 et
536 4896 835 4951 nunquam
869 4884 1123 4940 satieris.
1157 4886 1213 4940 Si
1267 4886 1422 4942 enim
1472 4887 1667 4943 dixero
1712 4886 1850 4959 quia
1904 4901 2021 4943 non

299 4968 640 5038 satiaberis,
666 4971 847 5026 fames
877 4974 1021 5041 erit;
1066 4974 1111 5029 si
1154 4976 1348 5032 dixero
1390 4976 1532 5048 quia
1572 4977 1900 5045 satiaberis,
1936 4976 2023 5032 fa-

299 5058 549 5113 stidium
587 5058 761 5114 timeo
798 5077 811 5115 :
846 5062 942 5117 ubi
977 5080 1078 5119 nec
1121 5065 1421 5121 fastidium
1471 5066 1599 5134 erit,
1651 5082 1756 5122 nec
1815 5068 2020 5132 fames,

299 5148 446 5219 quid
491 5148 677 5203 dicam
732 5153 1085 5220 nescio;sed
1139 5157 1285 5211 Deus
1332 5154 1506 5213 habet
1558 5157 1709 5226 quod
1756 5158 2023 5212 exhibeat

297 5254 422 5293 non
458 5239 892 5298 invenientibus
951 5248 1234 5315 quomodo
1279 5247 1495 5308 dicant.
1542 5251 1600 5302 et
1649 5247 2019 5303 credentibus

297 5333 459 5401 quod
495 5333 805 5403 accipiant.

366 5562 382 5623 1
419 5558 584 5623 Editi.
616 5561 873 5614 omatius.
906 5562 1009 5613 Sed
1046 5563 1233 5614 melius
1266 5564 1409 5623 Msa,
1440 5564 1759 5618 ordinatius.

366 5622 390 5655 ²
424 5621 523 5672 Ms.
561 5623 957 5684 Germanensis.
987 5640 1096 5678 non
1121 5621 1435 5693 pertinebas.

1579 253 2042 324 TRACTATUS
2089 256 2187 324 IV.
2233 260 2489 327 CAPUT
2528 261 2577 324 Ι.

3594 256 3830 322 -1406

2690 396 3114 454 TRACTATUS
3158 396 3247 451 IV.

2126 509 2199 563 Ab
2231 526 2288 564 eo
2309 509 2450 580 quod
2478 510 2740 579 scriptum
2767 512 2863 575 est,
2898 507 2960 560 Et
2984 506 3091 560 hoc
3111 508 3199 559 est
3221 501 3627 558 testimonium
3644 500 3824 556 Joan-

2200 601 2309 666 nis,
2331 600 2566 670 quando
2583 616 2636 653 m
2654 596 3073 653 iseruntJudaai
3093 594 3163 651 ab
3176 592 3550 663 Jerosolymis
3566 593 3830 646 sacerdo-

2198 693 2304 756 tes,
2337 697 2465 755 etc.,
2501 705 2669 759 usque
2700 688 2768 742 ad
2802 687 2874 753 id,
2911 687 3036 757 Ipse
3068 694 3150 741 est
3177 684 3279 755 qui
3310 681 3563 754 baptizat
3595 681 3656 734 in
3692 679 3831 751 Spi—

2199 779 2307 833 ritu
2342 784 2562 846 sancto,
2594 783 2695 834 etc.
2731 778 2857 849 Cap.
2892 793 2933 843 ι,
2967 778 3019 845 ᾗ.
3057 775 3241 830 19-33.

2201 906 2247 959 1.
2269 904 2600 975 Saepissime
2621 902 2839 958 audivit
2862 901 3152 958 Sanctitas
3174 904 3387 965 vestra,
3406 905 3454 955 et
3479 896 3696 968 optime
3717 911 3827 950 no-

2125 994 2251 1063 stis,
2271 994 2545 1066 quoniam
2568 995 2818 1049 Joannes
2841 992 3099 1063 Baptista
3124 995 3338 1061 quanto
3362 984 3685 1059 praeclarior
3702 988 3829 1040 erat

2124 1082 2184 1136 in
2208 1084 2361 1137 natis
2387 1083 2720 1149 mulierum,
2745 1086 2802 1136 et
2822 1084 3041 1152 quanto
3064 1078 3344 1133 humilior
3362 1077 3431 1130 ad
3466 1088 3827 1145 cognoscen-

2125 1172 2265 1227 dum
2298 1170 2631 1241 Dominum,
2682 1178 2837 1227 tanto
2884 1170 3093 1226 meruit
3138 1184 3265 1224 esse
3314 1166 3538 1222 amicus
3586 1163 3822 1235 sponsi;

2125 1278 2341 1332 sponso
2373 1262 2589 1331 zelans,
2620 1279 2734 1318 non
2768 1262 2912 1328 sibi;
2949 1278 3060 1315 non
3108 1274 3283 1314 suum
3335 1256 3615 1312 honorem
3666 1269 3828 1323 quas-

2127 1369 2280 1421 rens,
2305 1353 2401 1407 sed
2422 1352 2639 1423 judicis
2670 1350 2780 1418 sui,
2802 1366 2972 1421 quem
3011 1359 3291 1418 tanquam
3336 1361 3518 1417 praeco
3559 1342 3824 1415 praeibat.

2127 1441 2323 1511 Itaque
2343 1440 2645 1511 PrOphctis
2672 1438 3128 1511 praecedentibus
3162 1434 3549 1508 prenuntiare
3572 1434 3640 1487 de
3663 1428 3830 1485 Chri-

2125 1537 2213 1586 sto
2248 1532 2437 1586 futura
2468 1546 2803 1586 concessum
2837 1534 2959 1595 est;
2997 1527 3130 1582 huic
3163 1532 3355 1581 autem
3395 1523 3578 1594 digito
3629 1526 3825 1577 osten-

2125 1622 2277 1677 dere.
2312 1622 2471 1676 Sicut
2519 1621 2672 1675 enim
2724 1619 3105 1690 ignorabatur
3152 1616 3420 1671 Christus
3465 1611 3537 1668 ab
3586 1610 3679 1666 his
3722 1608 3827 1679 qui

2130 1710 2430 1782 Prophetis
2450 1726 2564 1765 non
2591 1707 2963 1765 crediderunt
2993 1711 3301 1778 antequam
3352 1703 3591 1767 veniret,
3627 1700 3711 1754 sic
3755 1699 3827 1753 ab

2126 1802 2209 1856 eis
2238 1800 2616 1872 ignorabatur
2647 1806 2701 1855 et
2732 1814 3007 1871 praesens.
3042 1796 3288 1852 Venerat
3327 1792 3482 1849 enim
3524 1790 3829 1846 humiliter

2126 1891 2309 1963 primo
2332 1896 2388 1947 et
2410 1890 2707 1959 occultus;
2738 1893 2899 1945 tanto
2931 1886 3233 1953 occultior,
3264 1886 3480 1956 quanto
3504 1878 3821 1979 humilior:

2128 1982 2324 2056 populi
2342 1986 2536 2037 autem
2558 1988 2895 2051 spernentes
2919 1994 3019 2049 per
3039 1975 3374 2049 superbiam
3398 1988 3563 2028 suam
3589 1967 3825 2024 humili-

2126 2079 2301 2129 tatem
2332 2073 2451 2141 Dei,
2485 2072 2901 2127 crucifixerunt
2938 2067 3292 2123 Salvatorem
3342 2077 3538 2130 suum,
3568 2064 3625 2115 et
3673 2058 3826 2114 fece-

2125 2169 2264 2220 runt
2293 2166 2693 2219 damnatorem
2728 2177 2924 2217 suum.

2194 2254 2249 2308 2.
2283 2254 2393 2308 Sed
2425 2253 2523 2324 qui
2568 2251 2757 2323 primo
2787 2250 2942 2305 venit
2974 2247 3251 2312 occultus,
3276 2244 3412 2316 quia
3449 2242 3602 2297 venit
3632 2241 3826 2295 humi-

2124 2344 2218 2411 lis,
2253 2342 2537 2414 numquid
2570 2340 2843 2411 deinceps
2875 2356 2991 2395 non
3017 2342 3101 2394 est
3142 2341 3417 2392 venturus
3462 2330 3829 2397 manifestus,

2126 2434 2261 2506 quia
2297 2430 2611 2489 excelsus?
2655 2429 2913 2485 Audistis
2957 2427 3124 2483 modo
3171 2421 3831 2519 Psal‘mumAtDe‘us-nza-

2124 2523 2365 2597 ni/estus
2397 2522 2599 2592 veniet,
2637 2523 2775 2576 Deus
2795 2528 2979 2576 noster
3006 2521 3056 2574 et
3093 2532 3202 2571 non
3231 2512 3435 2569 silebit.
3464 2508 3637 2567 Siluit
3657 2508 3833 2597 utiu-

2127 2596 2442 2681 dicaretur,
2486 2627 2603 2668 non
2651 2609 2843 2666 silebit
2891 2622 3024 2663 cum
3084 2602 3322 2676 cmperit
3373 2600 3653 2671 judicare.
3702 2596 3829 2652 Non

2128 2704 2438 2771 diceretur,
2469 2703 2798 2772 manifestus
2831 2699 3029 2765 veniet,
3062 2694 3177 2751 nisi
3208 2692 3395 2764 primo
3441 2688 3697 2745 venisset
3735 2702 3834 2741 oc-

2127 2795 2362 2863 cultus;
2412 2809 2519 2849 nec
2571 2793 2881 2859 diceretur,
2929 2803 3041 2843 non
3083 2785 3290 2849 silebit,
3325 2780 3438 2836 nisi
3479 2778 3616 2873 quia
3648 2777 3832 2873 primo

2127 2884 2311 2941 siluit.
2343 2883 2640 2948 Quomodo
2675 2879 2883 2936 siluit?
2916 2880 3212 2948 Interroga
3252 2871 3458 2928 Isaiam
3494 2885 3508 2924 :
3541 2866 3693 2922 Sicut
3721 2866 3839 2962 ovis

2126 2973 2197 3030 ad
2225 2973 2560 3031 occasionem
2591 2972 2784 3027 ductus
2822 2975 2923 3035 est,
2964 2978 3013 3022 et
3041 2966 3179 3022 sicut
3210 2978 3384 3037 agnus
3413 2974 3602 3016 coram
3653 2970 3711 3011 eo
3742 2971 3840 3026 qui

2127 3082 2186 3120 se
2217 3063 2462 3119 tonderet
2491 3063 2532 3129 ί,
2573 3062 2681 3132 fuit
2735 3062 2857 3117 sine
2904 3073 3045 3127 voce,
3088 3056 3167 3111 sic
3198 3070 3309 3109 non
3327 3050 3549 3123 aperuit
3577 3062 3637 3101 os

2130 3157 2282 3226 (Isai.
2317 3171 2433 3221 LIII,
2466 3154 2545 3225 7).
2584 3152 2769 3210 Veniet
2799 3153 2994 3205 autem
3029 3145 3375 3215 manifestus,
3408 3145 3461 3196 et
3480 3154 3605 3235 non
3625 3133 3832 3235 silebit.

2130 3244 2430 3310 Quomodo
2460 3245 2784 3313 manifestus
2806 3244 2833 3295 ?
2866 3240 3014 3310 ignis
3054 3240 3184 3291 ante
3217 3249 3342 3290 eum
3388 3227 3629 3302 prteibit,
3674 3227 3725 3279 et
3772 3227 3834 3276 in

2130 3336 2364 3391 circuitu
2391 3335 2507 3405 ejus
2558 3336 2842 3405 tempestas
2880 3327 3069 3386 valida
3120 3321 3297 3398 (Psat.
3346 3336 3493 3387 χιιι,
3522 3315 3601 3387 3).
3658 3313 3835 3370 Tem-

2132 3436 2325 3498 pestas
2356 3425 2456 3480 illa
2486 3424 2680 3482 tollere
2711 3423 2882 3478 habet
2915 3425 3090 3477 totam
3129 3417 3353 3489 paleam
3403 3411 3474 3466 de
3521 3424 3675 3471 area,
3708 3421 3832 3476 qua:

2133 3518 2305 3576 modo
2336 3518 2674 3582 trituretur;
2710 3518 2767 3571 et
2800 3512 2952 3585 ignis
2981 3507 3293 3566 incendere
3317 3501 3470 3575 quod
3517 3500 3837 3569 tempestas

2133 3608 2458 3665 abstulerit.
2484 3607 2653 3662 Modo
2684 3609 2877 3659 autem
2906 3606 3057 3656 tacet
3088 3612 3101 3653 :
3138 3598 3292 3684 tacet
3316 3588 3561 3684 judicio,
3594 3586 3695 3684 sed
3718 3600 3837 3684 non

2132 3702 2286 3755 tacet
2338 3700 2643 3769 praecepto.
2676 3694 2735 3749 Si
2794 3691 2949 3748 enim
3010 3690 3161 3744 tacet
3203 3682 3492 3747 Christus,
3536 3675 3674 3749 quid
3726 3672 3840 3730 sibi

2130 3788 2333 3844 volunt
2362 3787 2485 3842 haec
2518 3781 2869 3855 Evangelia?
2915 3779 3048 3851 quid
3096 3777 3206 3833 sibi
3236 3771 3437 3829 volunt
3483 3782 3651 3824 voces
3699 3780 3839 3836 apo-

2133 3878 2369 3947 stolicae,
2402 3878 2537 3949 quid
2572 3875 2797 3932 cantica
2829 3871 3209 3934 Psalmorum,
3243 3864 3385 3938 quid
3426 3859 3656 3933 eloquia
3702 3856 3836 3949 Pre-

2133 3948 2441 4040 pbetarum
2461 3966 2488 4022 ?
2518 3972 2581 4023 In
2614 3964 2709 4020 his
2728 3962 2882 4019 enim
2906 3959 3178 4018 omnibus
3197 3953 3471 4013 Christus
3493 3966 3607 4007 non
3657 3948 3831 4003 tacet.

2128 4060 2241 4116 Sed
2272 4064 2419 4116 tacet
2452 4058 2647 4125 modo,
2678 4062 2745 4112 ut
2776 4072 2888 4111 non
2918 4051 3167 4109 vindicet
3200 4063 3212 4104 :
3249 4063 3364 4104 non
3397 4048 3570 4110 tacet,
3606 4045 3667 4098 ut
3718 4054 3833 4096 non

2130 4154 2385 4205 moneat.
2436 4148 2644 4205 Veniet
2692 4149 2882 4203 autem
2944 4139 3248 4215 praeclarus
3298 4137 3358 4192 in
3407 4133 3746 4199 vindictam,
3780 4132 3839 4184 et

2131 4240 2429 4313 apparebit
2450 4240 2747 4306 omnibus,
2773 4240 2829 4291 et
2858 4233 2957 4305 qui
3000 4232 3055 4286 in
3089 4245 3222 4285 eum
3248 4242 3362 4282 non
3387 4223 3647 4313 credunt.
3672 4218 3835 4273 Modo

2130 4312 2264 4386 vero
2285 4330 2422 4401 quia
2444 4334 2500 4384 et
2519 4343 2765 4401 praesens
2784 4323 3049 4380 occultus
3069 4322 3212 4385 erat,
3245 4313 3549 4386 oportebat
3578 4312 3642 4363 ut
3674 4322 3833 4407 eon-

2130 4397 2668 4477 temneretur.‘Nisi
2701 4415 2858 4471 enim
2881 4410 3369 4471 contemneretur,
3395 4417 3508 4495 non
3530 4397 3832 4495 crucifige-

2132 4522 2287 4567 retur
2322 4527 2334 4564 :
2371 4511 2418 4564 si
2454 4525 2565 4563 non
2599 4505 3057 4576 crucifigeretur,
3099 4514 3215 4555 non
3276 4492 3539 4549 funderet
3594 4492 3833 4589 sangui-

2132 4617 2288 4670 nem,
2313 4616 2424 4671 quo
2449 4597 2631 4671 pretio
2656 4612 2762 4652 nos
2790 4590 3048 4649 redemit.
3080 4588 3154 4645 Ut
3174 4593 3363 4644 autem
3389 4584 3554 4640 daret
3586 4583 3834 4651 pretium

2133 4708 2235 4764 pro
2265 4689 2449 4759 nobis,
2483 4686 2794 4745 cruciﬁxus
2823 4686 2940 4750 est;
2974 4685 3040 4737 ut
3078 4676 3540 4774 crucifigeretur,
3568 4673 3837 4774 contem-

2132 4786 2268 4851 ptus
2300 4784 2426 4847 est;
2461 4784 2523 4834 ut
2552 4776 3039 4840 contemneretur,
3070 4766 3313 4827 humilis
3345 4764 3633 4837 apparuit.

2201 4871 2255 4925 3.
2289 4867 2665 4941 Tamen‘quia
2688 4864 2931 4938 quasiin
2966 4864 3131 4918 nocte
3181 4854 3452 4929 apparuit
3494 4853 3552 4907 in
3600 4859 3839 4941 corpore

2134 4959 2385 5027 mortali,
2407 4936 2853 5015 lucernam—sibi
2876 4951 3134 5010 accendit
3166 4945 3320 5003 unde
3366 4942 3676 5027 videretur.
3707 4936 3837 5027 Ipsa

2131 5018 2648 5104 lucerna'Joannes
2675 5049 2798 5102 erat
2827 5045 3006 5118 (Joan.
3039 5057 3094 5109 v,
3126 5034 3330 5107 35),de
3347 5045 3461 5102 quo
3491 5026 3615 5118 jam
3649 5018 3834 5118 multa

2131 5137 2435 5193 audivistis
2469 5141 2564 5193 :et
2594 5110 2848 5208 praesens
2880 5130 3047 5188 lectio
3075 5119 3389 5195 Evangelii,
3430 5114 3601 5171 verba
3620 5110 3829 5212 A1103?"

2130 5230 2225 5285 nis
2259 5229 2534 5296 continet,
2568 5204 2779 5299 primo,
2811 5223 2965 5296 quod
2994 5216 3345 5292 praecipuum
3370 5211 3477 5277 est,
3500 5204 3832 5303 confitentis

2131 5321 2265 5389 quia
2298 5337 2411 5376 non
2444 5294 2720 5391 ipse-erat
2752 5294 3031 5371 Christus.
3057 5306 3254 5398 Tanta
3275 5305 3462 5398 autem
3494 5294 3836 5398 excellentia

2129 5415 2250 5466 erat
2280 5411 2340 5467 in
2367 5413 2610 5474 Joanne,
2644 5411 2709 5462 ut
2753 5404 2949 5475 posset
2996 5395 3151 5455 credi
3195 5393 3511 5450 Christus:
3545 5391 3603 5445 et
3648 5391 3709 5443 in
3764 5401 3831 5441 eo

2129 5501 2366 5571 probata
2396 5504 2481 5554 est
2512 5494 2811 5552 humilitas
2842 5493 2991 5562 ejus,
3036 5487 3173 5575 quia
3221 5484 3365 5542 dixit
3402 5496 3464 5540 se
3513 5495 3628 5537 non
3680 5491 3827 5543 esse,

2244 5623 2401 5681 Editi,
2434 5620 2629 5672 tondet.
2660 5620 2726 5671 At
2755 5620 2901 5679 λιιι,
2932 5614 3184 5668 tonderet.
