4164 6192
295 304 450 366 1407

295 456 431 495 cum
463 441 664 511 posset
700 436 852 493 credi
911 451 1059 492 esse.
1111 436 1281 506 Ergo,
1313 437 1426 492 Hoc
1481 440 1560 490 est
1619 433 1996 490 testimonium

293 529 541 597 Joannis,
575 525 789 598 quando
820 527 1092 580 miserunt
1118 524 1297 580 Judaei
1338 525 1406 580 ab
1447 523 1799 593 Jerosolymis
1820 537 1998 576 sacer-

294 620 441 674 dotes
471 627 519 674 et
552 619 762 673 Levitas
791 618 862 671 ad
892 633 1035 686 eum,
1071 624 1130 671 ut
1157 616 1560 686 interrogarent
1602 631 1747 684 eum,
1776 614 1846 666 Tu
1883 613 2001 684 quis

294 711 391 765 es?
412 713 534 763 Non
568 712 756 762 autem
784 708 1097 772 mitterent,
1125 706 1236 760 nisi
1267 709 1637 760 moverentur
1662 701 2004 758 excellentia

297 800 657 854 auctoritatis
680 800 829 867 ejus,
853 797 991 867 quia
1013 813 1193 851 ausus
1216 801 1305 850 est
1333 794 1646 866 baptizare.
1689 794 1752 846 Et
1781 795 1999 860 confes-

294 905 386 944 sus
417 893 510 953 est,
541 895 716 943 etnon
749 889 995 955 negavit.
1040 885 1190 951 Quid
1229 886 1534 940 confessus
1583 883 1719 938 est?
1771 883 1834 934 Et
1872 896 2002 936 con-

292 981 463 1049 fessus
496 985 592 1045 est,
627 977 765 1043 Quia
787 993 897 1032 non
916 992 1033 1031 sum
1056 990 1156 1043 ego
1191 975 1466 1028 Christus.

369 1069 416 1122 4.
445 1069 506 1122 Et
537 1067 1011 1137 interrogaverunt
1060 1079 1207 1127 eum,
1259 1060 1400 1129 Quid
1430 1076 1556 1129 ergo
1576 1063 1601 1115 .’
1631 1059 1784 1115 Etias
1813 1075 1868 1115 es
1893 1063 1951 1113 tu
1971 1065 1996 1113 Ρ

293 1159 583 1213 Noverunt
604 1156 759 1211 enim
791 1156 926 1226 quia
954 1168 1346 1224 praecessurus
1367 1157 1487 1206 erat
1512 1151 1663 1205 Elius
1687 1148 2002 1205 Christum.

296 1246 420 1302 Non
444 1247 599 1301 enim
620 1243 792 1300 alicui
817 1243 1177 1314 incognitum
1214 1246 1336 1298 erat
1373 1257 1583 1296 nomen
1623 1238 1804 1296 Chriti
1853 1240 2003 1308 apud

297 1337 548 1391 Judasos.
582 1336 764 1390 Istum
799 1351 913 1390 non
946 1337 1291 1404 putaverunt
1326 1349 1454 1387 esse
1503 1330 1803 1385 Christum
1834 1345 1847 1383 :
1887 1344 2004 1384 non

300 1427 535 1480 omnino
567 1424 859 1481 (‘hristum
883 1440 993 1478 non
1019 1440 1146 1479 esse
1169 1428 1500 1478 venturum.
1533 1422 1675 1476 Cum
1702 1425 1997 1491 sperarent

300 1521 630 1578 venturum,
666 1515 749 1568 sic
771 1513 1138 1568 offenderunt
1161 1513 1217 1566 in
1244 1515 1608 1580 praesentem,
1641 1509 2005 1564 offenderunt

302 1613 578 1675 tanquam
612 1605 670 1659 in
713 1604 991 1657 humilem
1022 1603 1295 1674 lapidem.
1323 1601 1492 1671 Lapis
1518 1600 1673 1656 enim
1695 1598 1793 1654 ille
1815 1598 2005 1654 adhuc

305 1711 517 1766 parvus
538 1698 680 1760 erat,
699 1695 822 1763 jam
851 1694 1080 1763 quidem
1109 1692 1382 1762 praecisus
1409 1692 1478 1745 de
1503 1694 1698 1746 monte
1737 1689 1863 1744 sine
1887 1704 2008 1742 ma-

305 1785 480 1839 nibus
515 1801 528 1840 :
556 1784 706 1838 sicut
725 1784 866 1838 dicit
887 1781 1084 1836 Daniel
1111 1781 1408 1852 prapheta,
1435 1780 1649 1835 vidisse
1672 1795 1734 1834 se
1752 1778 2002 1849 lapidem

305 1875 609 1945 praecisum
632 1875 700 1929 de
724 1881 914 1929 monte
946 1873 1070 1928 sine
1096 1873 1389 1927 manibus.
1416 1871 1523 1926 Sed
1548 1871 1682 1941 quid
1707 1867 2007 1940 sequitur?

308 1963 371 2018 Et
399 1966 584 2029 crevit,
612 1964 824 2034 inquit,
858 1964 999 2034 lapis
1021 1962 1138 2031 ille,
1170 1970 1222 2017 et
1251 1964 1436 2031 factus
1467 1970 1542 2016 est
1571 1975 1725 2014 mons
1751 1976 2005 2030 magnus,

305 2056 356 2108 et
388 2053 634 2123 implerit
667 2055 980 2107 universam
1003 2053 1206 2122 [aciem
1253 2059 1408 2106 terrae
1452 2049 1610 2121 (Dan.
1645 2066 1708 2113 ιι,
1757 2048 1848 2111 34,
1896 2048 2010 2119 35).

308 2141 512 2198 Videat
532 2159 665 2212 ergo
695 2143 961 2198 Charitas
993 2149 1180 2196 vestra
1209 2141 1360 2212 quod
1396 2139 1523 2194 dico
1554 2138 1858 2195 :Christus
1878 2141 2011 2192 ante

308 2232 538 2288 Judaaos
566 2237 677 2298 iam
704 2233 982 2304 praecisus
1005 2238 1126 2286 erat
1148 2234 1215 2286 de
1239 2235 1454 2286 monte.
1484 2231 1736 2285 Montem
1768 2244 2009 2299 regnum

310 2322 698 2394 vultintrlligi
725 2323 1076 2378 Judaeorum.
1104 2322 1211 2377 Sed
1248 2337 1488 2392 regnum
1527 2320 1857 2374 Judseorum
1900 2334 2015 2373 non

309 2411 650 2484 impleverat
672 2413 1003 2467 universam
1030 2412 1232 2466 faciem
1257 2416 1442 2466 terris.
1468 2409 1608 2465 Inde
1630 2409 1911 2478 praecisus
1927 2412 2017 2463 est

311 2500 405 2556 ille
429 2501 598 2573 lapis,
628 2502 764 2574 quia
788 2502 923 2557 inde
947 2506 1120 2556 natus
1143 2501 1309 2556 estin
1354 2500 1660 2570 praesentia
1709 2498 2012 2554 Dominus.

310 2597 376 2647 Et
399 2609 577 2663 quare
601 2593 724 2647 sine
749 2593 1014 2648 manibus
1035 2592 1062 2646 ‘2
1093 2592 1237 2654 Quia
1273 2591 1397 2646 sine
1438 2606 1607 2660 opere
1652 2588 1802 2643 virili
1847 2589 2014 2658 Virgo

313 2682 532 2752 peperit
561 2682 883 2737 Christum.
917 2681 1046 2736 Jam
1079 2697 1214 2752 ergo
1244 2688 1362 2734 erat
1394 2678 1541 2750 lapis
1593 2678 1688 2733 ille
1739 2678 2015 2749 praecisus

311 2771 436 2827 sine
465 2788 520 2826 m
547 2773 756 2838 :nibus,
792 2776 925 2826 ante
951 2771 1146 2827 oculos
1192 2772 1524 2826 Judaeorum
1560 2786 1575 2825 :
1621 2770 1720 2825 sed
1773 2768 2014 2824 humilis

311 2870 451 2918 erat.
474 2861 601 2917 Non
624 2863 948 2923 immerito:
972 2863 1109 2933 quia
1131 2864 1394 2917 nondum
1418 2866 1674 2917 creverat
1704 2861 1854 2932 lapis
1893 2859 2012 2928 ille,

311 2958 364 3005 et
388 2950 726 3022 impleverat
745 2953 940 3006 orbem
964 2956 1250 3006 terrarum
1286 2967 1300 3006 :
1333 2952 1488 3024 quod
1525 2951 1780 3005 ostendit
1819 2949 1877 3005 in
1924 2963 2015 3002 re-

314 3056 426 3110 gno
448 3056 571 3107 suo,
595 3041 742 3110 quod
775 3044 864 3095 est
884 3039 1155 3107 Ecclesia,
1180 3056 1294 3110 qua
1318 3039 1577 3110 implevit
1598 3043 1780 3096 totam
1805 3037 2013 3094 faciem

315 3134 498 3184 terrae.
532 3130 677 3194 Quia
718 3145 851 3202 ergo
902 3129 1159 3184 nondum
1210 3134 1488 3196 creverat,
1540 3128 1907 3184 offenderunt
1954 3127 2013 3182 in

315 3219 480 3276 illum
512 3225 786 3292 tanquam
812 3224 868 3275 in
902 3220 1152 3291 lapidem
1181 3237 1193 3276 :
1229 3226 1284 3277 et
1311 3222 1524 3277 factum
1550 3224 1639 3276 est
1667 3220 1725 3275 in
1751 3220 1836 3275 eis
1859 3218 2017 3288 quod

316 3309 599 3381 scriptum
630 3314 740 3380 est,
775 3311 891 3382 Qui
929 3310 1191 3366 ceciderit
1214 3327 1383 3382 super
1415 3310 1650 3381 lapidem
1675 3311 1858 3377 istum,
1886 3324 2016 3364 con-

317 3403 667 3472 q'uassabitur
684 3418 708 3469 ;
736 3405 784 3458 et
815 3419 979 3473 super
1007 3417 1135 3473 quos
1165 3403 1426 3458 ceciderit
1460 3403 1598 3472 lapis
1630 3402 1748 3464 ille,
1781 3403 2015 3455 conteret

317 3506 406 3546 eos
439 3491 585 3562 (Luc.
617 3508 712 3561 xx,
742 3492 850 3563 18).
876 3493 1071 3548 Primo
1099 3507 1277 3563 super
1317 3491 1594 3546 humilem
1635 3491 1966 3546 ceciderunt
2000 3505 2013 3555 ;

317 3581 576 3636 excelsus
599 3599 776 3653 super
793 3581 924 3637 illos
944 3586 1224 3636 venturus
1243 3585 1333 3636 est
1362 3597 1376 3635 :
1401 3582 1498 3635 sed
1521 3584 1583 3635 ut
1603 3596 1699 3636 eos
1739 3584 2019 3634 venturus

318 3669 579 3727 excelsus
602 3676 879 3739 conterat,
907 3671 1092 3742 primo
1114 3688 1212 3727 eos
1238 3670 1480 3726 humilis
1498 3670 1811 3742 quassavit.
1834 3669 2024 3725 Offen-

317 3760 525 3815 deruut
555 3761 614 3815 in
640 3777 796 3831 eum,
831 3766 885 3816 et
918 3760 1171 3830 quassati
1221 3765 1390 3828 sunt;
1445 3776 1558 3815 non
1609 3759 1867 3825 contriti,
1918 3758 2018 3814 sed

321 3852 575 3922 quassati
611 3852 835 3909 :veniet
866 3851 1149 3919 excelsus,
1175 3855 1229 3906 et
1251 3855 1510 3906 conteret
1530 3867 1650 3906 eos.
1699 3850 1809 3906 Sed
1850 3849 2024 3920 igno-

320 3943 600 3997 scendum
617 3941 985 4011 est‘Judeis,
1016 3942 1154 4012 quia
1175 3941 1545 3996 offenderunt
1568 3942 1624 3994 in
1653 3940 1904 4011 lapidem
1924 3939 2021 4009 qui

324 4033 586 4087 nondum
609 4037 885 4088 creverat.
911 4031 1117 4094 Quales
1139 4033 1276 4086 sunt
1298 4029 1382 4084 illi
1407 4029 1507 4100 qui
1531 4030 1588 4084 in
1622 4031 1813 4100 ipsum
1850 4045 2025 4084 mon-

322 4124 438 4174 tem
471 4119 834 4175 otl'enderunt
855 4120 882 4174 ‘I
929 4119 1059 4174 Jam
1093 4119 1162 4174 de
1193 4118 1407 4190 quibus
1432 4117 1619 4172 dicam
1649 4117 2022 4186 cognoscitis.

322 4209 426 4273 Qui
456 4214 668 4281 negant
688 4209 1002 4266 Ecclesiam
1026 4213 1141 4264 toto
1164 4211 1300 4264 orbe
1331 4209 1628 4274 diffusam,
1654 4225 1766 4264 non
1807 4208 1864 4263 in
1911 4209 2023 4264 hu-

327 4299 519 4355 milem
537 4299 926 4370 lapidem,sed
946 4299 1211 4370 inipsum
1237 4302 1494 4354 montem
1519 4299 2021 4365 ot'fenduntzquod

326 4389 512 4444 factus
531 4397 614 4444 est
634 4389 730 4445 ille
751 4387 895 4458 lapis
918 4389 1057 4442 dum
1083 4390 1385 4443 cresceret.
1411 4386 1555 4441 Caeci
1577 4387 1764 4442 Judaei
1803 4402 1915 4441 non
1939 4387 2026 4441 vi-

324 4479 534 4533 derunt
555 4479 833 4535 humilem
859 4477 1110 4548 lapidem
1133 4485 1382 4548 :quanta
1414 4477 1640 4532 caecitas
1661 4481 1749 4532 est
1790 4493 1902 4532 non
1936 4475 2028 4531 vi-

324 4568 459 4623 dere
489 4574 744 4625 montem
767 4568 794 4623 ἰ

391 4657 448 4710 5.
481 4656 619 4728 Ergo
665 4659 936 4714 viderunt
983 4657 1288 4728 humilem,
1341 4666 1398 4714 et
1445 4675 1560 4714 non
1609 4662 2025 4730 cognoverunt.

323 4745 847 4802 Demonstrabatur
877 4747 994 4803 illis
1031 4764 1132 4818 per
1161 4747 1483 4804 lucernam.
1518 4747 1663 4804 Nam
1699 4749 1884 4818 primo
1909 4748 2026 4819 ille,

325 4852 440 4907 quo
461 4836 648 4908 major
665 4842 1169 4894 nemosurrexerat
1198 4839 1255 4892 in
1296 4837 1452 4892 natis
1496 4837 1827 4906 mulierum,
1859 4837 2025 4905 dixit,

322 4927 438 4983 Non
459 4945 578 4984 sum
607 4944 701 4999 ego
735 4928 1008 4985 Christus.
1038 4927 1385 4997 Dictumque
1406 4927 1490 4983 illi
1513 4932 1623 4994 est,
1655 4928 1939 4997 Numquid
1969 4933 2029 4982 tu

323 5036 380 5075 es
410 5022 560 5076 Elzas
580 5025 605 5075 γ
635 5020 1076 5090 Respondit,non
1099 5038 1239 5077 sum.
1266 5019 1528 5076 Christus
1551 5020 1705 5074 enim
1731 5018 2030 5091 praemittit

324 5120 454 5165 ante
476 5127 537 5166 se
563 5112 744 5169 Eliam
771 5128 784 5166 :
810 5117 868 5168 et
888 5112 1050 5178 dixit,
1076 5113 1190 5167 Non
1215 5127 1362 5178 sum,
1394 5115 1450 5166 et
1491 5112 1624 5165 fecit
1659 5109 1828 5166 nobis
1869 5125 2026 5180 quae-

324 5200 592 5257 stionem.
619 5202 963 5258 Timendum
984 5206 1072 5257 est
1094 5201 1247 5256 enim
1273 5217 1344 5255 ne
1386 5199 1581 5254 minus
1614 5198 2024 5269 intelligentes,

325 5291 614 5346 contraria
636 5298 838 5362 putent
857 5295 1135 5349 Joannem
1152 5292 1366 5347 dixisse
1388 5306 1561 5361 quam
1581 5289 1844 5345 Christus
1859 5287 2024 5343 dixit.

324 5375 585 5438 Quodam
618 5378 769 5433 enim
802 5381 948 5448 loco,
981 5397 1114 5436 cum
1149 5381 1430 5438 Dominus
1471 5380 1645 5436 Jesus
1675 5378 1945 5433 Christus
1969 5377 2026 5432 in

325 5463 628 5534 Evangelio
646 5470 910 5536 quaedam
934 5471 1149 5527 diceret
1171 5473 1240 5528 de
1261 5488 1344 5541 se,
1369 5471 1797 5541 responderunt
1825 5467 1908 5522 illi
1941 5468 2028 5523 di-

391 5643 407 5680 ¹
441 5642 607 5694 Vetus
636 5646 802 5695 codex
833 5648 1179 5710 Remigiensis
1219 5663 1234 5701 :
1270 5652 1327 5699 Si
1356 5649 1724 5713 ignoscendum
1772 5662 1876 5696 non
1931 5649 2028 5696 est.

1246 292 1322 356 IN
1365 291 1684 356 JOANNIS
1730 293 2258 369 EVANGELIUM,
2309 297 2370 357 S.
2423 297 2852 362 AUGUSTINI

3659 299 3814 363 1108

2108 435 2319 506 scipuli
2351 452 2364 490 :
2399 437 2668 504 Quomodo
2700 455 2826 507 ergo
2852 439 3040 494 dicunt
3072 437 3304 502 Scriba},
3329 435 3382 490 id
3416 437 3506 490 est
3527 433 3695 506 periti
3720 433 3820 488 Le-

2109 525 2216 594 gis,
2250 526 2381 596 quia
2416 527 2598 582 Etiam
2627 533 2832 598 oportet
2854 531 3099 597 primum
3129 527 3361 583 venire?
3383 526 3453 581 Et
3486 525 3568 580 ait
3618 524 3817 579 Domi-

2114 631 2224 668 nus
2256 631 2269 668 :
2304 615 2453 670 Elias
2484 617 2604 684 iam
2633 620 2802 686 venit,
2837 623 2886 672 et
2916 621 3164 687 fecerunt
3195 616 3248 671 ei
3269 631 3395 687 qua?
3424 616 3820 674 roluerzmt;et

2109 703 2159 757 si
2189 704 2357 760 vultis
2386 710 2545 775 scire,
2578 710 2699 779 ipse
2728 717 2805 763 est
2835 711 3069 764 Joannes
3117 709 3368 780 Baptista
3417 705 3633 778 (Matth.
3682 719 3819 768 xm,

2115 793 2303 860 10-13,
2335 803 2388 850 et
2419 813 2496 865 x1,
2542 798 2737 867 11-14).
2793 798 3072 852 Dominus
3120 798 3284 851 Jesus
3333 795 3602 850 Christus
3653 791 3821 847 dixit.

2111 884 2262 939 Elia:
2291 886 2584 953 iamvenit,
2607 894 2658 942 et
2675 887 2788 958 ipse
2807 894 2888 942 est
2916 889 3153 944 Joannes
3196 884 3449 954 Baptista
3495 901 3516 939 :
3563 884 3823 939 Joannes

2113 982 2304 1029 autem
2327 975 2716 1048 interrogatus
2729 977 2813 1032 sic
2840 993 2900 1032 se
2919 977 3222 1032 confessus
3235 983 3320 1029 est
3338 973 3522 1029 Eiiam
3542 989 3654 1028 non
3671 986 3823 1040 esse,

2114 1064 2404 1133 quomodo
2427 1083 2530 1122 nec
2551 1067 2849 1121 Christum
2882 1081 3030 1122 esse.
3077 1066 3146 1120 Et
3187 1065 3391 1136 utique
3433 1063 3585 1119 sicut
3620 1075 3823 1117 verum

2112 1156 2416 1212 confessus
2438 1160 2525 1212 est
2547 1156 2836 1212 Christum
2861 1172 2921 1212 se
2944 1173 3058 1211 non
3083 1171 3230 1222 esse,
3251 1154 3336 1210 sic
3371 1170 3570 1209 verum
3597 1152 3825 1208 confes-

2114 1261 2216 1300 sus
2238 1249 2325 1300 est
2346 1261 2451 1302 nec
2475 1245 2662 1302 Eliam
2683 1263 2742 1301 se
2761 1263 2907 1302 esse.
2934 1246 3235 1310 Quomodo
3259 1261 3393 1316 ergo
3446 1241 3816 1312 comparabi-

2117 1350 2249 1390 mus
2271 1335 2424 1390 dicta
2446 1335 2724 1406 praeconis
2745 1352 2876 1390 cum
2912 1335 3084 1390 dictis
3119 1333 3382 1403 judicia?
3404 1331 3572 1387 Absit
3598 1337 3662 1386 ut
3679 1346 3831 1401 prie-

2117 1440 2181 1478 co
2207 1426 2554 1479 mentiatur:
2582 1425 2688 1480 hoc
2711 1425 2863 1480 enim
2891 1423 3151 1495 loquitur
3183 1424 3335 1494 quod
3365 1421 3531 1478 audit
3551 1421 3822 1490 ajudice.

2114 1512 2300 1577 Quare
2332 1529 2464 1585 ergo
2498 1514 2614 1580 ille,
2647 1517 2762 1571 Non
2781 1531 2905 1569 sum
2932 1516 3080 1569 Elias
3109 1530 3130 1570 ,ο
3153 1519 3207 1570 et
3251 1513 3560 1579 Dominus,
3603 1511 3723 1581 Ipse
3752 1512 3829 1564 est

2115 1603 2264 1657 Elius
2287 1609 2314 1657 Ρ
2336 1603 2478 1666 Quia
2499 1604 2558 1658 in
2582 1619 2647 1659 eo
2668 1605 2947 1660 Dominus
2967 1603 3427 1660 JesusChristus
3451 1600 3827 1673 praeﬂgurare

2114 1693 2297 1748 voluit
2320 1695 2578 1748 futurum
2601 1695 2916 1749 adventum
2940 1710 3136 1764 suum,
3161 1692 3343 1748 ethoc
3367 1692 3578 1758 dicere,
3609 1689 3746 1760 quia
3768 1688 3825 1742 in

2116 1783 2320 1852 spiritu
2346 1782 2478 1837 Elim
2500 1789 2623 1838 erat
2663 1784 2941 1839 Joannes.
2987 1785 3054 1838 Et
3095 1782 3250 1853 quod
3292 1788 3412 1837 erat
3449 1780 3705 1836 Joannes
3755 1777 3825 1832 ad

2119 1872 2369 1943 primum
2386 1873 2723 1939 adventum,
2757 1872 2865 1928 hoc
2896 1871 3006 1926 erit
3046 1871 3202 1926 Elias
3234 1872 3299 1925 ad
3343 1870 3668 1926 secundum
3722 1867 3829 1921 ad-

2121 1970 2372 2018 ventum.
2397 1963 2696 2028 Quomodo
2719 1964 2833 2017 duo
2855 1964 3154 2029 adventus,
3175 1961 3508 2031 judicis,sic
3535 1959 3650 2015 duo
3673 1975 3827 2030 pra:—

2121 2068 2313 2107 cones.
2335 2052 2521 2106 Judex
2543 2052 2774 2121 quidem
2801 2051 2942 2123 ipse,
2987 2066 3278 2122 praecones
3295 2054 3486 2105 autem
3511 2049 3626 2103 duo
3661 2063 3674 2102 ε
3711 2064 3824 2102 non

2125 2144 2237 2196 duo
2268 2142 2516 2211 judices.
2566 2141 2875 2213 Oportebat
2893 2141 3318 2211 enimjudicem
3334 2141 3516 2211 primo
3532 2138 3834 2207 venireju-

2124 2232 2460 2288 dicandum.
2496 2232 2654 2288 Misit
2683 2235 2816 2288 ante
2842 2249 2904 2288 se
2939 2232 3188 2303 primum
3239 2246 3578 2301 praeconem,
3603 2226 3830 2282 vocavit

2126 2321 2288 2377 illum
2317 2323 2531 2392 Eliam;
2561 2323 2695 2392 quia
2719 2322 2824 2378 hoc
2851 2323 2960 2378 erit
2992 2321 3051 2378 in
3089 2322 3345 2376 secundo
3384 2320 3633 2375 adventu
3658 2316 3832 2384 Elias,

2125 2412 2283 2483 quod
2315 2412 2372 2466 in
2407 2413 2595 2483 primo
2626 2413 2902 2468 Joannes.

2193 2504 2248 2557 6.
2284 2507 2547 2574 Namque
2578 2503 2844 2558 intendat
2862 2502 3128 2558 Charitas
3169 2505 3358 2557 vestra
3405 2515 3580 2571 quam
3634 2513 3833 2553 verum

2127 2593 2337 2647 dicam.
2372 2592 2617 2656 Quando
2662 2596 2979 2663 conceptus
3030 2601 3112 2648 est
3161 2591 3441 2658 Joannes,
3494 2588 3579 2645 vel
3640 2587 3830 2660 potius

2127 2684 2358 2754 quando
2380 2692 2550 2739 natus
2564 2686 2672 2751 est,
2696 2683 2947 2755 Spiritus
2973 2687 3210 2739 sanctus
3234 2681 3342 2739 hoc
3366 2682 3435 2737 de
3457 2680 3554 2736 illo
3603 2678 3834 2734 homine

2127 2774 2485 2847 implendum
2513 2776 2878 2847 prophetavit
2901 2791 2914 2830 :
2935 2776 3001 2829 Et
3023 2776 3144 2840 erit,
3166 2774 3380 2844 inquit,
3400 2786 3705 2843 praecursor
3730 2770 3833 2825 Αι-

2127 2866 2346 2932 tissimi,
2380 2867 2444 2921 in
2472 2867 2667 2935 spiritu
2691 2869 2744 2920 et
2767 2864 2969 2920 virtute
2999 2864 3134 2920 Etim
3162 2866 3316 2935 (Luc.
3341 2880 3380 2933 ι,
3415 2863 3525 2933 17).
3550 2862 3673 2916 Non
3699 2875 3832 2930 ergo

2127 2957 2304 3024 Elias,
2337 2956 2436 3012 sed
2461 2957 2520 3010 in
2540 2957 2741 3026 spiritu
2763 2965 2816 3011 et
2839 2957 3044 3011 virtute
3067 2955 3224 3012 Elige.
3253 2955 3400 3020 Quid
3425 2958 3531 3020 est,
3550 2951 3610 3007 in
3630 2951 3831 3022 spiritu

2127 3053 2177 3102 et
2206 3048 2406 3103 virtute
2436 3047 2625 3100 Etiaz?
2651 3049 2714 3102 In
2745 3046 2948 3101 eodem
2999 3045 3221 3118 Spiritu
3271 3049 3474 3100 sancto
3513 3043 3633 3098 vice
3681 3041 3830 3096 Eiia.

2126 3138 2316 3202 Quare
2341 3136 2460 3192 vice
2483 3135 2617 3190 Elia:
2639 3134 2667 3190 τι
2693 3135 2836 3199 Quia
2859 3136 3012 3206 quod
3037 3134 3188 3190 Elias
3211 3134 3485 3203 secundo,
3504 3132 3613 3187 hoc
3651 3132 3797 3187 Joan
3817 3160 3838 3170 -

2129 3243 2233 3283 nes
2262 3227 2451 3298 primo
2485 3226 2757 3282 adventui
2787 3226 2916 3281 fuit.
2954 3226 3124 3281 Recte
3163 3241 3293 3297 ergo
3353 3225 3527 3279 modo
3582 3222 3838 3278 Joannes

2129 3316 2356 3389 proprie
2390 3317 2706 3386 respondit.
2739 3315 2884 3371 Nam
2922 3314 3197 3370 Dominus
3231 3314 3490 3386 ﬁgurate,
3541 3312 3691 3367 Elius
3725 3312 3840 3379 ipse

2129 3413 2205 3462 est
2236 3411 2479 3462 Joannes
2508 3423 2527 3460 :
2558 3406 2662 3462 iste
2693 3410 2910 3474 autem,
2945 3409 3010 3460 ut
3060 3404 3202 3470 dixi,
3250 3403 3504 3475 proprie,
3555 3405 3672 3460 Non
3718 3417 3842 3456 sum

2129 3513 2232 3570 ego
2255 3497 2427 3552 Elius.
2466 3497 2523 3550 Si
2558 3497 2801 3568 ﬁguram
2833 3495 3239 3567 praecursionis
3261 3494 3547 3560 advertas,
3580 3490 3838 3546 Joannes

2131 3588 2255 3658 ipse
2279 3591 2367 3642 est
2388 3586 2542 3642 Elias
2570 3603 2582 3641 :
2610 3586 2760 3656 quod
2785 3586 2941 3641 enim
2970 3583 3066 3641 ille
3089 3585 3159 3638 ad
3199 3583 3457 3655 primum
3501 3582 3838 3647 adventum,

2132 3676 2238 3731 hoc
2260 3674 2356 3731 ille
2387 3675 2456 3730 ad
2479 3673 2805 3730 secundum
2836 3675 2966 3729 erit.
2998 3673 3057 3729 Si
3107 3672 3516 3744 pr0prietatem
3580 3685 3837 3741 persona

2131 3767 2471 3838 interroges,
2488 3763 2742 3819 Joannes
2756 3763 3032 3833 Joannes,
3049 3762 3203 3818 Elias
3229 3761 3384 3816 Elias
3409 3779 3423 3830 ;
3448 3760 3727 3816 Dominus
3750 3774 3840 3814 er-

2130 3872 2198 3926 go
2221 3856 2290 3910 ad
2317 3855 2836 3926 przeﬁgurationem
2860 3857 3034 3918 recte,
3066 3853 3179 3924 Ipse
3225 3855 3306 3907 est
3354 3849 3504 3905 Elia:
3532 3865 3554 3906 :
3591 3850 3837 3905 Joannes

2133 3949 2328 4001 autem
2387 3949 2540 4001 recte
2587 3945 2657 3999 ad
2703 3943 3137 4015 proprietatem,
3169 3942 3286 3997 Non
3317 3957 3438 3996 sum
3495 3939 3661 3994 Elius.
3723 3937 3838 3992 Nec

2131 4034 2383 4090 Joannes
2418 4033 2649 4101 falsum,
2670 4049 2774 4088 nec
2798 4031 3080 4088 Dominus
3118 4031 3332 4086 falsum
3360 4047 3371 4084 :
3398 4046 3501 4085 nec
3523 4043 3705 4100 praeco
3729 4027 3838 4081 fal-

2134 4141 2288 4190 sum,
2314 4124 2628 4179 necJudex
2650 4122 2861 4178 falsum
2889 4123 3020 4190 ;sed
3048 4122 3094 4176 si
3119 4121 3430 4191 intelligas.
3471 4121 3609 4186 Quis
3645 4122 3839 4173 autem

2135 4212 2469 4285 intelliget?
2490 4213 2593 4276 Qui
2620 4212 2883 4267 imitatus
2907 4211 3079 4268 fuerit
3115 4211 3507 4265 humilitatem
3543 4207 3842 4280 praeconis,

2136 4311 2186 4359 et
2213 4303 2543 4375 cognoverit
2565 4301 3226 4372 celsitudinemjudicis.
3269 4299 3422 4355 Nihil
3465 4299 3620 4354 enim
3665 4297 3842 4352 humi-

2135 4393 2249 4448 lius
2272 4393 2397 4464 ipso
2421 4407 2701 4463 praecone.
2725 4391 2957 4446 Fratres
2981 4391 3116 4457 mei,
3142 4389 3371 4445 nullum
3404 4393 3634 4444 tantum
3669 4385 3840 4441 meri-

2135 4489 2258 4540 tum
2282 4483 2537 4539 Joannes
2569 4482 2775 4538 habuit
2803 4498 2980 4553 quam
3022 4483 3093 4538 de
3141 4482 3249 4537 ista
3297 4481 3643 4547 humilitate,
3686 4477 3838 4549 quod

2137 4589 2271 4629 cum
2294 4576 2487 4645 posset
2509 4573 2706 4628 fallere
2729 4572 3018 4641 homines,
3043 4576 3099 4627 et
3126 4570 3313 4642 putari
3351 4568 3640 4635 Christus,
3663 4571 3718 4622 et
3741 4566 3842 4621 ha-

2138 4664 2257 4720 beri
2283 4680 2384 4735 pro
2405 4662 2632 4718 Christo
2662 4663 2861 4732 (tantae
2885 4662 3040 4718 enim
3080 4661 3273 4732 gratiae
3315 4663 3607 4730 tantaque
3653 4655 3841 4712 excel-

2138 4754 2326 4811 lentiae
2351 4756 2462 4810 fuit
2481 4756 2521 4827 ),
2540 4755 2842 4811 confessus
2863 4757 2951 4810 est
2972 4763 3159 4810 tamen
3184 4755 3400 4824 aperte,
3425 4759 3480 4808 et
3527 4750 3692 4817 dixit,
3726 4747 3840 4804 Non

2136 4863 2260 4902 sum
2285 4861 2378 4916 ego
2398 4845 2664 4900 Christus.
2687 4844 2962 4916 Numquid
2993 4847 3052 4898 tu
3072 4843 3219 4898 Elias
3241 4859 3294 4898 es
3311 4847 3335 4896 .9
3363 4841 3491 4897 Jam
3528 4841 3575 4896 si
3601 4841 3840 4902 diceret,

2138 4935 2292 4991 Elias
2314 4951 2476 4999 sum;
2520 4950 2654 5006 ergo
2693 4935 2814 5004 jam
2853 4934 2913 4988 in
2951 4933 3204 4988 secundo
3245 4934 3494 4987 adventu
3528 4929 3843 4986 adveniens

2138 5025 2400 5080 Christus
2423 5023 2737 5094 judicaret,
2779 5039 2894 5077 non
2929 5022 3121 5077 adhuc
3150 5022 3210 5076 in
3245 5022 3434 5092 primo
3459 5020 3844 5090 judicaretur.

2139 5117 2438 5187 Tanquam
2463 5115 2683 5182 dicens,
2705 5113 2990 5169 Venturos
3013 5117 3100 5167 est
3121 5116 3176 5166 et
3196 5110 3386 5180 Elias;
3414 5111 3539 5165 Non
3581 5126 3723 5168 sum.
3757 5108 3850 5162 in-

2138 5206 2284 5276 quit,
2310 5205 2479 5259 Eiias.
2503 5204 2614 5258 Sed
2644 5203 2943 5258 observate
2974 5201 3276 5268 humilem,
3303 5207 3434 5255 ante
3473 5215 3644 5270 quem
3695 5197 3853 5253 venit

2136 5296 2412 5365 Joannes,
2439 5311 2509 5349 ne
2542 5293 2812 5348 sentiatis
2842 5289 3136 5347 excelsum
3189 5299 3319 5347 ante
3359 5307 3529 5361 quem
3572 5296 3851 5344 venturus

2141 5389 2225 5440 est
2255 5383 2427 5439 Elias.
2471 5382 2617 5437 Nam
2651 5385 2704 5436 et
2748 5380 3030 5436 Dominus
3079 5380 3160 5435 ita
3205 5378 3558 5451 complevit:
3599 5378 3718 5448 Ipse
3773 5386 3851 5433 est

2137 5473 2373 5527 Joannes
2403 5467 2650 5540 Baptista
2671 5465 2770 5538 qui
2790 5471 3050 5522 venturus
3079 5475 3172 5522 est.
3209 5465 3338 5537 Ipsa
3379 5462 3847 5537 praefiguratione

2140 5558 2293 5616 venit
2321 5561 2447 5627 iste,
2482 5575 2598 5631 qua
2628 5557 2978 5631 proprietate
3009 5563 3286 5613 venturus
3326 5560 3414 5612 est
3457 5555 3634 5610 Elias.
3681 5554 3844 5610 Tunc

2140 5649 2292 5705 Elias
2315 5665 2414 5720 per
2435 5648 2849 5720 preprietatem
2873 5645 3028 5703 Elias
3043 5646 3170 5711 erit,
3193 5661 3349 5703 nunc
3369 5660 3470 5717 per
3497 5642 3846 5700 similitudi-
