4164 6192
229 226 395 288 1409

228 382 366 422 nem
392 365 653 423 Joannes
700 364 1033 421 erat.Modo
1081 363 1338 422 Joannes
1387 381 1487 436 per
1535 365 1945 438 proprietatem

225 456 511 524 Joannes,
546 472 648 527 per
668 454 1114 511 similitudinem
1146 454 1301 511 Elias
1334 459 1423 512 est
1446 457 1487 512 ¹.
1517 455 1703 512 Ambo
1735 468 1950 525 praeco-

232 563 339 601 nes
355 546 472 602 sibi
490 544 1214 601 dederuntsimilitudines
1238 561 1399 612 suas,
1416 548 1472 601 st
1490 548 1804 603 tenuerunt
1826 559 1951 614 pro-

233 637 514 710 prietates
546 650 723 691 suas:
759 650 909 691 unus
938 638 1134 691 autem
1161 635 1445 693 Dominus
1473 635 1672 707 judex,
1697 634 1819 691 sive
1848 634 1948 690 illo

232 743 502 800 pracone
533 726 914 798 praecedente,
947 726 1066 782 sive
1093 726 1210 782 illo.

306 816 363 872 7.
398 818 466 871 Et
496 816 981 883 interrogaverunt
1009 830 1135 870 eum
1165 834 1186 870 :
1219 816 1360 885 Quid
1379 831 1506 885 ergo
1526 818 1554 871 7
1584 817 1733 871 Etias
1762 830 1816 871 es
1845 818 1905 868 tu
1925 813 1952 868 ἵ

234 907 298 960 Et
326 904 480 961 dixit
506 922 527 961 :
555 904 693 960 Non.
724 905 791 959 Et
835 903 1165 959 dixeruntei
1192 921 1212 960 :
1246 905 1513 975 Propheta
1544 922 1601 961 es
1630 910 1691 960 tu
1711 909 1735 958 .9
1764 906 1831 959 Et
1862 919 1952 959 re-

233 994 457 1067 spondit
478 998 504 1048 !
528 996 666 1051 Non.
693 995 965 1049 Dixerunt
994 1009 1123 1063 ergo
1161 993 1213 1049 ei
1238 1010 1257 1049 :
1290 994 1398 1063 Qui
1426 1011 1481 1051 es
1506 1001 1566 1051 tu
1594 998 1616 1048 .9
1645 1002 1705 1051 ut
1736 1009 1955 1065 respon-

234 1101 363 1141 sum
394 1084 585 1141 demus
614 1083 699 1139 his
728 1085 824 1157 qui
854 1084 1123 1139 miserunt
1151 1100 1271 1141 nos.
1301 1084 1443 1153 Quid
1473 1084 1610 1141 dicis
1642 1085 1715 1141 de
1744 1086 1909 1155 teipse
1928 1090 1955 1138 Ρ

238 1174 331 1231 Ait
351 1192 372 1232 :
396 1177 511 1246 Ego
531 1191 641 1229 vox
668 1189 765 1230 nos
787 1174 1081 1229 clamantis
1108 1173 1168 1228 in
1188 1173 1418 1231 deserto.
1445 1174 1628 1232 Isaias
1647 1173 1789 1230 illud
1813 1172 1957 1229 dixit

239 1268 410 1339 (lsa..,
441 1281 531 1328 XL,
564 1264 639 1337 3).
675 1263 738 1318 In
791 1262 1014 1319 Joanne
1065 1262 1371 1335 prophetia
1416 1264 1525 1320 ista
1564 1263 1806 1335 impleta
1847 1270 1953 1332 est,

240 1354 353 1424 Ego
377 1368 483 1408 vox
509 1352 801 1407 clamantis
824 1352 882 1406 in
912 1351 1138 1407 deserto.
1164 1353 1309 1419 Quid
1342 1351 1646 1410 clamantis
1668 1353 1695 1408 ?
1726 1352 1958 1423 Dirigite

239 1442 391 1498 viam
411 1443 653 1507 Domini,
672 1444 842 1496 rectas
869 1442 1041 1511 facile
1060 1444 1282 1497 semitas
1306 1444 1399 1498 Dei
1429 1445 1625 1499 nostri.
1647 1442 1772 1499 Non
1794 1442 1958 1498 vobis

238 1531 474 1587 videtur
495 1530 777 1602 preconis
808 1546 940 1587 esse
964 1530 1177 1599 dicere,
1203 1531 1385 1600 Exite,
1411 1532 1581 1588 facite
1610 1532 1809 1588 viam?
1835 1531 1959 1587 Nisi

241 1622 398 1694 quod
442 1636 631 1693 preco
679 1620 835 1675 Exite
874 1620 1012 1675 dicit
1045 1636 1059 1675 :
1091 1622 1343 1677 Joannes
1374 1620 1533 1692 dicit,
1557 1620 1781 1678 Venite.
1804 1624 1849 1676 A
1872 1622 1960 1691 ju-

242 1713 373 1766 dice
403 1710 632 1781 repellit
682 1725 885 1782 prmco,
921 1710 988 1765 ad
1022 1710 1283 1780 judicem
1333 1715 1499 1767 vocat
1537 1710 1814 1768 Joannes.
1843 1712 1959 1769 Imo

246 1808 414 1856 vocat
444 1800 704 1856 Joannes
733 1799 803 1854 ad
838 1798 1143 1868 humilem,
1168 1816 1239 1855 ne
1264 1800 1440 1871 judex
1469 1801 1754 1857 sentiatur
1782 1800 1966 1857 excel-

251 1907 353 1944 sus
377 1887 491 1958 Ego
512 1905 616 1943 vox
643 1888 937 1943 clamantis
961 1890 1016 1943 in
1049 1888 1279 1959 deserto,
1302 1889 1528 1961 dirigite
1557 1892 1703 1946 viam
1724 1892 1961 1959 Domini,

243 1979 393 2035 sicut
411 1978 558 2033 dixit
574 1979 747 2033 Isaias
765 1979 1048 2049 pr0pheta.
1064 1977 1187 2033 Non
1211 1978 1378 2045 dixit,
1396 1979 1511 2051 Ego
1534 1996 1663 2035 sum
1684 1980 1960 2047 Joannes,

244 2085 354 2141 ego
378 2084 511 2122 sum
539 2068 713 2136 Elias,
738 2067 853 2139 Ego
877 2082 1006 2121 sum
1027 2067 1323 2139 propheta.
1341 2069 1453 2123 Sed
1477 2068 1610 2138 quid
1637 2068 1828 2124 dixit?
1848 2069 1963 2125 Hoc

245 2175 442 2222 vocor,
472 2160 596 2213 Vox
618 2157 913 2213 clamantis
934 2160 993 2212 in
1021 2158 1251 2227 deserto,
1276 2158 1506 2230 Dirigite
1528 2159 1677 2215 viam
1701 2161 1956 2217 Domino:

241 2265 352 2321 ego
388 2264 521 2303 sum
555 2247 685 2319 ipsa
714 2247 1037 2317 prophetia.

311 2340 371 2394 8.
409 2338 470 2392 Et
502 2337 599 2409 qui
628 2335 783 2391 missi
811 2338 1058 2404 fuerant,
1096 2341 1264 2392 erant
1294 2353 1364 2393 ex
1396 2338 1687 2394 Pharisazis
1716 2356 1735 2393 :
1768 2338 1825 2394 id
1856 2346 1964 2407 est,

247 2446 315 2484 ex
348 2426 721 2500 principibus
741 2426 1099 2481 Judaeorum.
1126 2428 1187 2481 Et
1215 2426 1713 2498 interrogaverunt,
1736 2436 1787 2485 et
1812 2429 1969 2485 dixe-

244 2524 383 2574 runt
416 2519 469 2573 ei
489 2537 508 2571 :
535 2516 672 2584 Quid
702 2532 823 2587 ergo
848 2518 1118 2588 baptixas,
1142 2518 1192 2573 si
1212 2526 1271 2573 tu
1298 2532 1402 2573 non
1428 2536 1479 2573 es
1505 2518 1775 2585 Christus,
1796 2536 1967 2590 neque

242 2611 421 2675 Elius,
453 2623 631 2679 neque
673 2606 976 2678 propheta?
1004 2606 1181 2671 Quasi
1212 2607 1461 2663 audacias
1506 2608 1809 2664 videbatur
1839 2626 1968 2667 esse

249 2701 575 2771 baptizare,
608 2698 798 2770 quasi,
832 2699 896 2754 In
929 2715 1044 2771 qua
1076 2700 1366 2770 persona?
1394 2701 1720 2765 Quaerimus
1769 2706 1966 2760 utrum

252 2796 313 2847 tu
350 2790 437 2846 sis
487 2788 791 2857 Christus;
826 2793 887 2843 tu
920 2789 1069 2845 dicis
1102 2794 1156 2845 te
1188 2806 1304 2846 non
1348 2806 1470 2846 esse
1504 2808 1515 2845 :
1551 2792 1865 2862 quaerimus
1898 2808 1969 2847 ne

250 2882 405 2935 forte
439 2894 763 2949 precursor
794 2877 953 2934 illius
984 2878 1085 2946 sis,
1120 2878 1257 2951 quia
1290 2880 1562 2936 novimus
1594 2886 1727 2937 ante
1754 2881 1969 2938 Christi

251 2973 577 3026 adventum
601 2973 915 3023 venturum
948 2984 1077 3024 esse
1096 2969 1270 3024 Ellam
1300 2987 1313 3037 ;
1349 2986 1527 3043 negas
1552 2980 1602 3026 te
1634 2988 1798 3027 esse:
1826 2988 1972 3042 quaa-

254 3061 446 3115 rimus
483 3074 553 3113 ne
586 3059 732 3114 forte
763 3058 980 3130 aliquis
1012 3058 1265 3114 multum
1292 3060 1647 3132 praeveniens
1679 3078 1864 3133 praeco
1886 3078 1970 3129 es,

252 3150 308 3205 id
336 3153 429 3204 est
452 3151 823 3220 preplieta,et
844 3149 1116 3219 accepisti
1140 3148 1292 3205 hanc
1315 3154 1690 3221 potestatem;
1719 3167 1821 3205 nec
1848 3168 1974 3223 pro-

259 3239 499 3309 phetam
534 3246 585 3293 te
614 3254 738 3294 esse
770 3237 935 3293 dicis.
964 3238 1030 3294 Et
1063 3255 1178 3294 non
1211 3243 1334 3295 erat
1364 3240 1643 3311 propheta
1674 3241 1970 3297 Joannes:

254 3330 444 3399 major
474 3333 599 3384 erat
618 3344 791 3400 quam
818 3328 1119 3401 propheta.
1146 3329 1428 3386 Dominus
1452 3332 1519 3385 de
1544 3331 1640 3386 illo
1666 3330 1779 3387 tale
1802 3332 1975 3387 testi-

255 3420 529 3476 monium
565 3418 724 3474 dedit
748 3436 760 3475 :
788 3420 926 3484 Quid
941 3420 1131 3476 existis
1154 3422 1211 3475 in
1233 3416 1507 3475 desertum
1529 3422 1711 3478 videre
1731 3426 1757 3475 .9
1786 3426 1974 3479 Arun-

256 3510 445 3565 dinem
478 3516 634 3564 vento
681 3510 902 3578 agitari.
930 3507 1163 3580 Utique,
1194 3508 1318 3564 Non
1353 3514 1523 3565 vento
1572 3510 1805 3582 agitari,
1836 3512 1978 3567 sub-

258 3599 471 3665 audis;
502 3597 643 3669 quia
675 3614 790 3653 non
822 3596 930 3653 hoc
961 3603 1085 3653 erat
1112 3598 1392 3669 Joannes,
1416 3600 1585 3671 quasi
1615 3602 1716 3671 qui
1747 3620 1778 3656 a
1808 3608 1977 3659 vento

262 3691 597 3744 moveretur
630 3703 644 3742 :
678 3687 779 3758 qui
811 3687 966 3743 enim
999 3705 1031 3743 a
1060 3693 1232 3745 vento
1267 3694 1550 3759 movetur,
1583 3690 1978 3747 circumﬂatur

262 3778 427 3834 omni
460 3776 673 3849 spiritu
720 3776 1066 3833 seductorio.
1101 3778 1202 3835 Sed
1232 3778 1362 3850 quid
1390 3778 1583 3835 existis
1622 3782 1805 3835 videre
1826 3784 1851 3834 γ
1880 3782 1979 3836 Ho-

262 3871 469 3922 minem
500 3864 762 3922 motlibus
806 3869 1058 3923 vestitum
1079 3871 1105 3921 .7
1136 3867 1502 3925 Vestiebatur
1541 3871 1696 3925 enim
1726 3870 1982 3929 Joannes

265 3958 517 4029 asperis,
554 3956 609 4012 id
645 3962 752 4025 est,
786 3957 984 4013 tunica
1016 3958 1168 4013 facta
1199 3960 1269 4015 de
1300 3959 1435 4031 pilis
1466 3960 1690 4016 cameli.
1725 3962 1854 4017 Ecce
1881 3963 1982 4032 qui

262 4049 526 4104 mollibus
560 4046 891 4115 vestiuntur,
926 4050 986 4103 in
1015 4048 1262 4105 domibus
1291 4066 1477 4121 regum
1508 4059 1651 4107 sunt.
1686 4052 1811 4107 Non
1844 4069 1980 4124 ergo

265 4138 470 4194 existis
511 4136 708 4193 videre
738 4137 1036 4194 hominem
1082 4140 1358 4197 mollibus
1393 4145 1688 4197 vestitum.
1722 4141 1825 4197 Sed
1853 4142 1983 4215 quid

264 4228 463 4284 existis
502 4226 685 4283 videre
704 4230 733 4282 ?
761 4228 1089 4299 PrOphetam
1110 4233 1138 4285 ξ’
1159 4231 1242 4285 Ita
1270 4231 1388 4287 dico
1419 4232 1585 4298 vobis,
1608 4232 1791 4303 major
1819 4249 1983 4303 quam

262 4318 537 4389 prapheta
566 4318 656 4371 hic
677 4317 896 4385 (Matth.
922 4335 1000 4386 ιι,
1024 4320 1081 4388 7,
1107 4320 1163 4385 8,
1184 4320 1237 4391 9)
1274 4337 1290 4377 :
1323 4321 1460 4390 quia
1490 4321 1787 4393 propheta:
1814 4320 1984 4393 longe

270 4414 407 4463 ante
454 4408 1017 4479 praenuntiaverunt,
1048 4408 1303 4466 Joannes
1353 4416 1692 4482 prasaentem
1739 4411 1987 4467 demon-

272 4497 517 4554 strabat.

340 4589 396 4642 9.
434 4586 581 4655 Quid
625 4602 751 4658 ergo
798 4590 858 4643 tu
889 4588 1153 4661 baptixas,
1187 4592 1237 4645 si
1275 4597 1333 4646 tu
1364 4606 1471 4647 non
1510 4608 1566 4647 es
1598 4593 1865 4662 Christus,
1886 4608 1983 4648 ne-

274 4694 377 4747 que
417 4678 591 4746 Etias,
622 4692 799 4749 neque
840 4678 1153 4750 propheta?
1192 4681 1480 4751 Respondit
1527 4681 1607 4737 eis
1652 4684 1902 4749 Joannes,
1937 4688 1989 4737 et

277 4768 430 4823 dixit
451 4784 470 4822 :
492 4768 605 4839 Ego
630 4766 847 4838 baptixo
869 4771 925 4823 in
947 4785 1090 4841 aqua
1104 4787 1124 4832 .·
1148 4770 1356 4827 medius
1368 4774 1547 4827 autem
1570 4776 1811 4828 vestrum
1834 4773 1992 4829 stetit

276 4875 431 4929 quem
457 4874 549 4913 vos
580 4858 818 4913 nescitis.
848 4860 1101 4917 Humilis
1124 4862 1281 4917 enim
1307 4879 1421 4917 non
1446 4863 1765 4930 videbatur,
1791 4869 1846 4919 et
1869 4881 1995 4936 pro-

282 4956 473 5018 pterea
495 4947 734 5005 lucerna
748 4966 992 5007 accensa
1011 4956 1114 5008 est.
1132 4952 1332 5008 Videte
1357 4957 1647 5026 quomodo
1667 4955 1763 5010 dat
1781 4954 1990 5022 locum,

282 5040 368 5108 qui
404 5036 572 5093 aliud
606 5042 802 5109 posset
827 5041 1040 5112 putari.
1066 5042 1184 5113 Ipse
1214 5052 1293 5098 est
1325 5045 1421 5116 qui
1448 5048 1566 5115 post
1596 5060 1681 5099 me
1711 5046 1879 5112 venit,
1903 5046 1998 5115 qui

282 5137 403 5185 ante
428 5145 517 5185 me
543 5129 735 5198 factus
766 5136 860 5185 est.
902 5131 1067 5187 Sicut
1095 5133 1214 5203 jam
1243 5133 1522 5200 diximus,
1549 5134 1601 5189 id
1636 5140 1746 5203 est,
1768 5142 1997 5207 antepo-

286 5222 427 5275 situs
460 5227 550 5276 est
582 5220 750 5276 mihi.
787 5221 956 5293 Cujus
986 5239 1083 5294 ego
1111 5240 1233 5279 sum
1263 5224 1467 5295 dignus
1500 5232 1557 5282 ut
1587 5227 1798 5283 solvam
1826 5225 1998 5283 corri-

289 5309 954 5382 giamcatceamentiejus.
972 5314 1263 5379 Quantum
1284 5331 1345 5372 se
1357 5315 1606 5388 abjecit?
1628 5317 1692 5371 Et
1707 5316 1835 5371 ideo
1853 5314 1997 5370 mul-

357 5464 368 5494 ι
398 5459 692 5528 8_ic_omnes_
708 5460 834 5528 Mss.
855 5464 918 5528 At
934 5463 1067 5528 editi
1086 5477 1098 5514 :
1118 5465 1268 5514 Nunc
1293 5480 1387 5528 per
1408 5466 1816 5519 similitudinem
1837 5468 2002 5518 Joan-

301 5534 378 5595 nes
407 5522 561 5571 Elius
579 5526 725 5595 erat...
740 5523 896 5595 μρᾴο
915 5526 1143 5595 Joannes
1156 5543 1250 5595 per
1263 5522 1637 5595 proprietatem
1657 5533 1889 5582 Joannes
1906 5536 1998 5588 est,

305 5588 412 5633 tunc
430 5600 522 5648 per
552 5586 967 5638 similitudinem
1003 5586 1405 5643 Elias'Jodnn'es
1428 5593 1546 5643 erit.

1491 226 1953 289 TRACTATUS
1996 224 2097 287 IV.
2146 224 2403 286 CAPUT
2449 227 2499 284 Ι.

3608 225 3763 290 1410

2056 366 2181 419 tum
2196 362 2454 418 elevatus
2476 367 2590 431 est;
2608 362 2881 433 quoniam
2908 362 3004 433 qui
3032 378 3092 417 se
3107 360 3402 427 humiliat,
3417 363 3762 421 exaltabitur

2056 454 2210 525 (Luc,
2241 471 2359 519 xiv,
2396 455 2501 521 ll).
2552 453 2714 509 Unde
2765 454 2934 509 debet
2980 454 3173 509 videre
3215 454 3502 511 Sanctitas
3549 460 3760 523 vestra,

2058 543 2198 614 quia
2215 543 2263 598 si
2294 546 2550 598 Joannes
2571 542 2654 597 sic
2686 559 2748 598 se
2768 542 3115 609 humiliavit,
3140 546 3203 597 ut
3232 543 3470 611 diceret,
3498 543 3612 600 Non
3639 560 3763 598 sum

2058 650 2159 703 ego
2188 634 2384 705 dignus
2421 635 2722 702 corrigiam
2768 635 3013 697 solvere;
3056 635 3347 705 quomodo
3399 634 3607 691 habent
3651 633 3761 690 hu-

2062 722 2297 793 miliari,
2320 723 2417 795 qui
2440 724 2642 779 dicunt
2667 740 2680 779 :
2704 723 2817 779 Nos
2843 724 3232 794 baptizamus,
3250 741 3354 779 nos
3379 726 3532 796 quod
3557 724 3766 780 damus

2060 820 2329 870 nostrum
2363 818 2470 883 est,
2502 819 2558 870 et
2588 816 2743 886 quod
2791 820 3054 871 nostrum
3085 821 3190 883 est,
3224 821 3495 872 sanctum
3525 821 3635 872 est.
3668 815 3768 872 Ille

2061 904 2223 973 dicit,
2264 904 2387 960 Non
2439 921 2561 975 ego,
2596 906 2698 960 sed
2747 904 2891 961 ille:
2945 905 3028 959 illi
3078 906 3300 976 dicunt,
3343 906 3457 962 Nos
3506 907 3607 977 (a).
3642 910 3766 961 Non

2062 1000 2152 1051 est
2196 997 2410 1066 dignus
2454 995 2709 1050 Joannes
2757 994 2979 1051 solvere
3028 996 3338 1067 corrigiam
3392 996 3768 1051 calceamenti

2062 1084 2229 1154 ejus:
2254 1084 2410 1156 quod
2437 1084 2485 1138 si
2508 1084 2750 1155 dignum
2776 1100 2836 1139 se
2861 1084 3098 1150 diceret,
3123 1102 3295 1156 quam
3322 1084 3561 1141 humilis
3578 1088 3770 1140 esset?

2065 1174 2131 1229 Et
2159 1174 2209 1229 si
2240 1174 2485 1246 dignum
2518 1189 2579 1229 se
2612 1173 2847 1242 diceret,
2872 1179 2927 1230 et
2956 1175 3040 1230 sic
3071 1175 3308 1242 diceret,
3335 1174 3431 1230 llle
3460 1174 3620 1230 venit
3639 1179 3771 1245 post

2065 1282 2180 1330 me,
2203 1267 2305 1338 qui
2338 1271 2469 1322 ante
2492 1281 2584 1321 me
2616 1266 2799 1321 factus
2829 1270 2938 1329 est,
2960 1268 3132 1337 cujus
3165 1266 3572 1322 tantummodo
3595 1265 3768 1321 corri-

2065 1358 2219 1430 giam
2248 1355 2626 1412 calceamenti
2648 1356 2859 1427 dignus
2878 1372 3009 1412 sum
3030 1356 3287 1425 solvere;
3312 1356 3560 1411 multum
3584 1372 3644 1411 se
3666 1357 3773 1411 hu-

2067 1445 2368 1515 miliasset.
2396 1445 2635 1512 Quando
2659 1449 2852 1501 autem
2882 1460 2984 1500 nec
3016 1445 3088 1499 ad
3113 1444 3222 1500 hoc
3244 1444 3493 1516 dignum
3516 1461 3575 1499 se
3604 1444 3768 1514 dicit,

2065 1551 2196 1591 vere
2228 1534 2434 1606 plenus
2464 1534 2681 1607 Spiritu
2702 1538 2903 1589 sancto
2931 1538 3073 1601 erat,
3096 1534 3198 1604 qui
3228 1533 3312 1589 sic
3343 1549 3549 1589 servus
3579 1531 3771 1588 Domi-

2069 1639 2209 1678 num
2236 1622 2491 1694 agnovit,
2520 1630 2573 1677 et
2602 1638 2668 1677 ex
2700 1638 2867 1678 servo
2895 1621 3113 1677 amicus
3144 1621 3264 1676 fieri
3299 1620 3533 1676 meruit.

2142 1714 2226 1769 10.
2262 1714 2381 1767 Haec
2411 1713 2470 1767 in
2505 1712 2773 1767 Bethania
2800 1713 2950 1782 facta
2982 1715 3112 1766 sunt
3142 1720 3291 1766 trans
3330 1710 3647 1776 Jordanem,
3681 1710 3775 1765 ubi

2066 1810 2187 1859 erat
2210 1804 2453 1859 Joannes
2477 1802 2780 1873 baptixans.
2814 1802 3001 1857 Altera
3037 1801 3126 1856 die
3153 1801 3295 1857 vidit
3324 1803 3561 1857 Joannes
3592 1801 3775 1856 Jesum

2068 1892 2372 1949 venientem
2405 1892 2483 1948 ad
2506 1908 2581 1953 se,
2614 1901 2664 1948 et
2694 1892 2774 1947 ait
2802 1908 2825 1948 :
2854 1893 2985 1947 Ecce
3005 1891 3187 1963 Agnus
3217 1892 3333 1961 Dei,
3355 1907 3477 1946 ecce
3501 1892 3595 1962 qui
3626 1889 3775 1945 tollit

2065 1987 2347 2057 peccatum
2375 1982 2588 2045 mundi.
2614 1983 2792 2038 Nemo
2823 1983 2935 2039 sibi
2956 1986 3206 2054 arroget,
3228 1985 3289 2038 et
3318 1981 3471 2037 dicat
3494 1981 3631 2052 quia
3652 1980 3777 2051 ipse

2071 2075 2296 2130 auferat
2318 2077 2615 2145 peccatum
2642 2072 2867 2129 mundi.
2891 2076 3019 2128 Jam
3042 2072 3324 2128 intendite
3348 2071 3387 2134 ί,
3412 2075 3614 2127 contra
3635 2086 3777 2142 quos

2072 2165 2356 2235 superbos
2387 2162 2723 2218 intendebat
2744 2162 2991 2232 digitum
3018 2162 3296 2217 Joannes.
3322 2160 3590 2216 Nondum
3611 2164 3780 2215 erant

2073 2252 2194 2309 nati
2215 2252 2492 2318 hasretici,
2515 2256 2572 2307 et
2592 2254 2718 2321 jam
2743 2252 3199 2308 ostendebantur
3228 2266 3243 2305 :
3276 2256 3472 2305 contra
3495 2250 3627 2304 illos
3656 2249 3775 2304 cla-

2072 2343 2270 2398 mabat
2320 2348 2459 2397 tunc
2490 2360 2523 2397 a
2563 2343 2759 2406 ﬂuvio,
2792 2346 2995 2396 contra
3027 2357 3173 2411 quos
3219 2339 3390 2394 modo
3442 2337 3655 2393 clamat
3704 2353 3775 2393 ex

2071 2430 2401 2503 Evangelia.
2425 2428 2593 2485 Venit
2621 2429 2826 2495 Jesus;
2859 2432 2917 2483 et
2937 2428 3073 2500 quid
3096 2426 3234 2483 dicit
3265 2425 3360 2482 ille
3383 2424 3409 2481 ’1
3440 2426 3574 2481 Ecce
3595 2427 3780 2495 Agnus

2075 2522 2191 2576 Dei.
2222 2521 2281 2576 Si
2328 2536 2515 2591 agnus
2559 2519 2858 2582 innocens,
2892 2522 2948 2574 et
2994 2519 3248 2573 Joannes
3296 2531 3503 2585 agnus.
3534 2518 3619 2571 An
3663 2530 3782 2570 non

2074 2614 2132 2669 et
2160 2612 2285 2682 ipse
2316 2609 2639 2666 innocens?
2670 2610 2779 2665 Sed
2803 2607 2936 2681 quis
2957 2608 3281 2664 innocens?
3310 2610 3598 2678 quantum
3625 2605 3786 2661 inno-

2077 2720 2213 2759 cens
2234 2701 2262 2755 ?
2294 2702 2510 2756 Omnes
2560 2717 2630 2755 ex
2662 2699 2761 2754 illa
2792 2700 3031 2755 traduce
3062 2699 3300 2753 veniunt
3332 2702 3389 2751 et
3420 2713 3490 2752 ex
3522 2696 3621 2751 illa
3653 2712 3786 2765 pro-

2079 2791 2311 2865 pagina,
2345 2792 2415 2845 de
2445 2806 2556 2861 qua
2595 2793 2792 2845 cantat
2820 2805 3059 2860 gemens
3110 2788 3283 2843 David
3313 2803 3326 2841 :
3359 2788 3467 2858 Ego
3491 2788 3549 2841 in
3575 2784 3785 2855 iniqui-

2079 2885 2185 2937 tate
2216 2888 2507 2948 conceptus
2538 2896 2681 2947 sum,
2714 2886 2765 2933 et
2796 2878 2853 2933 in
2884 2881 3119 2949 peccatis
3166 2884 3353 2933 mater
3380 2893 3500 2932 mea
3544 2877 3602 2930 in
3634 2884 3788 2930 utero

2080 2988 2167 3027 me
2196 2970 2350 3026 aluit
2384 2970 2555 3041 (Psat.
2588 2987 2637 3037 ιι,
2662 2970 2739 3036 7).
2772 2970 2941 3025 Solus
2984 2984 3120 3040 ergo
3152 2967 3248 3023 ille
3280 2972 3501 3039 Agnus,
3534 2964 3634 3037 qui
3669 2980 3783 3019 non

2081 3062 2163 3116 sic
2213 3060 2390 3116 venit.
2440 3060 2563 3115 Non
2614 3061 2770 3115 enim
2823 3060 2880 3114 in
2927 3058 3239 3130 iniquitate
3289 3060 3601 3127 conceptus
3651 3058 3784 3121 est;

2082 3153 2218 3223 quia
2250 3167 2364 3206 non
2396 3152 2465 3206 de
2496 3150 2843 3206 mortalitate
2890 3152 3207 3220 conceptus
3238 3152 3326 3203 est
3356 3163 3371 3202 :
3409 3162 3513 3202 nec
3560 3161 3693 3202 eum
3727 3144 3784 3198 in

2086 3241 2339 3313 peccatis
2371 3244 2557 3295 mater
2584 3239 2712 3309 ejus
2740 3238 2801 3293 in
2850 3242 3015 3293 utero
3046 3236 3215 3302 aluit,
3246 3252 3422 3307 quem
3454 3234 3614 3306 virgo
3646 3249 3786 3288 con-

2084 3333 2262 3404 cepit,
2283 3332 2443 3401 virgo
2477 3330 2727 3402 peperit;
2762 3329 2899 3401 quia
2920 3330 3033 3384 fide
3062 3328 3348 3398 concepit,
3372 3330 3427 3380 et
3458 3326 3568 3379 ﬁde
3599 3338 3792 3378 susce-

2087 3426 2189 3495 pit.
2222 3425 2370 3494 Ergo
2416 3437 2534 3478 ecce
2578 3423 2768 3495 Agnus
2800 3419 2913 3475 Dei.
2951 3419 3074 3475 Non
3119 3418 3294 3473 habet
3342 3416 3451 3471 iste
3495 3414 3789 3469 traducem

2087 3514 2157 3568 de
2186 3513 2374 3567 Adam
2410 3528 2423 3565 :
2456 3526 2693 3566 carnem
2725 3512 2949 3564 tantum
2977 3505 3230 3576 sumpsit
3262 3505 3331 3559 de
3361 3504 3567 3570 Adam,
3601 3516 3797 3572 pecca-

2086 3608 2209 3658 tum
2245 3618 2360 3657 non
2407 3598 2746 3671 assumpsit.
2781 3599 2889 3662 Qui
2937 3613 3052 3652 non
3105 3592 3434 3666 assumpsit
3479 3594 3551 3648 de
3598 3594 3799 3648 nostra

2088 3709 2286 3748 massa
2305 3689 2771 3762 peccatumgipse
2793 3688 2989 3759 estqui
3016 3685 3168 3742 tollit
3188 3694 3450 3740 nostrum
3476 3685 3795 3753 peccatum.

2087 3786 2217 3839 Ecce
2245 3784 2425 3854 Agnus
2449 3782 2566 3851 Dei,
2595 3796 2712 3837 ecce
2740 3782 2837 3853 qui
2865 3780 3009 3835 tottit
3038 3783 3315 3851 peccatum
3344 3774 3558 3831 mundi.

2164 3875 2249 3929 11.
2273 3873 2469 3929 Nostis
2496 3872 2631 3944 quia
2652 3871 2892 3943 quidam
2927 3869 3194 3926 homines
3219 3866 3423 3923 dicunt
3444 3864 3795 3937 aliquando:

2089 3963 2207 4020 Nos
2238 3962 2501 4019 tollimus
2535 3965 2771 4035 peccata
2804 3960 3167 4028 hominibus,
3199 3958 3302 4030 qui
3334 3956 3519 4012 sancti
3550 3970 3753 4011 sumus
3788 3969 3802 4007 :

2092 4054 2142 4121 si
2175 4053 2331 4109 enim
2378 4070 2495 4108 non
2544 4052 2719 4108 fuerit
2766 4056 3008 4106 sanctus
3057 4049 3154 4120 qui
3206 4048 3474 4119 baptizat,
3509 4044 3802 4116 quomodo

2090 4142 2249 4199 tollit
2291 4148 2596 4215 peccatum
2647 4139 2905 4205 alterius,
2938 4154 3069 4195 cum
3115 4137 3191 4192 sit
3225 4137 3399 4192 homo
3430 4134 3551 4206 ipse
3593 4132 3803 4204 plenus

2096 4235 2328 4304 peccato
2348 4232 2377 4287 ?
2407 4232 2618 4287 Contra
2639 4230 2784 4285 istas
2816 4227 3239 4297 disputationes
3262 4224 3437 4278 verba
3467 4227 3669 4277 nostra
3692 4236 3805 4275 non

2095 4324 2385 4390 dicamus,
2411 4322 2565 4376 hunc
2582 4320 2843 4391 legamus
2869 4336 2881 4374 :
2909 4318 3037 4372 Ecce
3055 4318 3237 4387 Agnus
3264 4315 3376 4379 Dei,
3395 4327 3515 4367 ecce
3536 4312 3630 4382 qui
3655 4309 3805 4364 tollit

2092 4422 2374 4488 peccatum
2412 4410 2622 4467 mundi.
2656 4414 2774 4465 Non
2820 4409 2898 4463 sit
2928 4404 3303 4479 praesumptio
3366 4400 3705 4456 hominibus
3750 4399 3808 4452 in

2097 4503 2367 4561 homines
2401 4517 2416 4559 :
2450 4516 2566 4555 non
2598 4497 2980 4568 transmigret
3002 4511 3204 4568 passer
3234 4492 3293 4547 in
3327 4495 3583 4557 montes,
3612 4488 3671 4543 in
3705 4493 3812 4543 Do-

2096 4594 2255 4649 mino
2281 4590 2537 4647 conﬁdat
2566 4589 2737 4659 (Psat.
2760 4603 2815 4656 χ,
2836 4586 2933 4657 2);
2966 4588 3025 4641 et
3063 4583 3113 4639 si
3146 4583 3295 4637 levat
3314 4578 3513 4636 oculos
3544 4579 3604 4634 in
3646 4594 3813 4633 mon-

2096 4688 2206 4751 tes,
2231 4681 2386 4737 unde
2415 4678 2599 4735 veniet
2627 4677 2909 4735 auxilium
2936 4676 3011 4740 ei,
3037 4671 3325 4744 intelligat
3355 4670 3494 4743 quia
3524 4668 3822 4743 auxilium,

2097 4775 2227 4847 ejus
2255 4791 2287 4828 a
2321 4773 2587 4837 Domino,
2608 4769 2708 4841 qui
2744 4768 2875 4824 fecit
2902 4766 3113 4823 cmlum
3139 4767 3196 4821 et
3227 4768 3443 4819 terram
3475 4763 3654 4831 (Psat.
3684 4775 3817 4823 cxx,

2103 4866 2153 4931 1,
2184 4865 2262 4936 2).
2296 4864 2501 4919 Tantas
2547 4858 2902 4917 excellentia
2952 4858 3233 4922 Joannes,
3267 4852 3479 4909 dicitur
3528 4851 3601 4915 ei,
3633 4850 3718 4903 'l‘u
3752 4864 3814 4903 es

2100 4951 2361 5009 Christus
2384 4951 2411 5005 ‘I
2437 4950 2604 5018 Dicit,
2637 4949 2783 5004 Non.
2816 4947 2899 5001 Tu
2931 4963 2992 5003 es
3024 4944 3219 5001 Elias?
3246 4941 3413 5006 Dicit,
3447 4938 3602 4992 Non.
3633 4936 3717 4989 Tu
3750 4950 3813 4989 es

2102 5039 2386 5112 propheta
2414 5040 2441 5093 ‘t
2493 5038 2665 5103 Dicit,
2714 5037 2861 5092 Non.
2906 5038 3091 5100 Quare
3137 5047 3273 5102 ergo
3318 5026 3576 5098 baptizas
3612 5023 3639 5078 ?
3686 5022 3817 5079 Ecce

2102 5133 2289 5201 Agnus
2320 5131 2433 5192 Dei,
2455 5144 2573 5185 ecce
2617 5131 2709 5201 qui
2739 5127 2882 5184 tottit
2924 5130 3202 5198 peccatum
3246 5115 3487 5173 mundi:
3518 5114 3605 5168 hic
3642 5112 3817 5169 estde

2103 5238 2207 5296 quo
2227 5221 2373 5293 dixi,
2398 5224 2525 5277 Post
2556 5236 2643 5275 me
2679 5220 2831 5275 venit
2860 5220 2945 5273 vir
2964 5216 3061 5286 qui
3087 5215 3217 5268 ante
3240 5225 3327 5263 me
3352 5207 3534 5296 [actus
3562 5208 3659 5272 est,
3682 5204 3817 5278 quia

2101 5295 2257 5385 prior
2276 5327 2364 5368 me
2378 5318 2519 5367 erat.
2546 5316 2675 5365 Post
2707 5323 2789 5363 me
2806 5308 2973 5373 venit,
2998 5302 3136 5375 quia
3164 5295 3457 5372 posterius
3479 5299 3651 5352 natus
3682 5302 3773 5352 est
3797 5310 3815 5352 :

2170 5467 2186 5500 ¹
2220 5466 2305 5515 Sic
2321 5464 2445 5512 Mss.
2469 5476 2637 5526 prepe
2658 5474 2862 5510 omnes.
2902 5460 2965 5509 At
2988 5456 3115 5508 editi
3138 5470 3153 5508 :
3178 5456 3646 5519 Auferatpeccata.
3678 5454 3827 5505 Unde

2102 5528 2231 5592 iam
2253 5526 2527 5592 intendite.

2171 5589 2241 5653 (a)
2279 5588 2674 5639 Donatistarum
2705 5584 2974 5651 superbia.
