4170 6188
368 317 522 383 “li

369 463 500 515 ante
528 471 616 509 me
643 456 824 525 factus
852 453 948 519 est,
972 449 1111 522 quia
1142 447 1413 520 praelatus
1459 451 1548 503 est
1578 444 1721 501 mihi
1756 462 1770 501 :
1801 446 1954 517 prior
1983 461 2067 501 me

372 555 510 612 erat,
552 542 683 615 quia
733 544 788 596 in
823 538 1104 613 principio
1140 542 1257 593 erat
1310 537 1556 604 Verhum,
1578 543 1627 591 et
1679 536 1907 591 Verbum
1947 538 2067 590 erat

374 635 521 707 apud
554 635 738 702 Deum,
765 637 815 687 et
847 632 983 686 Deus
1008 634 1135 685 erat
1161 628 1411 684 Verbum.

443 728 527 781 12.
562 745 589 773 ‹‹
621 725 691 777 Et
719 738 820 793 ego
854 720 1182 776 nesciebam
1214 736 1369 786 eum,
1402 716 1541 772 dixit
1569 732 1582 771 :
1619 716 1714 771 sed
1741 719 1801 771 ut
1832 714 2069 770 manife-

370 819 622 873 staretur
643 811 865 881 Israeli,
888 815 1185 882 propterea
1206 810 1331 864 veni
1361 824 1465 878 ego
1498 807 1552 861 in
1576 823 1722 875 aqua
1747 806 2065 875 baptizans.

369 910 438 963 Et
468 902 865 962 testimonium
899 899 1191 973 perhibuit
1218 898 1488 961 Joannes,
1523 896 1739 959 dicens,
1775 895 1920 959 Quia
1950 893 2068 948 vidi

371 996 646 1067 Spiritum
682 995 749 1047 de
782 991 920 1046 coelo
953 989 1394 1045 descendentem
1431 985 1595 1057 quasi
1627 983 1981 1050 columbam,
2015 986 2072 1037 et

372 1086 591 1143 mansit
621 1099 798 1155 super
844 1098 976 1137 enm
1004 1097 1017 1135 :
1050 1084 1106 1135 et
1131 1094 1237 1150 ego
1284 1076 1616 1133 nesciebam
1648 1092 1804 1143 eum,
1838 1074 1939 1130 sed
1971 1070 2069 1145 qui

373 1193 461 1233 me
510 1172 668 1228 misit
720 1170 1008 1241 baptizare
1056 1168 1113 1222 in
1147 1184 1319 1238 aqua,
1354 1165 1450 1221 ille
1498 1164 1640 1220 mihi
1686 1163 1851 1230 dixit,
1884 1162 2071 1234 Super

368 1282 540 1339 quem
583 1259 796 1317 videris
845 1258 1121 1330 Spiritum
1171 1257 1620 1312 descendentem
1653 1257 1709 1310 et
1741 1257 2068 1309 manentem

370 1372 547 1429 super
577 1369 733 1421 eum,
759 1350 850 1405 hic
880 1352 968 1405 est
999 1349 1098 1419 qui
1131 1346 1377 1417 baptizat
1408 1345 1464 1399 in
1497 1344 1715 1416 Spiritu
1747 1349 1983 1399 sancto:
2015 1345 2072 1398 et

371 1464 476 1519 ego
507 1445 643 1509 vidi,
669 1446 727 1499 et
758 1439 1155 1497 testimonium
1192 1435 1459 1509 perhibni
1484 1435 1618 1506 quia
1648 1434 1741 1489 hic
1773 1441 1857 1490 est
1888 1433 2069 1489 Filius

372 1538 495 1594 Dei.
536 1554 556 1585 ι
593 1532 860 1589 Intendat
908 1527 1200 1584 modicum
1249 1525 1515 1583 Charitas
1558 1532 1741 1581 vestra
1773 1539 1788 1580 :
1818 1524 2070 1579 Joannes

375 1628 607 1702 quando
629 1623 829 1681 didicit
854 1621 1151 1679 Christum
1171 1620 1199 1675 ?
1229 1619 1440 1675 Missus
1466 1620 1554 1673 est
1572 1616 1726 1672 enim
1748 1619 1807 1671 nt
1823 1614 2074 1685 baptiza-

375 1722 461 1774 ret
490 1719 549 1772 in
589 1732 759 1787 aqua.
786 1712 1094 1779 Quaesitum
1126 1714 1216 1765 est
1258 1710 1476 1778 quare?
1507 1709 1569 1765 Ut
1612 1708 2072 1777 mani/extarem-

376 1806 589 1875 lsraeli,
621 1804 784 1861 dixit.
819 1802 966 1869 Quid
1002 1800 1218 1873 profuit
1250 1797 1581 1871 baptismus
1619 1794 1861 1853 Joannis
1886 1795 1915 1851 7
1947 1796 2080 1852 Fra-

370 1899 485 1950 tres
536 1894 670 1961 mei,
721 1891 769 1946 si
816 1888 1035 1961 profuit
1084 1883 1327 1957 aliquid,
1368 1888 1425 1939 et
1472 1882 1645 1939 modo
1692 1886 1975 1949 maneret,
2022 1888 2075 1935 et

371 1982 815 2055 baptizarentur
847 1977 1110 2033 homines
1141 1974 1431 2045 baptismo
1460 1972 1744 2039 Joannis;
1777 1975 1834 2025 et
1865 1971 1947 2024 sic
1978 1986 2075 2024 ve-

374 2074 567 2129 nirent
598 2073 667 2127 ad
701 2069 1044 2139 baptismum
1078 2065 1316 2120 Christi.
1338 2065 1446 2119 Sed
1480 2063 1619 2133 quid
1649 2061 1772 2116 ait?
1799 2062 1860 2117 Ut
1890 2062 2073 2113 mani-

369 2166 669 2235 festarelur
698 2160 893 2217 Israeti
918 2175 938 2215 :
969 2159 1026 2213 id
1058 2162 1163 2225 est,
1196 2155 1305 2227 ipsi
1338 2152 1534 2221 Israel,
1559 2152 1771 2224 populo
1802 2150 1977 2206 Israel
2008 2151 2073 2203 ut

377 2252 849 2309 manifestaretnr
876 2246 1164 2309 Christus,
1187 2242 1343 2298 venit
1372 2243 1658 2314 baptizare
1688 2240 1745 2294 in
1780 2256 1952 2311 aqua.
1977 2239 2073 2293 Ac-

375 2340 527 2413 cepit
550 2336 937 2394 ministerium
962 2332 1328 2404 baptismatis
1348 2335 1617 2396 Joannes,
1641 2328 1699 2383 in
1724 2344 1872 2398 aqua
1896 2326 2068 2398 paeni-

374 2429 565 2487 tentiae
600 2440 803 2500 parare
832 2424 982 2480 viam
1011 2422 1279 2489 Domino,
1317 2437 1428 2476 non
1460 2420 1714 2475 existens
1746 2416 2070 2473 Dominus:

372 2530 426 2578 at
458 2521 554 2577 ubi
587 2518 857 2590 cognitus
888 2532 949 2571 es
980 2513 1288 2580 Dominus,
1311 2511 1605 2581 superﬂuo
1636 2510 1684 2565 ei
1719 2508 1809 2563 via
1840 2508 2072 2579 paraba-

368 2618 503 2668 tur:
541 2609 677 2682 quia
707 2604 1187 2676 cognoscentibus
1222 2619 1283 2657 se
1314 2603 1437 2671 ipse
1470 2601 1652 2654 iactus
1682 2603 1770 2653 est
1799 2598 1889 2652 via
1925 2613 1937 2651 :
1970 2596 2072 2651 ita-

372 2716 483 2772 que
508 2716 621 2755 non
640 2696 865 2753 duravit
886 2694 984 2750 diu
1008 2692 1337 2764 baptismus
1357 2688 1619 2746 Joannis.
1643 2688 1751 2744 Sed
1777 2686 2070 2759 quomodo

375 2790 807 2846 demonstratns
820 2788 907 2841 est
922 2780 1242 2841 Dominus?
1264 2779 1547 2848 Humilis;
1572 2780 1774 2834 ntideo
1787 2778 2071 2850 acciperet

373 2880 672 2953 Baptisms
689 2880 966 2941 Joannes,
989 2873 1048 2928 in
1072 2887 1184 2944 quo
1207 2870 1599 2943 baptizaretur
1620 2868 1745 2941 ipse
1765 2867 2069 2924 Dominus.

448 2970 533 3024 13.
567 2969 637 3024 Et
679 2980 820 3037 opus
849 2969 969 3019 erat
1018 2961 1265 3017 Domino
1314 2958 1629 3029 baptizari?
1660 2959 1728 3012 Et
1758 2972 1861 3029 ego
1892 2955 2069 3011 inter-

371 3076 581 3133 rogans
627 3058 740 3113 cito
782 3054 1148 3126 respondeo:
1199 3053 1358 3123 Opus
1407 3054 1531 3106 erat
1582 3048 1827 3104 Domino
1864 3047 2069 3103 nasci?

369 3168 517 3224 opus
540 3154 663 3207 erat
693 3146 937 3203 Domino
959 3143 1220 3214 crnciﬂgi
1241 3143 1269 3196 ‘?
1300 3158 1443 3212 Opus
1467 3148 1586 3195 erat
1607 3138 1853 3195 Domino
1874 3138 2071 3194 mori?

368 3258 514 3314 opus
546 3242 671 3296 erat
699 3235 945 3292 Domino
991 3232 1268 3305 sepeliri?
1298 3231 1357 3286 Si
1389 3246 1524 3301 ergo
1569 3233 1789 3284 tantam
1819 3227 2069 3297 suscepit

370 3349 475 3405 pro
495 3331 662 3386 nobis
681 3325 1094 3392 humilitatem,
1111 3323 1467 3393 baptismum
1493 3337 1602 3374 non
1629 3322 1751 3374 erat
1772 3322 2069 3388 susceptu-

372 3438 471 3479 rus
489 3422 517 3476 ?
548 3420 616 3474 Et
648 3418 784 3489 quid
810 3414 1020 3488 profuit
1040 3413 1176 3484 quia
1198 3409 1456 3483 suscepit
1477 3407 1835 3480 baptismum
1872 3406 2069 3461 servi?

372 3512 521 3570 Uttu
552 3527 664 3566 non
688 3505 1084 3579 dedignareris
1115 3505 1410 3575 suscipere
1433 3502 1786 3572 baptismum
1813 3498 2063 3554 Domini.

372 3602 639 3661 Intendat
660 3599 920 3655 Charitas
942 3600 1149 3653 vestra.
1177 3593 1377 3650 Futnri
1410 3596 1575 3649 erant
1598 3590 1771 3661 aliqui
1797 3590 1853 3644 in
1880 3589 2067 3647 Eccle-

369 3694 457 3749 sia
504 3690 834 3748 excelsioris
882 3685 1079 3759 gratiae
1139 3682 1559 3739 catechumeni.
1617 3680 1703 3735 Fit
1754 3680 1909 3735 enim
1959 3680 2063 3734 ali-

368 3782 600 3854 quando
615 3784 676 3835 ut
695 3778 893 3834 videas
908 3775 1385 3831 catechumennm
1406 3770 1790 3827 abstinentem
1816 3771 1886 3825 ab
1905 3769 2065 3824 omni

365 3869 697 3936 concubitu,
720 3865 1156 3922 valefacientem
1177 3860 1408 3929 saeculo,
1432 3859 1859 3915 renuntiantem
1882 3858 2065 3913 omni-

363 3962 475 4017 bus
524 3975 649 4031 qnm
698 3954 1049 4029 possidebat,
1095 3950 1537 4006 distribuentem
1587 3948 1976 4018 pauperibus;
2011 3952 2064 4001 et

364 4048 815 4106 catechumenus
838 4048 946 4109 est,
969 4042 1291 4097 instructus
1314 4040 1487 4094 etiam
1518 4038 1661 4093 forte
1691 4036 1953 4091 doctrina
1972 4053 2063 4090 sa-

367 4138 543 4195 lutari
575 4153 754 4208 supra
803 4133 1019 4189 multos
1055 4130 1272 4185 ﬁdeles.
1304 4128 1654 4182 Timendum
1695 4131 1785 4181 est
1828 4126 1963 4181 huic
1994 4141 2066 4180 ne

367 4228 523 4285 dicat
566 4225 720 4297 apud
767 4222 1149 4293 semetipsum
1202 4219 1274 4275 de
1319 4217 1671 4289 Baptismate
1716 4219 1917 4270 sancto
1950 4232 2062 4287 quo

366 4321 605 4393 peccata
663 4316 1034 4371 dimittuntur
1074 4310 1261 4377 :Qnid
1314 4308 1446 4379 plus
1488 4311 1832 4375 accepturus
1866 4321 1993 4359 sum
2034 4306 2063 4360 ?

364 4414 511 4466 Ecce
534 4425 638 4481 ego
670 4406 874 4463 melior
894 4419 1026 4459 sum
1060 4400 1158 4457 illo
1181 4399 1335 4456 fideli
1367 4404 1424 4454 et
1446 4397 1545 4453 illo
1568 4396 1720 4452 fideli
1753 4413 1766 4450 :
1801 4395 2062 4468 cogitans

368 4500 569 4554 tideles
589 4502 687 4554 aut
717 4498 1079 4568 conjngatos,
1106 4497 1207 4548 aut
1239 4491 1383 4547 forte
1407 4490 1642 4556 idiotas,
1665 4496 1761 4543 aut
1786 4487 2061 4543 habentes

364 4594 421 4644 et
451 4590 815 4659 possidentes
838 4604 929 4643 res
961 4602 1119 4646 snas,
1145 4600 1289 4656 quas
1318 4584 1442 4654 ipse
1459 4580 1759 4638 distribuit
1778 4582 1898 4650 jam
1926 4594 2064 4650 pan-

367 4678 626 4749 peribns,
649 4681 705 4732 et
734 4676 1029 4732 meliorem
1062 4691 1123 4730 se
1153 4689 1278 4729 esse
1307 4673 1596 4727 arbitrans
1628 4685 1804 4743 quam
1836 4668 1931 4724 ille
1964 4666 2063 4739 qui

362 4769 484 4839 jam
518 4765 841 4836 baptizatus
862 4769 970 4832 est,
993 4764 1341 4834 dedignetur
1361 4762 1554 4816 venire
1584 4762 1650 4816 ad
1674 4760 2061 4830 Baptismnm,

367 4856 588 4925 dicens,
622 4852 737 4909 Hoc
770 4870 897 4907 sum
950 4858 1293 4923 accepturus
1323 4851 1477 4922 quod
1508 4849 1683 4903 habet
1714 4848 1809 4901 ille
1841 4854 1897 4902 et
1927 4848 2062 4915 ille;

364 4956 415 5005 et
451 4948 735 5022 proponat
766 4942 875 4998 sibi
929 4942 1057 4998 illos
1093 4958 1237 5013 quos
1285 4939 1620 5007 contemnit,
1654 4944 1710 4993 et
1741 4937 1907 5009 quasi
1942 4956 2063 4993 sor-

365 5044 498 5099 deat
522 5039 601 5096 illi
634 5037 744 5094 hoc
768 5036 1027 5108 accipere
1049 5034 1201 5105 quod
1224 5033 1556 5103 accipernnt
1581 5030 1903 5097 inferiores,
1928 5030 2065 5101 quia

358 5133 481 5202 jam
506 5132 738 5187 videtur
760 5127 883 5200 ipse
903 5125 1013 5182 sibi
1045 5122 1283 5180 melior:
1309 5128 1365 5179 et
1396 5128 1583 5178 tamen
1611 5119 1809 5176 omnia
1833 5126 2066 5192 peccata

365 5236 543 5291 super
586 5221 749 5275 illum
802 5221 961 5283 sunt,
995 5222 1046 5271 et
1078 5213 1189 5270 nisi
1227 5212 1442 5269 venerit
1492 5212 1563 5267 ad
1594 5211 1907 5267 salutarem
1956 5210 2067 5265 Ba-

365 5306 783 5376 ptismnm,ubi
810 5313 1039 5379 peccata
1056 5304 1529 5370 solvuntur,cnm
1553 5301 1707 5357 omni
1729 5298 2066 5355 excellentia

364 5411 465 5451 sua
496 5411 610 5449 non
662 5401 846 5465 potest
876 5399 1091 5453 intraro
1132 5396 1190 5451 in
1238 5409 1476 5466 regnum
1529 5391 1829 5449 caelorum.
1864 5391 1973 5445 Sed
2006 5392 2068 5444 ut

362 5484 526 5539 illam
558 5484 959 5539 excellentiam
991 5486 1260 5542 invitaret
1290 5484 1570 5540 Dominus
1604 5485 1673 5538 ad
1710 5480 2061 5553 baptismum

365 5588 562 5641 suum,
588 5578 651 5628 nt
682 5580 913 5645 peccata
936 5573 1020 5628 illi
1051 5574 1503 5645 dimitterentur,
1521 5573 1680 5629 venit
1710 5571 1836 5644 ipse
1857 5573 1927 5628 ad
1961 5571 2064 5626 ba-

368 5663 649 5741 ptismnm
681 5664 830 5722 servi
861 5663 951 5719 sui
977 5680 993 5735 ;
1026 5669 1080 5718 et
1107 5679 1240 5721 cum
1263 5664 1390 5736 ipse
1420 5681 1535 5721 non
1558 5664 1797 5722 haberet
1826 5664 1981 5736 quod
2011 5661 2062 5719 ei

1312 310 1394 371 IN
1440 308 1765 369 JOANNIS
1813 307 2365 383 EVANGELIUM,
2414 312 2479 371 S.
2526 310 2951 372 AUGUSTINI

3736 318 3889 380 1412

2176 445 2588 512 dimitteretur,
2623 462 2728 502 nec
2776 449 2931 518 quod
2982 448 3036 502 in
3072 447 3168 504 illo
3216 448 3531 522 lavaretur,
3573 457 3887 528 suscepita

2177 552 2339 591 servo
2389 536 2748 606 baptismum
2782 556 2795 604 ;
2829 546 2880 591 et
2914 546 3192 609 tanquam
3243 539 3533 596 allocutus
3573 553 3656 599 est
3698 545 3885 602 filium

2175 626 2611 697 superbientem
2635 632 2691 682 et
2710 629 3079 685 extollentem
3105 646 3186 697 se,
3211 648 3275 685 ac
3300 631 3713 703 dedignantem
3740 638 3886 693 forte

2175 715 2432 786 accipere
2476 733 2607 771 cum
2639 716 2836 771 idiotis
2888 720 3040 774 unde
3071 720 3121 773 ei
3156 721 3340 789 possit
3372 720 3533 777 salus
3578 725 3795 793 venire,
3828 731 3884 781 et

2176 806 2339 875 quasi
2364 806 2562 860 dicens
2589 824 2601 860 :
2628 807 2917 870 Quantum
2948 814 2999 864 te
3040 810 3306 864 extendis
3327 811 3353 865 ?
3386 818 3671 882 quantum
3699 816 3882 870 extol-

2181 895 2299 950 lis?
2330 902 2544 966 qnanta
2575 902 2663 950 est
2710 898 3045 953 excellentia
3078 900 3220 953 tua?
3251 907 3472 970 quanta
3519 906 3705 973 gratia
3740 906 3885 960 tua?

2181 988 2365 1055 major
2389 990 2574 1055 potest
2604 1002 2732 1041 esse
2762 1004 2933 1057 qnam
2957 989 3127 1042 mea?
3157 989 3329 1059 siege
3362 993 3492 1046 veni
3518 994 3585 1047 ad
3622 1011 3875 1065 servum,

2178 1079 2242 1130 tn
2275 1074 2611 1145 dedignaris
2661 1076 2855 1131 venire
2899 1077 2966 1131 ad
3015 1076 3376 1133 Dominum?
3409 1079 3457 1135 si
3498 1097 3603 1153 ego
3655 1085 3884 1156 suscepi

2178 1164 2530 1237 baptismum
2564 1165 2733 1233 servi,
2760 1172 2821 1221 tu
2853 1166 3186 1236 dedignaris
3219 1185 3250 1224 a
3282 1169 3525 1226 Domino
3558 1173 3886 1244 baptizari?

2251 1254 2337 1308 14.
2368 1254 2511 1309 Nam
2548 1259 2610 1309 nt
2638 1256 2930 1323 noveritis,
2966 1256 3169 1311 fratres
3213 1258 3343 1323 mei,
3376 1260 3511 1329 quia
3541 1278 3652 1316 non
3686 1279 3753 1317 ex
3784 1279 3885 1317 nc-

2179 1344 2448 1400 cessitate
2495 1344 2743 1414 alicujus
2790 1344 3004 1400 vinculi
3050 1346 3265 1416 peccati
3304 1348 3584 1405 Dozuiuns
3616 1352 3883 1407 veniebat

2178 1434 2247 1490 ad
2298 1432 2491 1505 ipsum
2538 1434 3039 1503 Joannem;sicnt
3086 1436 3290 1492 dicunt
3336 1437 3435 1492 alli
3486 1442 3881 1512 evangelista),

2177 1540 2311 1580 cum
2340 1525 2412 1580 ad
2443 1524 2611 1580 illum
2638 1526 2858 1582 veniret
2904 1526 3285 1599 baptizandus
3330 1529 3635 1599 Dominus,
3657 1531 3734 1587 ait
3760 1531 3882 1602 ipse

2176 1616 2462 1671 Joannes:
2496 1615 2570 1670 Tu
2601 1617 2673 1671 ad
2695 1631 2776 1671 me
2807 1618 3001 1672 venis?
3028 1633 3125 1685 ego
3155 1634 3189 1673 a
3211 1620 3261 1673 te
3290 1616 3452 1675 debeo
3485 1619 3784 1691 baptizari.
3820 1624 3885 1675 Et

2182 1703 2319 1774 quid
2352 1702 2402 1758 ei
2434 1703 2558 1775 ipse
2604 1704 2952 1774 respondit?
2982 1704 3108 1761 Sine
3153 1707 3342 1774 modo;
3372 1708 3675 1779 impleatur
3703 1711 3884 1777 omni:

2182 1792 2401 1861 iustitia
2427 1792 2642 1865 (Matth.
2674 1811 2761 1863 III,
2784 1796 2871 1864 14,
2898 1795 3002 1866 15).
3028 1794 3169 1860 Quid
3221 1800 3325 1864 est,
3360 1797 3661 1867 impleatur
3700 1801 3883 1854 omnis

2174 1885 2441 1953 justitia?
2487 1884 2626 1940 Mori
2684 1884 2811 1941 veni
2863 1901 2966 1956 pro
3024 1885 3387 1953 hominibus,
3440 1888 3716 1959 baptizari
3769 1906 3881 1944 non

2182 1973 2367 2028 habeo
2393 1990 2490 2045 pro
2512 1974 2890 2030 hominibus?
2914 1976 3055 2041 Quid
3079 1980 3188 2045 est,
3208 1977 3507 2047 impleatnr
3526 1980 3885 2050 omnisjusti-

2182 2066 2260 2118 tia
2282 2068 2309 2119 ἶ)
2341 2064 2653 2135 impleatur
2674 2065 2864 2122 omnis
2888 2065 3214 2133 humilitas.
3241 2068 3386 2133 Quid
3409 2085 3544 2141 ergo
3566 2071 3593 2125 ?
3624 2087 3734 2126 non
3759 2076 3885 2126 erat

2181 2158 2555 2224 suscepturus
2579 2155 2935 2228 baptismum
2961 2175 2992 2212 a
3026 2156 3175 2213 bono
3207 2173 3391 2226 servo,
3418 2158 3516 2230 qui
3549 2160 3878 2230 passionem

2180 2244 2435 2313 suscepit
2481 2262 2511 2298 a
2559 2244 2737 2299 servis
2790 2245 3008 2301 malis?
3050 2248 3335 2303 lntendite
3379 2264 3532 2319 ergo.
3584 2249 3878 2320 Baptizato

2181 2334 2443 2399 Domino,
2472 2334 2522 2388 si
2557 2338 2857 2405 prepterea
2907 2335 3219 2407 baptizavit
3265 2334 3536 2404 Joannes,
3569 2342 3634 2393 ut
3662 2339 3721 2395 in
3751 2341 3881 2411 ejus

2181 2424 2472 2492 baptismo
2520 2423 2803 2480 Dominus
2860 2427 3191 2483 ostenderet
3248 2426 3661 2495 humilitatem,
3710 2445 3881 2484 nemo

2182 2511 2332 2568 alius
2378 2513 2775 2585 baptizaretur
2823 2514 3110 2586 baptismo
3156 2515 3447 2572 Joannis?
3476 2516 3637 2572 Multi
3684 2523 3881 2573 autem

2180 2602 2454 2673 baptizati
2487 2607 2625 2658 sunt
2656 2604 2948 2676 baptismo
2979 2606 3261 2675 Joannis;
3296 2607 3623 2678 baptizatus
3653 2611 3741 2662 est
3767 2613 3881 2664 Do-

2182 2693 2378 2749 minus
2406 2694 2697 2765 baptismo
2725 2694 2989 2765 Joannis,
3015 2706 3067 2752 et
3098 2698 3341 2753 cessavit
3364 2698 3691 2768 baptismus
3715 2698 3886 2753 Joan-

2181 2785 2275 2840 nis
2304 2799 2319 2839 :
2351 2785 2488 2840 inde
2509 2784 2633 2855 jam
2657 2784 2871 2840 missus
2893 2792 2977 2841 est
2999 2787 3055 2841 in
3087 2803 3374 2842 carcerem
3398 2788 3692 2857 Joannes;
3725 2788 3885 2843 dein-

2180 2892 2313 2946 ceps
2347 2891 2517 2931 nemo
2568 2874 2897 2947 baptizatus
2946 2876 3235 2931 invenitur
3283 2876 3382 2932 illo
3415 2877 3787 2948 baptismate.
3820 2876 3882 2931 Si

2179 2982 2313 3036 ergo
2347 2970 2647 3037 propterea
2670 2968 2827 3021 venit
2858 2966 3178 3022 etJoannes
3211 2968 3533 3040 baptizans,
3562 2973 3624 3023 nt
3652 2966 3884 3023 Domini

2180 3055 2481 3111 humilitas
2506 3055 2673 3111 nobis
2703 3056 3223 3123 demonstraretur,
3248 3066 3307 3111 nt
3330 3058 3470 3129 quia
3500 3056 3596 3112 ille
3623 3058 3883 3127 suscepit

2181 3163 2213 3201 a
2243 3163 2425 3214 servo,
2452 3163 2555 3201 nos
2590 3163 2703 3200 non
2728 3145 3179 3218 dedignaremnr
3212 3148 3507 3218 suscipere
3529 3165 3561 3202 a
3593 3148 3874 3215 Domino;

2179 3236 2491 3317 Dominum
2542 3237 2730 3293 solum
2762 3241 3019 3293 Joannes
3071 3238 3435 3309 baptizaret?
3464 3240 3573 3293 Sed
3605 3239 3652 3293 si
3686 3238 3877 3294 solum

2179 3325 2490 3381 Dominum
2512 3325 2765 3385 Joannes
2797 3328 3128 3397 baptizaret,
3151 3344 3263 3382 non
3298 3327 3563 3383 deessent
3584 3327 3683 3398 qui
3717 3332 3878 3396 puta-

2179 3420 2305 3472 rent
2334 3417 2589 3471 sanctius
2614 3416 2789 3472 l'nisse
2821 3416 3111 3487 baptisma
3141 3416 3382 3472 Joannis
3408 3433 3582 3487 quam
3614 3415 3826 3471 Christi
3858 3433 3873 3471 :

2178 3504 2342 3576 quasi
2393 3504 2741 3575 baptismate
2770 3506 3013 3561 Joannis
3065 3504 3226 3561 solus
3256 3505 3519 3561 Christus
3569 3504 3879 3561 meruisset

2177 3593 2481 3666 baptizari,
2499 3596 2849 3666 baptismate
2870 3601 3061 3651 autem
3085 3596 3296 3652 Christi
3319 3612 3501 3667 genus
3524 3596 3873 3651 humanum.

2178 3684 2447 3741 Intendat
2466 3684 2729 3741 Charitas
2754 3690 2960 3741 vestra.
2990 3687 3347 3758 Baptismate
3368 3684 3582 3741 Christi
3608 3684 3883 3755 baptizati

2176 3790 2402 3843 sumus,
2438 3792 2550 3829 non
2584 3781 2807 3831 tantum
2844 3794 2969 3842 nos,
3001 3776 3105 3832 sed
3135 3781 3191 3832 et
3231 3778 3533 3833 universus
3567 3776 3723 3831 orbis
3755 3780 3881 3830 ter-

2176 3880 2388 3933 rarum,
2422 3870 2476 3921 et
2509 3866 2834 3938 baptizatur
2883 3884 3071 3938 usque
3100 3867 3160 3923 in
3194 3867 3391 3922 ﬁnem.
3426 3866 3561 3933 Quis
3612 3870 3879 3921 nostrum

2175 3960 2363 4027 potest
2411 3974 2475 4012 ex
2510 3956 2703 4028 aliqua
2756 3964 2914 4029 parte
2962 3957 3288 4030 comparari
3336 3958 3589 4025 Christo,
3616 3956 3783 4027 cujus
3816 3974 3881 4012 se

2171 4049 2423 4104 Joannes
2472 4047 2615 4102 dixit
2664 4048 2969 4121 indignum
3012 4049 3235 4104 solvere
3284 4048 3597 4119 corrigiam
3647 4045 3879 4102 calcea-

2174 4138 2404 4194 menti?
2435 4137 2493 4193 Si
2519 4152 2655 4209 ergo
2686 4137 2783 4193 ille
2814 4138 3086 4193 Christus
3116 4141 3291 4193 tanta:
3320 4136 3673 4192 excellentiae
3704 4135 3877 4191 homo

2173 4229 2347 4295 Dens,
2400 4226 2560 4282 solus
2620 4227 3009 4298 baptizaretur
3071 4228 3365 4297 baptismo
3425 4226 3688 4289 Joannis,
3739 4225 3875 4295 quid

2173 4318 2384 4374 dicturi
2447 4322 2611 4374 erant
2668 4317 2986 4373 homines?
3045 4316 3282 4382 Qualem
3350 4315 3705 4385 baptismum
3768 4312 3882 4368 ha—

2174 4408 2298 4463 buit
2343 4407 2641 4464 Joannes?
2673 4406 2944 4477 Magnum
2995 4406 3353 4476 baptismum
3403 4404 3630 4469 habuit,
3673 4402 3878 4457 ineffa-

2173 4498 2287 4552 bile
2334 4501 2763 4552 sacramentnm
2800 4512 2812 4550 :
2848 4497 2998 4563 vide,
3040 4497 3179 4567 quia
3229 4496 3389 4551 solus
3438 4493 3703 4549 Christus
3752 4509 3878 4548 me-

2173 4588 2287 4642 rnit
2337 4585 2614 4656 baptizari
2674 4585 2919 4640 Joannis
2968 4586 3282 4656 baptismo.
3335 4586 3523 4654 Atque
3570 4583 3650 4637 ita
3697 4582 3883 4650 major

2172 4676 2464 4731 videretur
2491 4674 2823 4745 baptismus
2855 4675 3024 4740 servi,
3050 4690 3227 4746 quam
3262 4672 3592 4743 baptismus
3622 4670 3875 4726 Domini.

2174 4764 2456 4836 Baptizati
2507 4769 2641 4820 sunt
2687 4768 2745 4819 et
2784 4764 2880 4819 alii
2923 4764 3212 4835 baptismo
3258 4762 3519 4828 Joannis,
3556 4775 3626 4815 ne
3674 4758 3882 4815 melior

2174 4855 2501 4926 baptismus
2516 4856 2803 4909 videretur
2824 4854 3065 4910 Joannis
3084 4869 3256 4924 quam
3283 4852 3528 4919 Christi;
3554 4851 3880 4920 baptizatus

2174 4950 2367 4999 autem
2392 4951 2447 5000 et
2480 4945 2853 5020 Dominus,ut
2875 4942 3119 4997 Domino
3143 4941 3497 5011 suscipiente
3520 4940 3880 5009 baptismum

2173 5036 2468 5098 servi,non
2483 5034 2935 5106 dedignarentnr
2948 5031 3042 5087 alii
3060 5032 3202 5088 servi
3218 5031 3513 5102 suscipere
3529 5028 3883 5100 baptismum

2173 5124 2404 5180 Domini
2439 5139 2451 5177 :
2486 5125 2553 5178 ad
2588 5124 2695 5178 hoc
2725 5139 2860 5194 ergo
2895 5122 3113 5177 missus
3139 5125 3259 5178 erat
3289 5121 3563 5177 Joannes.

2247 5213 2333 5267 15.
2380 5212 2491 5268 Sed
2542 5216 2775 5267 noverat
2839 5211 3154 5278 Christum,
3204 5228 3277 5267 an
3328 5228 3435 5268 non
3488 5207 3769 5264 noverat?
3819 5207 3881 5261 Si

2172 5320 2288 5359 non
2323 5307 2574 5373 noverat,
2607 5319 2785 5375 quare
2824 5302 3046 5357 dicebat
3079 5302 3312 5373 quando
3345 5300 3499 5357 venit
3530 5299 3600 5354 ad
3634 5298 3876 5353 fluvium

2170 5395 2430 5451 Christus
2466 5411 2478 5449 :
2514 5395 2627 5468 Ego
2656 5410 2691 5448 a
2721 5399 2772 5449 te
2800 5393 2960 5449 debeo
2994 5393 3321 5464 baptizari?
3349 5393 3457 5447 hoc
3487 5394 3591 5455 est,
3616 5388 3745 5444 Scio
3777 5388 3881 5458 qui

2174 5484 2270 5540 sis.
2307 5484 2363 5539 Si
2396 5501 2529 5557 ergo
2554 5484 2679 5554 jam
2712 5487 2970 5547 noverat,
2993 5487 3147 5540 certe
3178 5487 3320 5539 tunc
3350 5479 3618 5553 cognovit
3648 5478 3882 5549 quando

2175 5572 2315 5627 vidit
2344 5572 2677 5630 columbam
2723 5574 3177 5631 descendentem.
3213 5572 3585 5629 Manifestum
3618 5570 3709 5624 est
3740 5565 3885 5637 quia

2176 5662 2450 5719 columba
2473 5680 2587 5721 non
2617 5664 2915 5720 descendit
2944 5679 3118 5737 super
3146 5662 3481 5729 Dominum,
3504 5658 3619 5716 nisi
3651 5660 3890 5730 postea-
