4170 6188
285 289 436 352 1413

266 447 435 504 quam
463 429 729 486 ascendit
761 431 832 485 ab
857 447 1002 500 aqua
1025 429 1319 501 baptismi.
1344 429 1629 486 Dominus
1651 432 1978 503 baptizatus

269 522 524 578 ascendit
556 522 627 577 ab
662 520 1042 593 aqua,aperti
1074 525 1210 578 sunt
1233 520 1382 588 omli,
1409 527 1465 576 et
1486 522 1630 578 vidit
1654 539 1829 595 super
1849 542 1979 582 eum

265 612 609 668 columbam.
663 609 723 666 Si
773 627 904 681 ergo
955 617 1088 683 post
1129 611 1498 682 baptismum
1537 613 1838 669 descendit
1885 633 1984 672 co-

265 701 478 761 lumba,
512 705 573 754 et
604 704 922 770 antequam
957 699 1343 770 baptizaretur
1384 699 1689 770 Dominus,
1723 703 1868 758 dixit
1899 704 1985 759 illi

264 793 534 859 Joannes,
571 791 645 845 Tu
691 790 763 845 ad
811 806 896 845 me
925 793 1074 846 venis
1104 793 1130 843 .9
1160 805 1257 860 ego
1287 809 1321 845 a
1362 798 1414 846 te
1452 792 1612 847 debeo
1649 793 1926 864 baptizari
1956 801 1984 853 ?

270 887 414 950 ante,
449 880 620 935 illum
656 884 916 948 noverat,
951 880 1044 935 cui
1072 879 1237 948 dixit,
1273 881 1344 934 Tu
1366 880 1436 935 ad
1465 899 1549 938 me
1593 885 1742 938 venis
1773 887 1801 939 ι)
1832 901 1923 956 ego
1953 903 1986 941 a

269 979 314 1028 te
339 973 504 1027 debeo
535 970 814 1042 baptizari
842 973 870 1025 ?
900 972 1194 1041 quomodo
1224 987 1357 1043 ergo
1389 971 1552 1041 dixit,
1597 995 1625 1023 «
1657 974 1725 1029 Et
1755 991 1858 1044 ego
1893 993 1985 1032 ne-

268 1061 521 1118 sciebam
555 1075 692 1114 eum
728 1077 741 1126 ;
793 1060 892 1114 sed
946 1060 1042 1130 qui
1078 1076 1169 1115 me
1201 1061 1350 1115 misit
1394 1062 1686 1132 baptizare
1720 1063 1776 1117 in
1810 1081 1984 1136 aqua,

269 1151 361 1205 ille
395 1148 540 1205 mihi
573 1149 733 1215 dixit,
766 1153 952 1220 Super
983 1165 1156 1219 quem
1192 1149 1402 1205 videris
1429 1152 1707 1222 Spiritum
1742 1154 1988 1210 descen-

270 1245 502 1298 dentem
537 1241 687 1296 sicut
736 1241 1091 1307 columbam,
1144 1246 1200 1296 et
1231 1247 1567 1296 manentem
1608 1260 1787 1314 super
1829 1261 1988 1313 eum,

269 1333 390 1404 ipse
415 1335 504 1386 est
534 1330 630 1401 qui
663 1330 914 1400 baptizat
953 1328 1012 1385 in
1044 1330 1264 1401 Spiritu
1305 1339 1504 1387 sancto
1533 1331 1560 1385 ?
1607 1353 1635 1382 »
1670 1332 1792 1387 Non
1817 1349 1992 1404 parva

271 1419 507 1491 quaestio
538 1424 650 1486 est,
683 1420 890 1474 fratres
924 1421 1055 1474 mei.
1093 1421 1149 1474 Si
1182 1420 1407 1476 vidistis
1430 1422 1841 1492 quaestionem,
1876 1439 1989 1477 non

273 1527 474 1581 parum
501 1509 731 1564 vidistis
763 1527 775 1563 :
815 1514 1074 1580 superest
1103 1513 1164 1563 ut
1195 1509 1381 1581 ipsius
1415 1510 1763 1567 solutionem
1799 1512 1994 1568 Domi-

275 1616 379 1654 nus
411 1599 530 1653 det.
572 1597 788 1652 Tamen
824 1598 968 1652 illud
1013 1599 1162 1663 dico,
1209 1599 1254 1652 si
1306 1598 1536 1654 vidistis
1587 1600 1989 1671 quaistionem,

272 1706 378 1744 non
413 1692 504 1743 est
537 1704 763 1757 parum.
797 1687 936 1743 Ecce
972 1691 1194 1759 positus
1218 1694 1307 1744 est
1335 1689 1591 1745 Joannes
1630 1697 1760 1746 ante
1792 1691 1989 1747 oculos

275 1785 512 1845 vestros,
560 1785 719 1832 stans
773 1778 843 1832 ad
896 1778 1138 1833 ﬂuvium
1198 1778 1456 1835 Joannes
1505 1780 1812 1851 Baptista;
1857 1798 1989 1837 ecce

275 1865 422 1922 venit
439 1867 724 1920 Dominus
740 1866 931 1920 adhuc
946 1865 1514 1937 baptizandus,nond
1528 1884 1613 1923 um
1627 1869 1982 1940 baptizatus:

275 1958 400 2010 audi
435 1972 637 2012 vocem
668 1955 931 2023 Joannis,
967 1957 1039 2010 Tu
1060 1956 1129 2010 ad
1173 1974 1257 2012 me
1287 1958 1435 2013 venis
1465 1961 1608 2030 ?ego
1660 1976 1692 2014 a
1729 1963 1782 2015 te
1828 1960 1987 2015 debeo

276 2049 550 2118 baptizari
581 2063 752 2113 ;ecce
784 2048 898 2116 jam
945 2048 1239 2117 cognoscit
1271 2048 1606 2116 Dominum,
1649 2068 1679 2104 a
1721 2067 1835 2121 quo
1867 2050 1990 2105 vult

277 2137 578 2207 baptizari.
605 2136 938 2206 Baptizatus
976 2134 1255 2191 Dominus
1279 2139 1543 2192 ascendit
1567 2140 1638 2194 ab
1669 2155 1837 2209 aqua,
1863 2155 1990 2210 ape-

276 2228 514 2281 riuntur
546 2225 700 2290 coeli,
733 2225 1033 2280 descendit
1070 2225 1337 2296 Spiritus,
1372 2227 1544 2282 modo
1576 2227 1742 2282 illum
1775 2243 1987 2300 cogno-

276 2318 382 2373 scit
429 2315 727 2370 Joannes:
789 2315 838 2370 si
892 2316 1057 2371 modo
1109 2315 1274 2370 illum
1336 2317 1649 2387 cognoscit,
1705 2318 1804 2389 qui
1847 2317 1992 2374 dixit

277 2413 468 2476 antea,
503 2407 613 2476 Ego
643 2424 675 2460 a
706 2414 756 2460 te
789 2407 958 2461 debeo
991 2405 1266 2477 baptizari
1294 2409 1322 2462 ?
1359 2407 1420 2462 Si
1481 2412 1674 2464 autem
1713 2426 1825 2464 non
1855 2425 1990 2465 eum

277 2497 448 2551 modo
474 2494 793 2564 cognoscit,
815 2495 1089 2565 quiajam
1124 2499 1356 2550 noverat
1377 2512 1535 2564 eum,
1559 2496 1696 2568 quid
1730 2503 1818 2554 est
1843 2499 1991 2568 quod

277 2587 436 2654 dixit,
477 2607 504 2633 α
543 2590 669 2640 Non
697 2601 965 2640 noveram
1001 2599 1132 2640 eum
1165 2603 1180 2653 ;
1213 2585 1310 2640 sed
1343 2584 1443 2656 qui
1485 2600 1576 2642 me
1608 2586 1766 2642 misit
1796 2587 1992 2656 bapti-

273 2691 402 2730 zare
434 2674 498 2728 in
549 2689 720 2744 aqua,
767 2671 864 2728 ille
909 2672 1054 2728 mibi
1104 2672 1269 2742 dixit,
1319 2674 1505 2745 Super
1552 2691 1730 2746 quem
1778 2674 1994 2730 videris

272 2764 560 2838 Spiritum
612 2762 1083 2830 descendentem,
1133 2770 1186 2817 et
1247 2767 1576 2819 manentem
1627 2781 1803 2836 super
1860 2780 1994 2819 eum

277 2856 428 2911 sicut
482 2852 842 2920 columbam,
889 2853 1015 2923 ipse
1063 2856 1153 2908 est
1211 2851 1308 2925 qui
1367 2853 1620 2923 baptizat
1668 2853 1726 2909 in
1779 2853 1996 2925 Spiritu

277 2952 480 3001 sancto
510 2943 538 2997 ?
579 2964 607 2989 ››

348 3035 438 3090 16.
475 3033 725 3098 Fratres,
759 3030 871 3086 ista
903 3030 1142 3100 quaestio
1175 3029 1221 3085 si
1272 3029 1446 3086 hodie
1486 3029 1764 3097 solvatur,
1797 3037 2002 3103 gravat

279 3141 396 3192 vos,
422 3140 540 3178 non
579 3121 801 3186 dubito,
836 3119 971 3192 quia
1008 3120 1134 3191 jam
1177 3120 1362 3176 multa
1410 3121 1563 3176 dicta
1594 3129 1748 3176 sunt.
1793 3121 2002 3178 Sciatis

282 3218 478 3270 autem
515 3210 694 3267 talem
713 3210 884 3267 istam
909 3211 1290 3281 quaestionem
1325 3227 1470 3280 esse,
1491 3214 1556 3265 ut
1576 3211 1696 3266 hinc
1718 3212 1843 3268 sola
1867 3229 2002 3284 per-

282 3306 420 3360 imat
453 3307 681 3374 patrem
717 3301 945 3356 Donati.
977 3299 1064 3356 Ad
1094 3299 1200 3356 hoc
1224 3300 1340 3355 dixi
1372 3300 1657 3356 Charitati
1688 3307 1911 3371 vestra,
1939 3305 2004 3358 ut

281 3395 542 3450 intentos
565 3408 665 3447 vos
688 3391 958 3459 facerem,
991 3390 1262 3446 similiter
1286 3395 1346 3446 ut
1367 3389 1523 3447 soleo
1546 3411 1560 3459 ;
1587 3391 1764 3447 simul
1789 3396 1853 3447 ut
1874 3408 1999 3448 ore-

280 3483 356 3538 tis
389 3499 495 3554 pro
528 3481 700 3536 nobis
727 3485 783 3534 et
818 3480 995 3546 vobis,
1033 3485 1090 3534 ut
1111 3488 1163 3534 et
1191 3478 1358 3534 nobis
1390 3480 1484 3534 det
1515 3479 1796 3535 Dominus
1826 3481 2002 3553 digna

283 3571 465 3643 loqui,
501 3577 554 3625 et
595 3585 698 3623 vos
730 3568 903 3639 digna
934 3583 1136 3639 capere
1177 3567 1536 3623 mereamini.
1571 3567 1805 3624 Interim
1833 3569 2006 3626 hodie

282 3659 615 3732 dignemini
639 3658 888 3713 differre.
921 3657 1031 3713 Sed
1056 3658 1163 3713 hoc
1186 3657 1432 3713 breviter
1464 3657 1589 3714 dico
1622 3659 1878 3726 interim,
1905 3660 2002 3716 do-

283 3765 390 3806 nec
413 3750 685 3804 solvatur
710 3764 722 3802 :
747 3746 1102 3817 interrogate
1129 3745 1385 3817 paciﬁce,
1410 3746 1536 3801 sine
1558 3745 1703 3814 rixa,
1727 3747 1853 3803 sine
1876 3763 2008 3804 con-

283 3839 568 3904 tentione,
593 3835 719 3889 sine
750 3831 1251 3901 altercationibus,
1277 3832 1403 3889 sine
1425 3832 1754 3889 inimicitiis
1787 3850 1800 3901 ;
1834 3838 1890 3889 et
1911 3851 2007 3890 vo-

285 3926 514 3982 biscum
549 3922 811 3995 quarite,
847 3930 900 3978 et
933 3921 1074 3978 alios
1119 3922 1490 3994 interrogate,
1541 3927 1596 3978 et
1627 3923 1818 3990 dicite,
1852 3923 2010 3980 Hanc

287 4015 671 4087 quaestionem
716 4012 1024 4084 proposuit
1048 4011 1216 4068 nobis
1247 4011 1421 4068 hodie
1450 4012 1761 4084 episcopus
1793 4019 2010 4083 noster,

286 4103 609 4176 aliquando
635 4101 684 4157 si
708 4102 994 4157 Dominus
1009 4101 1379 4170 concesserit,
1404 4101 1706 4157 soluturus
1731 4119 1881 4158 eam.
1904 4105 2012 4159 Sed

288 4196 408 4251 sive
422 4193 685 4250 solvatur
705 4193 825 4247 sive
847 4208 957 4246 non
983 4190 1255 4254 solvatur,
1288 4196 1488 4264 putate
1529 4209 1620 4247 me
1643 4193 2014 4262 proposuisse

288 4287 444 4354 quod
483 4300 578 4338 me
613 4286 839 4336 movet:
877 4297 1109 4337 moveor
1140 4282 1295 4338 enim
1333 4283 1608 4338 multum.
1652 4282 1797 4337 Dicit
1839 4283 2012 4338 Joan-

291 4392 417 4440 nes,
453 4377 564 4445 Ego
585 4390 619 4426 a
653 4381 703 4427 te
722 4372 882 4426 debeo
913 4372 1229 4443 baptizari;
1257 4377 1536 4444 tanquam
1568 4371 1794 4428 Christo
1817 4373 2013 4443 cogni-

293 4475 369 4519 to.
404 4463 466 4518 Si
501 4462 656 4517 enim
692 4476 807 4515 non
830 4465 1069 4517 noverat
1102 4477 1234 4516 eum
1267 4478 1300 4516 a
1330 4477 1442 4531 quo
1461 4459 1686 4516 volebat
1713 4460 2010 4530 baptizari,

295 4559 517 4609 temere
546 4551 798 4617 dicebat,
831 4551 939 4618 Ego
960 4567 993 4604 a
1016 4553 1065 4606 te
1093 4549 1254 4607 debeo
1277 4551 1572 4620 baptizari.
1606 4549 1854 4605 Noverat
1885 4566 2014 4620 ergo

296 4660 457 4700 eum.
493 4642 552 4698 Si
597 4643 836 4695 noverat
866 4655 1020 4706 eum,
1055 4640 1189 4711 quid
1221 4645 1310 4696 est
1341 4656 1475 4711 ergo
1517 4640 1669 4710 quod
1705 4639 1870 4708 dicit,
1900 4640 2015 4694 Non

297 4749 561 4789 noveram
588 4746 710 4785 eum
735 4749 752 4794 ;
783 4730 875 4784 sed
904 4731 1001 4801 qui
1027 4745 1115 4784 me
1135 4733 1287 4786 misit
1319 4732 1597 4801 baptizare
1628 4732 1682 4784 in
1713 4747 1873 4800 aqua,
1909 4733 2019 4801 ipse

299 4824 442 4879 mihi
471 4821 644 4887 dixit,
677 4819 852 4890 Super
879 4835 1040 4889 quem
1071 4819 1272 4874 videris
1302 4819 1572 4889 Spiritum
1611 4819 2017 4874 descendentem

300 4924 352 4969 et
381 4919 701 4967 manentem
731 4925 892 4978 super
931 4925 1074 4968 eum,
1124 4911 1264 4964 sicut
1294 4907 1628 4976 columbam,
1671 4908 1786 4979 ipse
1814 4915 1892 4963 est
1923 4909 2019 4979 qui

306 5005 523 5074 baptisa
546 5001 642 5056 tiu
675 5000 890 5068 Spiritu
917 5005 1104 5053 sancto
1130 5001 1158 5054 ?
1177 4999 1324 5063 Quid
1358 4997 1568 5053 dicturi
1590 5014 1800 5053 sumus
1819 4998 1845 5052 ?
1875 4998 2022 5062 Quia

305 5109 417 5148 non
453 5091 682 5146 scimus
716 5088 951 5160 quando
972 5089 1187 5143 venerit
1219 5087 1488 5142 columba
1509 5087 1536 5142 ?
1559 5087 1640 5142 Ne
1663 5088 1804 5142 forte
1833 5086 1910 5141 ibi
1937 5086 2022 5141 la-

303 5187 464 5238 teant
499 5182 540 5249 ¹,
577 5182 845 5252 legantur
882 5178 978 5231 alii
1013 5177 1392 5248 evangelista,
1445 5178 1541 5248 qui
1593 5176 1822 5246 planius
1873 5176 2014 5231 illud

308 5273 583 5326 dixerunt
613 5287 624 5324 :
659 5275 714 5323 et
745 5267 1075 5322 invenimus
1101 5267 1469 5334 apertissime
1489 5270 1630 5322 tunc
1662 5265 2023 5321 descendisse

311 5364 672 5420 columbam,
725 5375 858 5413 cum
910 5357 1192 5412 Dominus
1223 5359 1296 5413 ab
1344 5375 1492 5431 aqua
1532 5357 1806 5413 ascendit.
1841 5357 2026 5428 Super

311 5455 672 5524 baptizatum
707 5448 860 5504 enim
883 5447 1065 5518 aperti
1116 5453 1257 5503 sunt
1304 5449 1454 5516 coeli,
1480 5453 1535 5503 et
1573 5447 1716 5502 vidit
1745 5446 2026 5518 Spiritum

310 5543 765 5601 descendentem
797 5536 1012 5604 (Matth.
1046 5553 1131 5608 in,
1169 5537 1270 5606 t6;
1305 5539 1464 5594 Marc.
1516 5554 1554 5605 ι,
1591 5538 1674 5606 10,
1708 5543 1758 5592 et
1792 5540 1914 5591 Luc.
1949 5552 2032 5607 tu,

378 5708 395 5744 ι
426 5702 586 5766 Editi,
611 5700 798 5752 lateat.
835 5699 982 5758 Mam,
1013 5696 1252 5749 lateant:
1283 5696 1508 5758 scilicet,
1545 5697 1856 5749 Donatistae.

1543 291 2012 356 TRACTATUS
2057 295 2130 358 ν.
2177 297 2437 360 CAPUT
2482 302 2528 360 Ι.

3646 310 3802 373 14η

2089 440 2152 495 21
2189 445 2237 495 et
2265 441 2375 512 2‘3).
2429 443 2486 497 Si
2514 441 2642 512 'gjam
2692 443 3043 512 baptizatum
3095 450 3384 516 cognovit,
3432 455 3680 511 venienti
3731 461 3799 515 ad

2093 530 2380 602 haptisme
2411 533 2701 606 quomodo
2751 533 2911 600 dicit,
2965 537 3070 606 Ego
3108 553 3148 592 α
3193 543 3243 592 te
3272 539 3434 596 debeo
3470 543 3750 615 baptizari
3777 554 3804 605 7

2094 621 2250 678 Hanc
2296 624 2599 678 vobiscum
2654 624 2886 680 interim
2939 628 3252 696 ruminate,
3304 629 3454 686 banc
3503 636 3800 694 vobiscum

2093 713 2370 783 conferte,
2406 713 2555 769 hanc
2611 714 2912 771 vobiscum
2957 720 3220 773 tractata.
3254 720 3494 778 Prestet
3530 725 3806 785 Dominus

2095 803 2252 858 Deus
2272 808 2468 859 noster
2490 809 2551 859 ut
2573 809 2887 876 antequam
2913 824 2944 861 a
2966 824 3056 863 me
3075 811 3347 880 audiatis,
3364 812 3532 870 alicui
3549 825 3804 876 vestrum

2099 893 2278 966 priori
2310 911 2437 949 eam
2470 895 2700 951 revelat.
2733 898 2970 966 Tamen,
3025 900 3250 966 fratres,
3282 902 3388 957 hoc
3421 906 3644 971 sciatis,
3672 911 3807 981 quia

2098 999 2199 1054 per
2229 983 2402 1039 istius
2435 985 2776 1055 qumstionis
2810 986 3186 1054 solutionem,
3211 1007 3407 1047 vocem
3435 1011 3567 1064 pars
3600 997 3807 1054 Donati

2097 1071 2167 1125 de
2199 1074 2473 1142 Baptismi
2507 1077 2706 1144 gratia,
2744 1074 2838 1128 ubi
2869 1077 3112 1132 nebulas
3145 1080 3469 1136 obtendunt
3499 1084 3806 1157 imperitis,

2098 1165 2153 1215 et
2195 1162 2336 1215 retia
2384 1162 2625 1216 tendunt
2671 1163 2877 1217 avibus
2919 1164 3269 1234 volantibus,
3323 1171 3370 1223 si
3424 1172 3665 1229 frontem
3713 1179 3810 1231 ha-

2100 1248 2294 1317 beant,
2329 1249 2566 1306 omnino
2620 1268 2731 1306 non
2787 1252 3125 1309 habebunt:
3180 1260 3416 1314 omnino
3465 1277 3665 1318 eorum
3714 1281 3811 1319 ora

2101 1337 2466 1394 claudentur.

2689 1433 3102 1490 TliACTA'l‘US
3139 1440 3202 1489 V.

2104 1536 2340 1590 Rursum
2373 1537 2430 1590 in
2482 1536 2641 1603 illud,
2699 1539 2762 1592 Et
2812 1555 2916 1609 ego
2969 1540 3296 1596 nesciebam
3349 1560 3505 1614 eum,
3536 1553 3635 1600 etc.
3675 1552 3812 1616 Quid

2172 1627 2298 1679 novi
2342 1627 2574 1680 Joannes
2622 1627 2886 1682 didicerit
2942 1629 3004 1684 de
3062 1631 3288 1687 Domino
3339 1648 3437 1701 per
3483 1637 3811 1694 columbam.

2178 1714 2309 1786 Cap.
2345 1732 2383 1784 ι,
2418 1718 2468 1784 ,i“.
2505 1720 2592 1772 33.

2178 1823 2394 1879 1.Sicut
2410 1824 2685 1881 Dominus
2703 1825 2978 1900 Voluit,ad
2996 1828 3146 1884 diem
3165 1832 3570 1901 promissionis
3602 1842 3807 1893 nostrae

2104 1913 2502 1985 pervenimus:
2524 1916 2818 1984 praestabit
2841 1916 3015 1972 etiam
3033 1919 3162 1985 hoc,
3187 1925 3250 1974 ut
3273 1923 3342 1976 ad
3363 1924 3546 1992 ipsius
3566 1930 3810 1997 promis-

2104 2002 2284 2057 sionis
2307 2003 2687 2059 redditionem
2726 2007 3020 2076 pervenire
3045 2010 3345 2077 possimus.
3366 2014 3529 2068 Tune
3566 2018 3717 2071 enim
3745 2034 3810 2073 ea

2105 2109 2229 2162 qua:
2263 2092 2535 2161 dicimus,
2570 2098 2624 2147 et
2647 2096 2812 2150 nobis
2843 2100 2897 2151 et
2929 2098 3090 2152 vobis
3122 2099 3169 2154 si
3197 2100 3360 2156 utilia
3393 2108 3547 2170 sunt,
3583 2106 3654 2160 ab
3688 2108 3810 2176 ipso

2103 2187 2414 2252 sunt:qum
2429 2186 2623 2237 autem
2643 2185 2712 2239 ab
2727 2185 2962 2242 homine
2978 2193 3134 2255 sunt,
3154 2192 3452 2246 mendacia
3471 2200 3608 2248 sunt
3630 2215 3641 2263 ;
3661 2197 3812 2251 sicut

2101 2270 2228 2342 ipse
2259 2271 2404 2326 dixit
2428 2273 3111 2342 DominusfnosterJesus
3136 2278 3423 2347 Christus,
3451 2284 3554 2349 Qui
3576 2285 3820 2354 loquitur

2106 2360 2469 2425 mendacium,
2501 2361 2566 2416 de
2594 2379 2691 2417 suo
2726 2363 3166 2434 toquituonan.
3202 2384 3320 2436 vni,
3354 2370 3464 2438 4-4).
3500 2371 3678 2426 Nemo
3711 2374 3815 2428 ba-

2111 2450 2206 2505 bet
2239 2452 2308 2505 de
2338 2467 2464 2518 suo,
2500 2451 2611 2506 nisi
2651 2454 3009 2508 mendacium
3049 2463 3095 2508 et
3126 2462 3438 2526 peccatum.
3472 2459 3529 2515 Si
3556 2461 3690 2530 quid
3720 2479 3819 2517 au-

2109 2544 2225 2594 tem
2248 2541 2422 2596 homo
2448 2541 2619 2597 habet
2650 2542 2908 2598 veritatis
2939 2546 3392 2616 atquejustitiae,
3428 2548 3498 2602 ab
3536 2548 3633 2604 illo
3669 2551 3820 2607 fonte

2109 2632 2216 2696 est,
2251 2644 2418 2700 quem
2449 2630 2730 2685 debemus
2753 2630 2912 2685 sitire
2944 2631 3000 2686 in
3029 2632 3133 2688 bac
3156 2650 3368 2705 eremo,
3393 2641 3454 2690 ut
3477 2654 3541 2692 ex
3559 2655 3623 2694 eo
3649 2641 3818 2711 quasi

2109 2719 2294 2788 guttis
2344 2719 2699 2789 quibusdam
2732 2720 2980 2787 irrorati,
3031 2727 3087 2776 et
3117 2723 3173 2778 in
3209 2723 3314 2780 hac
3357 2730 3821 2798 peregrinatione

2110 2809 2346 2864 interim
2371 2810 2678 2876 consolati,
2703 2827 2772 2865 ne
2797 2811 3139 2868 deficiamus
3163 2813 3220 2868 in
3245 2815 3353 2879 via,
3378 2817 3573 2873 venire
3596 2821 3662 2873 ad
3691 2820 3821 2890 ejus

2115 2900 2374 2970 requiem
2409 2900 2769 2970 satietatemq
2783 2917 2850 2955 ue
2870 2900 3184 2971 possimus.
3211 2905 3270 2960 Si
3297 2921 3432 2978 ergo
3458 2911 3552 2978 qui
3578 2909 3824 2980 loquitur

2113 2989 2478 3054 mendacium,
2506 2990 2568 3043 de
2586 3006 2683 3044 suo
2711 2990 2986 3060 loquitur:
3011 2993 3104 3062 qui
3131 2993 3724 3066 loquiturveritatem,
3751 3001 3823 3054 de

2115 3079 2230 3134 Deo
2255 3079 2527 3150 loquitur.
2567 3085 2748 3135 Verax
2777 3080 3056 3148 Joannes,
3082 3085 3290 3141 veritas
3311 3087 3575 3144 Christus
3602 3108 3614 3157 ;
3650 3107 3820 3146 verax

2114 3169 2385 3234 Joannes,
2408 3168 2505 3223 sed
2528 3169 2716 3224 omnis
2737 3187 2911 3225 verax
2941 3188 2974 3226 a
2996 3174 3229 3229 veritate
3253 3192 3419 3231 verax
3450 3183 3535 3232 est
3562 3196 3574 3232 :
3611 3180 3659 3234 si
3690 3197 3826 3252 ergo

2118 3275 2288 3314 verax
2318 3267 2401 3314 est
2432 3259 2707 3328 Joannes,
2757 3263 2813 3316 et
2864 3277 3033 3317 verax
3077 3280 3203 3321 esse
3234 3265 3408 3322 homo
3450 3284 3562 3323 non
3610 3273 3824 3340 potest,

2120 3348 2234 3403 nisi
2261 3365 2290 3402 a
2322 3349 2561 3404 veritate
2588 3368 2601 3417 ;
2627 3369 2657 3405 a
2690 3366 2799 3421 quo
2832 3359 2953 3405 erat
2983 3367 3172 3421 verax,
3207 3355 3317 3409 nisi
3343 3356 3413 3410 ab
3436 3373 3501 3412 eo
3535 3359 3627 3428 qui
3657 3359 3824 3424 dixit,

2119 3441 2228 3508 Ego
2258 3457 2376 3495 sum
2399 3441 2600 3495 veritas
2628 3442 2733 3512 (Id.
2757 3458 2870 3509 x1v,
2903 3443 2958 3513 6)
2985 3445 3012 3498 ?
3041 3447 3162 3498 Non
3195 3459 3351 3514 ergo,
3386 3451 3583 3515 posset
3614 3447 3825 3513 dicere,

2119 3535 2220 3585 aut
2251 3531 2459 3585 veritas
2492 3536 2690 3586 contra
2724 3547 3010 3599 veracem,
3043 3539 3140 3586 aut
3174 3549 3344 3586 verax
3384 3537 3585 3589 contra
3621 3535 3827 3589 verita-

2121 3625 2260 3676 tem.
2297 3620 2565 3675 Veracem
2599 3621 2808 3674 veritas
2843 3621 3039 3690 misit;
3072 3627 3128 3675 et
3159 3621 3283 3676 ideo
3315 3638 3484 3676 verax
3515 3629 3655 3690 erat,
3693 3641 3829 3694 quo-

2124 3710 2278 3763 niam
2303 3727 2332 3762 a
2363 3709 2598 3762 veritate
2628 3707 2843 3763 missus
2866 3717 3003 3765 erat.
3027 3711 3084 3765 Si
3109 3711 3318 3764 veritas
3347 3711 3631 3768 Joannem
3655 3713 3830 3770 mise-

2127 3804 2236 3869 rat,
2269 3798 2527 3853 Christus
2557 3813 2692 3854 eum
2725 3799 2983 3855 miserat.
3044 3802 3152 3857 Sed
3187 3801 3341 3872 quod
3384 3801 3649 3859 Christus
3700 3821 3832 3860 cum

2128 3890 2293 3945 Patre
2325 3889 2484 3957 facit,
2526 3888 2689 3944 Pater
2739 3890 2877 3945 facit
2908 3906 2922 3946 :
2958 3898 3009 3946 et
3059 3891 3210 3962 quod
3245 3895 3412 3948 Pater
3442 3909 3572 3949 cum
3606 3895 3836 3952 Christo

2127 3981 2280 4051 facit,
2322 3979 2590 4036 Christus
2621 3979 2772 4036 facit.
2806 3985 2920 4037 Nec
2962 3999 3220 4039 seorsum
3255 3983 3421 4040 Pater
3451 3985 3670 4059 aliquid
3705 3988 3842 4043 facit

2129 4071 2256 4126 sine
2303 4070 2481 4140 Filio;
2530 4087 2631 4127 nec
2665 4089 2929 4128 seorsum
2989 4073 3204 4145 aliquid
3239 4073 3416 4131 Filius
3467 4077 3590 4131 sine
3623 4077 3833 4134 Patre:

2129 4164 2535 4234 inseparabilis
2549 4163 2816 4232 charitas,
2836 4165 3469 4236 inseparabilisunitas,
3485 4167 3841 4237 inseparabi-

2130 4251 2202 4307 lis
2238 4253 2526 4323 majestas,
2573 4253 2976 4324 inseparabilis
3028 4259 3299 4324 potestas,
3343 4257 3664 4310 secundum
3719 4257 3839 4310 hare

2132 4343 2305 4398 verba
2338 4359 2463 4413 quae
2495 4343 2618 4412 ipse
2648 4345 2861 4411 posuit,
2906 4344 3011 4414 Ego
3042 4351 3091 4398 et
3122 4345 3283 4398 Pater
3317 4359 3487 4397 unum
3510 4360 3698 4398 sumus
3733 4345 3836 4412 (Id.

2132 4450 2188 4500 x,
2222 4432 2332 4504 30).
2362 4431 2499 4495 Quis
2521 4446 2656 4501 ergo
2681 4431 2842 4485 misit
2878 4433 3155 4486 Joannem
3176 4433 3205 4486 ?
3233 4431 3291 4486 Si
3334 4431 3620 4500 dicamus,
3655 4432 3842 4495 Pater,

2132 4539 2330 4578 verum
2362 4521 2614 4576 dicimus
2648 4521 2734 4587 ;si
2766 4523 3049 4587 dicamus,
3078 4522 3277 4589 Filius,
3311 4538 3512 4577 verum
3548 4523 3840 4579 dicimus:

2132 4601 2498 4659 manifestius
2530 4605 2722 4656 autem
2747 4605 2806 4655 ut
2831 4601 3118 4671 dicamus,
3146 4603 3312 4658 Pater
3334 4609 3389 4658 et
3423 4604 3625 4661 Filius.
3659 4607 3838 4669 Quem

2135 4694 2296 4750 misit
2325 4698 2518 4748 autem
2561 4694 2723 4748 Pater
2765 4697 2821 4748 et
2862 4691 3061 4760 Filius,
3098 4709 3249 4749 unus
3283 4695 3435 4750 Deus
3481 4695 3675 4765 misit;
3708 4697 3843 4767 quia

2137 4784 2322 4840 Filius
2355 4782 2520 4850 dixit,
2554 4784 2662 4852 Ego
2693 4788 2741 4838 et
2764 4784 2929 4838 Pater
2951 4799 3121 4838 unum
3141 4800 3349 4840 sumus.
3385 4787 3685 4851 Quomodo
3716 4804 3848 4854 ergo

2135 4875 2430 4931 nesciebat
2459 4891 2590 4931 eum
2625 4892 2656 4929 a
2709 4892 2824 4946 quo
2875 4875 3091 4932 missus
3121 4881 3212 4933 est
3240 4877 3268 4931 ?
3306 4878 3462 4933 Dixit
3514 4879 3688 4946 enim,
3741 4880 3847 4947 Ego

2132 4966 2445 5022 nesciebam
2467 4982 2590 5021 eum
2612 4983 2632 5027 ,ο
2663 4966 2752 5022 sed
2768 4971 2860 5038 qui
2880 4982 2966 5022 me
2985 4967 3140 5024 misit
3172 4969 3450 5038 baptizare
3474 4972 3528 5022 in
3551 4985 3713 5038 aqua,
3738 4969 3851 5035 ipse

2138 5057 2274 5111 mihi
2300 5056 2461 5111 dixit.
2497 5058 2790 5127 Interrogo
2819 5057 3126 5126 Joannem,
3158 5059 3264 5123 Qui
3295 5063 3349 5111 te
3380 5058 3535 5111 misit
3560 5055 3849 5122 baptizare

2138 5147 2195 5202 in
2229 5161 2397 5215 aqua,
2428 5144 2569 5216 quid
2599 5145 2703 5200 tibi
2735 5147 2880 5201 dixit
2909 5147 2936 5200 ‘I
2966 5147 3137 5217 Super
3156 5163 3313 5216 quem
3341 5146 3535 5199 videris
3577 5143 3848 5213 Spiritum

2139 5234 2568 5302 descendentem,
2592 5237 2730 5290 sicut
2761 5236 3095 5300 columbam,
3116 5242 3167 5288 et
3193 5241 3504 5289 manentem
3525 5249 3688 5306 super
3705 5249 3851 5303 eum,

2141 5326 2258 5394 ipse
2288 5332 2368 5379 est
2399 5326 2495 5396 qui
2517 5325 2755 5395 baptizat
2780 5327 2839 5378 in
2857 5324 3073 5392 Spiritu
3094 5328 3296 5377 sancto.
3325 5322 3438 5378 Hoc
3470 5324 3596 5390 tibi,
3631 5341 3663 5378 ο
3684 5325 3855 5380 Joan-

2142 5431 2265 5483 nes,
2297 5415 2443 5470 dixit
2493 5416 2590 5485 qui
2626 5420 2682 5468 te
2710 5412 2925 5468 misit?
2967 5411 3339 5469 Manifestum
3374 5415 3512 5486 quia
3552 5415 3680 5471 hoc.
3714 5415 3854 5479 Quis

2148 5519 2282 5574 ergo
2302 5509 2357 5558 te
2381 5504 2539 5559 misit
2567 5502 2593 5556 ?
2623 5506 2787 5557 Forte
2811 5502 2996 5556 Pater.
3029 5502 3212 5557 Verus
3239 5503 3386 5560 Deus
3421 5504 3606 5571 Pater,
3640 5512 3691 5559 et
3709 5505 3857 5560 veri-

2145 5597 2235 5649 tas
2253 5593 2403 5648 Deus
2435 5591 2610 5646 Filius
2646 5609 2658 5646 :
2693 5592 2741 5646 si
2774 5593 2938 5647 Pater
2960 5593 3086 5648 sine
3119 5593 3260 5651 Filio
3283 5599 3339 5650 te
3363 5595 3708 5655 misit,Deus
3729 5594 3856 5650 sine

2143 5681 2387 5741 veritate
2417 5686 2472 5741 te
2504 5681 2703 5741 misit:
2739 5682 2789 5740 si
2813 5682 2940 5741 ideo
2968 5687 3162 5742 autem
3186 5701 3356 5743 verax
3375 5702 3460 5754 es,
3484 5685 3620 5757 quia
3649 5683 3857 5738 verita-
