4170 6188
354 310 509 372 1415
1296 311 1375 371 ΙΝ
1417 310 1735 372 JOANNIS
1782 311 2022 372 ΕνΑΝ(

2136 314 2319 382 .Ι[]Μ,
2369 316 2434 375 S.
2482 310 2914 381 AUGUSTINI
3721 337 3873 398 1416

346 454 459 507 tem
494 450 768 522 loqueris,
802 453 860 505 et
888 466 956 506 ex
1000 448 1240 540 veritate
1284 448 1539 520 loqueris
1573 466 1586 515 ;
1628 466 1745 505 non
1792 452 1844 505 te
1889 450 2051 540 misit
2155 452 2392 507 Joannis
2423 455 2617 511 dictus
2649 462 2767 513 est:
2804 460 2963 515 solus
2998 461 3108 516 tale
3132 463 3350 519 donum
3384 468 3639 540 accepit:
3674 473 3877 532 nullus

350 542 513 634 Pater
545 541 880 634 sine—Filio,
913 540 1023 634 sed
1043 538 1219 634 simul
1270 545 1327 634 te
1360 540 1516 595 misit
1548 544 1711 595 Pater
1742 546 1798 634 et
1826 539 2004 634 Filius
2033 558 2047 597 τ
2163 541 2828 634 anteillumjustorum,
2863 549 3059 604 nullus
3102 558 3230 621 post
3262 553 3451 626 illum,
3486 538 3549 613 ut
3589 564 3878 634 acciperet

346 632 393 687 si
425 647 557 703 ergo
589 635 644 686 et
674 630 849 687 Filius
868 633 922 685 te
948 629 1107 685 misit
1136 646 1268 685 eum
1294 632 1483 699 Patre,
1507 631 1797 725 quomodo
1830 631 2056 725 nescie-
2164 630 2546 725 baptismum,
2580 636 2679 705 qui
2703 636 3033 707 baptismus
3056 638 3211 697 illius
3230 642 3517 702 diceretur
3553 651 3592 703 ί.
3644 629 3880 725 Accepit

343 721 449 776 bas
482 736 615 777 eum
649 738 681 776 a
712 737 827 792 quo
864 721 1081 774 missus
1103 720 1212 775 es?
1234 722 1414 786 Quem
1447 720 1675 776 videras
1707 720 1767 775 in
1792 720 2054 789 veritate,
2165 719 2444 790 quidem;
2482 739 2593 779 non
2628 725 2782 780 enim
2818 744 2851 783 a
2881 744 2943 782 se
2974 734 3169 798 posset
3201 731 3419 805 aliquid
3458 750 3471 790 :
3507 735 3556 790 si
3578 740 3733 795 enim
3768 719 3877 800 a'se

338 810 465 884 ipse
489 816 543 867 te
572 811 732 868 misit
755 816 817 867 ut
842 816 1257 883 agnosceretur
1286 810 1343 865 in
1368 826 1563 875 carne,
1597 814 1653 866 et
1680 810 1848 875 dixit,
1881 811 2056 881 Super
2164 810 2593 883 quisloquitur,
2614 817 2983 873 mendacium
3005 821 3075 875 de
3097 838 3202 876 suo
3224 821 3501 895 loquitur.
3527 828 3595 884 Et
3614 833 3764 888 unde
3787 850 3881 889 ac-

338 919 495 973 quem
530 904 733 959 videris
759 903 1031 973 Spiritum
1056 900 1464 995 descendentem
1484 902 1628 995 sicut
1653 902 1980 995 columbam,
2005 910 2057 957 et
2161 902 2335 972 Cepit,
2371 903 2482 959 nisi
2515 921 2547 959 a
2571 906 2816 962 Domino
2847 909 2987 965 Jesu
3021 910 3250 969 Christo
3276 914 3303 969 ‘I
3333 917 3421 971 Ab
3456 917 3555 973 illo
3589 929 3647 975 ut
3680 923 3876 995 bapti-

338 998 651 1049 manentem
707 1010 871 1063 super
899 1010 1046 1060 eum,
1080 994 1197 1062 ipse
1227 997 1305 1047 est
1349 988 1446 1061 qui
1477 990 1718 1062 baptizat
1746 993 1805 1044 in
1834 991 2055 1063 Spiritu

338 1094 556 1141 sancto-

415 1174 468 1227 2.
503 1173 619 1228 Hoc
647 1173 867 1228 audivit
895 1174 1168 1240 Joannes,
1215 1177 1279 1229 ut
1325 1176 1522 1229 nosset
1550 1188 1685 1227 eum
1736 1188 1904 1244 quem
1933 1190 2049 1229 non

341 1270 595 1332 noverat,
632 1281 704 1320 an
740 1269 807 1319 ut
845 1263 1073 1335 plenius
1104 1272 1304 1319 nosset
1334 1279 1504 1334 quem
1529 1263 1653 1333 jam
1680 1266 1963 1319 noverat?
1990 1264 2048 1319 Si

335 1354 491 1410 enim
524 1354 683 1410 omni
715 1372 783 1410 ex
816 1358 974 1424 parte
1008 1370 1119 1409 non
1153 1359 1370 1420 nosset,
1409 1370 1522 1408 non
1557 1353 1808 1409 venienti
1839 1354 1907 1407 ad
1941 1360 2048 1410 ﬂu-

330 1445 491 1501 vium
528 1451 592 1500 ut
612 1446 1002 1515 baptizaretur
1022 1445 1256 1510 diceret,
1278 1447 1386 1515 Ego
1406 1462 1442 1499 a
1477 1451 1528 1501 te
1550 1445 1712 1500 debeo
1745 1445 2040 1515 baptizari,

331 1544 381 1590 et
401 1545 455 1591 tu
489 1538 639 1591 venis
660 1536 732 1589 ad
753 1550 836 1590 me
856 1535 1066 1602 (Matth.
1096 1551 1177 1602 Ill,
1209 1536 1299 1605 '14-)
1320 1533 1347 1589 (ἶ
1372 1539 1606 1591 neverat
1625 1551 1781 1605 ergo.
1803 1536 2043 1600 Quando

336 1634 527 1681 autem
551 1624 818 1681 columba
849 1624 1343 1681 descendit?Jam
1378 1624 1665 1695 baptizato
1696 1624 1961 1692 Domino,
1989 1629 2045 1681 et

336 1715 408 1770 ab
440 1730 594 1786 aqua
642 1715 1012 1770 ascendente.
1044 1715 1116 1769 At
1147 1713 1197 1770 si
1238 1714 1335 1769 ille
1366 1713 1464 1784 qui
1496 1730 1628 1769 eum
1662 1714 1842 1780 misit,
1876 1716 2039 1781 dixit,

331 1807 504 1877 Super
524 1822 681 1878 quem
704 1805 903 1860 videris
916 1806 1187 1875 Spiritum
1218 1804 1628 1861 descendentem
1655 1806 1791 1859 sicut
1823 1806 2044 1861 colum-

335 1898 477 1968 bam,
518 1902 567 1952 et
600 1907 907 1952 manentem
942 1911 1101 1967 super
1131 1911 1276 1963 eum,
1306 1895 1424 1966 ipse
1453 1901 1529 1950 est
1558 1895 1653 1966 qui
1709 1894 1953 1966 baptizat
1982 1899 2039 1950 in

326 1986 539 2059 Spiritu
586 1998 812 2051 sancto;
853 1996 905 2042 et
952 2004 1064 2042 non
1117 1991 1351 2042 noverat
1396 2001 1552 2052 eum,
1612 1985 1711 2041 sed
1764 1985 2039 2041 columba

321 2077 1139 2149 descendentecognoviteum
1164 2096 1178 2146 ;
1205 2076 1474 2132 columba
1494 2092 1623 2130 vero
1642 2081 1778 2130 tunc
1800 2077 2039 2131 descen-

324 2170 432 2237 dit,
468 2170 701 2242 quando
736 2168 1021 2224 Dominus
1052 2168 1124 2223 ab
1157 2183 1306 2237 aqua
1334 2167 1592 2221 ascendit
1625 2183 1639 2233 ;
1672 2171 1808 2221 tunc
1838 2171 2033 2222 autem

327 2266 673 2331 cognoverat
701 2258 955 2314 Joannes
983 2256 1316 2324 Dominum,
1364 2255 1600 2327 quando
1648 2256 1717 2310 ad
1760 2272 1892 2311 eum
1930 2257 2035 2312 Do-

331 2348 525 2403 minus
558 2348 628 2403 ad
660 2363 876 2419 aquam
908 2346 1175 2401 veniebat
1206 2360 1221 2400 :
1254 2345 1663 2400 manifestatur
1702 2346 1871 2401 nobis
1901 2347 2037 2417 quia

324 2440 580 2496 Joannes
598 2439 921 2495 secundum
938 2436 1158 2509 aliquid
1185 2444 1439 2501 noverat,
1464 2435 1785 2491 secundum
1809 2436 2032 2508 aliquid

323 2530 582 2584 nondum
611 2536 845 2583 noverat
874 2525 1210 2581 Dominum.
1234 2526 1358 2581 Nisi
1388 2529 1584 2581 autem
1613 2525 1721 2580 hoc
1743 2525 2035 2581 intellexe-

319 2621 527 2685 rimus,
560 2620 811 2675 mendax
841 2623 978 2673 erat.
1011 2617 1311 2681 Quomodo
1339 2620 1461 2672 erat
1490 2632 1661 2671 verax
1690 2632 2030 2685 agnoscens,

316 2708 414 2780 qui
448 2709 611 2775 dicit,
644 2710 717 2764 Tu
742 2708 813 2763 ad
843 2724 931 2763 me
969 2710 1119 2763 venis
1151 2706 1449 2778 baptizari,
1479 2715 1533 2760 et
1578 2721 1673 2777 ego
1704 2722 1738 2760 α
1777 2710 1829 2761 te
1869 2706 2032 2764 debeo

319 2801 640 2874 baptizari?
680 2803 861 2857 Verax
889 2803 977 2856 est
1005 2816 1136 2854 cum
1170 2798 1279 2853 hoc
1300 2798 1440 2853 dicit
1468 2798 1495 2851 ‘I
1521 2800 1578 2851 et
1598 2799 1885 2868 quomodo
1908 2815 2029 2854 rur-

317 2907 420 2947 sus
452 2905 621 2945 verax
652 2894 737 2945 est
766 2904 899 2944 cum
944 2886 1102 2956 dicit,
1138 2892 1248 2956 Ego
1286 2902 1397 2942 non
1436 2900 1694 2940 noveram
1736 2902 1862 2942 eum
1890 2903 1911 2948 ;
1939 2888 2030 2942 sed

320 2980 414 3051 qui
448 2978 593 3033 misit
631 2996 716 3035 me
745 2978 1027 3049 baptizare
1058 2979 1118 3031 in
1146 2993 1290 3047 aqua
1323 2978 1435 3048 ipse
1464 2976 1614 3031 mihi
1659 2976 1826 3044 dixit,
1858 2976 2031 3046 Super

321 3084 477 3139 quem
502 3068 704 3124 videris
735 3068 1002 3137 Spiritum
1030 3065 1439 3122 descendentem
1459 3068 1597 3121 sicut
1616 3066 1949 3134 columbam,
1973 3074 2027 3121 et

320 3166 636 3215 manentem
672 3173 837 3227 super
865 3172 1015 3225 eum,
1062 3157 1172 3226 ipse
1212 3159 1294 3210 est
1331 3157 1423 3225 qui
1452 3154 1692 3226 baptizat
1721 3157 1778 3211 in
1817 3156 2028 3227 Spiritu

316 3253 500 3307 sancto
530 3252 555 3303 .9
582 3247 842 3304 Innotuit
864 3262 963 3317 per
991 3244 1321 3302 columbam
1352 3245 1662 3313 Dominus,
1695 3262 1810 3300 non
1842 3248 1895 3300 ei
1924 3246 2027 3317 qui

316 3358 378 3397 se
409 3356 524 3395 non
572 3342 828 3404 noverat,
863 3337 957 3391 sed
1008 3335 1057 3390 ei
1114 3335 1212 3407 qui
1261 3337 1319 3389 in
1375 3350 1441 3390 eo
1490 3334 1718 3406 aliquid
1770 3340 2024 3397 noverat,

244 3492 255 3502 ,
316 3429 535 3501 aliquid
597 3444 714 3484 non
799 3434 1053 3483 noverat.
1104 3425 1377 3481 Nostrum
1440 3428 1527 3479 est
1583 3440 1718 3496 ergo
1770 3441 2025 3496 qumrere

314 3520 454 3593 quid
477 3519 536 3576 in
557 3536 622 3576 eo
646 3518 899 3575 Joannes
920 3518 1178 3573 nondum
1198 3519 1450 3583 noverat,
1475 3519 1534 3573 et
1570 3531 1669 3587 per
1691 3515 2020 3571 columbam

305 3610 528 3666 didicit.

374 3701 430 3758 3.
463 3700 649 3765 Quare
681 3698 891 3756 missus
922 3702 1010 3754 est
1055 3698 1312 3753 Joannes
1344 3694 1644 3767 baptizans
1672 3695 1699 3752 ’ἓ
1728 3695 1862 3752 Jam
1902 3711 2019 3751 me-

305 3790 449 3847 mini
481 3806 575 3846 me
604 3795 889 3862 quantum
940 3788 1100 3860 potui
1131 3787 1345 3843 dixisse
1374 3785 1655 3842 Charitati
1694 3794 1913 3843 vestris.
1951 3786 2009 3842 Si

303 3882 460 3939 enim
474 3878 1057 3954 baptismusJoannis
1072 3876 1430 3933 necessarius
1443 3880 1566 3932 erat
1578 3874 1748 3932 saluti
1770 3882 2011 3945 nostris;

300 3977 358 4029 et
391 3973 560 4029 modo
591 3972 796 4027 debuit
825 3968 1097 4025 exerceri.
1141 3966 1264 4023 Non
1314 3966 1467 4021 enim
1523 3967 1693 4022 modo
1739 3983 1851 4022 non
1895 3969 2012 4023 sal-

301 4067 513 4120 vantur
546 4064 832 4130 homines,
864 4063 965 4115 aut
995 4075 1108 4114 non
1137 4058 1307 4112 modo
1342 4056 1536 4128 plures
1569 4056 1889 4122 salvantur,
1915 4061 2012 4112 aut

299 4152 414 4208 alia
442 4156 583 4209 tunc
628 4150 789 4208 salus
824 4152 964 4216 erat,
1017 4152 1072 4203 et
1112 4146 1225 4202 alia
1266 4144 1458 4200 modo.
1517 4143 1578 4199 Si
1626 4150 1885 4202 mutatus
1923 4150 2012 4203 est

300 4241 586 4311 Christus,
613 4244 839 4296 mutata
859 4242 948 4294 est
967 4242 1023 4292 et
1054 4234 1215 4291 salus
1248 4252 1261 4291 :
1288 4234 1337 4289 si
1368 4235 1530 4289 salus
1558 4235 1615 4288 in
1647 4234 1875 4292 Christo
1898 4242 2006 4309 est,

300 4336 357 4387 et
386 4330 538 4387 idem
561 4332 688 4403 ipse
717 4329 982 4385 Christus
1010 4334 1116 4393 est,
1145 4326 1345 4381 eadem
1380 4323 1549 4380 nobis
1581 4323 1740 4380 salus
1768 4330 1872 4381 est.
1896 4327 2007 4383 Sed

295 4437 474 4493 quare
506 4422 721 4479 missus
741 4430 827 4477 est
864 4420 1119 4476 Joannes
1150 4415 1448 4488 baptizans
1477 4416 1504 4471 ?
1533 4415 1678 4480 Quia
1708 4420 2009 4488 oportebat

295 4511 579 4583 baptizari
608 4512 927 4569 Christum.
957 4509 1139 4574 Quare
1168 4507 1471 4579 oportebat
1507 4507 1809 4579 baptizari.
1841 4508 2005 4563 Chri-

301 4606 455 4655 stum
473 4600 501 4655 ?
520 4604 703 4665 Quare
732 4600 981 4674 oportuit
1014 4599 1173 4656 nasci
1195 4597 1487 4654 Christum
1509 4597 1535 4652 ‘I
1556 4614 1730 4668 quare
1750 4601 2009 4668 oportuit

297 4690 553 4763 crucitigi
578 4690 868 4747 Christum
899 4690 976 4760 (a)
1006 4688 1033 4743 Ἰ
1064 4689 1123 4744 Si
1154 4686 1310 4743 enim
1350 4686 1503 4741 viam
1535 4686 1883 4742 humilitatis
1913 4689 2007 4745 de-

298 4785 729 4841 monstraturus
774 4782 1105 4839 advenerat,
1136 4781 1192 4833 et
1220 4778 1479 4848 seipsum
1525 4779 1784 4835 facturus
1814 4778 2003 4850 ipsam

294 4870 638 4932 humilitatis
654 4870 844 4939 viam;
876 4868 935 4925 in
958 4867 1232 4925 omnibus
1254 4868 1325 4923 ab
1344 4883 1409 4923 eo
1432 4867 1727 4939 implenda
1747 4872 1871 4923 erat
1901 4868 2005 4923 huc

295 4965 535 5023 milites.
560 4959 980 5019 Auctoritatem
1002 4959 1139 5015 dare
1161 4958 1451 5029 baptismo
1465 4973 1567 5014 suo
1582 4956 1716 5013 hinc
1728 4957 2004 5025 dignatus

294 5062 402 5125 est,
431 5061 496 5113 ut
524 5054 943 5127 cognoscerent
972 5049 1119 5106 servi
1153 5052 1369 5121 quanta
1399 5048 1696 5104 alacritate
1726 5047 2005 5107 deberent

295 5162 528 5204 currere
560 5146 631 5202 ad
665 5143 1021 5216 baptismum
1054 5139 1303 5207 Domini,
1338 5139 1573 5211 quando
1606 5138 1730 5209 ipse
1761 5155 1875 5195 non
1907 5140 2004 5196 de-

292 5234 570 5305 dignatus
615 5238 706 5291 est
746 5233 1043 5305 suscipere
1086 5229 1441 5302 baptismum
1492 5229 1664 5285 servi.
1714 5227 2001 5284 Donatum

292 5321 451 5377 enim
475 5327 599 5379 erat
619 5322 727 5380 hoc
745 5322 979 5391 Joanni,
1007 5325 1070 5377 ut
1104 5321 1285 5393 ipsius
1323 5320 1651 5391 baptismus
1691 5318 2000 5374 diceretur.

363 5412 415 5468 4.
448 5413 560 5468 Uoc
599 5415 879 5481 attendat,
932 5418 989 5471 et
1018 5413 1362 5486 distinguat,
1394 5415 1451 5468 et
1482 5409 1704 5467 noverit
1739 5408 2003 5464 Charitas

294 5507 505 5558 vestra.
536 5500 872 5571 Baptismus
902 5519 1075 5573 quem
1108 5503 1327 5576 accepit
1355 5505 1629 5567 Joannes,
1672 5500 2002 5571 baptismus

359 5655 448 5769 (qz)3
466 5652 857 5716 lnterrogando
888 5654 1179 5716 respondet
1195 5656 1503 5719 quaastioni,
1528 5660 1586 5704 ut
1602 5668 1765 5716 supra
1779 5654 2001 5706 Tracti.

298 5732 355 5771 Π.
388 5732 465 5769 ιδ.

2158 1007 2288 1048 zare
2321 1000 2514 1064 posset
2553 998 2791 1067 accepit,
2828 1016 3000 1069 quem
3056 1008 3253 1072 postea
3302 1004 3629 1076 baptizavit.
3683 1012 3871 1070 Nolite

2160 1082 2355 1137 mirari
2390 1100 2404 1138 :
2439 1084 2523 1140 sic
2562 1086 2714 1141 enim
2749 1087 2857 1143 hoc
2889 1090 3021 1145 fecit
3050 1091 3312 1149 Christus
3344 1095 3399 1150 in
3438 1097 3688 1171 Joanne,
3722 1121 3870 1175 quo-

2160 1173 2330 1227 modo
2354 1174 2633 1245 quiddam
2658 1177 2791 1232 fecit
2811 1177 2870 1233 in
2896 1188 3098 1237 matre.
3125 1181 3202 1237 De
3225 1183 3452 1241 Christo
3477 1189 3633 1245 enim
3654 1173 3869 1251 dictum

2158 1266 2264 1329 est,
2297 1263 2497 1319 Omnia
2521 1280 2627 1335 per
2648 1266 2832 1336 ipsum
2855 1271 3009 1336 facta
3026 1279 3153 1326 sunt
3185 1273 3361 1343 (Joan.
3398 1293 3436 1341 ι,
3468 1278 3563 1348 3):
3602 1281 3650 1335 si
3676 1285 3871 1342 omnia

2158 1365 2261 1422 per
2290 1350 2507 1421 ipsum,
2532 1358 2588 1408 et
2610 1353 2792 1409 Maria
2813 1373 2913 1427 per
2932 1357 3125 1427 ipsum
3144 1360 3290 1415 iacta
3325 1368 3430 1429 est,
3452 1363 3520 1419 de
3538 1383 3652 1438 qua
3670 1378 3871 1439 postea

2156 1441 2734 1498 natusestChristus.
2758 1444 3026 1502 Intendat
3042 1448 3300 1506 Charitas
3325 1461 3534 1523 vestra,
3565 1459 3863 1523 Quomodo

2157 1529 2369 1585 ereavit
2402 1530 2663 1595 Mariam,
2697 1541 2747 1587 et
2774 1540 3003 1590 creatus
3034 1547 3118 1592 est
3152 1554 3252 1608 per
3280 1541 3507 1597 Mariam
3540 1561 3555 1612 ;
3589 1546 3672 1600 sic
3705 1549 3869 1604 dedit

2156 1618 2517 1689 baptismum
2548 1621 2784 1690 Joanni,
2825 1629 2880 1679 et
2910 1625 3234 1698 baptizatus
3264 1635 3352 1686 est
3373 1648 3404 1687 a
3435 1632 3680 1695 Joanne.

2221 1710 2276 1762 5.
2298 1712 2374 1763 Ad
2401 1708 2511 1765 hoc
2543 1727 2677 1782 ergo
2709 1714 3603 1793 accepitbaptismumaJoanne,
3626 1729 3687 1781 ut
3708 1729 3859 1784 acci-

2152 1795 2317 1866 piens
2348 1799 2500 1867 quod
2538 1799 2779 1853 inferius
2811 1810 2930 1856 erat
2959 1804 3031 1857 ab
3060 1804 3349 1875 inferiore,
3382 1811 3450 1864 ad
3486 1811 3539 1865 id
3580 1815 3729 1883 quod
3760 1833 3855 1870 su-

2152 1887 2348 1956 perius
2380 1893 2505 1942 erat
2526 1888 2854 1946 hortaretur
2874 1892 3191 1950 inferiores.
3216 1898 3319 1952 Sed
3354 1915 3532 1970 quare
3558 1920 3671 1959 non
3702 1906 3857 1961 solus

2148 1976 2271 2045 ipse
2300 1976 2624 2048 baptizatus
2656 1986 2745 2035 est
2784 1998 2816 2035 a
2844 1980 3082 2054 Joanne,
3117 1985 3165 2040 si
3206 1987 3275 2041 ad
3328 1988 3435 2044 hoc
3480 1991 3696 2047 missus
3735 2002 3858 2051 erat

2148 2067 2417 2135 Joannes,
2454 2084 2550 2137 per
2580 2085 2753 2140 quem
2789 2070 3179 2142 baptizaretur
3208 2075 3492 2146 Christus,
3528 2085 3591 2135 ut
3622 2090 3853 2153 pararet

2148 2155 2300 2210 viam
2351 2156 2618 2224 Domino,
2653 2159 2708 2214 id
2754 2164 2843 2215 est
2871 2160 2982 2231 ipsi
3013 2162 3240 2220 Christo
3268 2166 3298 2221 ?
3325 2170 3387 2221 Et
3418 2167 3522 2224 hoc
3544 2171 3670 2240 jam
3704 2173 3851 2229 dixi-

2149 2260 2307 2315 mus;
2339 2247 2435 2302 sed
2460 2265 3007 2320 commemoramus,
3027 2254 3157 2324 quia
3181 2259 3568 2313 necessarium
3584 2265 3674 2316 est
3700 2280 3816 2334 prie
3833 2293 3849 2304 -

2146 2335 2293 2390 senti
2329 2337 2656 2406 questioni.
2690 2339 2748 2395 Si
2783 2341 2940 2397 solus
2978 2343 3250 2400 Dominus
3271 2353 3468 2403 noster
3494 2348 3664 2405 Jesus
3694 2350 3857 2407 Chri-

2144 2428 2273 2513 stus
2293 2424 2614 2496 baptizatus
2629 2434 2776 2484 esset
2799 2430 3149 2501 baptismate
3169 2435 3419 2492 Joannis
3444 2454 3457 2493 :
3481 2442 3675 2496 tenete
3691 2444 3846 2513 quod

2144 2511 2397 2569 dicimus
2418 2533 2431 2583 ;
2452 2533 2563 2571 non
2589 2521 2817 2575 tantum
2838 2519 3026 2577 valeat
3041 2524 3340 2591 saeculum,
3368 2529 3431 2581 ut
3462 2526 3681 2584 deleate
3710 2511 3853 2586 icor-

2143 2602 2317 2658 ilibus
2335 2606 2542 2661 vestris
2574 2608 2727 2678 quod
2760 2608 2840 2664 ibi
2872 2611 3108 2683 scripsit
3138 2614 3387 2685 Spiritus
3418 2615 3517 2672 Dei
3544 2634 3557 2685 ;
3585 2635 3699 2674 non
3728 2625 3854 2675 tan-

2141 2697 2264 2749 tum
2295 2694 2523 2751 valeant
2554 2699 2733 2768 spinas
2767 2716 3063 2771 curarum,
3099 2707 3161 2757 ut
3191 2704 3431 2761 effocent
3461 2723 3659 2763 semen
3694 2712 3850 2782 quod

2141 2785 2455 2843 seminatur
2494 2788 2551 2844 in
2585 2790 2746 2846 vobis
2780 2809 2793 2846 :
2829 2809 3002 2863 quare
3049 2792 3201 2850 enim
3234 2796 3494 2867 cogimur
3523 2801 3723 2856 eadem
3759 2819 3856 2858 re—

2143 2882 2346 2943 petere,
2382 2877 2493 2931 nisi
2526 2880 2663 2949 quia
2694 2882 2761 2934 de
2794 2882 3069 2937 memoria
3096 2885 3283 2939 cordis
3315 2886 3489 2941 vestri
3523 2891 3710 2944 securi
3739 2907 3853 2946 non

2139 2981 2343 3020 sumus
2365 2966 2453 3021 ?si
2477 2984 2611 3039 ergo
2636 2969 2795 3025 solus
2819 2971 3099 3029 Dominus
3122 2974 3451 3045 baptizatus
3474 2984 3628 3033 esset
3661 2981 3850 3052 bapti-

2139 3072 2266 3110 smo
2295 3056 2564 3128 Joannis,
2600 3076 2709 3114 non
2745 3061 3013 3116 deessent
3052 3063 3152 3135 qui
3185 3064 3264 3120 sic
3296 3081 3425 3120 eum
3458 3066 3758 3135 haberent,
3788 3080 3847 3126 ut

2140 3151 2411 3219 putarent
2436 3149 2790 3221 baptismum
2813 3151 3058 3207 Joannis
3080 3155 3358 3224 majorem
3382 3172 3530 3225 esse,
3557 3175 3730 3229 quam
3757 3166 3852 3216 est

2138 3237 2467 3308 baptismus
2503 3239 2736 3297 Christi.
2771 3241 3037 3298 Dicerent
3067 3245 3221 3299 enim
3252 3263 3264 3302 :
3300 3245 3493 3318 Usque
3524 3249 3666 3304 adeo
3697 3250 3840 3305 illud

2138 3327 2431 3398 baptisma
2470 3331 2655 3399 majus
2704 3339 2811 3400 est,
2853 3336 2917 3387 ut
2964 3333 3123 3388 solus
3154 3333 3413 3390 Christus
3463 3352 3528 3392 eo
3561 3337 3844 3410 baptizari

2137 3419 2467 3473 meruisset.
2497 3420 2639 3491 Ergo
2659 3425 2722 3475 ut
2748 3421 2979 3477 daretur
3003 3422 3168 3478 nobis
3187 3440 3217 3478 a
3246 3423 3490 3479 Domino
3512 3427 3838 3497 exemplum

2133 3503 2504 3578 humilitatis,
2556 3510 2624 3563 ad
2676 3510 3103 3581 percipiendam
3153 3512 3399 3568 salutem
3446 3514 3839 3585 baptismatis,

2131 3594 2389 3651 Christus
2422 3600 2676 3668 suscepit
2707 3602 2859 3672 quod
2894 3602 2940 3656 ei
2971 3617 3118 3673 opus
3151 3618 3262 3658 non
3292 3608 3437 3671 erat,
3472 3606 3568 3659 sed
3604 3612 3839 3678 propter

2130 3702 2234 3742 nos
2266 3704 2412 3758 opus
2443 3694 2584 3743 erat.
2619 3690 2684 3745 Et
2717 3707 2941 3757 rursus,
2975 3707 3046 3746 ne
3073 3693 3175 3748 hoc
3209 3693 3399 3763 ipsum
3436 3696 3587 3766 quod
3611 3698 3841 3767 accepit

2126 3792 2160 3830 a
2188 3776 2412 3833 Joanne
2442 3778 2725 3849 Christus,
2760 3787 3193 3851 prmponeretur
3228 3783 3565 3855 baptismati
3597 3784 3841 3853 Christi,

2125 3868 2395 3939 permissi
2417 3873 2553 3924 sunt
2575 3878 2625 3925 et
2643 3870 2737 3925 alii
2763 3871 3043 3942 baptizari
3067 3889 3098 3927 a
3126 3872 3369 3929 Joanne.
3393 3875 3500 3929 Sed
3526 3875 3623 3946 qui
3648 3875 3834 3947 bapti-

2121 3957 2232 4011 zati
2253 3958 2687 4027 suntaJoanne,
2705 3976 2816 4014 non
2833 3961 2911 4013 eis
2936 3960 3189 4016 sutl‘ecit:
3215 3961 3489 4031 baptizati
3515 3968 3653 4017 sunt
3678 3962 3838 4020 enim

2122 4044 2410 4116 baptismo
2442 4045 2709 4101 Christus
2742 4064 2755 4114 ;
2790 4048 2925 4119 quia
2960 4065 3073 4103 non
3110 4048 3437 4120 baptismus
3469 4049 3678 4105 Christi
3710 4057 3835 4107 erat

2120 4134 2451 4206 baptismus
2471 4135 2735 4191 Joannis.
2761 4139 2866 4202 Qui
2894 4138 3185 4207 accipiunt
3206 4140 3563 4209 baptismum
3590 4139 3834 4203 Christi,

2119 4224 2479 4295 baptismum
2502 4224 2745 4281 Joannis
2762 4243 2877 4281 non
2913 4232 3183 4298 quaerunt
3206 4245 3219 4283 :
3246 4228 3347 4299 qui
3372 4234 3719 4300 acceperunt
3738 4230 3835 4283 ba-

2120 4317 2399 4383 ptismum
2419 4315 2682 4383 Joannis,
2699 4317 3055 4387 baptismum
3070 4318 3281 4373 Christi
3303 4319 3831 4390 quaesieruntErgo

2118 4404 2344 4459 Christo
2367 4403 2595 4459 suffecit
2615 4406 2937 4476 baptismus
2962 4406 3226 4462 Joannis.
3250 4408 3547 4471 Quomodo
3580 4424 3696 4463 non
3715 4410 3834 4463 suf-

2117 4492 2332 4562 ﬁceret,
2359 4496 2589 4565 quando
2621 4510 2723 4551 nec
2769 4496 2892 4566 ipse
2936 4500 3062 4551 erat
3095 4496 3458 4553 necessarius
3489 4497 3517 4551 ‘I
3550 4496 3636 4552 Illi
3676 4499 3833 4553 enim

2118 4581 2312 4637 nullus
2346 4582 2673 4653 baptismus
2706 4590 2826 4640 erat
2858 4588 3220 4641 necessarius
3252 4602 3265 4653 ;
3302 4587 3401 4641 sed
3431 4585 3831 4642 adhortandos

2115 4691 2221 4730 nos
2253 4676 2321 4730 ad
2358 4673 2707 4745 baptismum
2743 4691 2937 4743 suum,
2972 4675 3228 4745 suscepit
3258 4675 3618 4746 baptismum
3651 4677 3830 4732 servi.

2117 4766 2182 4821 Et
2212 4782 2284 4821 ne
2317 4769 2747 4837 praeponeretur
2776 4766 3107 4838 baptismus
3134 4766 3281 4821 servi
3310 4766 3601 4837 baptismo
3634 4766 3832 4821 Domi-

2114 4858 2194 4918 ni.
2229 4856 2504 4927 baptizati
2536 4860 2676 4911 sunt
2723 4856 2819 4911 alii
2871 4856 3216 4929 baptismate
3248 4857 3530 4912 conservi.
3574 4856 3688 4911 Sed
3731 4854 3835 4927 qui

2114 4946 2389 5018 baptizati
2433 4951 2569 5001 sunt
2602 4946 2949 5017 baptismate
2978 4946 3261 5015 conservi,
3295 4945 3597 5018 oportebat
3620 4949 3683 5000 ut
3724 4945 3828 4998 ba-

2114 5038 2471 5108 ptizarentur
2503 5035 2841 5107 baptismate
2867 5034 3097 5091 Domini
3134 5052 3146 5090 :
3178 5037 3278 5108 qui
3308 5039 3501 5091 autem
3532 5035 3831 5107 baptizan-

2180 5346 2196 5381 ι
2228 5344 2313 5393 Er.
2334 5346 2387 5391 et
2414 5343 2575 5405 Lugd.
2608 5342 2687 5407 sic
2713 5342 2901 5407 legunt
2930 5343 3075 5393 hunc
3104 5342 3279 5407 locum
3308 5343 3668 5407 :Baptismum
3699 5345 3836 5407 quod

2114 5408 2308 5467 accepit
2325 5408 2579 5462 Joannes,
2600 5404 2911 5467 baptismum
2933 5406 3154 5457 Joannis
3174 5406 3377 5454 dictum
3401 5404 3687 5455 est.Nullus
3710 5404 3835 5453 ante

2115 5466 2263 5531 illum
2290 5470 2581 5531 justorum,
2625 5466 2804 5515 nullus
2824 5472 2935 5522 post
2966 5469 3117 5517 illum
3143 5472 3197 5516 ut
3226 5470 3472 5530 acciperet
3509 5468 3834 5531 baptismum,

2115 5530 2255 5595 quod
2279 5530 2599 5595 baptismum
2620 5531 2747 5595 ipsis
2772 5532 2853 5579 dic
2873 5533 3280 5595 er_etur,accepit
3297 5547 3315 5580 :
3335 5532 3488 5580 Solus
3511 5533 3616 5579 tate
3631 5532 3831 5580 donum

2113 5592 2314 5660 accepit
2335 5592 2799 5660 quidem,_Quibus
2835 5592 3205 5660 suifragantur
3228 5594 3358 5660 Yen.
3386 5600 3443 5660 et
3472 5596 3617 5660 Lov_.,
3651 5607 3717 5643 ea
3746 5595 3835 5643 ta-

2113 5668 2237 5704 men
2273 5656 2417 5720 inter
2449 5656 2921 5720 sediscrepantigl
2964 5656 3025 5707 ut
3053 5659 3207 5717 Ven.,
3249 5656 3528 5720 baptisma,
3570 5658 3695 5706 Lov.
3731 5670 3836 5708 au-

2114 5722 2237 5777 tem,
2264 5717 2588 5783 baptismum
2612 5717 2805 5770 ferant.
2874 5718 2943 5768 M.
