4170 6188
290 120 447 183 141⁸1

286 260 388 314 tur
418 261 768 333 baptismate
802 265 1051 332 Domini,
1087 280 1196 322 non
1228 282 1375 337 opus
1407 265 1621 323 habent
1662 267 2007 338 baptismate

287 365 577 410 COUSCPVl.

368 436 421 491 6.
472 436 756 500 Quoniam
801 453 937 509 ergo
984 441 1287 507 acceperat
1323 437 1577 494 Joannes
1626 439 2008 510 baptismum,

287 528 384 599 qui
430 529 662 597 praprie
693 526 939 582 Joannis
963 527 1283 595 diceretur;
1309 527 1592 583 Dominus
1623 534 1819 584 autem
1838 529 2010 585 Jesus

286 617 557 672 Christus
583 619 770 671 noluit
801 617 1158 687 baptismum
1193 634 1363 672 suum
1399 618 1568 673 alicui
1601 619 1759 680 dare,
1795 636 1907 674 non
1948 624 2011 674 ut

285 724 459 763 nemo
494 708 889 778 baptizaretur
921 706 1207 777 baptismo
1235 708 1487 773 Domini,
1523 709 1621 762 sed
1668 714 1730 762 ut
1778 725 2021 780 semper.

279 798 407 867 ipse
432 796 721 852 Dominus
744 796 1098 866 baptizaret:
1136 796 1190 849 id
1225 801 1417 851 actum
1441 804 1546 865 est,
1582 805 1642 851 ut
1694 801 1749 852 et
1783 814 1881 866 per
1903 799 2008 851 mi-

279 887 498 941 nistros
528 885 813 940 Dominus
848 884 1185 955 baptizaret,
1225 884 1280 939 id
1313 890 1403 940 est
1436 892 1521 952 ut,
1569 902 1713 957 quos
1750 886 2002 941 ministri

278 974 519 1029 Domini
563 974 903 1045 baptizaturi
944 978 1130 1039 erant,
1174 974 1455 1029 Dominus
1498 975 1833 1044 baptizaret,
1887 992 2001 1031 non

274 1064 384 1120 illi.
420 1062 601 1119 Aliud
631 1068 719 1119 est
750 1063 903 1119 enim
938 1064 1227 1132 baptizare
1260 1080 1355 1133 per
1396 1064 1812 1132 ministerium,
1840 1066 2000 1120 aliud

282 1155 591 1225 baptizare
629 1170 730 1225 per
776 1158 1139 1225 potestatem.
1185 1152 1480 1224 Baptisms
1533 1155 1686 1209 enim
1726 1154 1841 1209 tale
1888 1161 1997 1223 est,

278 1244 480 1317 qualis
511 1248 597 1299 est
630 1245 725 1298 ille
756 1243 816 1298 in
842 1243 1011 1312 cujus
1036 1246 1315 1313 potestate
1348 1243 1545 1309 datur;
1574 1260 1685 1298 non
1712 1244 2003 1315 qualisest

276 1335 376 1389 ille
402 1350 508 1405 per
539 1332 704 1403 cujus
739 1330 1123 1387 ministerium
1151 1332 1342 1387 datur.
1367 1330 1517 1386 Talis
1535 1337 1656 1387 erat
1674 1332 2001 1404 baptismus

272 1423 542 1489 Joannis,
579 1420 768 1493 qualis
796 1420 1088 1476 Joannes:
1126 1421 1450 1491 baptismus
1491 1421 1692 1490 justus
1727 1426 2000 1494 tanquam

266 1511 441 1583 justi,
478 1520 665 1567 tamen
701 1508 989 1576 hominis;
1035 1511 1133 1565 sed
1169 1508 1269 1582 qui
1299 1515 1600 1579 acceperat
1656 1528 1689 1565 a
1753 1514 1999 1568 Domino

277 1603 460 1657 istam
492 1603 761 1673 gratiam,
796 1603 855 1655 et
887 1602 1107 1654 tantam
1166 1598 1437 1668 gratiam,
1473 1603 1534 1654 ut
1596 1600 1811 1671 dignus
1852 1610 2003 1657 esset

278 1698 487 1767 praeire
513 1695 866 1766 judicem,et
898 1708 1031 1749 eum
1065 1692 1246 1763 digito
1306 1694 1632 1763 ostendere,
1672 1701 1727 1748 et
1761 1694 1997 1765 implere

276 1803 477 1841 vocem
504 1785 821 1857 prophetia:
850 1781 1026 1850 illius,
1067 1782 1177 1837 Vox
1212 1784 1507 1838 clamantis
1547 1784 1602 1838 in
1635 1783 1840 1841 deserto
1890 1802 1997 1856 pa-

274 1882 393 1931 rate
426 1876 577 1931 uiam
607 1876 837 1928 Domino
865 1871 1025 1943 (Isai.
1059 1889 1148 1939 XL,
1179 1872 1250 1943 3).
1286 1873 1423 1929 Tale
1467 1878 1662 1928 autem
1706 1875 2001 1946 baptisma

279 1963 533 2033 Domini,
569 1962 757 2034 qualis
789 1961 1073 2016 Dominus
1100 1977 1261 2033 :ergo
1295 1961 1580 2032 baptisma
1603 1962 1832 2017 Domini
1860 1965 1999 2018 divi-

282 2070 442 2119 num,
480 2051 620 2123 quia
652 2051 935 2105 Dominus
974 2051 1141 2105 Deus.

341 2147 398 2198 7.
426 2142 632 2198 Potuit
663 2146 856 2198 autem
894 2141 1173 2197 Dominus
1202 2143 1365 2198 Jesus
1394 2141 1678 2207 Christus,
1722 2143 1770 2197 si
1810 2143 1997 2210 vellet,

276 2237 415 2291 dare
449 2236 797 2305 potestatem
823 2232 997 2288 alicui
1030 2249 1192 2289 servo
1211 2248 1336 2300 suo,
1360 2237 1426 2288 ut
1456 2235 1614 2288 daret
1637 2234 1997 2303 baptismum

277 2342 455 2381 suum
494 2328 779 2395 tanquam
810 2323 936 2379 vice
958 2339 1085 2390 sua,
1105 2328 1160 2378 et
1190 2324 1499 2378 transferre
1521 2340 1551 2376 a
1575 2338 1636 2377 se
1670 2322 1997 2394 baptizandi

275 2419 651 2487 potestatem,
684 2418 742 2468 et
772 2414 1116 2470 constituere
1145 2414 1205 2469 in
1238 2413 1433 2485 aliquo
1454 2430 1615 2468 servo
1639 2431 1766 2476 suo,
1795 2420 1851 2470 et
1872 2421 1997 2471 tan-

273 2511 391 2562 tam
428 2505 552 2559 vim
586 2505 720 2558 dare
742 2503 1029 2574 baptismo
1050 2503 1332 2559 translato
1358 2504 1415 2557 in
1440 2519 1687 2570 servum,
1713 2510 1993 2576 quantam

273 2596 383 2650 vim
425 2594 668 2649 haberet
700 2593 1031 2664 baptismus
1062 2595 1226 2649 datus
1258 2612 1289 2648 a
1346 2593 1612 2649 Domino.
1663 2593 1779 2650 Hoc
1810 2595 1996 2650 noluit

266 2686 419 2753 ideo,
459 2689 523 2739 ut
548 2684 606 2736 in
632 2682 728 2737 illo
761 2698 894 2754 spes
910 2688 1063 2739 esset
1097 2684 1718 2753 baptizatorum,aquo
1735 2700 1795 2738 se
1811 2685 1994 2757 bapti-

264 2783 426 2831 zatos
453 2778 860 2846 agnoscerent.
894 2773 1093 2828 Noluit
1137 2790 1273 2845 ergo
1318 2789 1544 2828 servum
1589 2790 1797 2844 ponere
1830 2792 1990 2845 spem

262 2866 320 2921 in
351 2882 545 2920 servo.
587 2865 835 2934 Ideoque
878 2862 1167 2919 clamabat
1214 2863 1544 2934 Apostolus,
1609 2880 1741 2917 cum
1774 2865 1991 2920 videret

260 2955 536 3010 buuines
569 2954 824 3008 volentes
868 2970 1078 3023 ponere
1128 2970 1290 3024 spem
1349 2954 1406 3007 in
1440 2953 1631 3021 seipse
1667 2969 1679 3005 :
1716 2955 1989 3025 Numquid

260 3047 473 3100 Paulus
494 3062 600 3114 pro
635 3046 780 3099 vobis
808 3043 1111 3112 eruciﬁnzus
1142 3054 1220 3098 est
1254 3046 1281 3097 ?
1328 3046 1419 3097 aut
1454 3045 1508 3095 in
1555 3046 1785 3099 nomine
1819 3047 1988 3100 Pauli

264 3136 533 3203 buptizali
565 3132 698 3187 estis
727 3133 770 3203 (l
806 3132 925 3186 Cor.
960 3149 995 3197 ι,
1040 3133 1126 3203 13)
1161 3133 1187 3186 ‘l
1238 3131 1553 3203 Baptizavit
1592 3148 1727 3205 ergo
1773 3133 1985 3189 Paulus

263 3228 548 3295 tanquam
578 3222 998 3283 minister,non
1026 3228 1205 3293 tanqu
1225 3238 1303 3276 tm
1329 3222 1455 3291 ipsa
1480 3228 1730 3291 potestas
1758 3223 1985 3293 :bapti-

259 3316 404 3370 zavil
435 3319 636 3367 autem
681 3311 965 3367 Dominus
1007 3317 1287 3383 tanquam
1346 3316 1618 3383 potestas.
1672 3313 1978 3369 Intendite.

260 3403 326 3458 Et
356 3404 557 3475 potuit
589 3403 738 3457 hanc
774 3408 1117 3473 potestatem
1152 3404 1334 3457 servis
1384 3403 1542 3471 dare,
1575 3408 1631 3457 et
1680 3403 1888 3459 noluit.
1922 3404 1980 3458 Si

260 3493 414 3547 enim
449 3494 616 3546 daret
648 3491 796 3545 hanc
818 3496 1162 3561 potestatem
1187 3490 1387 3558 servis,
1412 3491 1467 3544 id
1494 3495 1600 3557 est,
1626 3499 1681 3545 ut
1716 3492 1977 3564 ipsorum

260 3592 410 3637 esset
446 3581 604 3654 quod
628 3579 853 3636 Domini
883 3585 1027 3648 erat,
1060 3584 1145 3635 tot
1174 3586 1371 3635 essent
1404 3581 1667 3649 baptismi
1710 3586 1851 3653 quot
1886 3598 1978 3636 es-

260 3676 390 3727 sent
420 3670 573 3726 servi
601 3693 614 3735 ;
639 3673 704 3723 ut
736 3668 1029 3740 quomodo
1053 3670 1274 3724 dictum
1298 3674 1385 3724 est
1403 3669 1974 3740 baptismaJoannis,

257 3762 341 3817 sic
371 3761 673 3815 diceretur
703 3759 989 3829 baptisma
1017 3759 1195 3824 Petri,
1229 3761 1307 3813 sic
1341 3760 1631 3831 baptisma
1665 3759 1847 3827 Pauli,
1891 3760 1973 3814 sic

259 3850 557 3923 baptisma
573 3848 799 3916 Jacobi,
822 3848 1113 3920 baptisma
1144 3848 1405 3914 Thomas,
1441 3849 1717 3915 Mattbmi,
1743 3850 1973 3905 Bartho-

254 3938 444 3993 lomaei
478 3954 493 3994 :
528 3936 674 3991 illud
707 3937 861 3992 enim
896 3936 1184 4008 baptisma
1212 3939 1458 3993 Joannis
1488 3938 1703 3993 dictum
1735 3944 1839 3994 est.
1858 3940 1967 3995 Sed

253 4028 399 4083 lorte
432 4027 652 4097 aliquis
686 4026 921 4092 resistit,
955 4033 1006 4079 et
1028 4025 1167 4080 dicit
1199 4041 1213 4080 :
1244 4026 1431 4080 Proba
1464 4027 1630 4082 nobis
1662 4026 1798 4098 quia
1824 4027 1967 4083 illud

253 4117 541 4189 baptisma
560 4114 810 4170 Joannis
844 4113 1064 4169 dictum
1088 4116 1194 4169 est.
1246 4114 1534 4182 Probabo,
1565 4115 1693 4186 ipsa
1725 4117 1971 4171 Veritate

250 4208 478 4263 dicente
511 4206 749 4279 quando
782 4204 1152 4275 interrogavit
1178 4204 1434 4271 Judaaos,
1485 4206 1767 4276 Baptisma
1806 4208 1969 4262 Joan-

251 4299 335 4353 nis
364 4297 516 4353 unde
548 4304 627 4351 est
654 4303 680 4349 ?
703 4296 766 4351 de
794 4295 944 4363 calo,
987 4312 1067 4349 an
1125 4310 1193 4350 ex
1239 4296 1554 4350 hominibus
1594 4295 1803 4363 (Matth.
1853 4314 1967 4365 xxr,

252 4392 342 4459 ‘25)
373 4390 402 4443 τ
435 4392 583 4460 Ergo
614 4403 688 4443 ne
720 4391 803 4442 tot
839 4386 1186 4457 baptismata
1203 4387 1549 4453 dicerentur,
1585 4392 1722 4459 quot
1771 4392 1971 4444 essent

256 4479 398 4534 servi
428 4479 529 4549 qui
560 4477 913 4548 baptizarent
939 4481 1174 4548 accepta
1197 4480 1526 4546 potestates
1548 4476 1829 4543 Domino;
1854 4478 1963 4532 sibi

255 4567 439 4623 tenuit
461 4565 753 4621 Dominus
774 4564 1101 4635 baptizandi
1119 4568 1483 4636 potestatem,
1500 4564 1681 4619 servis
1707 4566 1965 4621 ministe-

252 4657 402 4711 rium
429 4655 613 4711 dedit.
640 4652 790 4709 Dicit
812 4670 873 4708 se
899 4670 1100 4708 servus
1120 4654 1412 4724 baptizare
1433 4671 1445 4722 ;
1463 4657 1615 4709 recte
1635 4655 1795 4720 dicit,
1816 4656 1963 4710 sicut

249 4744 561 4815 Apostolus
592 4742 753 4809 dicit,
788 4742 1076 4814 Baptizavi
1106 4748 1291 4797 autem
1322 4751 1372 4797 et
1419 4742 1702 4814 Stephanus
1747 4746 1967 4799 domum

250 4836 292 4905 (l
312 4834 435 4889 Cor.
468 4850 509 4902 ι,
537 4834 629 4905 16)
658 4849 668 4885 :
702 4833 798 4887 sed
824 4837 1105 4904 tanquam
1133 4833 1413 4889 minister.
1444 4833 1575 4887 Ideo
1596 4834 1643 4887 si
1673 4833 1818 4887 sitet
1841 4851 1954 4889 ma-

250 4926 356 4995 lus,
387 4934 442 4980 et
472 4924 776 4994 contingat
809 4922 890 4978 illi
928 4923 1141 4978 habere
1187 4922 1598 4991 ministerium,
1632 4932 1683 4978 et
1734 4924 1779 4979 si
1822 4941 1954 4981 eum

252 5014 517 5069 homines
552 5029 668 5068 non
700 5018 935 5081 norunt,
969 5019 1025 5067 et
1056 5013 1209 5068 Deus
1240 5030 1374 5067 eum
1431 5015 1591 5069 novit
1622 5030 1635 5068 :
1672 5015 1955 5085 permittit

250 5103 396 5159 Deus
427 5102 713 5174 baptizari
750 5118 849 5174 per
879 5119 1037 5171 eum,
1068 5102 1163 5173 qui
1196 5103 1305 5158 sibi
1366 5102 1555 5158 tenuit
1585 5107 1949 5175 potestatem.

312 5192 361 5245 8.
415 5191 537 5248 Hoc
586 5196 781 5246 autem
827 5191 1085 5247 Joannes
1146 5207 1259 5246 non
1321 5197 1556 5247 noverat
1599 5192 1656 5246 in
1682 5192 1951 5248 Domino.

248 5282 386 5346 Quia
419 5281 707 5337 Dominus
748 5284 887 5346 erat,
926 5288 1155 5335 noverat
1190 5304 1204 5345 ς
1252 5281 1390 5352 quia
1440 5282 1510 5336 ab
1552 5282 1676 5353 ipso
1710 5282 1956 5337 debebat

248 5371 538 5445 baptizari,
576 5374 815 5427 noverat
848 5388 860 5426 :
895 5378 948 5425 et
981 5371 1281 5427 confessus
1312 5377 1402 5427 est
1441 5372 1578 5442 quia
1598 5371 1809 5427 veritas
1831 5376 1955 5427 erat

248 5459 354 5531 ille,
380 5467 439 5519 et
468 5462 573 5518 ille
604 5475 780 5516 verax
813 5460 1025 5516 missus
1057 5477 1090 5516 a
1118 5462 1386 5527 veritate;
1419 5461 1528 5518 hoc
1550 5465 1807 5521 noverat.
1841 5462 1950 5519 Sed

574 5591 859 5654 Parnm"
905 5574 1140 5649 XXXV.
1162 5591 1184 5605 ‘

1577 129 2038 194 TRACTATUS
2082 133 2211 196 VII.
2259 136 2518 203 CAPUT
2562 142 2615 205 I.

3632 156 3633 159 “
3678 164 3831 230 1418

2117 273 2257 343 quid
2291 274 2348 329 in
2380 290 2445 331 eo
2480 293 2594 333 non
2620 281 2897 338 noverat?
2919 284 3062 350 Quia
3081 285 3189 343 sibi
3224 293 3554 351 retenturus
3579 301 3702 353 erat
3725 299 3832 355 ba-

2118 361 2410 428 ptismatis
2435 364 2524 419 sui
2558 372 2925 440 potestatem,
2956 380 3010 427 et
3042 391 3153 430 non
3197 392 3325 434 eam
3374 384 3833 444 transmissurus

2119 457 2171 504 et
2198 452 2585 510 translaturus
2616 457 2671 512 in
2692 458 2946 531 aliquem
2980 480 3209 521 servum
3236 483 3248 521 :
3274 468 3375 524 sed
3409 470 3531 527 sive
3567 474 3825 545 baptiza-

2119 545 2203 595 ret
2234 542 2290 597 in
2322 544 2644 603 ministerio
2669 566 2870 607 servus
2905 553 3240 624 bonus,sive
3280 560 3597 631 baptizaret
3636 542 3696 619 in
3725 566 3833 621 mi-

2120 630 2357 687 nisterio
2380 650 2578 690 servus
2614 638 2824 709 malus,
2858 658 2969 696 non
2995 644 3169 700 sciret
3199 663 3261 703 se
3285 630 3381 705 ille
3418 652 3520 721 qui
3565 652 3829 725 baptiza-

2118 724 2278 774 retur
2306 723 2604 794 baptizari,
2632 728 2743 782 nisi
2778 730 2847 785 ab
2880 731 2976 787 illo
3009 734 3108 805 qui
3139 736 3245 791 sibi
3275 740 3462 795 tenuit
3497 723 3829 813 baptizandi

2116 813 2483 878 potestatem.
2520 814 2587 869 Et
2620 820 2682 871 ut
2715 820 3001 887 noveritis,
3040 824 3267 895 fratres,
3300 828 3433 898 quia
3467 830 3573 887 hoc
3627 831 3685 887 in
3731 831 3832 889 illo

2116 912 2230 951 non
2262 905 2495 956 noverat
2525 904 2796 975 Joannes,
2831 913 2884 963 et
2919 910 3025 964 hoc
3055 912 3259 969 didicit
3298 932 3397 985 per
3443 918 3777 976 columbam
3813 939 3826 977 :

2113 985 2426 1045 Dominum
2460 993 2610 1048 enim
2645 1002 2897 1063 noverat,
2934 1001 3033 1054 sed
3068 1018 3201 1057 eum
3236 1004 3562 1075 baptizandi
3587 1009 3701 1064 sibi
3732 1027 3831 1083 po-

2115 1079 2381 1133 testatem
2417 1089 2803 1153 retenturum,
2837 1091 2893 1143 et
2951 1090 3096 1144 nulli
3145 1109 3308 1149 servo
3347 1112 3475 1152 eam
3526 1079 3828 1168 daturum,

2114 1168 2375 1222 nondum
2413 1178 2677 1240 noverat;
2715 1178 3035 1233 secundum
3058 1179 3165 1235 hoc
3190 1182 3353 1252 dixit,
3387 1186 3449 1240 Et
3480 1202 3575 1257 ego
3605 1190 3823 1244 nescie-

2114 1255 2243 1311 bam
2272 1274 2416 1314 eum.
2452 1260 2518 1315 Et
2548 1270 2610 1317 ut
2644 1267 2915 1322 noveritis
2946 1270 3084 1338 quia
3115 1271 3194 1326 ibi
3226 1272 3334 1330 hoc
3365 1255 3590 1344 didicit,
3638 1282 3831 1335 atten-

2113 1345 2229 1401 dite
2262 1352 2566 1419 sequentia
2602 1368 2615 1407 :
2658 1356 2765 1409 Sed
2792 1358 2888 1426 qui
2915 1358 3071 1412 misit
3100 1377 3187 1416 me
3237 1362 3522 1434 baptizare
3550 1366 3611 1422 in
3656 1384 3828 1440 aqua,

2112 1437 2226 1525 ipse
2279 1438 2423 1493 mihi
2466 1440 2631 1509 dixit,
2663 1444 2841 1514 Super
2880 1462 3037 1517 quem
3066 1450 3267 1506 videris
3310 1454 3582 1525 Spiritum
3609 1437 3824 1514 desecti;

2109 1523 2343 1594 dentem,
2378 1530 2536 1599 quasi
2556 1534 2888 1601 columbam,
2916 1542 2969 1591 et
3000 1545 3319 1596 manentem
3342 1523 3507 1614 super
3534 1561 3678 1613 eum,
3713 1549 3830 1618 ipse

2109 1621 2206 1668 est.
2254 1614 2399 1679 Quid
2436 1617 2560 1689 ipse
2583 1624 2666 1674 est
2696 1621 3049 1680 ?Dominus.
3075 1627 3187 1682 Sed
3212 1630 3330 1696 jam
3356 1642 3587 1689 noverat
3628 1614 3824 1692 Domi-

2110 1718 2273 1760 num.
2308 1706 2455 1777 Ergo
2499 1713 2698 1779 putate
2732 1711 2843 1766 huc
2886 1730 3071 1785 usque
3108 1717 3323 1775 dixisse
3370 1720 3682 1793 Joannem,
3715 1727 3822 1796 Ego

2107 1811 2215 1850 non
2247 1812 2503 1853 noveram
2524 1817 2648 1855 eum
2670 1817 2690 1866 ;
2711 1802 2802 1857 sed
2829 1805 2929 1875 qui
2955 1822 3041 1861 me
3071 1809 3219 1864 misit
3251 1810 3541 1881 baptizare
3571 1816 3632 1869 in
3657 1833 3821 1887 aqua,

2109 1885 2224 1954 ipse
2255 1887 2393 1941 mihi
2442 1888 2612 1945 dixit.
2657 1891 2984 1955 Qumrimus
3035 1898 3175 1968 quid
3218 1899 3481 1957 dixerit?
3527 1885 3824 1976 Sequi—tur,

2108 1974 2286 2043 Super
2354 1993 2511 2047 quem
2574 1979 2777 2036 videris
2840 1983 3107 2054 Spiritum
3181 1974 3633 2062 descendentem,
3667 1974 3829 2066 quasi

2108 2064 2431 2133 columbam,
2488 2074 2545 2122 et
2601 2077 2916 2127 manentem
2980 2091 3145 2145 super
3195 2093 3337 2134 eum.
3391 2079 3514 2135 Non
3572 2064 3702 2137 dico
3732 2099 3825 2138 se-

2110 2154 2384 2225 quentia;
2419 2156 2652 2213 interlm
2690 2162 2968 2217 attendite
3001 2180 3013 2219 :
3050 2164 3222 2235 Super
3256 2184 3416 2237 quem
3463 2171 3663 2226 videris
3695 2172 3827 2243 Spi-

2107 2245 2277 2297 ritum
2305 2243 2741 2314 descendentem,
2773 2252 3037 2321 tanquam
3068 2254 3401 2325 eolumbam,
3432 2263 3482 2313 et
3514 2266 3826 2316 manentem

2104 2348 2272 2403 super
2325 2349 2469 2403 eum,
2521 2337 2635 2406 ipse
2682 2345 2778 2392 est.
2839 2341 2945 2394 Sed
3006 2342 3144 2412 quid
3193 2343 3320 2415 ipse
3350 2347 3484 2402 est?
3529 2349 3670 2419 quid
3732 2366 3824 2405 me

2106 2424 2291 2479 voluit
2344 2441 2442 2495 per
2500 2426 2832 2485 columbam
2867 2430 3071 2488 docere
3123 2434 3221 2504 qui
3269 2450 3361 2491 me
3410 2437 3626 2492 misit?
3681 2438 3824 2503 Quia

2106 2509 2231 2581 ipse
2288 2515 2413 2566 erat
2461 2514 2794 2570 Dominus?
2846 2519 2972 2572 Jam
3025 2535 3290 2577 noveram
3336 2538 3369 2576 a
3425 2540 3540 2594 quo
3604 2527 3819 2582 missus

2106 2615 2262 2655 eram
2299 2602 2459 2671 :jam
2496 2618 2763 2659 noveram
2797 2622 2928 2661 eum
2963 2609 3057 2663 cui
3093 2608 3207 2664 dixi
3246 2626 3259 2666 :
3314 2612 3389 2666 Tu
3422 2613 3490 2667 ad
3536 2630 3622 2669 me
3669 2616 3824 2671 venis

2106 2688 2439 2760 baptizari?
2494 2708 2587 2762 ego
2643 2711 2675 2748 a
2735 2699 2786 2749 te
2834 2695 3000 2751 debeo
3069 2697 3390 2769 baptizari:
3443 2718 3627 2773 usque
3676 2706 3819 2760 adeo

2102 2794 2235 2845 ergo
2277 2796 2545 2836 noveram
2590 2782 2923 2855 Dominum,
2971 2792 3034 2841 ut
3082 2803 3184 2857 ego
3233 2792 3304 2844 ab
3334 2806 3400 2846 eo
3449 2793 3657 2848 vellem
3713 2794 3816 2850 ba-

2104 2868 2328 2936 ptizari,
2376 2887 2487 2925 non
2554 2875 2617 2924 ut
2665 2889 2697 2925 a
2756 2890 2846 2927 me
2897 2874 3021 2945 ipse
3073 2878 3505 2945 baptizaretur:
3566 2887 3625 2937 et
3676 2889 3814 2938 tunc

2102 2957 2245 3010 mihi
2268 2958 2433 3021 dixit,
2467 2958 2598 3013 Sine
2621 2961 2807 3022 modo:
2826 2961 3123 3033 impleatur
3152 2969 3327 3021 omnis
3348 2969 3560 3037 iustitia
3585 2973 3811 3041 (Matth.

2099 3062 2183 3112 n1,
2224 3048 2305 3109 14.
2346 3048 2430 3119 15)
2457 3065 2471 3117 ;
2509 3051 2623 3119 pati
2648 3052 2797 3119 veni,
2833 3054 3107 3123 baptizari
3134 3072 3247 3111 non
3273 3059 3436 3113 venio
3465 3060 3493 3114 ‘I
3514 3064 3815 3125 impleatur

2097 3142 2275 3191 amnis
2296 3137 2544 3206 justitia,
2579 3139 2655 3192 ait
2690 3140 2832 3195 mihi
2869 3143 3014 3197 Deus
3044 3161 3205 3200 meus
3236 3163 3250 3212 ;
3284 3147 3597 3218 impleatur
3620 3153 3813 3206 omnis

2097 3228 2341 3297 iustitia,
2388 3229 2620 3284 doceam
2657 3230 2885 3301 plenam
2949 3232 3336 3291 humilitatem
3372 3252 3386 3291 :
3422 3239 3546 3294 novi
3594 3256 3806 3311 super-

2095 3316 2322 3371 bientes
2354 3318 2412 3371 in
2443 3318 2636 3373 futuro
2671 3324 2883 3392 p0pulo
2908 3338 3056 3391 meo,
3091 3326 3222 3379 novi
3256 3326 3483 3397 aliquos
3514 3328 3575 3383 in
3608 3330 3807 3401 aliqua

2095 3406 2486 3463 excellentiori
2518 3408 2710 3478 gratia
2741 3412 2969 3465 futuros
3003 3412 3290 3476 homines,
3314 3418 3377 3468 ut
3405 3432 3536 3469 cum
3556 3418 3807 3472 viderint

2090 3494 2301 3551 idiotas
2320 3496 2539 3567 aliquos
2556 3498 2942 3568 baptizari,illi
2958 3501 3093 3569 quia
3108 3502 3374 3558 meliores
3389 3504 3498 3559 sibi
3513 3506 3804 3575 videntur,

2089 3583 2208 3639 sive
2238 3585 2618 3655 continentia,
2659 3588 2778 3641 sive
2798 3586 3201 3656 eleemosynis,
3236 3590 3356 3646 sive
3388 3592 3670 3659 doctrina,
3711 3596 3805 3650 de-

2085 3673 2401 3743 dignentur
2421 3675 2513 3728 isti
2541 3675 2779 3731 fortasse
2798 3677 3061 3748 accipere
3100 3680 3250 3750 quod
3276 3680 3359 3735 illi
3382 3681 3688 3738 inferiores
3706 3701 3805 3741 ac-

2086 3770 2365 3834 ceperunt
2397 3781 2411 3829 ;
2446 3768 2671 3833 oportet
2701 3770 2765 3820 ut
2787 3782 2989 3821 sanam
3022 3784 3142 3833 eos,
3170 3774 3234 3823 ut
3263 3786 3377 3825 non
3408 3770 3801 3845 dedignentur

2084 3852 2281 3907 venire
2311 3853 2381 3906 ad
2415 3852 2709 3924 baptisma
2742 3854 2992 3927 Domini,
3026 3858 3166 3928 quia
3196 3874 3299 3931 ego
3328 3858 3459 3916 veni
3509 3862 3579 3917 ad
3611 3862 3800 3935 bapti-

2086 3955 2211 3995 sma
2239 3940 2407 3996 servi.

2153 4031 2207 4085 9.
2238 4030 2370 4086 Jam
2404 4048 2538 4103 ergo
2570 4033 2678 4089 hoc
2709 4038 2940 4090 noverat
2968 4035 3247 4103 Joannes,
3297 4042 3354 4093 et
3400 4044 3638 4096 noverat
3685 4042 3802 4098 Do-

2084 4121 2330 4175 minum.
2364 4124 2506 4189 Quid
2539 4139 2673 4194 ergo
2705 4125 2901 4180 docuit
2932 4124 3201 4181 columba
3230 4127 3416 4199 ?quid
3468 4130 3649 4186 voluit
3698 4147 3801 4202 per

2079 4209 2439 4278 columbam,
2474 4211 2529 4265 id
2560 4216 2669 4273 est,
2719 4229 2815 4283 per
2839 4214 3117 4284 Spiritum
3151 4222 3418 4271 sanctum
3450 4218 3531 4272 sic
3560 4219 3798 4274 venien-

2079 4302 2195 4353 tem
2232 4300 2456 4366 docere,
2490 4301 2587 4371 qui
2638 4303 2868 4357 miserat
2913 4319 3068 4374 eum,
3121 4305 3215 4360 cui
3268 4305 3369 4371 ait,
3423 4305 3600 4374 Super
3636 4324 3794 4379 quem

2075 4391 2281 4445 videris
2311 4390 2581 4463 Spiritum
2610 4391 3037 4461 descendentem,
3070 4401 3331 4465 tanquam
3369 4395 3703 4467 columbam,
3744 4402 3797 4455 et

2075 4483 2391 4533 manentem
2420 4496 2582 4549 super
2610 4496 2751 4546 eum,
2786 4484 2901 4550 ipse
2931 4491 3008 4536 est
3040 4490 3067 4536 ?
3096 4485 3236 4549 Quis
3266 4485 3391 4554 ipse
3427 4492 3513 4541 est
3538 4486 3568 4541 ‘l
3597 4487 3799 4543 Domi-

2080 4585 2216 4623 nus.
2252 4568 2412 4623 Novi.
2448 4569 2555 4624 Sed
2580 4570 2864 4639 numquid
2892 4571 3133 4642 bocjam
3154 4589 3419 4642 noveras,
3440 4576 3576 4648 quia
3598 4577 3793 4634 Domi-

2080 4673 2193 4712 nus
2227 4658 2335 4713 iste
2366 4659 2700 4731 baptizandi
2742 4661 2963 4717 habens
2998 4668 3367 4734 potestatem,
3389 4682 3515 4723 eam
3550 4674 3801 4741 potesta-

2076 4752 2195 4802 tem
2222 4748 2367 4803 nulli
2400 4766 2564 4805 servo
2597 4751 2845 4806 daturus
2871 4756 2976 4815 est,
3010 4753 3107 4808 sed
3142 4752 3254 4810 sibi
3284 4771 3414 4812 eam
3458 4763 3794 4815 retenturus

2074 4842 2181 4906 est,
2210 4844 2268 4893 ut
2301 4839 2495 4895 omnis
2525 4838 2623 4910 qui
2659 4840 2988 4912 baptizatur
3032 4858 3133 4913 per
3190 4846 3338 4900 servi
3377 4846 3788 4913 ministerium,

2066 4941 2186 4981 non
2211 4927 2461 4999 imputet
2493 4943 2679 4997 servo,
2709 4930 2804 4984 sed
2844 4930 3085 4986 Domino
3124 4933 3152 4986 Ἰ
3197 4934 3480 5005 numquid
3530 4934 3638 4989 hoc
3664 4934 3786 5001 jam

2069 5032 2314 5072 noveras
2345 5017 2373 5072 ?
2401 5018 2526 5074 Non
2556 5019 2665 5075 hoc
2710 5036 2979 5078 noveram
3018 5038 3031 5078 :
3065 5023 3209 5078 adeo
3250 5024 3350 5092 qui
3398 5022 3540 5077 mihi
3594 5022 3740 5077 dixit
3770 5039 3784 5077 :

2062 5110 2241 5177 Super
2272 5124 2432 5181 quem
2464 5109 2667 5165 videris
2690 5110 2957 5178 Spiritum
2977 5112 3388 5167 descendentem
3409 5117 3674 5183 tanquam
3704 5128 3785 5168 eo.

2067 5196 2330 5267 lumbam,
2364 5205 2415 5253 et
2445 5205 2762 5255 manentem
2785 5216 2946 5271 super
2963 5217 3107 5266 eum,
3142 5201 3259 5270 ipse
3289 5204 3367 5255 est
3402 5200 3499 5272 qui
3548 5200 3789 5273 baptizat

2063 5287 2119 5341 in
2153 5286 2373 5358 Spiritu
2400 5299 2605 5344 saneto.
2641 5289 2764 5343 Non
2790 5290 2885 5355 ait,
2913 5291 3039 5359 Ipse
3060 5292 3146 5343 est
3178 5289 3458 5346 Dominus
3484 5315 3499 5359 ;
3532 5307 3646 5348 non
3672 5293 3774 5359 ait,

2064 5375 2190 5448 ipse
2214 5383 2304 5432 est
2335 5376 2600 5432 Christus
2634 5397 2647 5444 ;
2684 5393 2795 5431 non
2829 5378 2928 5445 ait,
2957 5377 3081 5447 ipse
3123 5381 3211 5433 est
3258 5378 3456 5450 Deus;
3508 5398 3623 5437 non
3684 5384 3783 5453 ait,

2064 5463 2189 5535 ipse
2221 5470 2309 5521 est
2338 5467 2503 5520 Jesus
2532 5485 2545 5533 ;
2581 5482 2692 5519 non
2718 5464 2819 5531 ait,
2854 5465 2977 5537 ipse
3000 5473 3085 5522 est
3116 5468 3216 5540 qui
3241 5474 3412 5527 natus
3444 5475 3532 5529 est
3554 5472 3625 5529 de
3666 5473 3783 5528 vir-

3041 5596 3586 5679 (Quarante-einq.)
