4170 6188
385 280 542 340 1419

378 417 515 491 gine
536 412 739 483 Maria,
764 403 1048 482 posterior
1077 406 1156 469 te,
1191 387 1343 471 prior
1373 399 1430 450 te
1463 408 1477 447 :
1528 406 1643 491 non
1677 387 1757 443 ait
1802 386 1943 451 hoc;
1972 384 2097 491 jaln:

378 469 535 562 :nim
568 509 677 558 hoc
699 469 936 557 noverat
964 494 1240 550 Joannes.
1288 484 1401 541 Sed
1460 479 1600 552 quid
1636 493 1749 532 non
1808 475 2045 562 noverat
2071 469 2098 523 ?

374 561 625 653 'I‘antam
646 589 987 663 potestatem
1010 576 1291 651 Baptismi
1310 573 1502 645 ipsum
1523 566 1835 663 Dominum
1866 561 2097 661 habitu-

377 700 511 742 rum
544 686 600 738 et
620 651 731 735 sibi
763 678 1147 737 retenturum,
1181 666 1299 723 sive
1329 664 1667 735 praesentem
1693 655 1752 709 in
1778 662 1947 717 terra,
1977 651 2097 705 sive

378 828 491 918 sibi
525 828 884 915 retenturum
916 846 1198 921 Baptismi
1233 843 1577 915 potestatem
1611 849 1721 889 :ne
1742 830 1961 921 Paulus
2003 828 2095 881 di-

378 954 556 1017 ceret,
578 946 910 1020 Baptismus
944 919 1127 1005 meus,
1159 951 1229 989 ne
1260 933 1462 988 Petrus
1483 926 1719 989 diceret,
1764 919 2097 1020 Baptismus

379 1008 569 1100 .meus'.
594 1008 727 1095 Ideo
750 1036 954 1099 videte,
974 1025 1255 1083 intendite
1280 1036 1447 1076 voces
1467 1012 1894 1087 Apostolorum.
1915 1008 2094 1065 Nemo

372 1130 781 1203 Apostolorum
815 1122 982 1189 dixit,
1004 1117 1337 1189 Baptismus
1361 1125 1548 1165 meus.
1582 1101 2093 1203 Quamvisvunum

376 1189 641 1278 omnium
672 1219 827 1273 esset
871 1206 1270 1280 Evangelium,
1330 1205 1525 1256 tamen
1581 1191 1810 1249 invenis
1856 1189 2091 1257 dixisse,

372 1308 751 1381 Evangelium
784 1316 972 1359 meum
1008 1278 1171 1353 :inon
1231 1287 1457 1347 invenis
1520 1284 1758 1347 dixisse,
1791 1278 2093 1350 Baptisma

443 1455 529 1545 t0.
564 1488 683 1544 Hoc
713 1500 846 1556 ergo
876 1478 1079 1537 didicit
1106 1476 1382 1539 Joannes,
1406 1458 1617 1524 fratres
1649 1460 1785 1517 mei.
1807 1455 2092 1556 Quod‘di-

371 1580 515 1637 dicit
546 1546 806 1633 Joannesv
825 1588 927 1646 per
956 1567 1311 1629 columbam,
1352 1560 1651 1615 discamus
1674 1556 1731 1608 et
1780 1566 1907 1605 nos.
1964 1546 2090 1646 Non

372 1670 528 1726 enim
560 1637 1148 1723 columbaJoannem
1167 1652 1387 1718 docuit,
1408 1653 1466 1704 et
1499 1642 1818 1702 Ecclesiam
1852 1654 1965 1694 non
1994 1637 2093 1692 do-

375 1759 518 1827 cuit,
551 1756 643 1812 cui
688 1751 957 1810 Ecclesiae
1007 1749 1224 1803 dictum
1269 1744 1378 1807 est,
1416 1739 1532 1795 Una
1562 1743 1641 1790 est
1692 1728 1942 1787 columba
1974 1741 2094 1781 mea

373 1818 557 1924 (Cavit.
575 1846 741 1917 v1.8).
756 1839 1032 1899 Columba
1046 1838 1248 1892 doceat
1260 1828 1593 1889 columbam
1611 1845 1625 1892 ;
1643 1818 2094 1924 noveritcolum-

367 1914 445 1999 ha
460 1940 613 2013 quod
628 1914 885 1994 Joannes
900 1930 1111 1989 dedicit
1124 1942 1222 2000 per
1235 1914 1837 1988 columbam.Spiritus
1853 1915 2091 2013 sanctus

370 2035 432 2090 in
474 2000 668 2104 specie
698 2025 979 2085 columbas
1024 2017 1340 2077 descendit.
1382 2013 1500 2104 Hoc
1561 2014 1757 2104 autem
1997 2000 2090 2104 ili;

369 2088 567 2180 stabit
582 2121 837 2178 Joannes
860 2116 919 2171 in
939 2113 1228 2177 columba,
1256 2120 1434 2177 quare
1460 2102 1521 2157 in
1541 2096 1815 2156 columba
1832 2088 2089 2147 didicit?

368 2212 678 2285 Oportebat
710 2208 865 2264 enim
899 2209 959 2260 ut
980 2203 1261 2257 disceret:
1301 2211 1406 2250 nec
1435 2193 1542 2247 hoc
1577 2190 1722 2285 forte
1763 2181 2086 2285 oportebat,

366 2274 556 2359 nisiut
586 2316 686 2371 per
715 2296 1049 2354 columbam
1082 2282 1513 2371 disceret.Quid
1544 2276 1831 2371 dicam‘dc
1859 2274 2086 2371 colum:

366 2391 463 2457 ha,
496 2358 702 2445 fratres
729 2385 835 2440 mei
860 2385 887 2439 τι
919 2384 1020 2437 aut
1050 2375 1284 2448 quando
1318 2370 1461 2427 mihi
1484 2362 1971 2457 sufficit_fac_ultas
2000 2358 2087 2415 vel

363 2452 556 2537 cordis
573 2474 661 2532 vel
692 2474 929 2544 linguae,
954 2469 1143 2524 dicere
1171 2459 1463 2535 quomodo
1488 2456 1614 2511 volo
1644 2455 1670 2508 ?
1695 2453 1762 2544 Et
1796 2452 1938 2506 forte
1970 2466 2085 2505 non

367 2568 540 2639 digne
564 2564 694 2620 volo
726 2541 1019 2633 quomodo
1043 2553 1355 2609 dicendum
1387 2550 1473 2602 est
1496 2563 1510 2614 ;
1536 2558 1638 2639 nec
1669 2541 1719 2597 si
1740 2544 1928 2595 tamen
1958 2555 2082 2639 pos-

366 2628 495 2712 sum
524 2654 713 2709 dicere
742 2628 1038 2720 quomodo
1070 2642 1234 2698 volo:
1277 2638 1498 2709 quanto
1549 2632 1739 2687 minus
1788 2628 2082 2701 quomodo

367 2744 683 2801 dicendum
714 2742 803 2796 est
830 2746 857 2794 Ρ
878 2737 993 2807 Ego
1017 2750 1050 2790 a
1082 2730 1319 2787 meliore
1351 2727 1459 2781 hoc
1482 2723 1679 2778 audire
1704 2720 1931 2784 vellem,
1966 2735 2081 2775 non

366 2832 529 2889 vobis
552 2830 761 2886 dicere.

438 2924 524 2978 11.
560 2919 742 2976 Discit
766 2916 1024 2973 Joannes
1055 2926 1189 2968 eum
1229 2922 1400 2980 quem
1444 2905 1717 2960 noverat:
1766 2899 1865 2955 sed
1917 2898 1974 2953 in
2014 2913 2079 2953 eo

377 3012 552 3071 discit
581 3011 639 3066 in
686 3024 802 3081 quo
824 3021 957 3061 eum
990 3019 1106 3059 non
1131 3004 1397 3066 noverat;
1430 2994 1490 3050 in
1524 3010 1639 3065 quo
1672 2994 1911 3047 noverat
1966 3005 2081 3043 non

372 3102 566 3159 discit.
590 3100 659 3156 Et
680 3078 820 3170 quid
846 3090 1129 3151 noverat?
1150 3088 1483 3145 Dominum.
1503 3083 1650 3148 Quid
1674 3097 1789 3170 non
1810 3078 2083 3170 noverat?

371 3168 724 3250 Potestatem
752 3182 1029 3242 dominici
1062 3176 1334 3251 baptismi
1365 3176 1421 3230 in
1456 3172 1686 3229 nullum
1719 3168 2016 3225 hominem
2049 3184 2083 3223 a

371 3281 618 3339 Domino
632 3277 1040 3342 transiturum,
1059 3271 1159 3327 sed
1190 3265 1579 3324 ministerium
1612 3262 1781 3335 plane
1804 3258 2081 3314 transitu-

370 3389 503 3429 rum
531 3387 545 3427 :
566 3371 911 3441 potestatem
930 3381 963 3419 a
984 3359 1231 3419 Domino
1250 3359 1309 3414 in
1332 3356 1652 3419 neminem,
1684 3348 2079 3441 ministerium

370 3465 427 3514 et
454 3457 512 3512 in
544 3430 730 3511 honos
762 3459 815 3506 et
846 3450 906 3505 in
939 3448 1146 3503 malos.
1177 3445 1301 3498 Non
1343 3441 1643 3497 exhorreat
1674 3435 1949 3491 columba
1979 3430 2082 3487 mi-

368 3546 677 3604 nisterium
736 3540 1045 3607 malorum,
1098 3532 1369 3605 respiciat
1417 3528 1645 3587 Domini
1715 3529 2076 3598 potestatem.

360 3636 517 3701 Quid
532 3634 637 3691 tibi
663 3632 797 3689 facit
831 3630 1021 3685 malus
1054 3624 1332 3689 minister,
1349 3619 1645 3677 ubibonus
1661 3614 2081 3672 estDominus?

367 3727 517 3794 Quid
548 3729 604 3781 te
634 3719 876 3793 impedit
915 3717 1242 3774 malitiosus
1273 3728 1479 3785 praeco,
1535 3708 1581 3763 si
1632 3710 1720 3763 est
1769 3704 2081 3761 benevolus

365 3815 549 3887 judex
578 3811 877 3869 ?Joannes
908 3805 1114 3863 didicit
1144 3820 1244 3876 per
1273 3800 1605 3858 columbam
1642 3798 1769 3887 hoc.
1814 3796 1961 3887 Quid
1995 3797 2082 3887 est

370 3885 524 3977 quod
556 3901 759 3959 didicit
787 3899 815 3954 *2
847 3899 971 3969 Ipse
1000 3898 1263 3965 repetat:
1304 3893 1424 3962 Ipse
1458 3888 1599 3943 mihi
1644 3886 1812 3954 dixit,
1862 3885 2079 3957 inquit,

372 3996 547 4064 Super
584 4006 742 4064 quem
800 3986 1003 4044 videris
1050 3982 1328 4053 Spiritum
1356 3977 1784 4041 descendentem,
1817 3980 2081 4046 tanquam

369 4063 699 4147 columbam,
729 4088 780 4136 et
807 4085 1123 4133 manentem
1151 4086 1312 4143 super
1330 4086 1476 4137 eum,
1500 4068 1587 4121 hic
1616 4068 1692 4120 est
1723 4063 1819 4135 qui
1846 4064 2081 4134 baptimt

372 4176 433 4230 in
463 4173 677 4244 Spiritu
713 4172 922 4225 sancto.
955 4164 1079 4221 Non
1111 4178 1246 4233 ergo
1280 4169 1331 4216 te
1374 4157 1683 4227 decipiant,
1723 4171 1754 4209 o
1787 4153 2079 4244 columba,

371 4243 727 4326 seductores,
759 4258 861 4331 qui
891 4256 1111 4323 dicunt,
1143 4253 1258 4309 Nos
1277 4245 1743 4321 baptizamus(a).
1777 4243 2080 4312 Columba,

373 4369 621 4426 agnosce
652 4352 793 4425 quid
824 4348 1024 4405 docuit
1055 4344 1348 4401 columba.
1384 4341 1481 4396 Hie
1519 4344 1597 4394 est
1628 4336 1723 4410 qui
1746 4336 1991 4407 baptizat
2023 4336 2081 4389 in

369 4443 585 4515 Spiritu
614 4446 823 4498 saneto.
852 4435 1307 4494 Percolumbam
1324 4430 1568 4486 discitur
1600 4428 1736 4498 quia
1758 4426 1851 4481 hic
1885 4428 1973 4480 est
1993 4438 2008 4490 ;
2028 4429 2083 4478 et

372 4512 436 4590 tu
461 4533 585 4604 ejus
607 4534 889 4604 potestate
922 4537 1089 4599 putas
1119 4530 1177 4581 te
1207 4521 1512 4595 baptizari,
1555 4520 1725 4588 cujus
1759 4512 2082 4571 ministerio

370 4620 679 4692 baptizaris
706 4621 734 4675 ‘I
765 4620 823 4675 Si
856 4619 964 4674 hoc
991 4620 1182 4689 putas,
1216 4613 1479 4669 nondum
1514 4626 1574 4666 es
1607 4609 1665 4663 in
1707 4621 1944 4677 corpore
1983 4620 2079 4659 σοι

368 4703 586 4770 lumbos
614 4728 630 4778 ;
654 4714 709 4764 et
737 4708 917 4764 sinon
940 4711 1029 4762 est
1049 4706 1105 4760 in
1128 4718 1367 4775 corpore
1397 4698 1699 4764 columbae,
1728 4713 1840 4752 non
1865 4693 2084 4750 miran-

374 4804 514 4859 dum
548 4798 679 4871 quia
708 4795 1147 4869 simplicitatem
1170 4810 1283 4848 non
1317 4790 1518 4845 habes.
1540 4785 1895 4858 Simplicitas
1926 4784 2080 4840 enim

370 4892 623 4950 maxime
654 4904 753 4959 per
784 4885 1116 4943 columbam
1147 4881 1512 4952 designatur.

441 4984 526 5038 12.
560 4982 748 5047 Quare
777 4991 879 5048 per
909 4970 1343 5044 simplicitatem
1371 4964 1650 5023 columbae
1671 4963 1875 5020 didicit
1902 4962 2077 5019 Joan-

367 5092 496 5143 nes,
526 5072 665 5146 quia
684 5070 773 5125 hic
798 5071 877 5125 est
906 5064 1003 5138 qui
1034 5064 1276 5134 baptizat
1307 5062 1366 5116 in
1382 5060 1597 5130 Spiritu
1630 5061 1833 5123 sancto,
1873 5056 2079 5111 fratres

371 5163 507 5229 mei,
541 5145 655 5216 nisi
686 5158 822 5229 quia
851 5152 1135 5212 columbas
1165 5166 1281 5207 non
1313 5155 1477 5206 erant
1508 5146 1607 5219 qui
1632 5145 1943 5202 Ecclesiam
1969 5145 2083 5200 dis-

366 5225 754 5320 sipaverunt—2’
787 5245 1100 5318 Accipitres
1121 5249 1306 5311 erant,
1338 5239 1498 5296 milvi
1523 5242 1709 5295 erant.
1744 5237 1869 5292 Non
1900 5225 2084 5291 laniat

367 5336 654 5393 columba.
688 5335 757 5390 Et
775 5336 932 5392 vides
963 5333 1092 5390 illos
1121 5332 1400 5390 invidiam
1432 5329 1598 5385 nobis
1654 5328 1864 5392 facere,
1917 5325 2083 5396 quasi

366 5423 436 5480 de
453 5421 952 5494 persecutionibus
974 5437 1115 5492 quas
1141 5421 1295 5491 passi
1313 5423 1469 5476 sunt.
1493 5413 1828 5487 Corporales
1846 5413 2081 5484 quidem

368 5512 528 5586 passi
550 5508 713 5584 quasi
749 5511 1197 5581 persecutiones,
1229 5528 1364 5570 eum
1388 5511 1587 5566 essent
1611 5505 1833 5579 ﬂagella
1855 5503 2085 5562 Domini

440 5640 508 5704 (α)
547 5635 852 5691 Donatista.

1344 258 1423 320 IN
1469 248 1796 318 JOANNIS
1842 245 2376 314 EVANGELIUM,
2426 247 2492 305 S.
2538 242 2969 307 AUGUSTINI

3801 242 3915 304 142

2213 380 2521 438 manifeste
2550 378 2741 434 dantis
2763 376 3132 449 disciplinam
3155 377 3224 432 ad
3248 380 3501 449 tempus,
3518 376 3837 434 nedamnet
3858 379 3918 435 in

2211 474 2519 534 aternum,
2551 468 2601 523 si
2631 483 2758 523 eam
2792 483 2907 524 non
2936 466 3332 536 cognoverint,
3349 481 3522 537 seque
3550 468 3920 533 correxerint,

2209 559 2299 616 Illi
2347 574 2481 613 vero
2515 560 2942 629 persequuntur
3000 556 3334 619 Ecclesiam,
3382 556 3481 627 qui
3525 556 3674 612 dolis
3715 574 3920 628 perse-

2211 646 2962 719 quuntur;illigraviuscor
2978 645 3207 711 feriunt,
3239 644 3338 715 qui
3366 643 3581 717 linguas
3617 645 3807 719 gladio
3843 647 3928 703 fe-

2212 738 2399 806 riunt;
2417 736 2498 791 illi
2516 736 2813 792 accerbius
2832 735 3175 804 sanguinem
3206 735 3479 803 fundunt,
3505 736 3600 807 qui
3625 736 3922 794 Christum

2210 830 2498 896 quantum
2531 824 2590 879 in
2612 823 2759 895 ipsis
2788 827 2897 892 est,
2926 821 2986 877 in
3019 821 3256 877 homine
3286 821 3577 877 occidunt.
3630 826 3925 881 Perterriti

2209 913 2483 970 videntur
2521 912 2925 985 quasijudicio
2950 910 3331 983 potestatum.
3364 912 3515 978 Quid
3539 911 3644 968 tibi
3675 912 3813 969 facit
3828 931 3928 985 po-

2209 1008 2413 1073 testas,
2446 1003 2492 1059 si
2524 1005 2712 1059 bonus
2734 1005 2840 1059 es?
2868 1002 2927 1057 Si
2960 1010 3149 1057 autem
3174 1001 3364 1056 malus
3385 1017 3469 1068 es,
3501 1002 3646 1058 time
3668 1009 3918 1075 potesta-

2204 1098 2324 1150 tem
2361 1110 2375 1149 :
2402 1095 2517 1149 Non
2536 1094 2685 1148 enim
2713 1094 2927 1159 frustra
2938 1090 3191 1161 gladium
3216 1094 3423 1162 portat,
3441 1091 3582 1147 dicit
3602 1093 3919 1164 Apostolus

2205 1186 2380 1257 (Rom.
2413 1202 2536 1253 xm,
2569 1183 2644 1255 4).
2675 1183 2865 1238 Tuum
2905 1182 3167 1253 gladium
3201 1181 3316 1236 noli
3350 1181 3615 1248 educere,
3650 1200 3765 1253 quo
3796 1199 3920 1253 per-

2206 1274 2355 1331 culis
2405 1274 2718 1329 Christum.
2779 1271 3127 1340 Christiane,
3162 1271 3300 1342 quid
3339 1275 3402 1326 tu
3444 1272 3804 1344 persequeris
3859 1272 3919 1327 in

2207 1364 2513 1421 christiano
2533 1364 2559 1418 ?
2591 1363 2733 1435 quid
2757 1363 2811 1417 in
2847 1367 2904 1419 te
2935 1368 3267 1432 persecutus
3287 1366 3344 1417 et
3374 1361 3682 1433 imperator
3710 1362 3737 1417 ‘i
3776 1361 3914 1418 Car-

2205 1471 2337 1512 nem
2375 1458 2715 1527 persecutus
2737 1456 2823 1508 est
2855 1452 3029 1521 ;tuin
3063 1450 3379 1508 christiano
3411 1450 3681 1523 spiritum
3713 1468 3911 1521 perse-

2204 1545 2423 1618 queris.
2457 1551 2581 1601 Non
2630 1542 2847 1600 occidis
2879 1545 2936 1597 tu
2986 1557 3242 1597 carnem.
3288 1545 3354 1595 Et
3383 1544 3579 1597 tamen
3610 1558 3715 1598 nec
3753 1544 3911 1597 carni

2206 1641 2494 1710 parcunt:
2531 1639 2818 1708 quotquot
2850 1638 3165 1708 potuerunt
3203 1634 3477 1690 caedendo
3527 1641 3910 1700 necaverunt;

2206 1726 2449 1783 necsuis
2482 1742 2553 1781 ne
2573 1724 2815 1780 calienis
2847 1726 3247 1796 pepercerunt.
3279 1723 3492 1777 Notum
3525 1726 3615 1776 est
3651 1722 3752 1776 hoc
3782 1738 3905 1777 om-

2206 1817 2401 1872 nibus.
2437 1815 2718 1872 Invidiosa
2751 1822 2837 1870 est
2870 1816 3145 1887 potestas,
3177 1812 3316 1884 quia
3346 1811 3606 1880 legitima
3622 1819 3705 1867 est
3728 1829 3740 1868 :
3764 1811 3912 1867 invi-

2205 1908 2369 1962 diose
2395 1906 2548 1973 facit,
2583 1906 2677 1977 qui
2703 1905 2837 1975 jure
2872 1904 3042 1959 facit:
3081 1902 3207 1957 sine
3240 1900 3457 1956 invidia
3482 1900 3635 1967 facit,
3659 1901 3757 1973 qui
3779 1918 3915 1972 prae-

2205 2007 2289 2053 ter
2319 1997 2475 2068 leges
2500 1997 2654 2053 facit.
2687 1995 2963 2050 Attendat
2986 1992 3391 2064 unusquisque
3420 1992 3916 2061 vestrum,fratres

2203 2089 2336 2155 mei,
2364 2088 2501 2159 quid
2536 2086 2745 2141 habeat
2775 2084 3144 2140 cbristianus.
3179 2082 3339 2148 Quod
3395 2081 3563 2137 homo
3608 2087 3718 2147 est,
3750 2098 3913 2136 com-

2202 2193 2381 2233 mune
2405 2193 2537 2233 cum
2570 2175 2805 2231 multis:
2838 2173 2996 2246 quod
3016 2172 3370 2229 christianus
3393 2176 3501 2237 est,
3535 2170 3858 2226 secernitur
3878 2190 3914 2227 a

2200 2267 2429 2337 multis;
2465 2273 2518 2320 et
2554 2267 2681 2337 plus
2712 2266 2781 2319 ad
2828 2263 2999 2318 illum
3056 2262 3299 2333 pertinet
3344 2259 3494 2332 quod
3531 2260 3910 2327 christianus,

2200 2375 2372 2430 quam
2399 2359 2549 2429 quod
2574 2356 2764 2411 homo.
2793 2354 2933 2409 Nam
2956 2355 3108 2425 quod
3131 2352 3817 2417 christianus,renovatur
3838 2351 3909 2404 ad

2200 2448 2511 2519 imaginem
2527 2446 2646 2514 Dei,
2664 2462 2695 2500 a
2714 2460 2826 2516 quo
2845 2443 3223 2499 homofaclus
3244 2446 3332 2497 est
3353 2441 3423 2497 ad
3440 2440 3752 2510 imaginem
3788 2440 3909 2510 Dei,

2196 2538 2334 2610 (Col.
2369 2553 2450 2602 Ill,
2478 2536 2561 2604 lO)
2589 2551 2600 2589 :
2628 2534 2781 2607 quod
2809 2538 3004 2589 autem
3021 2532 3215 2597 homo,
3241 2538 3429 2602 posset
3453 2533 3508 2584 et
3535 2528 3745 2596 malus,
3770 2545 3912 2600 pos-

2195 2631 2354 2685 setet
2374 2642 2662 2698 paganus,
2686 2626 2911 2695 posset1
2938 2626 2993 2678 et
3011 2620 3335 2677 idololatra.
3354 2618 3473 2675 Hoc
3502 2623 3562 2673 tu
3600 2632 3911 2690 perseque-

2195 2717 2278 2772 ris
2300 2717 2359 2771 in
2384 2714 2720 2781 christiano,
2743 2712 2897 2785 quod
2932 2710 3144 2767 melius
3169 2708 3343 2765 habet
3367 2725 3380 2765 :
3401 2707 3510 2763 hoc
3534 2708 3687 2763 enim
3722 2705 3803 2760 illi
3822 2705 3911 2761 vis

2195 2806 2424 2863 auferre
2453 2804 2607 2860 unde
2628 2803 2783 2859 vivit.
2819 2802 2972 2857 Vivit
2992 2800 3149 2856 enim
3172 2798 3567 2869 temporaliter
3588 2796 3905 2853 secundum

2194 2896 2464 2967 spiritum
2495 2895 2645 2962 vitis,
2674 2910 2786 2965 quo
2808 2908 3017 2964 corpus
3048 2890 3341 2947 animatur
3373 2905 3388 2955 ;
3430 2887 3567 2943 vivit
3607 2891 3799 2942 autem
3833 2886 3907 2942 ad

2194 2987 2573 3043 aeternitatem
2607 2985 2931 3041 secundum
2965 2982 3265 3054 Baptisms
3295 2977 3447 3050 quod
3477 2975 3698 3048 accepit
3729 2992 3761 3029 a
3800 2974 3904 3031 Do-

2194 3078 2389 3133 mino:
2422 3075 2530 3132 hoc
2561 3074 2645 3129 illi
2676 3074 2761 3129 vis
2791 3073 3009 3141 tollere,
3062 3071 3214 3143 quod
3261 3068 3483 3141 accepit
3532 3084 3566 3122 a
3614 3067 3851 3121 Domino
3888 3084 3902 3133 ;

2192 3167 2303 3222 hoc
2326 3165 2407 3221 illi
2447 3165 2532 3221 vis
2563 3163 2767 3220 tollere
2801 3164 2955 3219 unde
2984 3161 3145 3217 vivit.
3178 3161 3453 3216 Latrones
3484 3173 3579 3213 eos
3610 3173 3758 3228 quos
3804 3172 3904 3210 vo-

2193 3256 2323 3312 lunt
2351 3254 2695 3327 exspoliare,
2724 3255 2806 3309 sic
2836 3251 3061 3319 volunt,
3092 3256 3158 3307 ut
3204 3249 3313 3321 ipsi
3348 3248 3480 3321 plus
3530 3246 3801 3314 habeant,
3848 3251 3908 3300 et

2192 3346 2277 3402 illi
2301 3346 2446 3403 nihil
2470 3346 2721 3401 habeant
2749 3361 2763 3399 :
2798 3349 2857 3399 tu
2881 3348 2936 3399 et
2958 3341 3115 3399 tollis
3147 3341 3302 3409 huic,
3328 3343 3385 3397 et
3406 3339 3560 3410 apud
3582 3341 3637 3392 te
3659 3353 3772 3392 non
3795 3336 3908 3392 erit

2192 3436 2352 3509 plus;
2387 3453 2499 3492 non
2532 3435 2689 3492 enim
2720 3433 2852 3505 plus
2884 3432 2989 3488 tibi
3021 3431 3260 3505 fit,quia
3280 3430 3420 3488 huic
3441 3428 3617 3486 tollis.
3640 3427 3750 3484 Sed
3773 3441 3903 3482 vere

2194 3525 2297 3581 hoc
2322 3525 2561 3593 faciunt,
2590 3524 2743 3597 quod
2767 3522 2827 3578 hi
2851 3522 2950 3596 qui
2973 3520 3186 3577 tollunt
3206 3519 3495 3588 animam;
3530 3522 3586 3574 et
3605 3517 3772 3574 alteri
3791 3514 3907 3572 tol-

2189 3616 2338 3684 lunt,
2366 3619 2423 3671 et
2451 3615 2560 3685 ipsi
2586 3615 2731 3669 duas
2762 3613 2955 3669 anima
2979 3628 3093 3668 non
3125 3611 3365 3667 habent.

2264 3704 2347 3760 t3.
2382 3704 2526 3768 Quid
2556 3719 2688 3774 ergo
2711 3702 2798 3759 vis
2829 3702 3054 3756 auferre
3073 3700 3100 3754 ‘2
3124 3698 3285 3755 Unde
3313 3696 3417 3753 tibi
3449 3694 3713 3768 displicet
3741 3710 3906 3767 quem

2189 3793 2278 3851 vis
2309 3793 2663 3865 rebaptizare
2692 3792 2719 3847 ?
2749 3791 2895 3847 Dare
2926 3807 3038 3846 non
3074 3795 3235 3861 potcs
3267 3787 3419 3859 quod
3444 3787 3569 3857 jam
3592 3784 3904 3855 habet,‘sed

2190 3884 2331 3941 facit
2363 3900 2570 3955 negare
2592 3884 2747 3954 quod
2770 3882 2964 3937 habet.
2998 3880 3145 3947 Quid
3171 3878 3434 3935 acerbius
3459 3877 3704 3933 faciebat
3729 3891 3905 3947 paga-

2193 3992 2321 4044 nus,
2352 3978 2679 4045 persecutor
2709 3971 2976 4028 Ecclesiae
3006 3972 3034 4025 ?
3056 3969 3480 4026 Exserebantur
3509 3966 3683 4040 gladii
3706 3965 3903 4021 adver-

2192 4082 2293 4121 sus
2313 4061 3041 4136 martyres,emittebantur
3071 4059 3292 4126 bestias,
3320 4058 3483 4131 ignes
3506 4057 3904 4112 admoveban-

2191 4160 2284 4212 tur
2316 4172 2329 4213 :
2363 4153 2566 4225 utquid
2599 4153 2757 4208 ista?
2787 4152 2860 4208 Ut
2899 4152 3113 4207 diceret
3144 4149 3243 4222 qui
3277 4149 3391 4205 ista
3408 4147 3752 4220 patiebatur,
3774 4144 3903 4201 Non

2192 4261 2319 4301 sum
2344 4244 2719 4301 cbristianus.
2761 4242 2908 4309 Quid
2943 4243 3113 4299 doces
3144 4246 3204 4296 tu
3236 4256 3371 4296 eum
3404 4253 3574 4311 quem
3612 4237 3699 4294 vis
3741 4238 3903 4294 reba-

2194 4336 2428 4409 ptizare,
2464 4334 2576 4390 nisi
2608 4334 2866 4405 utprimo
2888 4332 3062 4403 dicat,
3084 4332 3206 4388 Non
3232 4346 3363 4387 sum
3381 4328 3740 4387 Christianus
3758 4327 3785 4383 ‘I
3815 4327 3903 4383 Ad

2193 4426 2349 4498 quod
2381 4424 2694 4495 aliquando
2728 4425 3061 4495 persecutor
3099 4420 3430 4492 proferebat
3478 4418 3798 4484 ﬂammam,
3830 4416 3907 4473 ad

2192 4516 2304 4572 hoc
2329 4520 2391 4570 tu
2438 4513 2713 4586 producis
2743 4513 3004 4585 linguam
3040 4528 3054 4567 :
3088 4511 3418 4568 seducendo
3453 4509 3593 4565 facis
3624 4509 3776 4579 quod
3804 4506 3903 4563 ille

2194 4605 2506 4661 occidendo
2528 4620 2643 4659 non
2675 4604 2829 4660 fecit.
2866 4603 2931 4658 Et
2961 4602 3097 4674 quid
3131 4607 3219 4659 est
3248 4601 3400 4673 quod
3440 4601 3679 4655 daturus
3730 4613 3814 4665 es,
3847 4600 3909 4653 et

2194 4696 2287 4752 cui
2320 4696 2563 4751 daturus
2584 4694 2695 4751 es?
2727 4695 2785 4750 Si
2810 4694 2916 4750 tibi
2936 4710 3135 4750 verum
3156 4694 3331 4759 dicat,
3353 4695 3410 4746 et
3437 4706 3552 4746 non
3574 4689 3850 4744 seductus
3872 4706 3909 4744 ι

2193 4789 2252 4843 te
2272 4784 2601 4851 mentiatur,
2635 4785 2903 4841 dicturus
2933 4788 3040 4850 est,
3075 4783 3287 4839 Habeo.
3316 4782 3665 4851 Interrogas,
3716 4777 3907 4834 Habes

2193 4874 2539 4948 Baptisms?
2570 4874 2785 4943 Habeo,
2819 4874 2979 4930 dicit.
3030 4872 3323 4937 Quamdiu
3371 4870 3558 4927 habeo
3590 4868 3749 4935 dicit,
3811 4867 3903 4922 in-

2196 4969 2351 5040 quis,
2385 4984 2498 5022 non
2518 4983 2650 5022 sum
2682 4966 2945 5021 daturus.
2981 4965 3049 5020 Et
3079 4964 3196 5020 noti
3230 4964 3405 5018 dare:
3438 4959 3597 5033 quod
3627 4960 3783 5017 enim
3815 4958 3905 5014 vis

2190 5059 2349 5125 dare,
2379 5058 2594 5114 hisrere
2618 5057 2676 5113 in
2711 5073 2799 5112 me
2822 5073 2936 5113 non
2961 5059 3148 5129 potest
3180 5053 3357 5127 ;quia
3386 5052 3546 5127 quod
3566 5051 3784 5123 accepi,
3806 5066 3909 5105 au-

2192 5148 2321 5203 ferri
2356 5165 2389 5203 a
2412 5163 2501 5203 me
2535 5164 2647 5204 non
2681 5151 2888 5218 potest.
2924 5147 3034 5203 Sed
3098 5151 3291 5201 tamen
3327 5150 3625 5216 exspecta;
3675 5140 3903 5196 videam

2191 5238 2333 5308 quid
2368 5254 2459 5293 me
2488 5237 2574 5294 vis
2613 5238 2835 5294 docere.
2859 5236 2983 5305 Dic,
3022 5235 3237 5308 inquit,
3289 5234 3505 5308 primo,
3535 5232 3662 5288 Non
3694 5230 3905 5286 habeo.

2189 5327 2297 5383 Sed
2332 5327 2438 5383 hoc
2470 5325 2682 5382 habeo:
2716 5342 2779 5381 se
2810 5325 3028 5382 dixero.
3061 5326 3181 5381 Non
3206 5324 3415 5390 habeo,
3450 5320 3903 5390 mentior;quod

2192 5419 2347 5475 enim
2375 5418 2576 5488 habeo,
2602 5416 2811 5474 habeo.
2844 5417 2969 5474 Non
2994 5416 3192 5483 habes,
3213 5413 3425 5487 inquit.
3457 5412 3608 5469 Doce
3628 5411 3769 5483 quia
3792 5426 3905 5467 non

2200 5568 2302 5693 paig
2316 5565 2687 5679 ng‘dehﬁiro
2733 5572 2924 5633 posset,
2958 5573 3036 5619 ter
3078 5568 3205 5634 legit
3234 5565 3420 5633 Morel,
3446 5564 3703 5615 Element.
3735 5562 3904 5613 critic.
