4164 6192
261 258 409 317 1421

261 395 461 450 habeo.
486 393 670 449 Malos
691 392 796 448 tibi
816 391 990 448 dedit.
1018 391 1075 447 Si
1103 389 1289 445 malus
1310 388 1600 458 Christus,
1617 388 1807 444 malus
1827 388 1969 444 mihi

263 485 328 540 de
349 486 435 539 lit.
462 486 610 551 Non,
632 482 846 554 inquit,
880 481 1066 536 malus
1088 480 1355 536 Christus
1381 497 1395 534 :
1420 480 1516 535 sed
1543 496 1656 534 non
1680 478 1785 533 tibi
1806 478 1971 534 Chri-

266 587 383 634 stus
416 576 599 632 dedit.
635 577 774 645 Quis
814 592 951 646 ergo
982 574 1123 630 mihi
1159 574 1367 629 dedit?
1398 575 1717 644 responde:
1751 589 1855 644 ego
1881 588 1971 628 me

266 686 296 723 a
325 668 550 721 Christo
584 666 704 720 scio
734 667 1043 736 accepisse.
1070 665 1235 719 Dedit
1258 663 1384 731 tibi,
1416 662 1623 733 inquit,
1658 662 1762 717 sed
1794 662 1975 717 tradi-

267 762 354 813 tor
385 755 585 811 nescio
628 755 779 827 quis,
815 771 925 810 non
960 753 1242 808 Christus.
1276 751 1483 807 Videro
1516 752 1646 822 quis
1680 752 1851 805 fuerit
1874 753 1979 805 mi-

268 846 472 910 nister,
506 845 705 899 videro
736 844 864 915 quis
894 843 1065 897 fuerit
1101 859 1321 913 praeco;
1356 844 1423 895 de
1453 840 1682 895 officiali
1718 857 1828 895 non
1854 841 1977 894 dis-

263 940 424 1007 puto,
461 936 721 1005 judicem
747 934 1014 988 attendo:
1052 936 1107 987 et
1139 932 1276 987 forte
1304 931 1457 1003 quod
1482 930 1688 999 objicis
1719 930 1973 997 officiali,

264 1024 535 1079 mentiris
563 1042 575 1077 :
602 1025 695 1079 sed
723 1023 851 1079 nolo
876 1024 1195 1091 discutere;
1222 1038 1459 1077 causam
1486 1019 1754 1076 officialis
1776 1022 1865 1074 sui
1886 1038 1978 1076 co-

260 1122 506 1184 gnoscat
538 1117 814 1171 Dominus
845 1115 1145 1169 amborum
1182 1130 1194 1167 :
1233 1114 1376 1168 forte
1409 1114 1456 1167 si
1490 1112 1716 1183 exigam
1750 1118 1814 1166 ut
1846 1128 1976 1183 pro-

262 1207 387 1273 bes,
413 1223 526 1260 non
549 1206 796 1276 probas;
831 1205 947 1260 imo
973 1203 1270 1260 mentiris:
1308 1203 1616 1275 probatum
1648 1205 1736 1256 est
1756 1208 1810 1256 te
1842 1218 1971 1272 pro-

263 1295 400 1348 bare
424 1310 536 1346 non
562 1293 815 1363 potuisse
836 1294 947 1363 (a):
974 1292 1075 1348 sed
1097 1308 1209 1347 non
1228 1290 1305 1345 ibi
1332 1308 1480 1361 pono
1496 1306 1732 1346 causam
1762 1305 1972 1357 meam,

262 1399 331 1437 ne
363 1399 498 1437 cum
534 1382 790 1436 studiose
822 1396 1047 1453 cmpere
1068 1379 1374 1436 defendere
1406 1379 1674 1435 homines
1700 1379 1973 1433 innocen-

264 1477 374 1537 tes,
411 1478 580 1544 putes
614 1489 702 1527 me
733 1488 893 1542 spem
925 1488 1109 1527 meam
1138 1470 1223 1526 vel
1254 1470 1311 1524 in
1340 1468 1676 1525 hominibus
1707 1469 1977 1523 innocen-

266 1564 423 1618 tibus
473 1562 778 1633 posuisse:
832 1561 1048 1616 fuerint
1086 1560 1356 1615 homines
1394 1559 1758 1630 qualeslibet,
1808 1574 1913 1629 ego
1945 1575 1978 1613 a

264 1651 498 1707 Christo
539 1651 756 1721 accepi,
796 1666 899 1719 ego
940 1669 971 1705 a
1009 1649 1236 1705 Christo
1272 1650 1601 1720 baptizatus
1632 1664 1783 1703 sum.
1826 1646 1974 1717 Non,

265 1740 478 1811 inquit,
504 1740 602 1795 sed
630 1739 1039 1810 illeepiscOpus
1061 1745 1115 1794 te
1138 1736 1975 1809 baptizavit,etilleepiscopus

268 1830 386 1885 illis
408 1829 825 1885 communicat.
849 1832 888 1884 Α
915 1829 1144 1884 Christo
1165 1845 1298 1884 sum
1319 1828 1666 1899 baptizatus,
1692 1844 1797 1898 ego
1822 1827 1973 1882 novi.

269 1920 433 1977 Unde
457 1922 657 1976 nosti?
690 1921 896 1977 Docuit
922 1936 1015 1975 me
1034 1920 1302 1975 columba
1329 1935 1505 1991 quam
1529 1919 1669 1973 vidit
1699 1922 1973 1973 Joannes.

262 2011 303 2065 Ο
330 2011 509 2067 milve
534 2011 699 2080 male,
728 2028 838 2066 non
866 2027 956 2066 me
976 2009 1223 2065 dilanias
1247 2028 1279 2065 a
1303 2008 1623 2065 visceribus
1648 2006 1972 2064 culumbte:

260 2103 316 2156 in
353 2103 643 2158 columbae
677 2101 956 2157 membris
989 2117 1262 2156 numeror
1294 2116 1308 2167 ;
1347 2099 1485 2172 quia
1515 2099 1671 2171 quod
1704 2098 1971 2154 columba

256 2194 478 2260 docuit,
511 2194 617 2248 hoc
650 2191 801 2247 novi.
824 2193 908 2246 Tu
946 2191 1085 2247 mihi
1117 2191 1285 2257 dicis,
1311 2190 1411 2246 Ille
1440 2194 1496 2245 te
1514 2189 1846 2261 baptizavit,
1876 2192 1977 2243 aut

254 2286 352 2341 ille
374 2291 430 2339 te
463 2284 776 2356 baptizavit
808 2303 823 2351 ;
858 2300 956 2355 per
980 2282 1314 2338 columbam
1358 2281 1496 2336 mihi
1520 2290 1573 2336 et
1605 2281 1707 2336 tibi
1741 2280 1973 2342 dicitur,

252 2378 353 2430 Hic
378 2385 459 2430 est
489 2377 585 2445 qui
607 2374 888 2445 baptizat:
917 2372 1010 2427 cui
1042 2372 1232 2438 credo,
1267 2370 1460 2435 milvo,
1492 2388 1563 2427 an
1599 2370 1925 2425 columbae?

328 2463 415 2517 14.
451 2462 615 2517 Certe
646 2470 704 2515 tu
740 2459 879 2515 mihi
915 2458 1030 2523 dic,
1068 2466 1125 2513 ut
1158 2475 1257 2528 per
1289 2458 1452 2513 illam
1496 2457 1797 2513 lucernam
1832 2474 1972 2513 con-

254 2551 547 2619 fundaris,
575 2567 689 2621 qua
720 2548 949 2606 confusi
974 2552 1189 2604 suntet
1221 2547 1442 2619 priores
1473 2547 1716 2612 inimici,
1756 2563 1921 2619 pares
1954 2550 1967 2583 ¹

256 2642 337 2696 tui
362 2640 657 2713 pbaristei,
683 2639 784 2713 qui
806 2655 941 2693 cum
976 2638 1398 2710 interrogarent
1422 2637 1748 2704 Dominum,
1780 2639 1834 2691 in
1862 2654 1975 2708 qua

257 2732 550 2802 potestate
578 2728 691 2784 ista
724 2729 939 2783 faceret
974 2744 985 2784 :
1020 2727 1376 2794 Interrogabo
1406 2734 1456 2781 et
1499 2741 1591 2796 ego
1624 2742 1735 2792 vos,
1759 2725 1973 2797 inquit,

256 2820 427 2875 istum
457 2833 782 2885 sermonem,
829 2816 1009 2873 Dicite
1054 2818 1219 2883 mihi,
1254 2817 1543 2884 Baptisma
1569 2817 1797 2870 Joannis
1830 2815 1975 2870 unde

257 2918 331 2963 est
353 2911 383 2963 Σ)
414 2908 479 2964 de
507 2908 639 2962 cazlo
660 2924 731 2961 an
761 2923 829 2961 ex
858 2905 1219 2961 hominibus?
1249 2905 1313 2959 Et
1336 2905 1417 2958 illi
1451 2904 1545 2973 qui
1573 2904 1976 2975 praeparabant

250 2998 502 3071 jaculari
538 2996 724 3064 dolos,
758 2996 963 3052 irretiti
997 3003 1136 3051 sunt
1168 2996 1509 3066 quaestione,
1542 3000 1834 3063 cmperuut
1856 2996 1973 3051 vol-

258 3104 393 3142 vere
424 3087 579 3158 apud
615 3086 971 3157 semetipsos,
1005 3089 1061 3140 et
1088 3086 1297 3149 dicere,
1330 3084 1389 3139 Si
1418 3084 1723 3139 dixerimus
1754 3084 1884 3155 quia
1909 3085 1974 3140 de

257 3177 391 3231 casto
418 3182 520 3241 est,
561 3176 810 3229 dicturus
838 3184 916 3229 est
964 3173 1142 3243 nobis,
1177 3175 1355 3243 Quare
1402 3191 1514 3227 non
1561 3173 1841 3228 credidisti
1871 3177 1975 3230 ei?

255 3266 517 3321 Joannes
564 3265 721 3320 enim
777 3264 994 3320 dixerat
1042 3264 1111 3319 de
1158 3264 1414 3330 Domino,
1466 3266 1596 3320 Ecce
1646 3267 1825 3333 Agnus
1856 3265 1969 3333 Dei,

253 3372 375 3414 ecce
404 3356 505 3428 qui
533 3354 678 3411 tollit
703 3362 982 3426 peccatum
1014 3355 1207 3410 mundi
1228 3357 1405 3425 (Joan.
1440 3372 1479 3423 ι,
1512 3356 1629 3426 29.)
1659 3355 1805 3420 Quid
1836 3372 1972 3426 ergo

257 3445 546 3518 quaeritis,
582 3445 641 3499 in
664 3462 782 3516 qua
816 3450 1098 3515 potestate
1129 3445 1275 3499 facio
1306 3444 1333 3499 ’ἶ
1360 3447 1403 3499 Ο
1432 3444 1577 3515 lupi,
1609 3444 1666 3499 in
1695 3450 1974 3517 potestate

254 3535 409 3607 Agni
442 3535 594 3591 facio
625 3535 779 3606 quod
814 3535 982 3589 facio.
1019 3534 1128 3590 Sed
1164 3534 1493 3589 utnossetis
1516 3537 1766 3606 Agnum,
1792 3552 1974 3607 quare

262 3643 382 3681 non
415 3624 751 3680 credidistis
801 3626 1029 3693 Joanui,
1081 3625 1179 3695 qui
1222 3625 1385 3689 dixit,
1445 3626 1574 3680 Ecce
1621 3627 1802 3695 Agnus
1855 3626 1971 3695 Dei,

256 3731 377 3771 ecce
408 3716 507 3786 qui
527 3714 679 3770 tollit
708 3717 985 3785 peccatum
1009 3714 1202 3769 mundi
1223 3716 1250 3770 ?
1281 3715 1541 3771 Scientes
1562 3732 1693 3785 ergo
1727 3714 1807 3769 illi
1832 3716 1970 3787 quid

262 3807 515 3861 dixisset
550 3804 805 3860 Joannes
855 3804 926 3858 de
971 3805 1236 3874 Domino,
1282 3805 1553 3861 dixerunt
1600 3808 1752 3876 apud
1805 3822 1883 3871 se,
1917 3806 1976 3862 Si

258 3896 569 3951 dixerimus
592 3893 721 3965 quia
745 3894 817 3949 de
834 3894 966 3949 cato
990 3895 1406 3965 estbaptismus
1425 3896 1691 3962 Joannis,
1711 3896 1853 3951 dicet
1884 3913 1977 3952 no-

263 3986 367 4053 bis,
393 3986 579 4053 Quare
592 3999 720 4052 ergo
749 4000 857 4039 non
880 3983 1190 4040 credidistis
1213 3985 1265 4040 ei
1282 3993 1308 4040 ?
1338 3988 1400 4041 Si
1420 3986 1728 4041 dixerimus
1757 3988 1889 4058 quia
1908 4003 1978 4043 ex

260 4071 590 4132 hominibus
622 4077 720 4137 est,
752 4070 1128 4141 tapidabimur
1155 4089 1189 4127 a
1215 4073 1419 4143 populo
1447 4089 1468 4135 ,°
1500 4075 1627 4143 quia
1656 4074 1975 4146 prophetam

262 4161 469 4215 habent
500 4161 786 4215 Joannem.
819 4161 955 4216 Hinc
990 4160 1269 4217 timebant
1292 4163 1581 4229 homines,
1610 4164 1741 4220 hinc
1766 4164 1975 4220 verita-

258 4256 380 4305 tem
402 4250 570 4309 fateri
606 4250 1123 4309 confundebantur.
1148 4252 1422 4308 Tenebrae
1447 4254 1713 4310 tenebras
1747 4270 1976 4325 respon-

261 4344 499 4409 derunt,
533 4341 634 4395 sed
668 4359 701 4395 a
731 4342 861 4396 luce
882 4353 1165 4415 superata:
1196 4350 1355 4400 sunt.
1381 4344 1528 4409 Quid
1561 4346 1715 4401 enim
1746 4362 1983 4418 respon-

261 4430 528 4485 derunt?
546 4430 831 4486 Nescimus
847 4447 867 4485 :
891 4433 1043 4502 quod
1068 4434 1351 4500 sciebant,
1376 4433 1663 4503 dixerunt,
1686 4434 1979 4492 nescimus.

264 4516 325 4570 Et
357 4518 667 4583 Dominus,
694 4534 791 4574 nec
811 4534 905 4589 ego
928 4522 1075 4575 vobis
1104 4521 1242 4588 dico,
1268 4522 1476 4593 inquit,
1504 4526 1561 4576 in
1593 4540 1697 4594 qua
1726 4530 1984 4591 potestate

267 4611 373 4660 ista
396 4610 540 4678 [acia
572 4608 784 4679 (Matth.
820 4625 933 4676 xxi,
958 4610 1149 4680 23-27)
1194 4610 1263 4665 Et
1285 4612 1506 4667 confusi
1528 4618 1667 4667 sunt
1690 4614 1859 4683 primi
1883 4613 1986 4668 ini-

267 4699 429 4757 mici.
466 4698 678 4755 Unde?
711 4700 785 4755 De
807 4699 1061 4756 lucerna.
1097 4704 1235 4768 Quis
1259 4708 1380 4758 erat
1406 4702 1687 4758 lucerna?
1712 4704 1984 4761 Joannes.

267 4789 593 4844 Probamus
644 4791 782 4860 quia
824 4790 1063 4847 lucerna
1100 4798 1225 4848 erat
1252 4792 1279 4846 ?
1336 4792 1670 4849 Probamus.
1708 4794 1987 4849 Dominus

267 4876 424 4930 enim
452 4875 594 4931 dicit
622 4891 636 4930 :
669 4877 771 4932 Ille
801 4888 920 4932 erat
947 4878 1171 4935 lucerna
1199 4879 1394 4935 ardens
1424 4889 1476 4934 et
1509 4880 1691 4934 lucens
1721 4882 1901 4952 (Joan.
1931 4897 1987 4951 v,

267 4963 387 5034 35).
428 4963 750 5020 Probamus
781 4966 918 5035 quia
948 4971 1005 5022 et
1034 4968 1103 5023 de
1134 4968 1263 5037 ipso
1294 4968 1524 5024 confusi
1553 4972 1692 5023 sunt
1724 4968 1989 5023 inimici?

268 5053 577 5109 Psalmum
602 5053 739 5109 audi
764 5071 776 5110 :
812 5057 1037 5124 Paravi,
1062 5056 1271 5128 inquit,
1300 5056 1583 5114 lucernam
1608 5058 1820 5114 Christo
1840 5074 1990 5119 meo;

266 5143 525 5201 inimicos
562 5146 682 5216 ejus
716 5146 943 5202 induam
972 5150 1288 5218 confusione
1318 5150 1489 5221 (Psal.
1523 5165 1713 5217 cxxxr,
1757 5152 1842 5216 17,
1883 5148 1993 5217 18).

346 5233 435 5289 15.
464 5234 671 5291 Adhuc
704 5235 761 5292 in
797 5236 975 5307 hujus
1008 5237 1134 5293 vitae
1157 5239 1408 5295 tenebris
1436 5239 1505 5294 ad
1540 5238 1840 5295 lucernam
1861 5238 1991 5293 fidei

273 5324 658 5381 ambulamus
694 5344 705 5379 ε
740 5330 1044 5384 teneamus
1097 5333 1155 5384 et
1204 5346 1308 5384 nos
1356 5329 1653 5384 lucernam
1682 5329 1993 5399 Joannem,

271 5414 715 5471 confundamus
736 5422 793 5473 et
818 5417 952 5473 inde
977 5418 1248 5475 inimicos
1270 5417 1481 5475 Christi
1510 5437 1523 5489 ;
1558 5418 1675 5474 imo
1702 5420 1819 5490 ipse
1851 5435 1998 5475 con-

348 5570 367 5633 1_
402 5567 554 5633 Ullus
585 5567 861 5633 parceusis
883 5570 999 5625 κε..
1010 5580 1209 5633 patres.

272 5628 648 5759 18fr>tz)e'lu‘:arigit
678 5645 891 5682 causam
920 5628 1210 5684 Caeciliani.
1266 5634 1462 5685 Confer
1513 5633 1766 5698 epistolas
1812 5632 1891 5691 43.
1920 5633 2001 5693 88,

1529 248 1995 313 TRACTATUS
2040 251 2165 313 VII.
2213 254 2477 319 CAPUT
2517 258 2571 322 Ι.

3626 263 3787 326 1422

2081 390 2288 448 fundat
2317 394 2586 453 inimicos
2608 413 2748 454 suos
2778 414 2881 468 per
2909 396 3201 455 lucernam
3236 415 3425 455 suam.
3462 402 3799 476 Interroga-

2084 497 2216 536 mus
2240 487 2295 537 et
2316 500 2420 540 nos
2444 488 2595 557 quod
2630 487 2908 543 Dominus
2930 488 3181 556 Judteos,
3199 488 3625 557 interrogemus
3641 498 3698 548 et
3718 495 3805 550 di-

2087 587 2305 640 camus,
2334 574 2625 645 Baptisma
2644 576 2885 632 Joannis
2904 578 3056 632 unde
3072 578 3208 633 est?
3234 580 3305 635 do
3326 578 3491 647 cmlo,
3515 598 3588 636 an
3607 598 3673 637 ex
3692 583 3803 639 ho-

2087 662 2341 718 minibus
2363 665 2390 719 ?
2421 667 2564 732 Quid
2591 668 2796 722 dicturi
2821 672 2987 735 sunt,
3008 668 3216 738 videte,
3250 670 3299 725 si
3325 686 3439 725 non
3462 675 3519 727 et
3542 671 3652 743 ipsi
3677 678 3801 727 tan-

2087 767 2264 821 quam
2290 754 2509 809 inimici
2546 757 2614 811 de
2646 755 2884 812 lucerna
2916 758 3379 814 confunduntur.
3413 759 3556 824 Quid
3590 761 3797 816 dicturi

2088 841 2264 897 sunt?
2287 843 2343 898 Si
2368 844 2732 913 dixerint,Ex
2758 846 3123 914 hominibus;
3150 851 3205 901 et
3228 847 3337 913 ipsi
3358 848 3557 905 suieos
3578 848 3797 920 lapida-

2085 932 2269 986 bunt:
2303 932 2347 986 si
2371 939 2564 989 autem
2594 934 2960 1002 dixerint,De
2982 935 3158 1002 cmlo;
3184 936 3448 991 dicamus
3469 938 3575 1007 eis,
3614 940 3803 1005 Quare

2087 1039 2222 1093 ergo
2258 1040 2372 1079 non
2404 1026 2733 1080 credidistis
2756 1026 2804 1080 ei
2826 1026 2853 1081 ‘l
2889 1027 3085 1081 Dicum
3113 1028 3375 1093 fortasse,
3398 1029 3703 1085 Credimus
3724 1031 3799 1087 ei.

2086 1113 2383 1177 Quomodo
2415 1129 2550 1183 ergo
2583 1114 2777 1169 dicitis
2810 1115 2943 1186 quia
2966 1132 3065 1170 vos
3098 1116 3427 1188 baptizatis,
3460 1126 3512 1173 et
3534 1118 3791 1177 Joannes

2087 1201 2245 1266 dicit,
2281 1203 2377 1256 Hic
2403 1207 2481 1256 est
2504 1205 2601 1272 qui
2648 1204 2891 1273 baptizat
2922 1207 2950 1257 ἱ)
2979 1203 3086 1258 Sed
3140 1206 3463 1276 ministros,
3495 1207 3795 1278 inquiunt,

2085 1289 2676 1359 tantijudicisjustos
2708 1296 2933 1363 oportet
2963 1309 3113 1362 esse,
3149 1309 3246 1364 per
3270 1310 3416 1365 quos
3446 1296 3787 1366 baptizatur.

2085 1378 2155 1434 Et
2192 1394 2293 1447 ego
2343 1378 2491 1447 dico,
2524 1384 2580 1434 et
2611 1397 2818 1435 omnes
2867 1379 3139 1448 dicimus,
3181 1382 3537 1453 quiajustos
3567 1391 3797 1457 oportet

2086 1484 2214 1526 esse
2238 1469 2621 1539 tantijudicis
2654 1470 2953 1527 ministros
2979 1487 2991 1525 :
3018 1471 3134 1527 sint
3158 1472 3410 1529 ministri
3437 1476 3605 1544 justi.
3638 1477 3687 1532 si
3702 1494 3799 1533 vo-

2088 1558 2242 1625 lunt;
2270 1559 2317 1613 si
2342 1563 2536 1614 autem
2555 1558 3139 1632 noluerintessejusti
3154 1562 3252 1632 qui
3269 1561 3596 1618 cathedram
3613 1566 3795 1637 Moysi

2087 1648 2360 1716 sedent‘,
2398 1665 2665 1705 securum
2716 1666 2805 1706 me
2856 1650 2989 1707 fecit
3045 1652 3315 1724 magister
3359 1669 3541 1723 meus,
3577 1654 3644 1710 de
3674 1672 3791 1727 quo

2087 1738 2342 1810 Spiritus
2372 1739 2501 1809 ejus
2534 1739 2693 1799 dixit,
2719 1741 2816 1795 Hic
2845 1749 2924 1795 est
2954 1741 3053 1811 qui
3085 1740 3347 1813 baptizat.
3370 1742 3672 1809 Quomodo
3704 1759 3798 1799 se-

2085 1843 2293 1881 curum
2328 1842 2420 1881 me
2456 1827 2585 1883 fecit
2617 1830 2645 1881 ?
2691 1828 2924 1895 Scribaz,
2969 1830 3180 1900 inquit,
3220 1834 3270 1885 et
3300 1830 3579 1888 Pharisaei
3608 1832 3797 1887 cathe—

2085 1916 2245 1970 dram
2277 1916 2443 1987 Moysi
2470 1915 2697 1986 sedent;
2729 1933 2855 1989 qum
2874 1918 3088 1988 dicunt,
3115 1922 3279 1992 facile
3299 1938 3317 1981 .’
3348 1938 3467 1992 quae
3496 1926 3679 1977 autem
3715 1924 3800 1990 fa-

2084 2005 2257 2073 ciunt,
2285 2008 2466 2076 facere
2493 2007 2711 2062 nolite:
2740 2008 2929 2063 dicunt
2950 2010 3190 2076 enim,el
3220 2010 3553 2081 non/aciunt
3581 2009 3794 2083 (Matth.

2083 2112 2244 2161 xxm,
2276 2099 2329 2163 2,
2364 2097 2437 2167 3).
2469 2096 2527 2152 Si
2561 2097 2731 2151 fuerit
2763 2097 3031 2153 minister
3054 2099 3279 2169 justus.
3324 2105 3596 2172 computo
3630 2101 3791 2155 illum

2083 2201 2217 2240 cum
2244 2184 2438 2251 Paulo,
2464 2192 2742 2255 cumputo
2764 2186 2926 2242 illum
2953 2204 3085 2242 cum
3111 2188 3276 2243 Petro
3301 2206 3315 2257 ;
3339 2206 3468 2244 cum
3493 2190 3617 2245 istis
3639 2207 3797 2245 com-

2089 2275 2440 2346 putojustos
2464 2274 2789 2331 ministros:
2818 2277 3255 2347 quiaverejusti
3281 2277 3530 2333 ministri
3545 2278 3790 2350 gloriam

2083 2381 2251 2419 suam
2281 2380 2393 2419 non
2415 2372 2708 2435 quaerunt;
2737 2365 2987 2420 ministri
3012 2367 3163 2421 enim
3197 2375 3354 2432 sunt,
3382 2367 3798 2438 projudicibus

2082 2454 2285 2509 haberi
2334 2453 2561 2519 nolunt,
2612 2470 2772 2524 spem
2807 2455 2863 2509 in
2899 2471 2959 2510 se
2996 2456 3130 2527 poni
3160 2454 3577 2511 exhorrescunt
3609 2474 3624 2511 :
3659 2473 3795 2529 ergo

2082 2552 2354 2615 computo
2374 2560 2505 2598 cum
2524 2544 2948 2614 Paulojustum
2973 2545 3326 2601 ministrum.
3351 2546 3497 2610 Quid
3524 2547 3679 2602 enim
3706 2548 3796 2600 di-

2082 2635 2160 2689 cit
2192 2633 2401 2689 Paulus
2423 2633 2450 2688 ?
2480 2634 2587 2701 Ego
2615 2635 2889 2705 plantavi,
2914 2635 3103 2705 Apollo
3135 2635 3383 2706 rigavit;
3412 2637 3513 2691 sed
3542 2637 3681 2692 Deus
3710 2639 3796 2691 in-

2080 2731 2417 2780 crementum
2446 2723 2592 2779 dedit
2617 2744 2637 2778 .·
2664 2742 2840 2795 neque
2870 2728 2964 2797 qui
2990 2724 3216 2796 plantat
3244 2736 3321 2780 est
3351 2726 3585 2798 aliquid,
3619 2744 3793 2799 neque

2080 2816 2177 2885 qui
2206 2818 2391 2885 rigat;
2421 2814 2514 2869 sed
2542 2813 2640 2886 qui
2670 2817 3065 2870 incrementum
3092 2815 3188 2870 dat
3219 2817 3357 2871 Deus
3388 2818 3432 2887 (Ι
3462 2816 3582 2870 Cor.
3620 2833 3708 2885 iu,
3739 2818 3797 2885 6,

2078 2906 2157 2975 7).
2193 2904 2299 2970 Qui
2341 2919 2470 2959 vero
2514 2904 2684 2958 tuerit
2733 2905 3021 2975 superbus
3055 2904 3342 2972 minister,
3376 2922 3503 2960 cum
3540 2905 3743 2961 zabulo
3775 2909 3797 2941 ²

2080 2999 2449 3065 computatur
2479 3010 2492 3049 :
2538 2995 2633 3049 sed
2669 3010 2781 3049 non
2836 2996 3268 3051 contaminatur
3306 2997 3524 3051 donum
3558 2996 3793 3063 Christi,

2082 3086 2236 3157 quod
2259 3101 2356 3154 per
2381 3083 2549 3139 illum
2584 3083 2709 3138 fluit
2734 3101 2967 3155 purum,
2993 3088 3145 3157 quod
3184 3101 3283 3157 per
3304 3085 3470 3141 illum
3497 3087 3705 3142 transit
3729 3086 3800 3141 li-

2080 3174 2320 3246 quidam
2344 3174 2495 3229 venit
2520 3175 2585 3228 ad
2622 3173 2863 3230 fertilem
2885 3179 3115 3231 terram.
3143 3180 3289 3231 Puta
3319 3177 3459 3248 quia
3490 3176 3614 3249 ipse
3646 3176 3791 3248 lapi-

2080 3267 2224 3321 deus
2256 3268 2364 3331 est,
2402 3263 2534 3335 puia
2561 3281 2628 3320 ex
2659 3282 2810 3336 aqua
2853 3265 3100 3321 fructum
3137 3266 3280 3321 ferre
3314 3282 3427 3322 non
3463 3271 3692 3338 potest:
3730 3270 3788 3322 et

2081 3374 2181 3429 per
2209 3356 2505 3426 lapideum
2538 3354 2799 3410 canalem
2841 3354 3049 3411 transit
3082 3372 3256 3427 aqua,
3290 3357 3501 3411 transit
3531 3372 3685 3428 aqua
3712 3356 3782 3410 ad

2081 3445 2306 3502 areolas
2338 3446 2359 3479 ³
2392 3462 2406 3513 ;
2442 3443 2500 3499 in
2535 3443 2719 3499 canali
2752 3444 2976 3514 lapideo
3005 3444 3145 3500 nihil
3170 3449 3428 3515 generat,
3462 3445 3563 3500 sed
3597 3452 3794 3498 tamen

2078 3540 2305 3599 hortis‘
2330 3540 2650 3614 plurimum
2668 3541 2920 3596 fructum
2945 3541 3129 3597 affert.
3147 3539 3476 3610 Spiritualis
3496 3540 3653 3595 enim
3678 3540 3797 3595 vir—

2079 3637 2177 3689 tus
2200 3631 2559 3687 Sacramenti
2584 3631 2662 3684 ita
2686 3639 2770 3685 est
2793 3634 2855 3684 ut
2886 3630 3011 3685 lux:
3047 3632 3103 3684 et
3122 3630 3193 3684 ab
3218 3628 3623 3685 illuminandis
3646 3645 3799 3701 pura

2081 3720 2383 3792 excipitur,
2416 3723 2474 3775 et
2506 3719 2555 3773 si
2589 3734 2689 3790 per
2724 3719 3061 3774 immundos
3081 3723 3362 3788 transeat,
3386 3735 3502 3775 non
3524 3718 3803 3791 inquina-

2082 3816 2194 3868 tur.
2228 3811 2356 3866 Sint
2387 3809 2556 3881 plane
2604 3808 2859 3864 ministri
2901 3808 3073 3880 justi,
3109 3814 3163 3865 et
3194 3808 3442 3882 gloriam
3475 3826 3645 3866 suam
3674 3827 3790 3866 non

2083 3905 2359 3973 quaerant,
2393 3900 2494 3956 sed
2523 3898 2679 3955 illius
2710 3900 2881 3969 cujus
2911 3899 3164 3955 ministri
3197 3907 3333 3955 sunt
3365 3915 3378 3954 :
3416 3916 3529 3955 non
3571 3899 3789 3966 dicant,

2083 3990 2379 4062 Baptisma
2398 4004 2590 4045 meum
2616 3993 2702 4045 est
2733 3988 2905 4060 ,quia
2928 4005 3040 4044 non
3065 3994 3153 4045 est
3176 3990 3458 4060 ipsorum.
3476 3979 3797 4047 Attendunt

2084 4080 2278 4152 ipsum
2310 4079 2616 4135 Joannem.
2663 4082 2806 4134 Ecce
2852 4078 3107 4134 Joannes
3156 4077 3366 4150 plenus
3413 4082 3537 4135 erat
3572 4078 3793 4151 Spiritu

2085 4173 2287 4226 sancto
2321 4185 2336 4236 ;
2368 4172 2424 4224 et
2459 4167 2824 4239 baptismum
2856 4166 2926 4223 de
2956 4167 3095 4223 coelo
3129 4167 3396 4233 habebat,
3431 4183 3546 4223 non
3588 4184 3653 4223 ex
3686 4167 3796 4223 ho-

2086 4259 2385 4315 minibus:
2438 4259 2538 4314 sed
2564 4265 2855 4330 quatenus
2877 4256 3177 4313 habebat?
3206 4256 3335 4327 Ipse
3382 4255 3547 4320 dixit,
3588 4258 3791 4311 Parate

2085 4352 2233 4405 viam
2265 4350 2497 4405 Domino
2527 4350 2709 4417 (Joan.
2755 4364 2795 4414 ι,
2835 4348 2949 4415 23).
3001 4345 3108 4403 Ubi
3148 4351 3343 4401 autem
3392 4344 3660 4415 cognitus
3706 4346 3797 4398 est

2088 4437 2393 4503 Dominus,
2426 4437 2550 4507 ipse
2583 4435 2769 4490 factus
2796 4440 2884 4490 est
2915 4434 3001 4489 via
3034 4450 3048 4501 ;
3094 4450 3208 4488 non
3232 4434 3353 4503 jam
3373 4449 3522 4504 opus
3547 4436 3671 4487 erat
3699 4431 3801 4488 bs-

2088 4528 2363 4600 ptismate
2390 4524 2655 4591 Joannis,
2692 4540 2806 4594 quo
2840 4527 3140 4595 pararetur
3171 4522 3260 4579 via
3294 4521 3557 4579 Domino.

2163 4616 2249 4669 16.
2283 4615 2502 4669 Tamen
2550 4611 2688 4681 quid
2744 4611 2913 4667 nobis
2957 4611 3139 4666 solent
3189 4609 3433 4667 dicere?
3483 4611 3625 4667 Ecce
3664 4612 3798 4682 post

2091 4705 2375 4760 Joannem
2418 4701 2766 4774 baptizatum
2814 4705 2922 4757 est.
2954 4704 3282 4773 Antequam
3313 4700 3469 4757 enim
3501 4701 3649 4757 bene
3682 4700 3796 4755 ista

2093 4794 2336 4867 quaestio
2366 4795 2713 4848 tractaretur
2742 4791 2801 4847 in
2834 4790 3089 4847 Ecclesia
3120 4791 3423 4860 catholica,
3458 4790 3623 4848 multi
3655 4791 3713 4845 in
3737 4805 3805 4844 ea

2095 4890 2456 4952 erraverunt,
2488 4887 2546 4938 et
2578 4882 2775 4954 magni
2806 4886 2863 4939 et
2893 4881 3028 4939 boni
3059 4882 3140 4955 (a)
3172 4899 3185 4939 :
3219 4883 3319 4938 sed
3352 4881 3489 4954 quia
3514 4882 3585 4936 de
3619 4893 3800 4934 mem~

2096 4978 2219 5034 bris
2250 4975 2533 5031 columbis
2563 4978 2749 5040 erant,
2794 4989 2907 5029 nou
2950 4990 3012 5029 se
3051 4973 3460 5046 praeciderunt,
3494 4978 3549 5024 et
3582 4970 3797 5023 factum

2098 5072 2186 5127 est
2216 5066 2275 5121 in
2306 5064 2391 5121 eis
2422 5064 2578 5137 quod
2610 5063 2757 5119 dixit
2784 5062 3121 5135 Apostolus,
3147 5062 3207 5117 Si
3233 5060 3364 5132 quid
3393 5057 3564 5112 aliter
3581 5056 3801 5127 sapitis,

2166 5193 2182 5227 ί
2216 5191 2303 5241 Sic
2329 5187 2456 5239 Lov.
2489 5202 2607 5238 cum
2631 5188 2661 5236 5
2692 5189 2852 5247 Mss;
2884 5192 2937 5237 at
2960 5187 3120 5249 juxta
3136 5184 3229 5249 _Er.
3266 5179 3432 5244 Lugd.
3462 5180 3592 5231 Ven.
3622 5178 3808 5242 legeu~

2101 5254 2251 5312 dum,
2286 5254 2340 5301 in
2369 5251 2619 5301 cathedra
2651 5250 2817 5315 Moysi
2839 5245 3034 5315 sedent.
3098 5245 3219 5315 _M__
3601 5305 3633 5315 υ
3677 5303 3691 5315 ,
3746 5304 3786 5315 ,,

2166 5303 2262 5380 31in
2287 5315 2526 5380 pluribus
2544 5316 2668 5380 uss.
2687 5303 3116 5380 lo§o,zabuti,est_
3135 5307 3330 5380 ubique
3355 5303 3807 5380 nomep,dinboli.

2167 5381 2187 5414 ³
2211 5369 2303 5427 Er.’
2330 5378 2494 5437 Lugd.
2525 5378 2721 5425 etVen.
2746 5369 2961 5435 habent,
2978 5386 3075 5436 per
3094 5369 3361 5435 lapideum
3378 5369 3613 5419 canalem
3635 5370 3807 5419 trans-

2102 5442 2147 5493 ξι
2177 5456 2313 5493 aqua
2348 5440 2418 5487 ad
2446 5440 2660 5486 areolas.
2758 5437 2826 5486 Μ.

2166 5504 2190 5539 ι
2218 5499 2270 5551 In
2302 5503 2551 5550 omnibus
2581 5502 2727 5557 Mss.,
2766 5499 2961 5547 hortus.

2170 5566 2243 5627 (a)
2273 5565 2597 5627 Cyprianum
2623 5562 2673 5627 in
2699 5555 2882 5627 primis
2903 5557 3273 5627 subintelligit.
3297 5559 3671 5627 c_um_que__ipso
3691 5555 3811 5603 Car-

2106 5622 2475 5688 thagine'n'sem
2509 5624 2793 5688 synodum,
2826 5623 2890 5674 de
2920 5638 3026 5688 qua
3056 5626 3110 5674 iu
3142 5622 3270 5675 libb.
3302 5622 3368 5673 de
3399 5622 3665 5687 Baptismo
3685 5630 3809 5668 con-

2070 5710 2075 5715 ·
2107 5697 2188 5743 tra
2206 5685 2524 5742 "Donatistae
2537 5685 2583 5738 ’6
2613 5689 2666 5738 et
2692 5685 2741 5739 7.
