4170 6188
287 311 447 371 1423

292 447 391 503 hoc
418 458 627 518 quoque
656 439 799 498 vobis
830 441 969 496 Deus
1001 434 1260 494 reuelabit
1288 433 1557 507 (Philipp.
1592 449 1677 493 ιιι.
1713 432 1820 504 15).
1846 432 2006 488 Unde

292 534 385 590 isti
408 537 505 605 qui
530 548 593 587 se
615 531 1052 602 separaverunt,
1068 524 1350 582 indociles
1372 524 1508 579 facti
1534 530 1685 578 sunt.
1703 523 1847 587 Quid
1872 536 2006 594 ergo

296 625 487 681 solent
516 624 706 678 dicere
735 620 762 675 ‘I
813 619 951 675 Ecce
1006 624 1132 687 post
1160 616 1443 672 Joannem
1480 613 1837 685 baptizatum
1870 617 1958 667 est
1990 627 2004 679 ;

294 716 427 785 post
455 712 754 767 haereticos
784 724 899 764 non
933 706 1255 778 baptizatur
1279 704 1306 759 ‘i
1337 703 1479 768 Quia
1506 702 1744 774 quidam
1769 702 1868 773 qui
1902 702 2007 757 ha—

296 802 509 857 bebant
540 800 831 871 baptisma
857 794 1292 864 Joannis,jussi
1315 798 1456 848 sunt
1476 811 1503 845 a
1528 791 1705 846 Paulo
1730 789 2004 860 baptizari

297 893 434 964 (Act.
467 906 581 957 xxx,
635 888 790 956 3-5):
834 902 948 940 non
998 884 1154 938 enim
1195 882 1485 937 habebant
1516 878 1810 950 baptisma
1841 877 2007 932 Chri—

296 982 392 1036 sti.
427 980 572 1044 Quid
605 992 741 1047 ergo
793 989 1108 1045 exaggeras
1142 972 1408 1027 meritum
1452 968 1716 1034 Joannis,
1749 972 1804 1023 et
1836 966 2007 1038 quasi

296 1070 502 1139 abjicis
523 1066 923 1123 infelicitatem
944 1062 1344 1116 haereticorum
1366 1060 1394 1111 Ι)
1417 1060 1483 1113 Et
1505 1074 1607 1130 ego
1630 1059 1735 1113 tibi
1754 1058 2006 1113 concedo

298 1158 613 1216 sceleratos
660 1171 790 1211 esse
838 1151 1146 1208 haereticos
1201 1169 1217 1209 :
1270 1148 1373 1204 sed
1424 1148 1673 1202 haeretici
1720 1148 2009 1218 baptisma

293 1247 504 1304 Christi
531 1245 835 1310 dederunt,
870 1244 1021 1315 quod
1054 1239 1346 1309 baptisma
1377 1254 1490 1293 non
1524 1235 1683 1292 dedit
1729 1236 2005 1293 Joannes.

368 1339 455 1394 17.
482 1336 735 1391 Recurro
754 1334 825 1388 ad
846 1335 1156 1394 Joannem,
1171 1331 1226 1383 et
1242 1326 1398 1383 dico:
1422 1327 1607 1382 Hicest
1628 1324 2003 1396 quibaptizat.

296 1428 390 1483 Sic
421 1425 580 1483 enim
626 1423 829 1480 melior
858 1421 1115 1477 Joannes
1144 1434 1321 1490 quam
1353 1417 1677 1485 haereticus,
1712 1415 2003 1487 quomodo

298 1516 505 1572 melior
526 1516 776 1570 Joannes
800 1526 966 1581 quam
983 1507 1271 1573 ebriosus,
1297 1504 1590 1578 quomodo
1608 1504 1816 1559 melior
1833 1506 2006 1559 Joan-

301 1623 401 1662 nes
428 1620 601 1677 quam
635 1599 949 1657 homicida.
974 1597 1029 1651 Si
1055 1600 1184 1668 post
1212 1594 1555 1651 deteriorem
1587 1593 1880 1665 baptizare
1912 1595 2010 1647 de-

299 1697 530 1762 bemus,
556 1692 691 1764 quia
713 1694 844 1762 post
866 1687 1163 1744 meliorem
1187 1684 1557 1756 baptizarunt
1573 1682 1833 1755 Apostoli
1852 1699 1864 1750 ;
1882 1682 2010 1754 qui-

302 1797 557 1855 cumque
581 1779 909 1851 apudipsos
937 1775 1209 1849 baptizati
1245 1773 1461 1829 fuerint
1492 1773 1562 1828 ab
1595 1772 1848 1837 ebrioso,
1893 1788 2009 1827 non

303 1875 432 1931 dico
464 1874 535 1929 ab
568 1870 882 1936 homicida,
916 1884 1028 1923 non
1053 1867 1179 1922 dico
1211 1882 1243 1921 a
1275 1863 1521 1920 satellite
1551 1862 1801 1935 alicujus
1831 1862 2011 1918 scele-

304 1963 413 2021 rati
445 1962 547 2034 (a),
581 1977 695 2017 non
748 1959 875 2014 dico
922 1976 955 2013 a
1005 1961 1234 2027 raptore
1275 1969 1466 2010 rerum
1501 1952 1844 2017 alienarum,
1895 1968 2010 2007 non

305 2054 433 2110 dico
462 2054 532 2109 ab
556 2066 895 2123 oppressore
918 2046 1298 2120 pupillorum,
1322 2061 1436 2101 non
1460 2062 1492 2099 a
1522 2048 1850 2115 separatore
1880 2058 2013 2096 con-

300 2147 549 2218 jugum:
585 2142 730 2199 nihil
766 2142 970 2196 horum
1015 2140 1181 2195 dico:
1227 2138 1381 2209 quod
1432 2136 1692 2191 solemne
1730 2141 1816 2190 est
1858 2134 2010 2202 dico,

306 2236 459 2308 quod
492 2232 904 2305 quotidianum
924 2233 1015 2285 est
1035 2229 1180 2294 dico,
1200 2244 1316 2299 quo
1338 2230 1614 2281 vocantur
1635 2240 1837 2280 omnes
1860 2224 2013 2295 dico,

307 2331 363 2380 et
392 2325 451 2378 in
484 2322 595 2378 ista
626 2319 875 2384 civitate,
928 2316 1159 2388 quando
1210 2315 1293 2370 eis
1339 2314 1572 2381 dicitur,
1605 2313 1938 2384 Alogicmus
1970 2316 2010 2381 ί,

305 2411 455 2467 bene
494 2408 569 2465 sit
599 2407 790 2477 nobis,
824 2410 879 2461 et
909 2404 1010 2461 tali
1044 2403 1135 2458 die
1166 2404 1310 2459 festo
1332 2400 1741 2457 Januariarum
1774 2417 1888 2456 non
1912 2400 2009 2454 de~

305 2501 410 2557 bes
444 2499 709 2571 jejunare
742 2513 757 2564 ;
809 2512 876 2552 ea
906 2495 1030 2549 dico
1064 2492 1227 2561 levia,
1254 2490 1591 2562 quotidiana
1623 2507 1637 2545 :
1672 2491 1743 2545 ab
1786 2491 2013 2545 ebrioso

305 2589 544 2645 homine
575 2603 709 2642 cum
752 2586 1099 2655 baptizatur,
1132 2581 1266 2652 quis
1288 2584 1376 2635 est
1409 2580 1634 2648 melior,
1666 2581 1915 2635 Joannes
1938 2595 2011 2633 an

305 2676 617 2734 ebriosus?
649 2672 980 2745 Responde,
1005 2671 1052 2726 si
1070 2675 1255 2743 potes,
1280 2674 1429 2739 quod
1454 2668 1718 2724 ebriosus
1743 2672 1877 2722 tuus
1899 2682 2017 2722 me-

302 2767 416 2823 lior
445 2766 521 2822 sit
553 2780 728 2837 quam
759 2767 1057 2817 Joannes:
1102 2775 1404 2831 nunquam
1434 2758 1540 2813 hoc
1572 2758 1832 2813 audebis.
1859 2757 2007 2829 Ergo

308 2860 371 2912 tu
404 2854 542 2927 quia
571 2852 798 2910 sobrius
830 2868 911 2919 es,
957 2849 1186 2921 baptiza
1217 2853 1350 2920 post
1398 2847 1695 2903 ebriosum
1731 2854 1918 2905 tuum.
1951 2847 2011 2902 Si

304 2946 458 3001 enim
494 2948 625 3017 post
652 2942 939 2998 Joannem
990 2939 1434 3011 baptizaverunt
1482 2935 1759 3009 Apostoli,
1795 2940 2011 3007 quanto

303 3034 489 3104 magis
524 3032 693 3088 debet
719 3034 851 3103 post
879 3028 1175 3085 ebriosum
1204 3026 1434 3084 sobrius
1460 3026 1749 3098 baptizare
1769 3025 1796 3080 Ἰ
1818 3024 2012 3080 Αιιέἰί-

301 3124 407 3191 cis,
447 3125 510 3179 In
545 3123 766 3178 unitate
813 3135 1041 3176 mecum
1085 3124 1173 3175 est
1202 3116 1515 3173 ebriosus?
1563 3117 1708 3187 Ergo
1754 3116 2011 3172 Joannes

300 3214 527 3269 amicus
550 3211 772 3283 sponsi,
808 3226 921 3265 non
953 3212 1073 3264 erat
1104 3208 1161 3262 in
1196 3207 1419 3262 unitate
1450 3222 1582 3261 cum
1618 3222 1829 3276 sponso
1850 3206 1879 3259 ’ἲ

379 3302 467 3356 18.
500 3301 607 3357 Sed
643 3300 744 3354 tibi
777 3298 889 3368 ipsi
920 3297 1069 3363 dico,
1124 3294 1391 3366 quisquis
1423 3309 1482 3348 es
1514 3309 1528 3350 :
1570 3295 1649 3347 Tu
1680 3310 1741 3348 es
1784 3292 2008 3360 melior,

298 3409 371 3449 an
404 3393 657 3449 Joannes
679 3390 706 3446 ?
736 3390 861 3445 Non
893 3387 1139 3443 audebis
1185 3385 1375 3441 dicere
1406 3400 1420 3439 :
1452 3385 1568 3455 Ego
1619 3400 1750 3440 sum
1804 3383 2011 3440 melior

298 3500 477 3556 quam
494 3482 771 3538 Joannes.
794 3481 942 3550 Ergo
976 3482 1099 3547 post
1129 3485 1180 3532 te
1204 3475 1497 3545 baptizent
1520 3474 1625 3541 tui,
1647 3474 1695 3529 si
1721 3482 1771 3529 te
1797 3473 2010 3528 fuerint

299 3573 589 3629 meliores.
613 3570 672 3626 Si
706 3570 861 3625 enim
891 3570 1024 3639 post
1050 3566 1335 3621 Joannem
1362 3564 1717 3636 baptizatum
1746 3568 2008 3629 est,eru-—

294 3665 469 3719 besoe
508 3660 647 3733 quia
677 3666 806 3731 post
838 3662 891 3712 te
924 3675 1038 3712 non
1088 3656 1431 3726 baptizatur.
1474 3653 1747 3709 Dicturus
1780 3669 1862 3722 es,
1897 3654 2006 3709 Sed

296 3768 402 3824 ego
436 3752 786 3822 baptismum
843 3747 1059 3801 Christi
1110 3746 1315 3813 habeo,
1356 3748 1411 3799 et
1440 3745 1637 3799 doceo.
1682 3743 2007 3814 Aliquando

296 3857 434 3912 ergo
466 3853 709 3913 agnosce
737 3837 1011 3908 judicetn,
1045 3840 1101 3891 et
1155 3834 1271 3888 noli
1327 3850 1511 3905 praeco
1545 3834 1828 3904 superbus
1858 3850 2005 3889 esse.

298 3928 663 3998 Baptismum
693 3923 904 3979 Christi
936 3924 1064 3987 das,
1103 3923 1228 3976 ideo
1263 3938 1376 3977 non
1411 3926 1537 3992 post
1568 3927 1623 3976 te
1658 3922 2003 3991 baptizatur:

297 4021 429 4091 post
450 4016 724 4071 Joannem
756 4013 882 4067 ideo
914 4012 1271 4082 baptizatum
1305 4016 1412 4076 est,
1446 4010 1583 4078 quia
1630 4026 1742 4063 non
1792 4009 2008 4065 Christi

303 4107 661 4178 baptismum
694 4102 890 4170 dabat,
930 4101 1031 4156 sed
1077 4115 1248 4154 suum
1284 4116 1297 4166 ;
1334 4097 1469 4168 quia
1501 4098 1581 4152 sic
1613 4103 1912 4168 acceperat
1946 4104 2008 4154 ut

298 4196 483 4271 ipsius
514 4196 683 4250 esset.
722 4193 847 4248 Non
880 4207 1012 4260 ergo
1053 4192 1116 4244 tu
1142 4188 1345 4244 melior
1376 4204 1552 4258 quam
1582 4187 1839 4243 Joannes
1866 4204 1878 4242 :
1904 4189 2002 4243 sed

296 4287 620 4358 baptismus
654 4282 755 4355 qui
807 4298 907 4354 per
939 4284 993 4336 to
1026 4280 1219 4345 datur,
1255 4276 1460 4332 melior
1510 4294 1687 4350 quam
1735 4276 2002 4332 Joannis.

297 4380 427 4447 Ipse
459 4377 613 4432 enim
647 4372 863 4429 Christi
896 4379 1003 4438 est,
1055 4370 1165 4424 iste
1194 4374 1385 4424 autem
1436 4368 1701 4424 Joannis.
1754 4368 1819 4422 Et
1852 4368 2001 4439 quod

298 4469 541 4522 dabatur
572 4464 834 4531 aPaulo,
896 4466 951 4517 et
1001 4460 1152 4533 quod
1211 4460 1457 4515 dabatur
1506 4476 1539 4515 a
1588 4459 1780 4527 Petro,
1837 4458 2005 4513 Chri-

296 4557 368 4611 sti
402 4560 533 4611 est:
582 4552 713 4609 etsi
766 4552 969 4607 datum
1002 4554 1090 4606 est
1137 4567 1168 4604 a
1213 4548 1391 4614 Juda,
1437 4548 1648 4603 Christi
1699 4553 1841 4603 erat.
1896 4555 2006 4604 De-

300 4645 389 4700 dit
415 4644 613 4708 Judas,
645 4646 700 4697 et
731 4658 847 4697 non
878 4641 1232 4711 baptizatum
1265 4647 1350 4694 est
1392 4644 1523 4710 post
1564 4639 1813 4703 Judam;
1848 4639 2005 4696 dedit

296 4736 567 4796 Joannes,
614 4738 667 4785 et
717 4730 1071 4801 baptizatum
1104 4733 1193 4783 cst
1223 4732 1351 4798 post
1389 4730 1670 4783 Joannem
1706 4745 1718 4783 :
1768 4729 1905 4798 quia
1954 4728 2002 4784 si

298 4822 472 4879 datus
503 4824 593 4876 est
621 4836 654 4875 a
682 4819 830 4875 Juda
860 4817 1203 4887 haptismus,
1238 4816 1449 4871 Christi
1479 4820 1617 4871 erat.
1676 4818 1772 4887 qui
1808 4822 2002 4873 autem

297 4929 331 4970 a
358 4914 582 4969 Joanne
607 4909 776 4964 datus
801 4910 909 4961 est.
942 4904 1183 4959 Joannis
1214 4909 1358 4972 erat,
1383 4904 1506 4959 Non
1529 4904 1739 4959 Judam
1769 4904 2005 4974 Joanni,

296 5003 397 5059 sed
423 4999 783 5072 baptismum
806 4994 1020 5051 Christi
1043 4992 1214 5048 etiam
1242 5009 1338 5063 per
1360 4992 1524 5047 Judze
1550 5009 1754 5048 manus
1777 4993 2003 5062 datum,

295 5091 586 5162 baptismo
609 5085 850 5147 Joannis
872 5085 1045 5141 etiam
1072 5099 1173 5155 per
1202 5098 1410 5136 manus
1432 5082 1674 5137 Joannis
1696 5085 1829 5139 dato
1854 5090 2005 5139 recte

298 5181 710 5250 praeponimus.
730 5175 955 5234 Etenim
980 5174 1202 5230 dictum
1227 5174 1396 5228 estde
1419 5171 1661 5227 Domino
1689 5177 2002 5243 antequam

364 5350 379 5382 ί
401 5345 541 5410 γΒωΙ.
579 5352 631 5396 et
663 5349 798 5408 Am.,
829 5345 1145 5410 alongemiur.
1165 5345 1313 5410 _Lov.,
1336 5341 1638 5410 alogiemur.
1660 5341 1780 5410 Mss.
1805 5339 2009 5410 aliquot

296 5409 481 5471 proba:
512 5413 670 5471 noue,
703 5404 1009 5471 aloyiemds.
1054 5407 1286 5458 Verbum
1318 5404 1546 5471 ductum
1598 5411 1678 5471 est
1716 5404 1781 5452 ab
1813 5404 2005 5471 elogia,

299 5466 421 5535 quas
454 5470 665 5532 dicitur,
696 5466 990 5529 Auiustiuo
1025 5472 1080 5535 in
1121 5473 1282 5535 epist.»
1308 5468 1370 5518 36
1405 5469 1469 5518 ad
1500 5468 1842 5535 Casulauum,
1874 5480 1927 5535 np.
1959 5466 2007 5525 2,

300 5531 705 5596 interpretante,
738 5550 764 5576 α
787 5547 907 5581 cum
940 5533 1109 5595 epulis
1134 5531 1465 5596 indulgetur,
1499 5537 1557 5580 ut
1587 5546 1616 5579 a
1648 5531 1870 5581 rationis
1904 5533 2005 5578 tra-

302 5615 329 5642 α
357 5594 483 5645 mite
517 5594 774 5643 devietur.
812 5612 839 5638 ιν

367 5661 441 5723 (τι)
473 5658 709 5723 Respicit
734 5654 1331 5723 ad_'_1‘hamugadens‘sm
1356 5658 1589 5723 episcqp.
1622 5659 1889 5723 Optatum,
1916 5655 2008 5720 qui

304 5718 540 5774 Cimonis
566 5718 777 5771 satelles
798 5718 969 5769 dictus
990 5722 1086 5767 est.
1115 5718 1309 5767 Confer
1332 5718 1481 5780 epist.
1510 5718 1589 5780 87,
1610 5718 2006 5771 ad'Emeritu’m.

1248 299 1325 358 IN
1371 296 1704 359 JOANNIS
1753 293 2297 367 EVANGELIUM,
2346 295 2411 352 S.
2461 291 2889 354 AUGUSTINI

3672 298 3827 359 1424

2116 436 2421 504 pateretur,
2446 430 2584 501 quia
2607 430 2936 502 baptizabat
2971 431 3167 502 plures
3189 449 3363 504 quam
3394 432 3647 492 Joannes
3672 452 3686 492 :
3721 440 3829 494 de-

2116 525 2254 581 inde
2285 525 2627 594 adjunctum
2660 528 2766 591 est,
2801 526 3061 589 Quamvis
3089 528 3210 594 ipse
3244 542 3351 582 non
3378 526 3701 598 baptizaret,
3734 530 3829 585 sed

2116 615 2373 684 discipuli
2401 614 2519 685 ejus
2551 615 2727 676 (Joan.
2762 630 2840 682 ιν,
2893 615 2941 682 1,
2973 615 3051 686 2).
3089 617 3239 686 Ipse,
3272 620 3328 670 et
3360 633 3474 672 non
3508 617 3628 689 ipse
3662 636 3674 674 :
3707 620 3829 690 ipse

2118 703 2528 776 potestate,illi
2552 702 2875 759 ministerio
2912 728 2924 770 ;
2958 706 3287 761 servitutem
3314 706 3385 761 ab
3408 707 3826 779 baptizandum

2116 794 2201 851 illi
2224 792 2629 863 admovebant,
2649 797 2902 863 potestas
2916 793 3247 864 baptizandi
3273 796 3330 849 in
3355 794 3583 851 Christo
3608 813 3832 867 perma-

2122 884 2310 939 nebat.
2345 883 2490 953 Ergo
2540 882 2914 953 baptizabant
2943 881 3215 954 discipuli
3259 884 3404 954 ejus,
3435 891 3493 941 et
3525 885 3601 941 ibi
3633 888 3829 943 adhuc

2117 977 2240 1029 erat
2259 972 2443 1027 Judas
2464 971 2615 1027 inter
2636 972 2959 1042 discipulos
2982 975 3148 1043 ejus:
3176 990 3321 1044 quos
3344 991 3479 1046 ergo
3511 976 3828 1046 baptizavit

2116 1063 2320 1129 Judas,
2360 1079 2471 1118 non
2505 1066 2644 1117 sunt
2673 1062 2880 1116 iterum
2914 1062 3227 1133 baptizati;
3265 1073 3317 1119 et
3348 1081 3494 1136 quos
3518 1067 3829 1138 baptizavit

2115 1152 2393 1217 Joannes,
2411 1152 2619 1206 iterum
2638 1151 2911 1220 baptizati
2935 1150 3112 1206 sunt?
3133 1154 3308 1207 Plane
3333 1154 3568 1220 iterum,
3584 1157 3684 1209 sed
3710 1172 3825 1211 non

2116 1242 2322 1297 iterato
2343 1242 2658 1312 baptismo.
2675 1243 2828 1307 Quos
2855 1242 3008 1296 enim
3039 1242 3348 1313 baptizavit
3369 1244 3645 1315 Joannes,
3663 1246 3828 1300 Joan-

2118 1347 2222 1385 nes
2242 1331 2586 1402 baptizavit:
2621 1346 2768 1401 quos
2788 1337 2976 1385 autem
3010 1330 3537 1401 baptizavitJudas,
3562 1332 3828 1389 Christus

2115 1418 2453 1490 baptizavit.
2493 1419 2585 1475 Sic
2625 1435 2759 1489 ergo
2806 1435 2951 1490 quos
2982 1420 3295 1490 baptizavit
3342 1421 3631 1492 ebriosus,
3680 1439 3828 1494 quos

2120 1509 2436 1581 baptizavit
2457 1508 2772 1575 homicida,
2801 1524 2944 1579 quos
2965 1508 3275 1579 baptizavit
3299 1509 3542 1578 adulter,
3575 1510 3621 1566 si
3645 1512 3829 1583 bapti-

2121 1616 2283 1654 smus
2308 1598 2520 1653 Christi
2544 1601 2688 1663 erat,
2717 1597 2980 1653 Christus
3013 1598 3348 1669 baptizavit.
3371 1603 3494 1655 Non
3526 1599 3701 1657 timeo
3725 1601 3828 1656 ad-

2122 1688 2407 1756 ulturum,
2462 1704 2574 1742 non
2607 1687 2924 1756 ebriosum,
2970 1704 3083 1743 non
3126 1687 3481 1744 homicidam
3517 1706 3531 1757 ;
3565 1689 3700 1760 quia
3731 1706 3831 1745 co-

2123 1778 2385 1834 lumbam
2421 1778 2676 1846 attendo,
2710 1794 2811 1849 per
2839 1794 3017 1849 quam
3052 1777 3195 1833 mihi
3235 1777 3467 1848 dicitur,
3500 1780 3597 1834 Hic
3625 1784 3703 1834 est
3734 1779 3831 1850 qui

2125 1868 2392 1938 baptizat.

2196 1957 2279 2011 19.
2318 1956 2621 2025 Caeterum,
2660 1958 2865 2013 fratres
2899 1957 3031 2027 mei,
3066 1956 3315 2011 delirum
3342 1961 3431 2012 est
3470 1956 3660 2012 dicere
3692 1957 3830 2028 quia

2124 2045 2383 2101 melioris
2406 2046 2595 2101 meriti
2626 2046 2753 2114 fuit,
2786 2062 2901 2101 non
2929 2047 3056 2101 dico
3085 2045 3289 2115 Judas,
3324 2047 3423 2101 sed
3456 2045 3699 2117 quilibet
3732 2046 3833 2099 ho-

2124 2136 2373 2201 minum,
2406 2152 2577 2206 quam
2613 2135 2712 2191 ille
2738 2136 2807 2190 de
2842 2150 2953 2206 quo
2984 2136 3203 2190 dictum
3227 2140 3336 2198 est,
3361 2136 3421 2189 In
3448 2134 3596 2189 natis
3626 2135 3829 2189 mulie-

2122 2242 2249 2280 rum
2297 2241 2453 2281 nemo
2496 2230 2808 2282 exsurrexit
2848 2225 3029 2294 major
3058 2226 3267 2280 Joanne
3321 2226 3567 2295 Baptista
3605 2223 3824 2295 (Matth.

2124 2331 2200 2384 xu,
2236 2316 2346 2384 11).
2370 2316 2493 2370 Νοιι
2516 2332 2647 2387 ergo
2669 2315 2804 2369 huic
2823 2314 3136 2385 quisquam
3161 2330 3379 2381 servus,
3408 2314 3506 2368 sed
3536 2312 3830 2382 baptisma

2127 2404 2353 2458 Domini
2386 2405 2555 2459 etiam
2591 2420 2693 2475 per
2722 2419 2952 2459 servum
2991 2401 3206 2458 malum
3235 2405 3459 2472 datum,
3494 2401 3827 2473 baptismati

2126 2492 2301 2548 etiam
2329 2494 2497 2548 amici
2525 2494 2671 2549 servi
2697 2493 3073 2565 praeponitur.
3097 2493 3245 2547 Audi
3270 2491 3468 2563 quales
3483 2507 3832 2548 commemo-

2125 2592 2215 2642 rat
2244 2583 2540 2656 apostolus
2564 2582 2775 2639 Paulus
2812 2582 2985 2638 falsos
3015 2583 3241 2649 fratres,
3268 2581 3485 2636 invidia
3516 2581 3830 2652 praedican-

2122 2680 2210 2732 tes
2241 2675 2481 2730 verbum
2501 2673 2620 2739 Dei,
2648 2680 2700 2727 et
2732 2673 2870 2744 quid
2889 2674 2958 2728 de
2981 2672 3097 2727 illis
3120 2672 3285 2727 dicit:
3308 2673 3372 2726 Et
3398 2674 3455 2726 in
3480 2672 3577 2727 hoc
3599 2670 3836 2741 gaudeo,

2123 2765 2214 2820 sed
2242 2773 2292 2820 et
2322 2762 2582 2835 gaudebo.
2615 2762 2900 2817 Christum
2944 2762 3097 2816 enim
3130 2760 3579 2829 annuntiabant,
3614 2776 3712 2832 per
3744 2760 3837 2815 in-

2124 2856 2337 2911 vidiam
2371 2854 2631 2925 quidem,
2665 2853 2766 2909 sed
2799 2858 2995 2909 tamen
3044 2852 3338 2907 Christum
3369 2852 3638 2924 (Philipp.
3673 2869 3713 2915 ι,
3747 2851 3838 2905 15-

2126 2948 2230 3016 18).
2265 2945 2391 3000 Non
2422 2961 2524 3016 per
2554 2944 2713 3014 quid,
2747 2943 2849 2999 sed
2882 2958 3051 3013 quem
3085 2942 3213 2997 vide
3246 2960 3259 2999 :
3302 2958 3400 3013 per
3430 2942 3705 2997 invidiam
3731 2939 3835 2997 tibi

2121 3036 2469 3107 praedicatur
2499 3033 2770 3089 Christus
2801 3032 2828 3085 ‘I
2861 3032 2991 3087 vide
3022 3032 3340 3100 Christum,
3374 3032 3493 3087 vita
3525 3031 3827 3089 invidiam.

2121 3124 2249 3179 Noli
2269 3122 2488 3177 imitari
2516 3120 2731 3175 malum
2756 3119 3217 3191 praedicatorem,
3244 3118 3347 3173 sed
3373 3118 3599 3173 imitare
3623 3118 3835 3174 bonum

2121 3214 2218 3285 qui
2252 3214 2268 3247 ¹
2294 3212 2393 3266 tibi
2415 3210 2776 3283 praedicatur.
2809 3208 3077 3264 Christus
3110 3224 3245 3280 ergo
3277 3226 3311 3264 a
3339 3208 3693 3279 quibusdam
3727 3225 3830 3279 per

2120 3302 2400 3357 invidiam
2422 3298 2863 3371 praedicabatur.
2889 3298 2955 3353 Et
2986 3299 3126 3370 quid
3146 3302 3235 3353 est
3253 3297 3506 3352 invidere
3527 3298 3555 3352 ‘I
3584 3296 3833 3352 Horren-

2120 3393 2263 3449 dum
2336 3390 2577 3446 malum.
2646 3394 2776 3460 Ipso
2832 3388 3070 3445 zabolus
3142 3389 3402 3459 dejectus
3463 3391 3570 3453 est,
3637 3387 3830 3458 ipsum

2120 3483 2329 3553 dejecit
2357 3480 2605 3535 multum
2651 3479 2907 3550 maligna
2939 3479 3117 3551 pestis
3146 3477 3169 3512 ’
3202 3495 3215 3535 :
3264 3482 3320 3534 et
3349 3476 3641 3532 habebant
3671 3476 3829 3532 illam

2120 3571 2358 3642 quidam
2389 3570 2598 3625 Christi
2631 3569 3062 3641 pradicatores,
3099 3584 3245 3639 quos
3283 3572 3479 3622 tamen
3522 3566 3833 3637 praedicare

2120 3660 2405 3733 permittit
2434 3659 2766 3732 Apostolus.
2801 3661 2985 3724 Quare
3015 3659 3043 3714 Ἰ
3072 3658 3219 3722 Quia
3240 3657 3530 3712 Christum
3566 3657 3833 3727 praedica-

2117 3753 2278 3809 bant.
2314 3752 2419 3816 Qui
2454 3755 2646 3807 autem
2668 3750 2902 3813 invidet,
2929 3748 3049 3803 odit
3075 3765 3087 3815 ;
3114 3748 3287 3819 etqui
3309 3748 3454 3815 odit,
3483 3746 3617 3817 quid
3648 3745 3833 3801 deillo

2118 3842 2334 3899 dicitur
2362 3842 2389 3898 Ἰ
2419 3841 2567 3895 Audi
2590 3839 2918 3911 apostolum
2949 3843 3229 3893 Joannem
3256 3855 3269 3895 :
3314 3837 3416 3904 Qui
3456 3834 3566 3890 odit
3592 3838 3833 3905 fratrem

2116 3949 2297 4001 suum,
2351 3930 2625 3987 homicida
2655 3933 2729 3985 est
2761 3928 2804 3997 (Ι
2835 3930 2999 3985 Joan.
3034 3945 3120 3996 ιιι,
3166 3926 3273 3999 15).
3316 3927 3457 3981 Ecce
3498 3932 3621 3996 post
3650 3924 3831 3979 Joan-

2119 4040 2251 4078 nem
2286 4020 2637 4091 baptizatum
2670 4028 2772 4087 est,
2798 4023 2927 4090 post
2949 4016 3297 4073 homicidam
3326 4032 3444 4072 non
3474 4015 3831 4086 baptizatum

2118 4116 2239 4179 est;
2275 4110 2410 4182 quia
2439 4110 2685 4164 Joannes
2716 4106 2874 4163 dedit
2913 4106 3277 4179 baptismum
3310 4120 3505 4170 suum,
3543 4103 3834 4160 homicida

2117 4202 2275 4256 dedit
2325 4199 2681 4269 baptismum
2732 4198 2968 4253 Christi.
3022 4197 3183 4261 Quod
3234 4196 3676 4251 Sacramentum
3709 4196 3830 4249 tam

2118 4296 2386 4347 sanctum
2418 4293 2526 4357 est,
2560 4292 2624 4343 ut
2646 4304 2749 4343 nec
2782 4286 3075 4342 homicida
3107 4285 3473 4341 ministrante
3510 4283 3824 4353 polluatur.

2186 4382 2275 4434 20.
2310 4383 2433 4435 Non
2468 4394 2674 4448 respuo
2703 4377 3007 4444 Joannem,
3044 4377 3143 4432 sed
3168 4375 3359 4447 potius
3392 4374 3559 4429 credo
3590 4372 3829 4431 Joanni.

2117 4470 2265 4533 Quid
2285 4470 2454 4523 credo
2487 4466 2691 4521 Joanni
2714 4469 2741 4521 Σ)
2768 4467 2929 4528 Quod
2952 4465 3153 4520 didicit
3185 4481 3285 4535 per
3306 4464 3662 4519 columbam.
3682 4461 3829 4525 Quid

2119 4558 2321 4612 didicit
2354 4573 2453 4628 per
2474 4556 2803 4612 columbam
2830 4558 2857 4611 ?
2886 4557 2984 4610 llic
3012 4564 3091 4611 est
3121 4556 3220 4626 qui
3247 4554 3495 4625 baptizat
3522 4551 3579 4606 in
3611 4550 3830 4622 Spiritu

2115 4653 2325 4703 sancto.
2357 4647 2487 4702 Jam
2521 4662 2678 4717 ergo,
2713 4646 2937 4713 fratres,
2970 4648 3163 4700 tenete
3194 4642 3323 4711 hoc,
3356 4646 3412 4697 et
3440 4640 3713 4697 cordibus
3737 4654 3831 4695 ve-

2116 4736 2254 4792 stris
2285 4736 2527 4808 intigite.
2560 4734 2616 4789 Si
2651 4734 2807 4789 enim
2858 4732 3028 4789 hodie
3076 4732 3310 4788 voluero
3364 4731 3595 4803 plenius
3638 4729 3829 4785 dicere

2117 4841 2293 4898 quare
2318 4841 2416 4897 per
2441 4825 2790 4890 columbam,
2818 4827 3052 4894 tempus
3076 4838 3188 4877 non
3222 4820 3465 4877 sufficit.
3497 4819 3641 4885 Quia
3672 4818 3827 4875 enim

2116 4930 2207 4970 res
2222 4914 2502 4970 discenda
2524 4913 2823 4969 insinuata
2835 4910 3141 4967 estJoanui
3161 4926 3259 4981 per
3271 4906 3630 4977 columbam,
3649 4922 3826 4979 quam

2118 5020 2231 5060 non
2266 5011 2495 5060 noverat
2528 5003 2585 5056 in
2611 5001 2841 5057 Christo
2871 5000 3148 5068 Joannes,
3175 4996 3442 5071 quamvis
3476 4998 3595 5068 iam
3627 4998 3827 5051 nosset

2112 5093 2427 5159 Christum,
2477 5091 2715 5163 exposui
2774 5095 3050 5161 quantum
3082 5089 3334 5144 arbitror
3362 5085 3671 5143 Sanctitati
3723 5099 3831 5139 ve-

2116 5187 2284 5238 strae:
2318 5183 2418 5238 sed
2452 5198 2629 5252 quare
2663 5182 2808 5237 hanc
2838 5179 3023 5252 ipsam
3057 5195 3175 5236 rem
3205 5195 3306 5250 per
3339 5177 3611 5233 columba
3642 5190 3827 5245 opor-

2116 5274 2228 5328 tuit
2259 5271 2670 5337 demonstrari,
2697 5270 2744 5326 si
2768 5270 3013 5326 breviter
3037 5268 3150 5326 dici
3170 5272 3383 5341 posset,
3408 5267 3661 5322 dicerem
3685 5280 3699 5320 :
3722 5264 3825 5319 sed

2117 5363 2254 5434 quia
2277 5363 2371 5418 diu
2397 5362 2706 5418 dicendum
2731 5366 2838 5432 est,
2863 5365 2920 5417 et
2949 5377 3191 5417 onerare
3218 5376 3319 5415 vos
3351 5356 3503 5425 nolo,
3530 5356 3825 5429 quomodo

2118 5454 2352 5523 adjutus
2366 5468 2495 5508 sum
2510 5451 2875 5508 orationibus
2890 5450 3121 5518 vestris,
3140 5456 3203 5505 ut
3220 5449 3361 5505 illud
3376 5447 3531 5520 quod
3554 5445 3822 5519 promisi,

2143 5593 2200 5669 ut
2232 5588 2387 5669 Editi,
2425 5587 2562 5648 quod
2604 5590 2681 5637 At.
2715 5588 2860 5647 Mss.,
2904 5586 2997 5650 qui
3028 5601 3042 5634 :
3091 5588 3253 5646 recte,
3303 5596 3428 5633 nam
3478 5582 3712 5631 refertur
3752 5582 3818 5630 ad

2114 5653 2530 5777 Charllsduglliquot
2552 5715 2696 5774 Msa,
2720 5713 2831 5777 ipso
2849 5712 3042 5778 defecit
3061 5712 3265 5776 multos,
3289 5709 3531 5774 maligna
3548 5705 3710 5774 pestis
3728 5708 3831 5763 est.
