4170 6188
355 312 668 383 implerem
688 333 700 383 ;
718 316 1031 387 adiuvante
1052 321 1227 376 etiam
1252 326 1426 397 atque
1439 328 1614 383 etiam
1635 332 1727 401 pia
1744 332 2066 393 intentione

350 407 406 458 et
430 404 584 459 votis
611 406 804 473 bonis,
826 413 881 463 et
903 408 1048 465 illud
1075 414 1375 485 apparebit
1397 418 1582 488 vobis,
1608 438 1785 493 quare
1813 429 2064 484 Joannes

350 495 505 583 quod
542 495 749 551 didicit
783 499 839 553 in
873 500 1140 570 Domino,
1171 505 1307 574 quia
1350 504 1463 575 ipse
1492 518 1569 563 est
1598 512 1694 579 qui
1726 512 1975 583 baptix-at
2010 520 2065 571 in

349 581 571 653 Spiritu
592 592 800 652 sancto,
833 591 888 644 et
913 590 1055 645 nulli
1102 608 1266 649 servo
1287 610 1391 650 suo
1411 581 2070 674 translegavitipotesta—

348 678 469 730 tem
497 675 976 748 baptizandi,non
1004 683 1439 743 debuitdiscere
1464 690 1688 761 nisipcr
1710 695 2064 754 columbam.

931 780 1358 841 TRACTATUS
1404 786 1497 844 VI.

352 864 411 919 In
446 864 698 922 eumdem
733 871 1025 938 Evangelii
1064 874 1261 930 locum.
1289 877 1469 941 Quare
1500 879 1638 935 Deus
1663 898 1762 953 per
1798 886 2068 944 columbae

422 960 661 1025 speciem
695 962 977 1018 ostendere
1006 964 1245 1020 voluerit
1277 966 1543 1038 Spiritum
1574 978 1845 1029 sanctum.
1873 976 2001 1048 Cap.
2029 996 2064 1045 ι,

428 1046 459 1112 ὲ
495 1046 547 1114 ᾖ.
583 1048 670 1113 32,
704 1048 794 1103 33.

428 1135 485 1188 1.
520 1135 723 1192 Fateor
747 1138 1051 1197 Sanctitati
1077 1151 1297 1212 vestrae,
1324 1146 1631 1205 timueram
1658 1168 1729 1207 ne
1752 1153 1935 1224 frigus
1958 1154 2067 1212 hoc

350 1221 602 1293 frigidos
635 1243 735 1282 vos
765 1228 835 1283 ad
876 1231 1336 1290 conveniendum
1372 1238 1580 1293 faceret
1616 1257 1627 1294 :
1657 1243 1752 1296 sed
1786 1221 1924 1313 quia
1955 1246 2066 1300 ista

344 1314 681 1371 celebritate
712 1323 769 1373 et
792 1319 1115 1390 frequentia
1132 1330 1342 1391 vestra,
1377 1330 1582 1397 spiritu
1607 1347 1706 1386 vos
1732 1332 1945 1389 fervere
1963 1336 2061 1390 de-

344 1407 715 1494 monstratis,
750 1426 862 1465 non
895 1412 1095 1468 dubito
1127 1413 1261 1484 quia
1291 1416 1462 1472 etiam
1496 1422 1707 1476 orastis
1742 1440 1844 1494 pro
1861 1440 1968 1492 me,
2000 1430 2063 1480 ut

343 1491 619 1552 debitum
644 1498 806 1555 vobis
826 1501 1138 1557 exsolvam.
1167 1502 1548 1563 Promiseram
1570 1512 1724 1566 enim
1743 1491 1803 1567 in
1828 1515 2061 1570 nomine

336 1580 552 1671 Christi
576 1586 860 1644 disserere
895 1589 1089 1661 hodie,
1116 1609 1250 1647 cum
1309 1597 1577 1667 angustia
1606 1600 1880 1671 temporis
1922 1610 2057 1658 tunc

330 1670 674 1743 impediret,
715 1694 784 1733 ne
805 1678 860 1733 id
886 1696 1201 1750 possemus
1237 1685 1524 1753 explicare
1547 1670 2057 1762 tractando,quare

335 1761 493 1819 Deus
527 1782 630 1837 per
654 1769 940 1824 columbae
974 1773 1224 1843 speciem
1250 1775 1552 1832 ostendere
1589 1778 1833 1835 voluerit
1873 1761 2053 1853 Spiri-

336 1855 467 1908 tum
501 1860 793 1913 sanctum.
828 1858 947 1916 Hoc
971 1866 1033 1915 ut
1054 1862 1392 1934 explicetur,
1414 1866 1605 1923 illuxit
1628 1870 1794 1926 nobis
1819 1872 1940 1927 dies
1968 1872 2059 1928 lio-

339 1942 585 1999 diernus
611 1963 624 2013 ;
648 1950 707 2001 et
730 1949 912 2003 sentio
936 1950 1209 2007 audiendi
1233 1956 1548 2025 cupiditate
1567 1962 1621 2013 et
1641 1958 1735 2029 pia
1758 1960 2059 2017 devotione

338 2048 446 2087 vos
489 2032 776 2092 celebrius
817 2050 1219 2112 congregatos.
1263 2043 1764 2116 Exspectationem
1806 2057 2053 2106 vestram

338 2121 498 2178 Deus
520 2123 764 2194 impleat
796 2143 863 2183 ex
887 2145 981 2184 oro
1015 2136 1236 2187 nostro.
1270 2135 1525 2191 Amastis
1556 2138 1710 2192 enim
1744 2144 1807 2193 ut
1836 2142 2057 2196 venire-

338 2211 416 2267 tis
445 2228 460 2267 :
489 2214 591 2269 sed
627 2217 895 2284 amastis,
918 2220 1100 2290 quid?
1120 2220 1178 2276 Si
1211 2239 1337 2289 nos,
1370 2228 1425 2279 et
1451 2224 1556 2280 hoc
1591 2226 1768 2297 bene;
1794 2246 1927 2286 nam
1952 2248 2059 2287 vo-

330 2301 541 2358 lumus
574 2306 759 2361 amari
778 2324 809 2362 a
842 2309 1141 2378 vobis,sed
1167 2312 1439 2369 nolumus
1465 2314 1522 2370 in
1545 2316 1735 2372 nobis.
1760 2318 1901 2382 Quia
1923 2336 2055 2393 ergo

336 2391 393 2446 in
430 2393 663 2450 Christo
694 2412 793 2452 vos
816 2414 1108 2468 amamus,
1142 2401 1200 2455 in
1242 2403 1469 2459 Christo
1502 2422 1607 2461 nos
1653 2408 1966 2471 redamate,
1998 2391 2056 2468 et

340 2497 511 2539 arnor
543 2489 740 2541 noster
768 2504 870 2557 pro
901 2488 1149 2547 invicem
1184 2498 1377 2564 gemat
1408 2499 1464 2550 at
1495 2495 1675 2552 Deum
1715 2501 1877 2570 :ipse
1899 2502 2052 2557 enim

335 2573 592 2644 gemitus
625 2574 910 2633 columbae
936 2584 1040 2636 est.

402 2663 459 2715 2.
494 2662 554 2718 Si
606 2679 743 2736 ergo
775 2669 1026 2734 gemitus
1072 2671 1353 2728 columbae
1386 2678 1493 2743 est,
1530 2678 1685 2747 quod
1717 2695 1923 2735 omnes
1946 2698 2056 2737 no-

328 2749 549 2817 vimus,
572 2758 816 2823 gemunt
837 2761 1029 2813 autem
1056 2759 1338 2816 columbas
1358 2761 1416 2817 in
1436 2780 1661 2834 amore;
1687 2768 1880 2823 audite
1903 2770 2043 2840 quid

329 2837 489 2894 dicat
527 2842 865 2911 Apostolus,
896 2854 946 2900 et
989 2848 1167 2905 nolite
1218 2850 1416 2907 mirari
1464 2854 1600 2923 quia
1646 2855 1704 2910 in
1763 2837 2043 2914 columba:

330 2929 527 3000 specie
559 2931 739 2989 voluit
760 2935 1147 2994 demonstrari
1172 2940 1421 3011 Spiritus
1444 2953 1681 3001 sanctus
1706 2963 1718 3000 :
1746 2947 1885 3015 Quid
1904 2949 2053 3004 enim

331 3038 579 3090 oremus,
610 3024 753 3080 sicut
784 3036 1008 3099 oportet,
1044 3031 1253 3103 inquit,
1279 3035 1555 3091 nescimus
1587 3052 1606 3090 :
1637 3036 1728 3092 sed
1768 3041 1883 3109 ipse
1922 3039 2053 3110 Spi-

331 3113 475 3165 ritus
532 3114 853 3185 interpellat
906 3133 1005 3188 pro
1046 3120 1200 3175 nobis
1228 3122 1524 3192 gemitibus
1578 3128 2052 3185 znenarrabitibus

333 3200 513 3270 (Rom.
559 3218 685 3271 vm,
716 3205 820 3276 26).
859 3206 1002 3270 Quid
1054 3226 1210 3283 ergo,
1245 3212 1446 3269 fratres
1496 3215 1631 3281 mei,
1677 3215 1786 3272 hoc
1834 3218 2049 3273 dicturi

327 3302 566 3352 sumus,
602 3290 740 3361 quia
788 3291 1041 3363 Spiritus
1084 3297 1283 3367 gemit,
1316 3300 1413 3354 ubi
1447 3302 1701 3373 perfecta
1731 3308 1786 3359 et
1834 3308 2047 3361 aeterna

320 3376 631 3435 beatitudo
674 3385 761 3435 est
806 3381 856 3437 ei
908 3400 1035 3440 cum
1089 3385 1255 3443 Patre
1295 3394 1355 3444 et
1384 3389 1841 3463 Filioi’Spiritus
1885 3394 2041 3450 enim

316 3473 561 3524 sanctus
606 3470 776 3538 Deus,
802 3472 954 3528 sicut
996 3473 1098 3530 Dei
1130 3474 1312 3533 Filius
1361 3478 1536 3549 Deus,
1568 3486 1625 3536 et
1662 3482 1827 3537 Pater
1862 3484 2032 3539 Deus.

315 3554 429 3611 Ter
461 3558 609 3613 dixit
640 3558 813 3630 Deus,
846 3563 947 3617 sed
983 3580 1096 3620 non
1119 3565 1263 3621 dixit
1297 3575 1413 3624 tres
1444 3571 1585 3625 deos
1620 3587 1634 3625 :
1668 3572 1854 3643 magis
1877 3574 2033 3628 enim

314 3644 480 3701 Deus
512 3652 621 3716 ter,
655 3664 834 3721 quam
865 3651 942 3707 dii
967 3657 1119 3723 tres;
1155 3656 1293 3727 quia
1327 3658 1496 3714 Pater
1527 3669 1580 3715 et
1611 3661 1789 3717 Filius
1822 3667 1877 3716 et
1905 3663 2039 3735 Spi-

313 3735 467 3790 ritus
492 3743 736 3794 sanctus
761 3755 911 3796 unus
933 3741 1114 3803 Dens:
1150 3744 1261 3802 hoc
1282 3748 1501 3817 Optime
1526 3750 1729 3805 nostis.
1754 3750 1876 3806 Non
1899 3768 2034 3824 ergo

310 3822 575 3893 Spiritus
596 3834 833 3884 sanctus
857 3831 915 3886 in
940 3833 1255 3905 semetipso
1276 3836 1428 3906 apud
1452 3839 1830 3910 semetipsum
1854 3840 1911 3895 in
1936 3822 2035 3896 illa

300 3910 611 3986 Trinitate,
645 3916 704 3972 in
737 3917 839 3975 illa
888 3921 1267 3990 beatitudine,
1314 3925 1369 3979 in
1403 3926 1503 3982 illa
1534 3930 1854 3985 aeternitate
1891 3931 2030 3985 sub-

308 4004 544 4058 stantia:
574 4006 753 4077 gemit
788 4024 801 4063 :
837 4010 935 4065 sed
970 4010 1025 4065 in
1069 4013 1238 4068 nobis
1268 4016 1471 4085 gemit,
1506 4018 1641 4088 quia
1673 4035 1899 4089 gemere
1924 4036 2029 4075 nos

276 4090 469 4149 facit.
496 4093 612 4150 Nec
647 4113 818 4167 parva
849 4116 940 4156 res
971 4106 1080 4169 est,
1105 4104 1262 4175 quod
1297 4122 1400 4161 nos
1429 4108 1598 4162 docet
1618 4108 1872 4180 Spiritus
1895 4126 2030 4165 san—

307 4188 440 4239 ctus
460 4202 722 4256 gemere:
748 4188 1010 4248 insinuat
1034 4193 1187 4248 enim
1216 4195 1384 4251 nobis
1407 4197 1547 4267 quia
1564 4200 2023 4271 peregrinamur,

304 4278 363 4329 et
388 4275 563 4330 docet
596 4292 701 4333 nos
742 4277 802 4333 in
839 4280 1085 4351 patriam
1122 4286 1442 4355 suspirare,
1475 4291 1533 4341 et
1570 4288 1699 4359 ipso
1739 4289 2025 4345 desiderio

310 4364 635 4433 gemimus.
672 4366 775 4421 Cui
807 4367 955 4425 bene
984 4371 1159 4427 estin
1190 4372 1294 4429 hoc
1327 4375 1697 4444 saeculo,imo
1732 4376 1828 4449 qui
1864 4383 2025 4448 putat

298 4454 456 4523 quod
508 4455 561 4508 ei
611 4454 760 4511 bene
809 4458 909 4527 sit,
940 4460 1041 4531 qui
1090 4460 1289 4518 laetitia
1340 4481 1533 4520 rerum
1584 4467 1929 4539 carnalium,
1968 4474 2023 4524 et

296 4543 669 4600 abundantia
700 4549 1129 4618 temporalium,
1159 4556 1216 4607 et
1247 4569 1391 4609 vana
1437 4554 1708 4612 felicitate
1746 4557 2021 4625 exsultat,

301 4632 482 4689 habet
516 4651 711 4692 vocem
747 4641 901 4694 corvi
930 4656 944 4697 :
977 4658 1082 4697 vox
1114 4644 1269 4700 enim
1302 4645 1452 4701 corvi
1486 4645 1747 4704 clamosa
1776 4653 1883 4717 est,
1904 4666 2020 4705 non

302 4722 696 4793 gemebunda.
720 4727 827 4792 Qui
850 4732 1040 4785 autem
1072 4732 1230 4787 novit
1252 4734 1307 4787 in
1336 4749 1611 4805 pressura
1643 4753 1703 4793 se
1725 4754 1854 4793 esse
1878 4754 2022 4793 mor-

297 4811 542 4867 talitatis
566 4812 767 4885 hujus,
791 4822 850 4873 et
881 4822 1232 4891 peregrinari
1274 4839 1336 4879 se
1368 4841 1399 4878 a
1433 4826 1674 4882 Domino
1708 4828 1779 4898 (II
1812 4826 1931 4883 Cor.
1964 4844 2019 4895 v,

297 4901 378 4971 6),
415 4903 680 4958 nondum
725 4912 921 4964 tenere
952 4909 1112 4966 illam
1162 4917 1502 4984 perpetuam
1535 4933 1663 4987 quae
1696 4917 1860 4973 nobis
1884 4934 2018 4989 pro-

296 4995 483 5047 missa
515 4998 605 5047 est
636 4993 1197 5067 beatitudinem,sed
1234 5003 1444 5059 habere
1474 5004 1635 5060 illam
1670 5006 1725 5061 in
1761 5024 1879 5078 spe,
1914 5008 2016 5063 ha-

298 5078 534 5137 biturus
558 5083 618 5137 in
653 5102 733 5152 re,
754 5102 886 5142 cum
922 5090 1199 5147 Dominus
1222 5094 1440 5148 venerit
1465 5093 1521 5148 in
1549 5097 2017 5153 manifestatione

301 5172 642 5242 praeclarus,
667 5178 767 5247 qui
789 5178 952 5248 prius
975 5178 1033 5234 in
1059 5180 1390 5239 humilitate
1412 5186 1567 5239 venit
1587 5187 1890 5254 occultus;
1915 5188 2015 5259 qui

296 5260 402 5318 hoc
450 5264 637 5332 novit,
680 5270 884 5337 gemit.
926 5270 997 5325 Et
1043 5272 1305 5343 quandiu
1358 5280 1597 5347 prOpter
1656 5277 1765 5335 hoc
1813 5279 2012 5349 gemit,

293 5351 435 5409 bene
463 5354 650 5427 gemit
674 5372 688 5411 :
714 5356 966 5430 Spiritus
988 5361 1152 5418 illum
1190 5365 1386 5419 docuit
1407 5382 1661 5437 gemere,
1687 5387 1719 5424 a
1742 5370 2014 5426 columba

296 5441 495 5500 didicit
525 5461 780 5518 gemere.
816 5449 983 5508 Multi
1005 5454 1159 5509 enim
1193 5467 1428 5524 gemunt
1460 5457 1517 5512 in
1540 5456 2013 5516 infelicitaleter-
2098 5464 2101 5471 “

294 5548 451 5605 rena,
484 5536 577 5591 vel
633 5540 884 5607 quassati
936 5543 1187 5610 damnis,
1221 5544 1311 5602 vel
1357 5547 1701 5619 aegritudine
1751 5550 2010 5623 corporis

1636 188 2105 263 TRACTATUS
2150 204 2276 265 VII.
2325 202 2581 266 CAPUT
2627 204 2676 265 Ι.

2175 341 2535 411 prmgravati,
2572 339 2659 395 vel
2708 340 3039 397 carceribus
3082 341 3308 407 inclusi,
3342 343 3427 397 vel
3477 344 3695 402 catenis
3726 347 3891 404 colli-

2179 429 2321 500 gati,
2345 429 2430 485 vel
2456 429 2728 486 ﬂuctibus
2750 432 2930 485 maris
2949 431 3172 500 jactati,
3199 430 3287 485 vel
3310 432 3603 502 aliquibus
3628 435 3888 493 inimico-

2183 535 2309 572 rum
2343 519 2573 574 insidiis
2606 520 2968 591 circumsepli
3002 526 3283 592 gemunt:
3310 521 3411 575 sed
3452 538 3565 575 non
3599 521 3886 580 columbae

2179 609 2396 678 gemitu
2430 614 2693 681 gemunt,
2730 626 2843 665 non
2881 626 3078 665 amore
3102 609 3209 665 Dei
3240 615 3499 682 gemunt,
3528 627 3641 667 non
3677 613 3889 685 spiritu

2180 703 2441 769 gemunt.
2478 700 2608 753 Ideo
2642 698 2783 755 tales
2809 716 2940 755 cum
2975 700 3044 755 ab
3075 700 3217 769 ipsis
3250 700 3539 770 pressuris
3575 702 3793 756 fuerint
3817 702 3891 756 li-

2181 788 2383 851 berati,
2419 789 2717 844 exsultant
2750 790 2807 844 in
2839 790 3163 859 grandibus
3194 790 3432 846 vocibus
3468 809 3479 847 :
3517 790 3613 846 ubi
3652 798 3894 863 apparet

2181 878 2317 950 quia
2349 880 2501 933 corvi
2526 883 2685 943 sunt,
2709 896 2823 935 non
2848 878 3151 936 columbas.
3186 880 3388 937 Merito
3422 881 3492 936 de
3515 899 3648 937 arca
3672 883 3890 938 missus

2179 972 2268 1023 est
2297 985 2528 1039 corvus,
2553 975 2607 1023 et
2638 986 2752 1025 non
2785 974 2873 1023 est
2907 986 3207 1036 reversus;
3254 970 3435 1026 missa
3460 976 3547 1027 est
3578 970 3845 1028 columba
3874 991 3887 1039 ;

2176 1061 2232 1111 et
2264 1074 2487 1112 reversa
2517 1062 2605 1112 est
2637 1074 2651 1114 :
2685 1059 2815 1113 illas
2866 1059 3011 1113 duas
3038 1075 3165 1113 aves
3200 1060 3360 1115 misit
3405 1059 3521 1116 Noe
3552 1060 3705 1130 (Gen.
3758 1079 3885 1129 vm,

2176 1147 2323 1218 6-9).
2371 1146 2631 1202 Habebat
2676 1148 2753 1202 ibi
2807 1164 3067 1217 corvum,
3102 1148 3353 1205 habebat
3401 1153 3456 1205 et
3502 1150 3878 1219 columbam;

2178 1242 2491 1307 utrumque
2523 1236 2633 1292 hoc
2663 1254 2847 1309 genus
2880 1255 3011 1295 arca
3044 1238 3142 1293 illa
3172 1240 3509 1293 continebat
3544 1243 3636 1295 :et
3666 1240 3713 1295 si
3747 1258 3885 1296 arca

2176 1326 2461 1398 ﬁgurabat
2502 1325 2839 1393 Ecclesium,
2872 1327 3079 1383 videtis
3113 1330 3317 1399 utique
3349 1328 3487 1397 quia
3520 1344 3753 1384 necesse
3794 1335 3886 1384 est

2174 1421 2236 1471 ut
2260 1416 2313 1469 iu
2349 1417 2457 1469 isto
2481 1416 2697 1472 diluvio
2720 1416 2913 1471 saeculi
2938 1422 3250 1488 utrumque
3267 1434 3452 1487 genus
3476 1418 3889 1475 contineatEc-

2172 1505 2367 1573 clesia,
2392 1509 2447 1560 et
2468 1522 2725 1573 corvum,
2750 1511 2807 1561 et
2851 1506 3207 1562 columbam.
3234 1506 3339 1571 Qui
3375 1511 3514 1563 sunt
3542 1508 3737 1564 corvi?
3771 1508 3882 1573 Qui

2170 1610 2275 1649 suo
2306 1603 2587 1664 quaerunt.
2625 1595 2729 1661 Qui
2762 1594 3092 1651 columbae?
3121 1596 3227 1659 Qui
3251 1613 3315 1651 ea
3340 1613 3463 1669 quas
3495 1596 3709 1652 Christi
3741 1602 3879 1653 sunt

2169 1688 2439 1753 quarunt
2467 1684 2730 1755 (Philipp.
2768 1702 2826 1751 ιι,
2859 1687 2978 1755 21).

2235 1774 2286 1827 3.
2324 1774 2625 1844 Propterea
2651 1791 2784 1845 ergo
2817 1792 2948 1831 cum
2978 1776 3232 1831 mitteret
3266 1776 3550 1847 Spiritum
3585 1781 3878 1847 sanctum,

2170 1863 2397 1918 duobus
2423 1864 2608 1919 modis
2632 1880 2761 1919 eum
2787 1866 3507 1938 ostenditvisibiliter;per
3523 1866 3844 1922 columbam
3865 1908 3880 1937 ,

2169 1956 2225 2007 et
2259 1969 2360 2023 per
2408 1952 2601 2025 ignem
2634 1971 2773 2025 :per
2802 1954 3157 2023 columbam,
3193 1971 3368 2027 super
3416 1955 3729 2011 Dominum
3770 1956 3875 2011 ba-

2169 2044 2480 2114 ptizatum;
2516 2060 2615 2114 per
2656 2044 2875 2117 ignem,
2916 2063 3093 2117 super
3115 2045 3429 2117 discipulos
3478 2053 3877 2119 congregatos.

2167 2130 2306 2185 Cum
2332 2130 2483 2184 enim
2511 2132 2871 2186 ascendisset
2903 2131 3264 2187 Dominusin
3297 2132 3504 2187 caelum
3534 2140 3659 2204 pust
3684 2149 3879 2188 resur-

2168 2219 2506 2287 rectionem,
2543 2220 2790 2291 peractis
2822 2236 2950 2274 cum
2984 2220 3287 2290 discipulis
3318 2221 3438 2275 suis
3488 2222 3878 2293 quadraginta

2168 2306 2398 2377 diebus,
2439 2307 2676 2379 impleto
2708 2308 2801 2364 die
2850 2308 3238 2374 Pentecostes,
3275 2309 3429 2363 misit
3468 2310 3548 2365 eis
3597 2310 3876 2379 Spiritum

2167 2402 2452 2467 sanctum,
2478 2398 2630 2452 sicut
2652 2399 3017 2469 promiserat.
3045 2396 3295 2469 Spiritus
3319 2414 3454 2469 ergo
3478 2402 3618 2453 tunc
3640 2396 3877 2452 veniens

2168 2487 2426 2559 implevit
2456 2486 2643 2543 locum
2679 2487 2867 2559 illum,
2902 2489 3167 2560 factoque
3200 2487 3386 2559 primo
3408 2487 3602 2543 sonitu
3626 2488 3696 2543 de
3735 2486 3877 2542 caelo

2166 2581 2449 2648 tanquam
2484 2578 2730 2633 ferretur
2770 2578 2941 2633 ﬂatus
2975 2578 3310 2643 vehemens,
3344 2578 3492 2633 sicut
3538 2576 3596 2631 in
3639 2576 3879 2631 Actibus

2166 2667 2577 2739 Apostolorum
2608 2666 2892 2737 'legimus,
2928 2667 3082 2733 Visae,
3120 2668 3331 2740 inquit,
3363 2667 3480 2721 illis
3516 2673 3643 2721 sunt
3672 2667 3882 2737 linguae

2166 2758 2359 2814 divisa:
2390 2760 2539 2814 velut
2565 2760 2727 2829 ignis,
2746 2762 2846 2831 qui
2865 2762 2911 2813 el
2938 2759 3145 2815 insedit
3166 2776 3327 2831 super
3347 2773 3771 2831 ununquemque
3798 2775 3880 2815 eo-

2166 2864 2329 2910 rum;
2353 2852 2402 2903 et
2432 2853 2711 2918 coeperunt
2742 2849 2947 2920 linguis
2981 2850 3148 2923 loqui,
3173 2850 3309 2904 sicut
3339 2850 3578 2921 Spiritus
3608 2847 3771 2903 dabat
3803 2852 3879 2904 eis

2161 2939 2527 3009 pronuntiare
2556 2938 2698 3009 (Act.
2722 2954 2782 3003 II,
2811 2938 2953 3005 1-4).
2986 2938 3098 2992 Hac
3128 2938 3384 2993 vidimus
3414 2937 3745 2994 columbam
3779 2954 3877 2994 su—

2162 3044 2263 3099 per
2316 3029 2648 3096 Dominum,
2688 3027 2797 3083 hac
2846 3028 3035 3100 lingas
3082 3028 3297 3084 divisas
3340 3044 3512 3099 super
3558 3026 3874 3098 discipulos

2160 3126 2537 3189 congregatos
2574 3133 2588 3173 :
2641 3117 2719 3172 ibi
2771 3117 3124 3189 simplicitas,
3158 3118 3251 3173 hic
3302 3119 3488 3174 fervor
3526 3118 3869 3174 ostenditur.

2159 3207 2299 3261 Sunt
2333 3206 2485 3261 enim
2523 3205 2914 3277 quidicuntur
2944 3205 3266 3276 simplices,
3300 3211 3357 3260 et
3382 3205 3527 3277 pigri
3552 3211 3691 3261 sunt
3724 3220 3737 3261 :
3770 3221 3872 3261 voc

2157 3301 2364 3351 cantur
2396 3294 2716 3366 simplices,
2749 3298 2887 3350 sunt
2925 3302 3113 3350 autem
3159 3310 3383 3366 segnes.
3416 3294 3538 3349 Non
3582 3294 3715 3350 talis
3745 3300 3869 3350 erat

2158 3383 2487 3455 Stephanus
2519 3383 2726 3454 plenus
2752 3384 2968 3454 Spiritu
3005 3387 3241 3438 sancto:
3269 3382 3515 3453 simplex
3563 3387 3706 3449 erat,
3730 3382 3864 3452 quia

2155 3475 2376 3529 nemini
2413 3474 2699 3544 nocebat};
2736 3474 2957 3527 fervens
2988 3477 3130 3539 erat,
3158 3471 3287 3539 quia
3310 3470 3522 3541 impios
3553 3470 3853 3540 arguebat.

2152 3565 2271 3617 Non
2305 3563 2459 3617 enim
2493 3563 2673 3617 tacuit
2702 3561 2910 3615 Iudaeis
2948 3577 2958 3615 :
2992 3562 3119 3631 ejus
3150 3561 3166 3593 ¹
3201 3563 3338 3614 sunt
3369 3558 3535 3615 verba
3566 3558 3664 3615 illa
3687 3558 3853 3615 flam-

2150 3650 2389 3719 mantia,
2418 3652 2565 3705 Dura
2594 3652 2827 3718 cervice,
2854 3656 2907 3704 et
2936 3665 3045 3704 non
3085 3648 3401 3704 circumcisi
3436 3648 3596 3704 corde
3625 3652 3675 3705 et
3706 3650 3857 3705 auri-

2149 3740 2264 3806 bus,
2300 3756 2387 3795 uos
2417 3757 2629 3811 semper
2654 3740 2938 3796 restitistis
2970 3738 3205 3809 Spiritui
3233 3747 3437 3795 sancto.
3468 3742 3708 3809 Magnus
3737 3739 3847 3795 im-

2144 3834 2313 3900 petus
2341 3845 2355 3883 :
2388 3830 2484 3884 sed
2513 3828 2785 3884 columba
2817 3828 2941 3885 sine
2969 3828 3097 3883 felle
3119 3829 3295 3883 saevit.
3319 3828 3465 3883 Nam
3495 3837 3552 3883 ut
3576 3828 3854 3884 noveritis

2142 3919 2275 3989 quia
2291 3919 2411 3974 sine
2436 3919 2566 3974 felle
2579 3918 2979 3990 saeviebat,illi
2997 3910 3216 3974 auditis
3233 3918 3326 3975 his
3339 3919 3529 3975 verbis
3545 3920 3682 3991 quia
3695 3919 3848 3975 corvi

2141 4012 2327 4075 erant,
2356 4010 2423 4063 ad
2452 4008 2671 4081 lapides
2694 4008 2889 4064 statim
2921 4009 3193 4064 adversus
3228 4007 3561 4064 columbam
3586 4023 3851 4064 cucurre‘

2139 4103 2315 4166 runt;
2349 4100 2521 4171 cmpit
2568 4098 2897 4169 Stephanus
2942 4098 3186 4170 lapidari
3226 4116 3238 4153 :
3272 4103 3326 4154 et
3369 4098 3468 4170 qui
3502 4099 3672 4170 paulo
3710 4102 3847 4153 ante

2137 4188 2391 4245 fremens
2422 4198 2474 4243 et
2508 4190 2732 4246 fervens
2764 4190 2993 4260 spiritu,
3026 4192 3307 4259 tanquam
3339 4187 3399 4243 in
3430 4187 3699 4243 inimicos
3728 4188 3842 4243 im-

2137 4283 2336 4349 petum
2372 4278 2608 4350 fecerat,
2629 4283 2685 4333 et
2713 4282 2994 4349 tanquam
3026 4278 3314 4333 violentus
3344 4275 3607 4331 invectus
3638 4279 3759 4330 erat
3781 4276 3840 4330 in

2133 4368 2324 4423 verbis
2356 4368 2543 4439 igneis
2567 4372 2741 4439 atque
2773 4368 2849 4422 ita
2880 4366 3275 4433 fiamantibus,
3302 4369 3365 4419 ut
3395 4363 3658 4431 audistis,
3691 4364 3843 4419 Dura

2132 4460 2364 4523 cervice,
2387 4464 2439 4511 et
2470 4474 2579 4511 non
2610 4457 2919 4511 circumcisi
2945 4454 3104 4511 corde
3124 4462 3175 4510 et
3217 4454 3453 4510 auribus
3480 4470 3500 4511 ,ο
3530 4458 3593 4509 ut
3627 4454 3726 4527 qui
3767 4468 3834 4509 ea

2132 4546 2307 4601 verba
2327 4545 2575 4611 audiret,
2604 4548 2829 4615 putaret
2852 4542 3235 4615 Stephanum,
3260 4544 3307 4599 si
3332 4543 3383 4599 ei
3404 4542 3621 4612 liceret,
3648 4542 3836 4599 statim

2129 4634 2265 4691 illos
2307 4635 2451 4693 velle
2491 4635 2753 4691 consumi
2792 4652 2807 4703 ;
2848 4632 3216 4690 venientibus
3256 4634 3314 4689 in
3342 4650 3405 4690 se
3440 4632 3735 4706 lapidibus
3766 4651 3833 4690 ex

2132 4726 2406 4782 manibus
2446 4741 2663 4795 eorum,
2698 4741 2848 4797 genu
2902 4725 3011 4780 fixo
3034 4724 3114 4779 ait
3145 4724 3190 4789 ²,
3227 4723 3480 4792 Domine,
3510 4740 3581 4780 ne
3620 4731 3836 4780 statuas

2130 4816 2247 4871 illis
2278 4816 2376 4871 hoc
2404 4813 2658 4870 delictum
2690 4814 2833 4885 (Act.
2867 4830 2967 4881 vn,
2996 4813 3087 4881 51,
3118 4814 3231 4885 59).
3276 4814 3593 4869 luhmserat
3625 4812 3827 4867 unitati

2129 4905 2437 4962 columbas.
2474 4904 2635 4960 Prior
2681 4905 2839 4959 enim
2889 4903 3030 4958 illud
3070 4904 3279 4959 fecerat
3331 4902 3621 4973 magister,
3655 4916 3831 4971 super

2128 5012 2302 5069 quem
2346 4995 2646 5050 descendit
2676 4994 2979 5061 columba;
3013 4992 3113 5065 qui
3146 4993 3407 5064 pendens
3446 4991 3502 5044 in
3536 5005 3705 5043 cruce
3726 4990 3826 5046 ait.

2128 5086 2315 5152 Pater,
2350 5087 2565 5155 ignosce
2608 5085 2743 5151 illis,
2775 5085 2904 5157 quia
2950 5086 3197 5138 nesciunt
3246 5081 3378 5152 quid
3422 5080 3636 5146 faciunt
3675 5080 3827 5147 (Luc.

2124 5191 2286 5242 xxm,
2318 5176 2426 5246 34).
2453 5176 2600 5248 Ergo
2625 5193 2696 5230 ne
2727 5174 2937 5244 Spiritu
2963 5171 3308 5227 sanctiticati
3333 5171 3527 5224 dolum
3552 5168 3823 5231 habeant.

2124 5264 2181 5320 in
2215 5266 2485 5322 columba
2518 5268 2982 5320 demonstratum
3016 5266 3138 5318 est:
3165 5278 3235 5316 ne
3252 5260 3594 5333 simplicitas
3620 5262 3831 5334 frigida

2125 5360 2442 5423 remaneat,
2477 5355 2535 5410 in
2584 5356 2717 5427 igne
2765 5355 3231 5408 demonstratum
3281 5356 3387 5407 est.
3423 5352 3535 5408 Nec
3582 5356 3827 5419 moveat,

2191 5498 2206 5532 ι
2236 5496 2321 5545 Sic
2351 5496 2635 5559 legendum
2673 5509 2733 5559 ex
2761 5497 2885 5547 Mss.
2910 5493 3126 5559 leuius.)

2186 5559 2208 5592 ²
2246 5558 2518 5622 Apud’Er.
2556 5558 2720 5622 Lugd.
2752 5560 2880 5611 Ven.
2915 5558 3058 5615 Lov.,
3088 5558 3227 5622 genu
3252 5559 3503 5624 ﬂexoait.
3573 5558 3639 5608 M.
