4170 6188
339 249 492 309 1427

337 398 705 470 quialinguae
736 394 933 451 divisas
978 397 1136 450 sunt.
1180 395 1409 450 Distant
1455 394 1607 449 enim
1647 392 1879 461 linguae,
1912 391 2041 448 ideo

342 486 545 543 divisis
576 485 795 557 linguis
826 485 1114 557 apparuit.
1144 485 1390 553 Lingua,
1422 483 1635 555 inquit,
1668 483 1854 539 divisae
1895 482 2045 537 velut

341 575 617 647 ignis,qui
632 581 685 631 et
712 575 917 631 insedit
937 591 1099 646 super
1124 589 1563 646 unumquemque
1583 589 1789 629 eorum.
1816 572 2047 628 Distant

339 666 491 723 inter
522 683 583 723 se
618 666 846 738 linguae,
878 666 977 721 sed
1014 665 1351 738 linguarum
1395 663 1673 721 distantia
1706 666 1720 698 ¹
1760 678 1873 718 ιιοιι
1913 668 2047 717 sunt

340 758 675 814 schismata.
693 758 755 813 In
782 757 995 831 linguis
1008 756 1204 813 divisis
1218 756 1332 813 noli
1350 756 1795 828 dissipationem
1820 756 2046 820 timere,

341 848 628 905 unitatem
660 864 944 920 cognosce
967 848 1022 902 in
1056 846 1349 903 columba.

415 938 467 992 3.
504 938 597 994 Sic
636 954 793 1009 ergo,
838 937 918 992 sic
965 936 1268 1008 oportebat
1314 935 1702 991 demonstrari
1762 932 2046 1005 Spiritum

344 1032 614 1083 sanctum
663 1026 989 1082 venientem
1049 1040 1226 1096 super
1278 1025 1607 1093 Dominum,
1652 1031 1712 1078 ut
1766 1022 2053 1094 intelligat

345 1116 773 1187 unusquisque,
807 1116 857 1170 si
889 1114 1058 1170 habet
1090 1114 1372 1187 Spiritum
1404 1119 1699 1181 sanctum,
1724 1110 2051 1184 simplicem

344 1223 405 1261 se
425 1222 552 1262 esse
575 1204 955 1276 deberejsicut
976 1205 1307 1259 columbam
1329 1222 1341 1272 ;
1366 1205 1579 1260 habere
1620 1220 1749 1258 cum
1778 1202 2052 1257 fratribus

344 1310 539 1349 veram
574 1310 797 1365 pacem,
833 1311 1004 1366 quam
1037 1294 1363 1364 significant
1393 1295 1594 1349 oscula
1623 1292 2053 1348 columbarum.

347 1385 567 1440 llalient
597 1384 749 1439 enim
785 1384 985 1439 Oscula
1015 1388 1070 1438 et
1100 1383 1275 1449 corvi,
1310 1384 1404 1439 sed
1439 1383 1494 1437 in
1531 1384 1716 1439 corvis
1751 1382 1891 1437 falsa
1924 1398 2054 1452 pax,

346 1475 406 1529 in
444 1473 712 1529 columba
753 1491 881 1528 vera
913 1491 1042 1544 pax.
1075 1472 1197 1529 Non
1233 1474 1423 1528 omnis
1456 1489 1591 1545 ergo
1626 1474 1724 1545 qui
1755 1473 1914 1535 dicit,
1942 1472 2055 1525 Pax

354 1563 676 1631 vobiscum,
709 1564 875 1635 quasi
903 1564 1173 1618 columba
1215 1563 1544 1619 audiendus
1585 1570 1689 1618 est.
1725 1562 1888 1617 Unde
1920 1576 2055 1631 ergo

346 1654 753 1709 discernuntur
797 1652 996 1709 oscula
1046 1669 1349 1708 corvorum
1382 1654 1454 1708 ab
1503 1652 1720 1708 osculis
1759 1652 2057 1707 columba-

356 1761 485 1799 rum
510 1744 537 1798 ?
563 1742 912 1799 Osculantur
959 1743 1133 1810 corvi,
1169 1745 1261 1799 sed
1296 1741 1518 1797 laniant
1542 1760 1555 1810 ;
1579 1761 1611 1797 a
1641 1742 1857 1797 laniatu
1888 1742 2058 1797 inno-

353 1850 490 1890 cens
522 1838 610 1889 est
642 1838 843 1889 natura
868 1833 1268 1888 columbarum
1299 1849 1310 1887 :
1346 1834 1444 1888 ubi
1477 1849 1609 1902 ergo
1643 1832 1918 1900 laniatus,
1944 1849 2059 1887 non

354 1929 444 1979 est
476 1938 610 1979 vera
642 1924 701 1978 in
725 1922 939 1979 osculis
972 1938 1119 1994 pax;
1145 1921 1231 1977 illi
1262 1921 1479 1977 habent
1499 1938 1688 1977 veram
1719 1938 1932 1991 pacem,
1960 1920 2061 1992 qui

355 2014 671 2070 Ecclesium
719 2030 835 2070 non
869 2014 1245 2069 laniaverant.
1274 2012 1420 2069 Nam
1454 2014 1607 2069 corvi
1638 2014 1710 2069 de
1741 2018 1925 2068 morte
1958 2030 2061 2085 pa-

355 2112 620 2176 scuntur,
650 2104 761 2159 hoc
791 2103 1057 2160 columba
1089 2120 1205 2158 non
1236 2103 1450 2175 habet;
1483 2104 1553 2159 de
1595 2104 1860 2175 frugibus
1901 2107 2061 2159 terrae

354 2196 517 2260 vivit,
559 2196 838 2250 innocens
873 2196 1000 2265 ejus
1042 2195 1224 2250 victus
1272 2203 1357 2250 est
1391 2211 1403 2248 :
1438 2196 1591 2265 quod
1647 2211 1796 2260 vere,
1830 2194 2060 2261 fratres,

355 2284 691 2342 mirandum
723 2284 888 2341 estin
923 2283 1216 2339 columba.
1249 2283 1395 2338 Sunt
1426 2299 1692 2354 passeres
1716 2282 2061 2355 brevissimi,

354 2374 441 2432 vel
488 2391 723 2431 muscas
781 2375 1087 2430 occidunt:
1123 2374 1267 2429 nihil
1318 2374 1525 2429 horum
1590 2373 1895 2442 columba;
1951 2390 2063 2429 non

351 2467 506 2522 enim
535 2467 606 2521 de
640 2474 821 2520 morte
854 2465 1136 2536 pascitur.
1168 2463 1273 2527 Qui
1306 2463 1665 2519 laniaverunt
1725 2462 2064 2535 Ecclesiam,

350 2558 420 2611 de
443 2555 734 2611 mortibus
766 2560 1107 2623 pascuntur.
1138 2555 1351 2608 Potens
1385 2558 1472 2608 est
1499 2558 1669 2622 Deus,
1696 2570 1969 2624 rogemus
2005 2557 2066 2608 ut

357 2645 705 2700 reviviscent
753 2645 854 2714 qui
904 2644 1254 2699 devorantur
1297 2645 1370 2698 ab
1402 2645 1485 2698 eis
1534 2650 1591 2699 et
1622 2660 1737 2698 non
1782 2643 2063 2697 sentiunt.

359 2733 527 2789 Multi
579 2738 927 2805 agnoscunt,
973 2734 1107 2805 quia
1152 2733 1531 2801 reviviscunt;
1567 2751 1700 2788 nam
1751 2732 1823 2788 ad
1866 2748 2064 2788 eorum

355 2824 668 2879 adventum
694 2824 953 2895 quotidie
973 2823 1340 2895 gratulamur
1358 2824 1414 2877 in
1439 2824 1673 2879 nomine
1692 2823 1925 2879 Christi.
1956 2823 2066 2877 Vos

356 2918 589 2969 tantum
640 2916 724 2968 sic
769 2918 949 2969 estote
990 2912 1304 2983 simplices,
1342 2922 1397 2969 ut
1448 2914 1578 2969 sitis
1614 2912 1976 2981 ferventes”;
2011 2917 2067 2967 et

359 3003 544 3060 fervor
575 3007 764 3059 vester
795 3004 849 3058 in
873 3003 1091 3076 linguis
1124 3003 1218 3059 sit.
1252 3003 1443 3061 Nolite
1480 2996 1699 3075 tacere;
1724 3004 2068 3061 ardentibus

356 3093 570 3164 linguis
600 3093 922 3163 loquentes,
956 3094 1257 3149 accendite
1288 3093 1549 3165 frigidos.

430 3186 481 3238 ὕ.
516 3182 664 3246 Quid
694 3183 872 3249 enim,
904 3183 1108 3240 fratres
1153 3182 1315 3239 mei?
1343 3185 1474 3255 quis
1520 3201 1631 3240 non
1666 3185 1855 3241 videat
1912 3186 2067 3256 quod

362 3274 449 3331 illi
483 3290 597 3330 non
620 3273 864 3329 vident?
894 3273 1009 3331 Nec
1032 3274 1247 3330 mirum
1273 3290 1287 3330 :
1309 3275 1447 3346 quia
1469 3276 1568 3347 qui
1594 3275 1727 3332 inde
1746 3277 1951 3332 reverti
1976 3293 2076 3331 no-

364 3364 512 3429 lunt,
555 3365 710 3421 sicut
754 3381 963 3422 corvus
1012 3365 1110 3436 qui
1159 3366 1229 3420 de
1275 3381 1409 3421 arca
1446 3368 1698 3422 emissus
1747 3371 1832 3421 est
1861 3367 1901 3421 ⁸.
1935 3366 2072 3430 Quis

362 3455 519 3511 enim
552 3469 669 3511 non
698 3454 885 3510 videat
915 3454 1068 3526 quod
1091 3453 1176 3510 illi
1203 3471 1318 3511 non
1350 3455 1545 3511 vident
1564 3455 1591 3511 (ξ
1615 3457 1681 3512 Et
1704 3455 1809 3527 ipsi
1833 3455 2073 3528 Spiritui

371 3548 574 3601 sancto
605 3544 820 3616 ingrati
870 3548 1029 3600 sunt.
1060 3544 1199 3601 Ecce
1230 3545 1502 3602 columba
1550 3548 1854 3603 descendit
1898 3562 2075 3619 super

368 3632 707 3700 Dominum,
740 3642 793 3689 et
823 3651 1001 3706 super
1035 3636 1341 3692 Dominum
1385 3637 1779 3708 baptizatum;
1812 3643 1868 3693 et
1897 3656 2072 3710 appa-

372 3725 487 3781 ruit
518 3725 598 3780 ibi
629 3730 834 3780 sancta
865 3725 965 3779 illa
998 3730 1055 3781 et
1082 3742 1213 3781 vera
1256 3726 1530 3794 Trinitas,
1563 3745 1692 3799 quae
1725 3728 1892 3785 nobis
1925 3745 2075 3784 unus

371 3815 526 3871 Deus
567 3820 678 3870 est.
710 3815 985 3870 Ascendit
1026 3817 1180 3870 enim
1213 3815 1495 3873 Dominus
1526 3819 1598 3872 ab
1629 3835 1803 3889 aqua,
1836 3820 1987 3874 sicut
2016 3819 2076 3873 in

370 3901 681 3975 Evangelio
712 3902 963 3975 legimus
996 3904 1097 3958 :Et
1128 3919 1245 3959 ecce
1260 3904 1438 3975 aperti
1458 3916 1584 3960 sunt
1608 3908 1661 3961 ei
1687 3908 1829 3975 cati,
1861 3912 1915 3963 et
1946 3907 2082 3963 vidit

370 3993 651 4065 Spiritum
672 3992 1085 4049 descendentem
1104 3994 1249 4049 velut
1269 3994 1596 4063 columbam,
1622 4003 1675 4050 et
1696 3998 1899 4050 mansit
1918 4012 2081 4067 super

366 4099 530 4139 eum:
558 4092 613 4139 et
630 4086 818 4138 statim
847 4098 952 4138 vox
978 4087 1264 4139 consecuta
1295 4088 1393 4150 est,
1429 4086 1499 4139 Tu
1530 4100 1583 4139 es
1618 4084 1792 4141 Filius
1822 4102 1971 4141 meus
1992 4085 2080 4140 di-

368 4173 559 4240 lectus,
594 4174 652 4225 in
684 4187 786 4243 quo
813 4172 954 4227 mihi
980 4172 1287 4244 complacui
1310 4173 1519 4244 (Matth.
1555 4190 1637 4237 ιιι,
1670 4175 1732 4229 16
1765 4179 1813 4229 et
1848 4175 1954 4245 17).
1975 4179 2082 4246 Ap-

371 4269 535 4337 paret
554 4261 1034 4319 manit’estissima
1056 4263 1334 4331 Trinitas,
1365 4264 1530 4320 Pater
1554 4266 1609 4320 in
1632 4281 1792 4333 voce,
1817 4265 2001 4320 Filius
2025 4265 2083 4321 in

374 4353 639 4419 homine,
672 4353 918 4425 Spiritus
962 4354 1021 4409 in
1052 4352 1344 4410 columba.
1378 4357 1440 4411 In
1498 4356 1611 4412 ista
1658 4357 1935 4412 Trinitate
1968 4372 2082 4428 quo

370 4442 537 4499 missi
573 4447 711 4499 sunt
740 4442 1023 4515 Apostoli,
1042 4444 1344 4501 videamus
1370 4448 1521 4518 quod
1546 4447 1834 4510 videmus.
1854 4452 1910 4503 et
1928 4446 2081 4520 quod

376 4531 589 4587 mirum
611 4538 700 4588 est
720 4532 857 4604 quia
887 4533 968 4589 illi
992 4551 1105 4591 non
1130 4536 1355 4591 vident:
1379 4552 1492 4592 non
1528 4538 1679 4592 enim
1705 4554 1831 4594 vere
1862 4555 1975 4593 non
2000 4538 2084 4592 vi-

368 4620 527 4685 dent,
560 4622 656 4676 sed
697 4622 766 4675 ad
802 4623 858 4676 id
883 4626 1033 4693 quod
1066 4624 1245 4680 facies
1279 4642 1480 4680 eorum
1516 4627 1669 4695 ferit,
1692 4627 1891 4684 oculos
1924 4628 2079 4684 clau-

369 4711 539 4766 dunt.
570 4713 692 4774 Quo
723 4712 886 4767 missi
920 4718 1058 4768 sunt
1089 4714 1389 4785 discipuli,
1426 4716 1483 4769 in
1535 4718 1771 4773 nomine
1807 4718 1995 4774 Patris
2028 4724 2085 4774 et

373 4797 502 4857 Filii
540 4802 598 4855 et
628 4798 876 4870 Spiritus
897 4802 1101 4869 sancti,
1130 4802 1201 4856 ab
1234 4803 1333 4857 illo
1364 4804 1434 4858 de
1464 4821 1579 4874 quo
1607 4807 1822 4861 dictum
1856 4812 1965 4872 est,
1992 4810 2086 4863 Hic

367 4900 448 4948 est
472 4890 569 4963 qui
600 4888 862 4962 baptizat.
896 4890 1125 4946 Dictum
1158 4896 1247 4948 est
1279 4893 1435 4948 enim
1472 4895 1757 4951 ministris
1791 4899 1862 4951 ab
1886 4914 1950 4952 eo
1980 4899 2076 4970 qui

372 4981 487 5039 sibi
516 4982 707 5039 tenuit
728 4980 873 5037 hanc
908 4986 1266 5054 potestatem.

440 5074 496 5128 6.
542 5075 656 5132 Hoc
684 5073 841 5131 enim
873 5074 932 5130 in
958 5072 1055 5129 illo
1077 5073 1220 5129 vidit
1248 5072 1525 5145 Joannes,
1552 5080 1609 5131 et
1639 5077 1901 5149 cognovit
1923 5080 2076 5145 quod

376 5175 492 5217 non
526 5171 763 5222 noverat
788 5181 801 5221 :
831 5181 944 5222 non
968 5163 1107 5236 quia
1137 5180 1271 5220 eum
1298 5180 1413 5221 non
1454 5172 1688 5222 noverat
1711 5167 1920 5223 Filium
1952 5168 2075 5238 Dei,

376 5256 477 5306 aut
523 5268 653 5310 cum
704 5273 819 5313 non
872 5260 1106 5313 noverat
1153 5254 1491 5325 Dominum,
1534 5260 1635 5312 aut
1679 5273 1793 5313 non
1843 5263 2080 5315 noverat

435 5378 455 5443 ξ
669 5379 950 5443 distantia.
983 5383 1047 5431 At
1074 5381 1223 5443 Mss.,
1254 5382 1530 5431 distantia.

430 5439 451 5471 ε
482 5438 617 5505 Editi
644 5450 655 5487 :
694 5440 754 5487 Ut
788 5444 905 5490 sitis
952 5438 1234 5504 prudentes
1282 5449 1331 5495 et
1376 5454 1653 5505 ferventes.
1686 5446 1849 5496 Abest
1873 5461 1902 5496 a
1934 5448 2079 5505 Mss.,

364 5503 659 5566 pruoientes
686 5506 754 5566 et.

443 5566 464 5637 ἦ
492 5564 580 5613 Er.
620 5568 673 5614 et
704 5565 825 5637 Lov.
850 5576 863 5637 ς
890 5566 997 5614 Nec
1028 5568 1228 5637 miram
1262 5572 1419 5633 ,‘qur'a
1444 5572 1567 5621 inde
1587 5575 1773 5623 reverti
1796 5573 1991 5631 nolunt,
2016 5574 2083 5620 si-

384 5631 465 5679 cut
495 5639 671 5678 servus
704 5630 793 5691 qui
825 5630 887 5675 de
918 5642 1036 5676 m'ca
1066 5631 1280 5679 emissus
1305 5630 1400 5682 ξεί.
1470 5637 1538 5683 Μ.

1280 246 1361 308 ΙΝ
1404 246 1734 309 JOANNIS
1780 241 2329 319 EVANGELIUM,
2377 247 2443 307 S.
2491 245 2917 309 AUGUSTINI

3702 242 3859 305 1428

2152 391 2470 460 Christum,
2505 398 2605 449 aut
2635 410 2767 449 vero
2800 398 2856 449 et
2885 394 2994 450 hoc
3026 410 3140 449 non
3175 398 3412 449 noverat
3441 392 3579 465 quia
3603 392 3725 465 ipse
3758 393 3861 447 ba-

2156 484 2471 554 ptizaturus
2499 488 2649 540 esset
2674 486 2731 540 in
2756 502 2907 557 aqua
2928 489 2984 540 et
3003 485 3221 551 Spiritu
3248 489 3450 541 sancto
3472 502 3486 552 ;
3507 490 3642 540 nam
3677 489 3732 539 et
3753 483 3861 539 hoc

2157 578 2393 629 noverat
2426 591 2438 630 :
2473 576 2570 630 sed
2602 576 2737 647 quia
2775 576 2855 631 ita
2886 581 2952 631 ut
2984 576 3093 631 sibi
3126 580 3350 632 teneret
3378 575 3567 647 ipsam
3618 578 3865 646 potesta-

2156 667 2297 731 tem,
2329 669 2385 719 et
2418 663 2475 719 in
2503 664 2726 721 nullum
2762 666 3165 721 ministrorum
3201 683 3328 722 eam
3370 665 3726 729 transferret,
3761 664 3868 719 hoc

2156 758 2246 809 est
2266 754 2418 825 quod
2448 755 2651 811 didicit
2681 757 2737 810 in
2770 758 3056 812 columba.
3092 757 3197 813 Per
3228 757 3377 812 hanc
3422 756 3575 811 enim
3612 760 3865 827 potesta-

2156 848 2297 909 tem,
2331 862 2507 916 quam
2540 845 2805 902 Christus
2839 847 2998 902 solus
3032 846 3141 901 sibi
3178 846 3385 911 tenuit,
3409 850 3465 901 et
3490 844 3547 901 in
3572 846 3866 901 nemiuem

2160 934 2559 990 ministrorum
2594 937 2925 996 transfudit,
2958 936 3228 1007 quamvis
3262 953 3363 1008 per
3396 935 3692 990 ministros
3730 950 3867 988 suos

2162 1023 2449 1094 baptizare
2479 1025 2751 1095 dignatus
2784 1026 2882 1093 sit,
2910 1042 3006 1096 per
3039 1025 3188 1081 hanc
3222 1031 3334 1079 stat
3366 1024 3557 1079 unitas
3579 1022 3870 1092 Ecclesiae,

2163 1128 2289 1183 quae
2322 1114 2686 1184 significatur
2719 1115 2772 1169 in
2809 1114 3096 1182 columba,
3122 1115 3191 1169 de
3221 1132 3338 1185 qua
3360 1114 3577 1168 dictum
3603 1120 3686 1167 est
3712 1129 3723 1165 ε
3752 1113 3871 1168 Una

2164 1207 2240 1257 est
2279 1202 2537 1259 columba
2584 1221 2721 1269 mea,
2754 1222 2865 1259 una
2901 1212 2979 1259 est
3021 1206 3189 1259 matri
3228 1221 3340 1258 suae
3370 1204 3552 1272 (Cant.
3588 1220 3665 1271 vr,
3694 1204 3774 1273 8).
3810 1204 3870 1258 Si

2166 1294 2339 1361 enim,
2375 1300 2438 1349 ut
2461 1296 2583 1365 jam
2616 1294 2758 1362 dixi,
2788 1296 2989 1349 fratres
3023 1294 3155 1356 mei,
3181 1296 3594 1350 transferretur
3618 1298 3874 1364 potestas

2167 1402 2199 1439 a
2230 1385 2474 1440 Domino
2508 1388 2573 1441 ad
2611 1386 2966 1453 ministrum,
3000 1392 3081 1441 tot
3114 1387 3458 1455 baptismate
3488 1396 3700 1447 essent,
3735 1388 3876 1453 quot

2170 1478 2419 1532 ministri
2452 1483 2665 1541 essent,
2702 1478 2905 1544 etjam
2953 1493 3063 1530 non
3107 1482 3286 1531 staret
3328 1476 3519 1531 unitas
3568 1472 3873 1543 Baptismi.

2235 1572 2290 1625 7.
2345 1570 2650 1635 Intendite,
2689 1570 2894 1621 fratres
2929 1583 2941 1621 :
2978 1576 3284 1637 antequam
3332 1566 3553 1621 veniret
3590 1563 3875 1619 Dominus

2170 1671 2364 1718 noster
2384 1662 2552 1717 Jcsus
2576 1659 2840 1714 Christus
2871 1658 2941 1712 ad
2970 1658 3324 1729 baptismum
3349 1658 3506 1725 (nam
3534 1660 3667 1726 pust
3690 1654 3877 1725 bapti-

2171 1770 2362 1809 smum
2406 1751 2698 1807 descendit
2746 1748 3015 1805 columba
3064 1748 3121 1802 in
3157 1764 3267 1819 qua
3312 1747 3585 1816 cognovit
3626 1749 3879 1800 Joannes

2172 1844 2448 1916 quiddam
2486 1841 2807 1913 proprium,
2842 1856 2969 1893 cum
3000 1838 3048 1893 ei
3086 1840 3298 1892 dictum
3334 1840 3503 1907 esset,
3531 1836 3702 1907 Super
3724 1852 3879 1907 quem

2170 1934 2370 1990 videris
2399 1931 2675 2003 Spiritum
2711 1931 3118 1986 descendentem
3139 1930 3285 1983 sicut
3310 1926 3648 1993 columbam,
3681 1930 3730 1981 et
3761 1942 3877 1980 ma-

2170 2031 2393 2080 nentem
2424 2038 2589 2093 super
2614 2037 2757 2090 eum,
2791 2023 2901 2090 ipse
2927 2024 3005 2074 est
3030 2020 3125 2091 qui
3154 2018 3395 2090 baptizat
3425 2016 3483 2071 in
3515 2016 3727 2087 Spiritu
3750 2031 3878 2069 san-

2172 2118 2295 2183 cto),
2330 2115 2568 2167 noverat
2593 2111 2733 2181 quia
2773 2110 2894 2179 ipse
2914 2109 3165 2181 baptizat
3183 2106 3240 2161 in
3265 2106 3479 2178 Spiritu
3504 2108 3705 2159 sancto
3732 2120 3745 2167 ;
3774 2103 3878 2158 sed

2173 2204 2309 2277 quia
2334 2202 2431 2257 tali
2467 2202 2838 2273 proprietate,
2870 2203 2933 2254 ut
2965 2203 3217 2270 potestas
3259 2198 3328 2252 ab
3360 2211 3426 2251 eo
3458 2212 3567 2250 non
3601 2195 3878 2249 transiret

2175 2298 2231 2350 in
2278 2294 2545 2358 alterum,
2580 2290 2845 2364 quamvis
2876 2307 2941 2345 eo
2974 2289 3243 2356 donante,
3280 2290 3385 2343 hoc
3430 2286 3510 2341 ibi
3558 2284 3777 2340 didicit.
3813 2284 3885 2339 Et

2177 2386 2328 2441 unde
2378 2384 2695 2455 probamus
2731 2382 2867 2452 quia
2911 2382 3035 2451 jam
3078 2384 3134 2434 et
3176 2381 3281 2434 hoc
3331 2384 3563 2433 noverat
3607 2375 3887 2441 Joannes,

2179 2475 2317 2546 quia
2348 2473 2747 2544 baptizaturus
2778 2476 2900 2525 erat
2929 2469 3214 2526 Dominus
3236 2469 3291 2524 in
3324 2467 3537 2538 Spiritu
3564 2470 3760 2520 sancto
3782 2482 3795 2531 ;
3820 2468 3887 2519 ut

2174 2565 2283 2620 hoc
2315 2562 2671 2633 intelligatur
2711 2560 2983 2615 didicisse
3016 2562 3071 2614 in
3105 2558 3392 2627 columba,
3426 2556 3577 2626 quod
3636 2554 3715 2609 ita
3763 2558 3889 2610 erat

2177 2653 2568 2724 baptizaturus
2606 2649 2887 2705 Dominus
2919 2651 2975 2704 in
3008 2650 3225 2719 Spiritu
3258 2652 3482 2715 sancto,
3517 2646 3661 2700 utin
3704 2644 3887 2700 nemi-

2178 2760 2310 2799 nem
2363 2741 2539 2797 alium
2580 2741 2879 2795 hominem
2923 2744 3171 2811 potestas
3224 2736 3323 2791 illa
3372 2734 3688 2791 transiret?
3736 2735 3887 2787 unde

2178 2829 2543 2904 probamus?
2575 2830 2856 2885 Columba
2880 2830 3001 2897 jam
3050 2829 3337 2898 baptizato
3371 2826 3618 2881 Domino
3651 2824 3885 2879 descen-

2178 2923 2299 2976 dit:
2334 2924 2464 2975 ante
2498 2925 2689 2974 autem
2724 2934 2899 2989 quam
2922 2918 3138 2972 veniret
3168 2915 3447 2972 Dominus
3480 2918 3543 2968 ut
3574 2912 3891 2983 baptizare-

2178 3016 2274 3066 tur
2308 3027 2340 3065 a
2368 3010 2595 3065 Joanne
2628 3009 2687 3063 in
2718 3007 2989 3073 Jordane,
3024 3007 3278 3061 diximus
3306 3004 3445 3076 quia
3476 3007 3711 3059 noverat
3733 3017 3887 3070 eum,

2180 3097 2294 3153 illis
2323 3096 2561 3151 vocibus
2593 3096 2687 3150 ubi
2721 3095 2799 3149 ait
2827 3110 2841 3149 :
2874 3095 2946 3148 Tu
2964 3094 3032 3149 ad
3062 3110 3144 3149 me
3176 3092 3346 3157 venis,
3380 3088 3708 3161 baptizari?
3735 3104 3827 3159 ego
3858 3104 3893 3143 α

2181 3196 2230 3243 te
2251 3188 2410 3242 debeo
2431 3184 2719 3255 baptizari.
2743 3183 2849 3240 Sed
2874 3199 3004 3238 ecce
3025 3182 3337 3237 Dominum
3366 3184 3624 3245 noverat,
3654 3181 3891 3233 noverat

2181 3278 2389 3334 Filium
2418 3276 2513 3333 Dei
2548 3275 2743 3331 :unde
2776 3273 3092 3345 probamus
3123 3273 3278 3343 quod
3308 3273 3430 3341 jam
3476 3274 3715 3325 noverat
3755 3267 3891 3338 quia

2180 3366 2303 3439 ipse
2331 3366 2645 3438 baptizaret
2676 3366 2732 3419 in
2766 3362 2983 3435 Spiritu
3026 3360 3271 3417 sancto?
3310 3364 3639 3431 Antequam
3672 3357 3892 3413 veniret

2184 3460 2251 3513 ad
2286 3457 2553 3524 ﬂuvium,
2587 3471 2717 3511 cum
2752 3454 2917 3509 multi
2944 3454 3013 3508 ad
3038 3452 3317 3508 Joannem
3345 3454 3758 3507 concurrerent
3791 3449 3893 3502 ba-

2186 3548 2409 3621 ptizari,
2441 3548 2520 3602 ait
2550 3546 2686 3614 illis,
2721 3546 2826 3616 Ego
2864 3544 3077 3615 quidem
3112 3545 3323 3614 baptizo
3352 3558 3443 3597 vos
3476 3541 3534 3595 in
3568 3557 3709 3611 aqua
3748 3556 3767 3593 .°
3797 3536 3898 3609 qui

2184 3646 2367 3695 autem
2398 3645 2515 3710 post
2546 3653 2629 3691 me
2661 3637 2821 3700 venit,
2854 3636 3029 3705 major
3073 3649 3157 3688 me
3186 3640 3285 3701 est,
3317 3634 3471 3704 cujus
3518 3648 3634 3685 sum
3676 3646 3781 3684 non
3806 3628 3893 3683 di-

2182 3727 3006 3801 gnuscorrigiamcalceamenti
3026 3723 3489 3794 solvere;ipsevos
3516 3719 3819 3790 baptisabit
3834 3722 3890 3772 in

2186 3822 2399 3891 Spiritu
2438 3828 2621 3874 sancto
2659 3824 2707 3872 et
2760 3819 2879 3885 igni
2906 3816 3117 3887 (Matth.
3150 3831 3233 3880 ιιι,
3266 3814 3351 3880 Ui,
3386 3815 3471 3881 11)
3500 3830 3511 3867 :
3541 3813 3661 3880 jam
3697 3815 3751 3865 et
3782 3809 3894 3863 hoc

2189 3916 2447 3966 noverat.
2481 3909 2625 3975 Quid
2660 3924 2795 3978 ergo
2828 3924 2927 3978 per
2950 3905 3273 3962 columbam
3300 3902 3522 3970 didicit,
3545 3918 3613 3956 ne
3644 3900 3895 3955 mendax

2188 3996 2923 4071 posteainveniatur(quod
2950 3999 3169 4051 avertat
3199 4012 3229 4048 a
3255 3992 3422 4049 nobis
3440 3991 3595 4046 Deus
3610 3987 3893 4062 opinari);

2192 4087 2301 4142 nisi
2327 4087 2643 4158 quamdam
2670 4084 3076 4156 proprietatem
3099 4083 3157 4137 in
3182 4082 3407 4137 Christo
3424 4079 3595 4135 talem
3622 4079 3897 4146 futuram,

2186 4178 2530 4249 utquamvis
2546 4174 2712 4229 multi
2730 4174 2984 4228 ministri
3002 4173 3343 4243 baptizaturi
3361 4179 3572 4237 essent,
3591 4169 3707 4223 sive
3729 4167 3897 4238 justi,

2186 4270 2303 4325 sive
2337 4267 2560 4339 injusti,
2598 4283 2705 4321 non
2756 4264 3108 4319 tribueretur
3142 4264 3421 4317 sanctitas
3454 4260 3759 4329 Baptismi,
3786 4258 3899 4313 nisi

2186 4359 2271 4413 illi
2314 4375 2492 4428 super
2523 4373 2697 4428 quem
2742 4355 3045 4410 descendit
3086 4354 3376 4411 columba,
3410 4352 3478 4406 de
3513 4366 3629 4421 quo
3672 4349 3895 4404 dictum

2188 4455 2295 4515 est,
2329 4449 2423 4503 llic
2452 4453 2527 4503 est
2558 4449 2653 4520 qui
2686 4448 2917 4517 baptizit
2949 4448 3005 4500 in
3036 4445 3254 4517 Spiritu
3281 4446 3465 4498 sancto
3491 4444 3515 4494 Υ
3545 4441 3752 4495 Petrus
3792 4438 3898 4494 ba-

2187 4541 2383 4614 ptizet,
2422 4540 2508 4594 hic
2541 4539 2758 4611 estrqui
2792 4537 3042 4610 baptizat
3067 4554 3081 4605 ;
3108 4536 3323 4590 Paulus
3366 4532 3636 4603 baptizet,
3682 4530 3772 4586 hic
3808 4538 3898 4586 est

2188 4631 2288 4705 qui
2323 4632 2569 4703 baptizal
2601 4648 2613 4697 ;
2647 4629 2830 4684 Judas
2864 4626 3137 4695 baptizet,
3173 4624 3267 4679 hic
3300 4629 3380 4678 est
3406 4622 3505 4693 qui
3541 4622 3809 4694 baptizat.

2258 4724 2311 4776 8.
2340 4722 2480 4777 Nam
2517 4722 2561 4775 si
2600 4738 2701 4792 pro
2725 4718 3056 4773 diversitate
3080 4717 3419 4771 meritorum
3444 4713 3743 4784 Baptisms
3770 4728 3898 4766 san-

2188 4818 2343 4871 ctum
2395 4817 2504 4879 est,
2539 4810 2676 4881 quia
2724 4810 2945 4865 diversa
2995 4814 3129 4860 sunt
3164 4805 3392 4871 merita,
3443 4804 3675 4861 diversa
3730 4804 3903 4857 erunt

2193 4901 2581 4974 baptismate;
2617 4903 2671 4954 et
2702 4903 2863 4953 tanto
2896 4896 3145 4968 quisque
3178 4894 3397 4965 aliquid
3435 4893 3640 4948 melius
3672 4896 3903 4961 putatur

2191 4994 2466 5063 accipere,
2490 4994 2705 5061 quanto
2729 5006 2757 5040 a
2784 4987 3019 5041 meliore
3040 4986 3271 5040 videtur
3292 4983 3603 5055 accepisse.
3629 4981 3743 5048 Ipsi
3765 4998 3898 5036 san-

2188 5082 2286 5150 cti,
2318 5081 2623 5152 intelligite
2651 5082 2874 5145 fratres,
2902 5077 3035 5131 boni
3068 5075 3422 5149 pertinentes
3443 5074 3513 5129 ad
3536 5072 3896 5137 columbam,

2192 5174 2544 5246 pertinentes
2577 5172 2644 5226 ad
2681 5175 2894 5225 sortem
2938 5168 3190 5223 civitatis
3222 5167 3378 5222 illius
3419 5165 3766 5231 Jerusalem,
3794 5162 3902 5233 ipsi

2189 5262 2327 5319 boni
2383 5263 2439 5317 in
2488 5259 2759 5327 Ecclesia,
2805 5261 2874 5314 de
2925 5258 3138 5329 quibus
3185 5258 3327 5325 dicit
3379 5253 3709 5327 Apostolus,
3745 5252 3906 5308 Nouit

2190 5356 2455 5409 Dominus
2502 5354 2598 5423 qui
2645 5357 2775 5407 sunt
2822 5352 2935 5419 eius
2980 5349 3053 5421 (ll
3092 5350 3223 5404 Tim.
3258 5365 3321 5413 ιι,
3357 5346 3488 5417 19);
3535 5345 3901 5399 diversarum

2189 5445 2509 5514 gratiarum
2535 5445 2692 5510 sunt,
2715 5459 2828 5497 non
2853 5456 3057 5496 omnes
3079 5438 3243 5511 paria
3262 5436 3473 5493 merita
3490 5434 3743 5491 habent:
3772 5438 3913 5489 sunt

2192 5532 2285 5587 alii
2313 5535 2442 5588 aliis
2466 5532 2962 5601 sanctiores,sunt
2986 5532 3079 5585 alii
3108 5530 3237 5585 aliis
3258 5525 3748 5589 meliores.Quare
3771 5540 3906 5595 ergo

2191 5624 2241 5682 si
2276 5640 2429 5679 unus
2462 5625 2533 5678 ab
2565 5622 2687 5691 illo,
2718 5621 2875 5679 verbi
2908 5620 3287 5691 gratia,justo
3319 5621 3519 5673 sancto
3549 5614 3902 5686 baptizetur.
