4170 6188
235 292 401 353 1429

1520 290 1981 352 TRAC'I‘ATUS
2026 287 2155 350 VlI.
2203 287 2459 351 CAPUT
2505 289 2554 350 l.

3624 287 3784 350 1430

239 424 391 480 alius
425 424 498 479 ab
532 422 645 479 alio
678 421 973 480 inferioris
1020 423 1209 479 meriti
1246 423 1399 496 apud
1438 424 1640 492 Deum,
1672 425 1964 481 interioris
2070 423 2311 495 quidam
2346 422 2636 490 homines,
2670 422 2826 479 velut
2848 423 3126 479 adversus
3148 422 3328 478 Deum
3353 440 3414 479 se
3435 426 3664 482 munire
3688 442 3777 482 co-

248 517 487 585 gradns,
534 512 828 570 interioris
868 512 1252 581 continentiae,
1287 513 1575 569 inferioris
1606 516 1753 579 vitae,
1779 531 1960 570 unum

2072 518 2295 585 nantes,
2319 514 2481 584 quasi
2514 512 2735 586 aliquid
2770 518 2923 569 esset
2952 513 3241 569 excelsum
3267 513 3406 581 Deo,
3441 518 3543 570 aut
3564 515 3788 585 aliquid

247 613 445 661 tamen
476 611 532 660 et
564 622 670 675 par
700 609 759 659 et
779 603 999 675 aequale
1021 608 1109 660 est
1131 605 1278 674 quod
1303 608 1671 675 acceperunt,
1696 605 1805 659 nisi
1830 605 1964 675 quia
2073 609 2259 658 tutum
2282 604 2583 675 superbiae,
2616 607 2915 657 erexerunt
2936 603 3144 657 turrim
3172 606 3219 671 1;
3244 604 3407 675 quasi
3441 620 3513 659 ne
3544 602 3784 669 diluvio,

250 697 337 751 hic
364 694 812 768 estquibaptizat
832 695 1168 761 ?Quomodo
1183 710 1317 766 ergo
1331 711 1459 749 cum
1495 694 1751 764 baptizat
1779 695 1965 749 bonus

253 792 307 843 et
338 785 572 855 melior,
607 802 721 841 non
754 784 883 841 ideo
907 784 1011 839 iste
1034 784 1251 839 bonum
1275 784 1590 855 accepit,et
1610 783 1703 838 ille
1728 782 1964 851 melius;

2077 694 2126 749 si
2159 700 2353 764 postea
2386 694 2566 762 ﬁeret,
2608 692 2959 748 delerentur.
2994 693 3312 748 Audierant
3342 694 3495 749 enim
3518 698 3573 749 et
3595 708 3789 748 recen-

2080 791 2318 840 suerant
2340 785 2476 855 quia
2505 785 2693 839 omnis
2726 784 3002 856 iniquitas
3045 788 3169 839 erat
3201 784 3392 840 deleta
3427 778 3687 839 diluvio:
3721 776 3791 839 ab

250 876 347 931 sed
381 876 654 947 quamvis
676 875 867 930 bonus
898 879 955 929 et
987 873 1190 929 melior
1221 873 1434 929 fuerint
1466 873 1734 942 ministri,
1789 890 1970 928 unum
2078 874 2719 946 iniquitatetemperare
2741 874 3013 930 nolebant
3038 875 3627 942 ;altitudinemturris
3653 891 3792 931 con-

256 971 311 1022 et
343 965 571 1037 aequale
602 970 693 1021 est
710 964 861 1036 quod
886 967 1258 1036 acceperunt,
1278 979 1391 1018 non
1415 967 1502 1018 est
1524 961 1728 1019 melius
1761 961 1820 1016 in
1849 960 1968 1031 illo,

256 1061 313 1112 et
344 1054 598 1110 interius
627 1053 686 1109 in
721 1054 829 1109 isto
866 1068 878 1107 :
913 1054 992 1109 sic
1024 1058 1233 1108 etcum
1267 1051 1519 1123 baptizat
1559 1050 1745 1107 malus
1769 1066 1837 1106 ex
1868 1049 1973 1106 ali—

255 1163 375 1217 qua
405 1144 497 1201 vel
522 1142 851 1216 ignorantia
876 1141 1167 1212 Ecclesiae,
1201 1140 1287 1196 vel
1321 1140 1618 1197 tolerantia
1654 1141 1779 1212 (aut
1819 1140 1974 1195 enim

253 1237 611 1309 ignorantur
626 1232 783 1302 mali,
809 1236 909 1288 aut
942 1231 1279 1300 tolerantur,
1306 1232 1582 1287 toleratur
1619 1230 1799 1302 palea,
1833 1246 1976 1301 quo-

254 1341 450 1396 usque
509 1324 570 1379 in
622 1321 830 1377 ultimo
868 1320 1177 1376 ventiletur
1206 1320 1381 1393 area),
1412 1320 1556 1376 illud
1589 1320 1742 1392 quod
1776 1318 1976 1374 datum

256 1419 370 1482 est,
406 1430 589 1469 unum
613 1416 720 1479 est,
750 1427 852 1467 nec
884 1410 1076 1482 impar
1105 1419 1332 1482 propter
1363 1410 1611 1481 impares
1636 1410 1936 1465 ministros
1964 1427 1977 1479 ;

262 1504 363 1560 sed
397 1520 507 1575 par
528 1506 583 1557 et
617 1500 862 1572 aequale,
886 1504 1138 1571 prOpter,
1172 1498 1269 1554 Hic
1296 1503 1370 1554 est
1396 1500 1491 1571 qui
1518 1499 1782 1569 baptizat.

329 1592 391 1647 9.
427 1591 598 1662 Ergo,
650 1588 1037 1656 dilectissimi,
1078 1588 1383 1643 videamus
1439 1589 1593 1658 quod
1652 1588 1850 1642 videre
1896 1586 1983 1641 illi

264 1680 666 1749 nolunt;non
699 1676 856 1749 quod
903 1693 1016 1732 non
1066 1675 1320 1745 videant,
1363 1677 1461 1731 sed
1510 1676 1659 1747 quod
1702 1692 1763 1731 se
1792 1675 1983 1730 videre

262 1770 543 1827 doleant:
573 1767 743 1840 quasi
759 1766 1024 1823 clausum
1042 1767 1117 1822 sit
1138 1770 1341 1821 contra
1363 1766 1649 1831 illos.Quo
1671 1766 1833 1821 missi
1849 1770 1987 1821 sunt

264 1858 568 1932 discipuli,
603 1859 661 1913 in
690 1856 922 1914 nomine
953 1856 1142 1912 Patris
1174 1862 1229 1911 et
1262 1856 1386 1910 Filii
1417 1861 1473 1912 et
1501 1856 1750 1928 Spiritus
1778 1855 1984 1923 sancti,

262 1955 331 2005 ut
353 1950 1004 2021 baptizarenttanquam
1032 1945 1286 2001 ministri
1309 1944 1335 1999 ?
1358 1963 1470 2017 quo
1491 1946 1652 2001 missi
1679 1951 1816 2001 sunt
1838 1945 1863 2000 ’ἰ
1884 1946 1986 2016 Ite,

267 2038 436 2106 dixit,
472 2037 752 2110 baptisate
779 2044 979 2106 gentes.
1003 2035 1284 2103 Audistis,
1318 2034 1543 2099 fratres,
1569 2036 1858 2106 quomodo
1891 2052 1984 2091 ve-

270 2131 363 2185 nit
394 2128 497 2184 illa
545 2127 874 2194 haereditas,
923 2127 1145 2182 Postula
1193 2143 1225 2181 a
1278 2141 1383 2194 me,
1413 2130 1463 2181 et
1509 2124 1647 2180 dabo
1678 2127 1778 2181 tibi
1804 2130 1985 2197 gentes

273 2219 655 2275 hereditatem
673 2221 847 2286 tuam,
879 2222 930 2272 et
955 2216 1343 2288 possessionem
1366 2222 1518 2270 tuam
1542 2217 1802 2271 terminos
1825 2223 1984 2271 terrae

271 2311 447 2379 (Psat.
482 2325 543 2376 ιι,
576 2308 654 2381 8).
688 2306 944 2362 Audistis
974 2306 1265 2378 quomodo
1316 2323 1347 2363 a
1377 2307 1513 2361 Sion
1547 2306 1759 2376 prodiit
1788 2305 1897 2373 lex,
1930 2308 1986 2362 et

267 2401 523 2457 verbum
551 2397 782 2454 Domini
813 2397 884 2452 ab
914 2395 1241 2453 Jerusalem
1294 2395 1449 2469 (Isai.
1482 2413 1546 2464 ιι,
1578 2396 1632 2466 3)
1668 2412 1682 2451 :
1716 2395 1795 2449 ibi
1826 2395 1981 2451 enim

260 2491 584 2546 audierunt
612 2486 909 2558 discipuli,
934 2487 1030 2553 Ite,
1060 2486 1331 2558 baptizata
1350 2492 1532 2558 gentes
1554 2486 1616 2541 in
1632 2484 1854 2541 nomine
1873 2486 1983 2541 Pa-

259 2584 373 2636 tris
400 2590 454 2636 et
484 2578 619 2635 Filii
647 2584 700 2633 et
724 2576 1157 2649 Spiritussancti
1176 2576 1389 2649 (Matth.
1413 2594 1607 2640 xxvm,
1642 2575 1745 2648 19).
1770 2575 1984 2631 Intenti

256 2669 396 2727 facti
440 2684 672 2736 sumus,
704 2683 837 2723 cum
869 2665 1229 2735 audiremus,
1260 2667 1359 2732 Ite,
1396 2666 1678 2733 baptizata
1708 2665 1984 2734 gentes.ln

262 2762 437 2833 cujus
472 2756 845 2815 uomine?In
886 2757 1106 2812 nomine
1153 2758 1337 2811 Patris
1384 2761 1435 2812 et
1485 2757 1621 2811 Filii
1664 2758 1711 2810 et
1743 2756 1986 2826 Spiritus

259 2851 469 2907 sancti.
491 2850 605 2904 lste
635 2863 789 2903 unus
820 2846 990 2912 Deus,
1024 2845 1163 2917 quia
1194 2862 1330 2914 non,
1353 2844 1409 2899 in
1441 2846 1777 2901 nominibus
1800 2843 1985 2900 Patris

265 2947 327 2997 et
367 2939 503 2995 Filii
551 2944 609 2994 et
648 2937 903 3008 Spiritus
960 2937 1185 3003 sancti;
1217 2938 1338 3006 sed,
1382 2938 1442 2989 in
1470 2935 1693 2991 nomine
1726 2936 1907 2989 Patris
1935 2938 1987 2990 et

263 3030 399 3085 Filii
426 3033 480 3085 et
510 3028 747 3101 Spiritus
777 3028 973 3083 sancti.
1007 3024 1113 3081 Ubi
1150 3042 1330 3081 unum
1367 3043 1577 3082 nomen
1612 3026 1798 3093 audis,
1832 3040 1987 3081 unus

261 3125 361 3176 est
418 3118 574 3174 Deus
609 3134 623 3173 :
659 3117 814 3173 sicut
862 3117 931 3171 de
980 3117 1201 3171 semine
1255 3115 1493 3172 Abrahae
1541 3116 1757 3170 dictum
1793 3119 1898 3181 est,
1933 3119 1989 3169 et

265 3210 509 3282 exponit
540 3208 757 3264 Paulus
781 3206 1098 3279 apostolus,
1121 3209 1186 3262 In
1238 3208 1446 3262 semine
1474 3210 1566 3262 tuo
1598 3206 1989 3261 benedicentur

262 3317 453 3358 omnes
507 3302 749 3373 gentes:
784 3314 893 3352 non
950 3296 1118 3365 dixit,
1151 3298 1213 3352 In
1268 3295 1592 3363 seminibus,
1633 3301 1897 3367 tanquam
1928 3295 1989 3350 in

261 3392 503 3451 multis;
535 3389 627 3444 sed
677 3393 942 3459 tanquam
982 3390 1039 3442 in
1086 3403 1218 3453 uno,
1259 3388 1328 3441 Et
1372 3386 1580 3442 semine
1603 3391 1717 3453 tuo,
1742 3387 1884 3457 quod
1912 3388 1990 3441 est

264 3480 521 3538 Christus
545 3479 701 3551 (Gen.
730 3478 996 3545 xxn,18;
1031 3477 1147 3532 Gal.
1200 3493 1283 3545 ιιι,
1340 3477 1447 3548 16).
1498 3476 1661 3532 Sicut
1689 3492 1822 3548 ergo
1854 3475 1991 3546 quia

261 3571 349 3627 ibi
382 3587 500 3627 non
520 3568 684 3638 dicit,
706 3566 767 3622 in
784 3566 1125 3630 seminibus,
1152 3566 1359 3621 docere
1380 3571 1435 3621 te
1447 3566 1627 3620 voluit
1655 3565 1987 3637 Apostolus,

263 3660 407 3732 quia
441 3673 600 3713 unus
623 3660 706 3712 est
722 3654 991 3711 Christus
1026 3670 1037 3711 :
1073 3654 1156 3710 sic
1178 3659 1235 3710 et
1267 3654 1506 3710 hiccum
1540 3654 1759 3709 dictum
1792 3659 1903 3719 est,
1926 3656 1987 3709 in

263 3750 519 3815 nomine,
554 3763 695 3816 non,
728 3746 788 3800 in
818 3745 1195 3813 nominibus;
1230 3745 1523 3816 quomodo
1547 3744 1648 3811 ibi,
1682 3744 1741 3799 in
1759 3745 1987 3809 semine,

266 3856 410 3907 non,
437 3841 497 3894 in
531 3835 901 3904 seminibus;
936 3835 1211 3906 probatur
1246 3852 1399 3891 unus
1428 3839 1577 3891 Deus
1610 3836 1782 3890 Pater
1814 3839 1869 3889 et
1898 3833 1991 3888 Fi-

268 3931 386 3987 lius
420 3932 481 3985 et
510 3926 770 4000 Spiritus
802 3930 1062 3982 sanctus.

349 4020 433 4076 10.
470 4018 608 4085 Sed,
638 4016 803 4087 Ecce,
826 4016 1102 4087 inquiunt
1122 4016 1394 4088 discipuli
1422 4017 1491 4072 ad
1526 4016 1863 4081 Dominum,
1888 4031 1993 4070 au-

271 4110 534 4166 divimus
581 4106 639 4163 in
674 4122 798 4177 quo
840 4106 1075 4162 nomine
1123 4107 1525 4178 baptizemusf
1554 4107 1857 4161 ministros
1889 4122 1993 4161 nos

274 4198 486 4267 fecisti,
519 4204 577 4254 et
607 4194 803 4251 dixisti
834 4196 1020 4263 nobis,
1054 4197 1136 4251 Ite
1158 4197 1434 4269 baptizate
1471 4198 1528 4251 in
1560 4198 1783 4252 nomine
1814 4197 1993 4250 Patris

269 4297 320 4344 et
345 4288 479 4343 Filli
496 4296 547 4343 et
577 4284 824 4357 Spiritus
852 4287 1031 4339 sancti
1056 4303 1073 4339 :
1106 4302 1219 4357 quo
1261 4285 1479 4342 ibimus
1506 4286 1533 4340 ἰ’
1555 4285 1676 4349 Quo
1697 4285 1723 4340 Τ
1742 4302 1856 4340 non
1889 4301 1994 4339 au-

270 4379 446 4435 distis
478 4378 507 4431 ?
528 4375 615 4433 Ad
636 4374 1031 4431 haereditatem
1067 4392 1278 4432 meam.
1312 4375 1702 4449 Interrogatis,
1724 4376 1846 4440 Quo
1877 4374 1996 4430 ibi-

270 4485 405 4524 mus
426 4466 456 4521 ?
483 4466 569 4521 Ad
604 4464 663 4520 id
707 4464 861 4537 quod
893 4465 997 4521 cmi
1038 4465 1323 4538 sanguine
1354 4483 1502 4522 meo.
1530 4467 1651 4532 Quo
1683 4481 1818 4537 ergo
1848 4465 1876 4519 ?
1906 4464 1996 4519 Ad

273 4561 502 4632 gentes,
537 4554 752 4627 inquit.
788 4554 989 4611 Putavi
1011 4556 1147 4626 quia
1187 4556 1352 4624 dixit,
1386 4557 1491 4622 Ite,
1520 4555 1806 4627 baptizata
1828 4555 1995 4610 Afros

274 4646 332 4703 in
366 4646 607 4704 nomine
627 4644 813 4701 Patris
842 4649 900 4700 et
931 4643 1060 4700 Filii
1093 4648 1149 4700 et
1191 4644 1442 4716 Spiritus
1489 4644 1696 4702 sancti.
1727 4646 1837 4701 Deo
1864 4661 1999 4715 gra-

277 4738 395 4793 tias
430 4755 445 4793 :
491 4734 662 4793 solvit
712 4733 986 4790 Dominus
1017 4734 1415 4806 quaestionem,
1457 4733 1657 4790 docuit
1702 4734 1993 4790 columba.

277 4832 394 4883 Deo
447 4824 663 4897 gratias
698 4840 713 4880 :
743 4823 814 4879 ad
869 4827 1069 4893 gentes
1112 4823 1377 4896 Apostoli
1428 4823 1593 4879 missi
1626 4827 1767 4879 sunt
1799 4839 1813 4889 ;
1847 4822 1893 4878 si
1926 4822 1997 4877 ad

278 4925 503 4989 gentes,
556 4916 623 4969 ad
674 4929 877 4969 omnes
926 4913 1172 4984 linguas.
1209 4914 1321 4968 Hoc
1361 4912 1704 4985 signiﬁcavit
1744 4910 1999 4982 Spiritus

280 5011 525 5061 sanctus
584 5003 805 5058 divisus
856 5003 915 5057 in
974 5003 1209 5073 linguis,
1244 5002 1525 5057 unitusin
1559 5001 1847 5058 columba.
1880 4999 1998 5057 Hac

286 5097 497 5165 lingua:
524 5091 874 5149 dividuntur
906 5095 948 5159 ί,
990 5091 1098 5147 hac
1137 5091 1408 5148 columba
1456 5091 1709 5163 copulat.
1760 5090 1999 5161 Linguae

288 5186 543 5259 gentium
568 5176 1016 5249 concordarunt,
1040 5187 1097 5238 et
1122 5200 1233 5238 una
1254 5182 1455 5254 lingua
1475 5182 1675 5238 Africae
1699 5182 1999 5237 discorda—

291 5275 415 5330 vit?
443 5274 593 5339 Quid
623 5273 974 5339 evidentius,
992 5272 1199 5328 fratres
1223 5271 1333 5326 mei
1356 5271 1382 5326 ‘I
1404 5273 1467 5327 ln
1491 5272 1757 5327 columba
1780 5272 1999 5340 unitas,

292 5365 348 5421 in
379 5364 595 5439 linguis
609 5363 873 5433 gentium
896 5364 1161 5420 societas.
1186 5364 1509 5435 Aliquando
1532 5364 1687 5418 enim
1716 5363 2000 5434 etlinguaa

294 5472 392 5529 per
448 5453 792 5528 superbiam
852 5454 1351 5525 discordaverunt,
1402 5458 1461 5509 et
1505 5459 1645 5509 tunc
1670 5456 1810 5509 sunt
1841 5452 2000 5507 facta:

294 5545 497 5619 lingua:
528 5562 597 5602 ex
624 5560 747 5601 una
776 5543 996 5602 multae.
1056 5543 1191 5599 Post
1242 5544 1523 5599 diluvium
1574 5543 1728 5598 enim
1765 5539 2001 5612 superbi

360 5680 375 5712 ι
406 5675 462 5724 In
492 5676 729 5739 quatuor
767 5671 913 5728 llam,
980 5669 1208 5721 ividunt.

2084 967 2172 1018 tra
2202 963 2485 1018 diluvium
2510 963 2915 1034 requirebant;
2936 964 3360 1020 aediﬁcaverunt
3380 965 3589 1019 turrim
3618 963 3795 1020 excel-

2086 1069 2233 1108 sam.
2270 1054 2426 1107 Vidit
2452 1054 2599 1108 Deus
2624 1054 2954 1125 superbiam
2978 1053 3265 1125 ipsorum,
3290 1061 3341 1109 et
3361 1054 3520 1110 hunc
3542 1069 3796 1110 errorem

2086 1142 2202 1198 illis
2234 1142 2469 1197 immitti
2503 1143 2655 1209 fecit,
2690 1148 2749 1198 ut
2776 1160 2886 1198 non
2923 1160 2984 1198 se
3007 1149 3426 1215 cognoscerent
3456 1143 3795 1213 loquentes;

2086 1236 2143 1287 et
2175 1232 2331 1287 factas
2364 1234 2504 1286 sunt
2542 1232 2784 1287 diversae
2816 1231 3027 1303 linguae
3067 1249 3169 1301 per
3216 1233 3551 1305 superbiam
3587 1230 3610 1266 ²
3639 1232 3797 1304 (Gen.

2088 1338 2165 1389 x1,
2203 1322 2340 1391 1-9).
2376 1321 2434 1376 Si
2464 1322 2733 1393 superbia
2765 1322 2895 1377 fecit
2925 1320 3286 1377 diversitates
3310 1321 3666 1393 linguarum,
3694 1322 3801 1375 bu-

2090 1409 2532 1466 militasChristi
2549 1409 3801 1482 congregavitdiversitateslinguarum.Jam

2093 1501 2244 1572 quod
2278 1499 2376 1554 illa
2408 1500 2581 1555 turris
2598 1494 3029 1560 dissociaverat,
3046 1498 3299 1555 Ecclesia
3322 1498 3558 1566 colligit.
3584 1499 3664 1555 De
3685 1515 3804 1554 una

2092 1590 2292 1662 lingua
2326 1591 2488 1645 factas
2514 1594 2650 1644 sunt
2683 1589 2919 1657 multa};
2955 1588 3072 1644 noli
3118 1589 3334 1657 mirari,
3376 1588 3647 1660 superbia
3695 1588 3802 1644 hoc

2097 1679 2230 1736 fecit
2261 1696 2274 1736 :
2313 1681 2383 1735 de
2415 1680 2614 1735 multis
2643 1679 2859 1750 linguis
2892 1680 2955 1733 ﬁt
2986 1695 3141 1749 una;
3174 1676 3801 1744 nolimirari,cbaritas

2097 1772 2204 1829 hoc
2238 1772 2389 1827 fecit.
2424 1770 2566 1835 Quia
2605 1770 2709 1825 etsi
2752 1770 2875 1825 soni
2910 1768 3121 1824 diversi
3172 1768 3505 1840 linguarum
3550 1770 3709 1831 sunt,
3741 1766 3803 1821 in

2097 1862 2265 1919 corde
2299 1877 2454 1915 unus
2488 1860 2637 1916 Deus
2666 1860 2986 1924 invocatur,
3012 1876 3128 1914 una
3152 1875 3262 1929 pax
3284 1857 3627 1915 custoditur.
3646 1855 3808 1915 Unde

2100 1951 2301 2007 debuit
2317 1966 2474 2022 ergo,
2499 1948 2852 2016 charissimi,
2868 1949 3251 2004 demonstrari
3272 1947 3519 2018 Spiritus
3540 1952 3806 2015 sanctus,

2096 2041 2379 2111 unitatem
2405 2040 2715 2111 quamdam
2746 2038 3079 2110 designans,
3106 2038 3210 2091 nisi
3250 2054 3344 2109 per
3367 2036 3716 2102 columbam,
3742 2040 3807 2091 ut

2094 2135 2311 2203 pacatae
2354 2129 2621 2185 Ecclesiae
2671 2128 2975 2192 diceretur,
3038 2128 3151 2183 Una
3206 2135 3284 2182 est
3324 2125 3576 2181 columba
3630 2127 3805 2180 mea?

2094 2219 2254 2275 Unde
2286 2218 2485 2274 debuit
2537 2216 2862 2285 humilitas,
2897 2216 3006 2270 nisi
3060 2232 3158 2287 per
3198 2232 3361 2270 avem
3394 2215 3717 2286 simplicem
3748 2216 3807 2270 et

2095 2315 2443 2383 gementem,
2467 2324 2579 2364 non
2616 2324 2715 2379 per
2737 2322 2895 2362 avem
2928 2307 3241 2376 superbam
3274 2310 3329 2360 et
3358 2304 3710 2361 exultantem
3744 2319 3807 2359 se

2095 2402 2249 2459 sicut
2280 2416 2480 2457 corvus
2503 2400 2531 2455 ?

2168 2495 2251 2547 tt.
2285 2493 2355 2547 Et
2387 2492 2531 2547 forte
2561 2489 2753 2545 dicent
2790 2504 2803 2544 :
2837 2486 2979 2552 Quia
3000 2503 3135 2560 ergo
3158 2485 3446 2554 columba,
3480 2488 3537 2540 et
3566 2500 3681 2539 una
3710 2499 3805 2538 co-

2094 2582 2311 2652 lumba,
2339 2590 2544 2653 praeter
2572 2596 2744 2635 unam
2778 2579 3133 2642 columbam,
3168 2576 3503 2648 Baptismus
3532 2589 3658 2632 esse
3690 2590 3807 2629 non

2099 2678 2285 2747 potest
2317 2689 2330 2729 :
2367 2688 2502 2743 ergo
2536 2672 2582 2728 si
2609 2671 2763 2743 apud
2799 2675 2852 2725 te
2875 2673 2963 2725 est
2991 2668 3281 2734 columba,
3307 2666 3395 2723 vel
3419 2670 3479 2722 tu
3499 2682 3561 2722 es
3585 2663 3805 2721 colum-

2098 2766 2188 2830 ba,
2224 2765 2453 2836 quando
2484 2763 2555 2818 ad
2593 2766 2645 2817 te
2677 2759 2866 2828 venio,
2887 2763 2949 2815 tu
2984 2759 3059 2814 da
3091 2757 3233 2813 mihi
3266 2758 3417 2829 quod
3450 2772 3564 2811 non
3598 2754 3805 2811 habeo.

2096 2854 2267 2912 Scitis
2310 2854 2416 2908 hoc
2464 2853 2723 2922 ipsorum
2758 2866 2885 2904 esse
2915 2864 2927 2902 :
2962 2848 3133 2903 modo
3164 2846 3326 2902 vobis
3357 2844 3661 2917 apparebit
3688 2858 3808 2899 non

2098 2960 2225 3000 esse
2264 2944 2335 2998 de
2376 2957 2509 2997 voce
2567 2940 2860 3004 columbae,
2894 2938 2993 2994 sed
3053 2938 3123 2991 de
3155 2937 3405 2991 clamore
3437 2933 3616 2991 corvi.
3659 2932 3808 2988 Nam

2100 3031 2402 3106 paululum
2419 3027 2956 3085 attendatCharitas
2976 3031 3186 3093 vestra,
3215 3030 3271 3079 et
3292 3025 3490 3079 timete
3506 3022 3759 3077 insidias
3794 3037 3807 3075 :

2099 3125 2216 3180 imo
2274 3126 2487 3188 cavete,
2534 3125 2591 3176 et
2646 3119 2891 3190 excipite
2943 3118 3114 3173 verba
3163 3114 3684 3173 contradicentium
3718 3129 3805 3168 re-

2099 3215 2379 3286 spuenda,
2401 3229 2515 3267 non
2542 3208 3004 3281 transglutienda
3035 3214 3087 3263 et
3112 3206 3424 3261 visceribus
3454 3203 3664 3258 danda.
3699 3201 3810 3256 Fa-

2098 3305 2208 3360 cite
2239 3303 2373 3357 inde
2405 3302 2558 3373 quod
2602 3300 2734 3355 fecit
2764 3298 3066 3364 Dominus,
3109 3292 3447 3368 quandoilli
3471 3292 3810 3348 obtulerunt

2098 3410 2357 3450 amarum
2383 3397 2618 3464 potum;
2644 3388 2921 3459 gustavit,
2950 3392 3005 3443 et
3026 3386 3249 3457 respuit
3269 3380 3806 3456 (Matth.xxvxt,3/t):

2100 3483 2183 3538 sic
2205 3488 2262 3537 et
2286 3498 2407 3550 vos,
2433 3480 2722 3544 audite,et
2744 3476 2995 3547 abjicite.
3045 3473 3193 3536 Quid
3236 3471 3393 3526 enim
3445 3466 3695 3524 dicunt?
3726 3465 3810 3520 vi—

2099 3573 2357 3628 deamus.
2384 3572 2549 3633 Ecce,
2568 3567 2780 3639 inquit,
2808 3571 2863 3619 tu
2899 3580 2958 3619 es
2993 3561 3281 3626 columba,
3306 3576 3337 3613 ο
3365 3555 3679 3628 Catholica,
3698 3552 3807 3607 tibi

2100 3662 2317 3717 dictum
2369 3663 2476 3727 est,
2514 3659 2630 3715 Una
2661 3660 2736 3712 est
2764 3653 3017 3709 columba
3037 3668 3177 3719 mea,
3210 3666 3322 3704 una
3351 3652 3427 3704 est
3456 3647 3625 3701 matri
3652 3659 3803 3700 suae:

2100 3751 2204 3807 tibi
2235 3754 2388 3807 certe
2421 3747 2641 3802 dictum
2674 3750 2780 3801 est.
2807 3744 3114 3814 Exspecta,
3135 3739 3251 3795 noli
3287 3753 3378 3793 me
3399 3737 3758 3808 interrogare
3792 3748 3805 3787 :

2101 3840 2149 3897 si
2182 3838 2319 3896 mihi
2355 3838 2577 3892 dictum
2601 3843 2704 3903 est,
2732 3834 2910 3905 proba
2926 3833 3168 3904 primum
3188 3845 3201 3896 ;
3221 3829 3266 3883 si
3293 3826 3438 3883 mihi
3458 3827 3677 3881 dictum
3701 3828 3811 3888 est,

2101 3933 2212 3988 cito
2240 3929 2382 3985 vodo
2416 3927 2636 3985 audire.
2673 3924 2886 3996 Inquit,
2919 3922 3046 3977 Tibi
3080 3921 3300 3976 dictum
3330 3923 3435 3975 est.
3472 3914 3813 3989 Respondeo

2101 4038 2237 4079 voce
2267 4018 2597 4087 Catholica,
2648 4017 2812 4072 Mihi.
2845 4019 2961 4070 Hoc
3011 4018 3227 4079 autem,
3264 4011 3495 4077 fratres,
3530 4007 3685 4079 quod
3717 4020 3815 4062 ore

2103 4128 2230 4169 meo
2261 4110 2440 4167 solius
2471 4108 2685 4176 sonuit,
2719 4105 2936 4173 sonuit,
2970 4109 3034 4159 ut
3062 4101 3335 4168 arbitror,
3368 4103 3424 4155 et
3444 4098 3513 4154 de
3542 4096 3814 4153 cordibus

2103 4201 2332 4270 vestris,
2365 4204 2420 4257 et
2449 4214 2649 4256 omnes
2681 4196 2895 4269 pariter
2917 4193 3193 4260 diximus,
3223 4188 3487 4245 Ecclesiae
3519 4186 3813 4242 catholicae

2105 4294 2322 4349 dictum
2356 4296 2462 4359 est,
2499 4290 2615 4347 Una
2644 4297 2723 4344 est
2771 4286 3021 4342 columba
3069 4298 3207 4342 mea,
3234 4297 3344 4335 una
3367 4285 3444 4333 est
3474 4278 3645 4331 matri
3673 4291 3810 4331 suae.

2105 4383 2316 4438 Prteter
2349 4382 2531 4452 ipsam
2563 4377 2913 4443 columbam,
2948 4368 3496 4444 inquit,Baptismus
3530 4381 3644 4420 non
3677 4366 3765 4418 est
3797 4376 3810 4428 ;

2104 4489 2209 4546 ego
2224 4475 2426 4545 praeter
2444 4471 2633 4541 ipsam
2648 4467 2775 4524 colu
2787 4467 2974 4522 mbam
2986 4504 3000 4531 ,
3016 4479 3146 4519 sum
3162 4458 3526 4546 baptizatus;
3548 4470 3683 4526 ergo
3697 4467 3811 4508 non

2108 4545 2284 4620 habeo
2318 4559 2683 4631 Baptismum
2716 4572 2729 4613 :
2766 4556 2814 4611 si
2854 4553 3214 4625 Baptismum
3247 4564 3363 4604 non
3395 4545 3600 4607 habeo,
3637 4555 3816 4616 quare

2106 4652 2253 4710 mihi
2281 4666 2397 4707 non
2427 4649 2526 4704 das
2557 4646 2791 4719 quando
2822 4644 2893 4699 ad
2925 4650 2976 4699 te
3004 4639 3220 4698 venio?

2180 4743 2265 4798 t2.
2298 4741 2363 4796 Et
2392 4755 2497 4811 ego
2535 4737 2823 4807 interrogo
2859 4749 2874 4790 :
2924 4730 3157 4789 interim
3207 4730 3665 4800 sequestremus,
3696 4722 3813 4789 cui,

2106 4834 2328 4890 dictum
2361 4830 2456 4899 sit,
2484 4830 2600 4887 Una
2626 4835 2704 4885 est
2731 4825 2980 4883 columba
3022 4838 3166 4891 mea,
3189 4836 3303 4877 una
3334 4820 3412 4875 est
3454 4814 3623 4873 matri
3659 4825 3815 4873 sum;

2108 4923 2299 4980 adhuc
2321 4921 2632 4993 quaerimus
2669 4933 2682 4974 :
2703 4922 2803 4975 aut
2821 4915 2960 4972 mihi
2977 4914 3199 4969 dictum
3220 4916 3329 4982 est,
3354 4916 3452 4964 aut
3474 4906 3571 4961 tibi
3596 4903 3814 4993 dictum

2110 5017 2199 5069 est
2233 5031 2245 5081 ;
2282 4988 2715 5082 sequestremus
2746 5006 2838 5062 cui
2862 5004 3081 5060 dictum
3107 5002 3201 5058 sit.
3231 5000 3349 5055 Hoc
3370 5011 3505 5066 ergo
3532 4988 3815 5082 quaero,_si

2110 5078 2380 5159 columba
2401 5104 2487 5155 est
2518 5097 2787 5167 simplex,
2832 5097 3130 5157 innocens,
3165 5090 3289 5146 sine
3340 5085 3491 5148 felle,
3518 5085 3731 5167 pacata
3753 5078 3813 5131 in

2110 5190 2349 5254 osculis,
2376 5206 2488 5244 non
2514 5164 2663 5243 sazva
2684 5186 2740 5240 in
2767 5183 3092 5253 unguibus;
3114 5192 3301 5248 quaaro
3325 5177 3521 5226 utrum
3538 5168 3606 5223 ad
3632 5164 3813 5254 hujus

2110 5252 2393 5335 columbas
2415 5278 2676 5331 membra
2700 5252 3026 5345 pertineant
3057 5264 3231 5331 avari,
3264 5252 3814 5345 raptores,subdol_i,

2110 5367 2347 5426 ebriosi,
2372 5364 2641 5436 ﬂagitiosi
2668 5342 2977 5417 z—membra
3007 5361 3136 5410 sunt
3156 5348 3438 5405 columbas
3464 5345 3643 5418 hujus
3666 5342 3694 5399 τ
3716 5343 3821 5399 Ab~

2181 5540 2197 5574 ¹
2230 5537 2311 5587 Sic
2340 5535 2462 5582 Mss.
2495 5534 2560 5581 At
2594 5528 2743 5586 editi,
2788 5530 2880 5577 aut
2925 5524 3128 5590 aliquid
3158 5530 3343 5577 tutum,
3376 5517 3624 5586 superbia
3652 5529 3821 5566 erexe-

2116 5603 2238 5648 runt
2267 5597 2470 5646 turrim.

2180 5645 2353 5709 1tibias.
2385 5670 2551 5721 prope
2583 5666 2789 5713 omnes,
2820 5651 3002 5704 divisae
3034 5652 3225 5715 lingua
3244 5650 3307 5698 de
3334 5645 3600 5713 superbia.
