4170 6188
339 324 486 395 1431

336 476 437 540 sit,
460 470 674 543 inquit.
734 468 802 523 Et
860 479 1082 532 revera,
1116 462 1346 524 fratres,
1377 455 1510 529 quis
1540 456 1651 511 hoc
1682 449 1889 508 dixerit
1916 450 1944 503 ?
1970 446 2043 502 Ut

335 562 483 620 nihil
540 558 698 616 aliud
730 557 940 622 dicam,
978 557 1236 623 raptores
1269 548 1424 604 solos
1454 545 1499 599 si
1533 544 1747 611 dicam,
1782 539 2044 595 membra

334 653 629 725 accipitris
662 650 908 721 possunt
928 661 1077 711 esse,
1111 660 1224 699 non
1251 638 1512 696 membra
1535 634 1817 692 columbas
1843 650 1855 688 :
1882 628 2043 685 milvi

332 744 590 816 rapiunt,
625 739 907 811 accipires
958 736 1211 806 rapiunt,
1247 729 1400 786 corvi
1452 727 1726 798 rapiunt;
1760 720 2043 777 columbas

334 850 450 890 non
481 832 735 904 rapiunt,
767 845 883 884 non
924 823 1211 880 dilaniant
1241 838 1253 875 :
1291 836 1424 891 ergo
1474 820 1727 886 raptores
1761 828 1873 866 non
1908 811 2047 863 sunt

339 896 604 979 membra
635 896 1073 974 columbae.Non
1099 910 1252 982 apud
1281 924 1381 964 vos
1402 905 1508 960 fuit
1530 903 1615 957 vel
1639 917 1792 957 unus
1816 896 2049 969 raptor?

338 1018 523 1081 Quare
556 1014 754 1067 manet
776 1006 1103 1078 Baptismus
1127 1017 1300 1072 quem
1321 997 1476 1053 dedit
1499 993 1790 1065 accipiter,
1818 1008 1931 1045 non
1958 1005 2048 1043 co-

337 1103 587 1161 lumba?
618 1104 802 1167 Quare
831 1113 946 1154 non
977 1091 1281 1165 baptizatis
1301 1088 1454 1161 apud
1490 1102 1584 1141 vos
1616 1084 1770 1156 ipsos
1802 1086 1927 1153 post
1950 1096 2049 1134 ra-

334 1204 526 1268 ptores
556 1197 612 1248 et
646 1189 906 1245 dulteros
930 1190 987 1242 et
1013 1184 1290 1245 ebriosos,
1328 1182 1463 1251 post
1512 1192 1716 1232 avaros
1748 1171 1903 1244 apud
1947 1186 2045 1223 vos

333 1280 539 1356 ipsos?
568 1286 655 1336 An
705 1277 799 1334 isti
845 1291 1049 1332 omnes
1104 1271 1361 1328 membra
1408 1265 1688 1323 columbas
1720 1265 1858 1317 sunt
1886 1260 1912 1312 ?
1952 1258 2047 1314 Sic

333 1348 731 1431 dehonestatis
764 1366 1097 1423 columbam
1125 1366 1397 1425 vestram,
1434 1362 1495 1412 ut
1524 1355 1573 1410 ei
1617 1354 1879 1407 membra
1918 1348 2043 1404 vul-

334 1465 533 1521 turina
566 1459 812 1525 faciatis,
838 1456 982 1523 Quid
1002 1470 1159 1524 ergo,
1198 1454 1419 1517 fratres,
1437 1446 1569 1517 quid
1596 1441 1842 1498 dicimus
1861 1440 1889 1493 ?
1910 1436 2045 1492 Mali

336 1560 394 1611 et
426 1552 562 1609 boni
594 1554 734 1606 sunt
762 1547 821 1602 in
839 1544 1095 1602 Ecclesia
1117 1539 1402 1597 catholica
1428 1555 1440 1591 :
1466 1535 1545 1589 ibi
1566 1538 1759 1588 autem
1781 1529 1886 1585 soli
1910 1525 2049 1582 mali

336 1647 494 1701 sunt.
529 1640 637 1695 Sed
670 1640 815 1695 forte
844 1634 1083 1690 inimico
1102 1628 1419 1686 animohoc
1441 1626 1569 1680 dico
1596 1641 1607 1679 :
1643 1626 1699 1677 et
1720 1621 1825 1674 hoc
1851 1622 2050 1689 postea

340 1732 691 1802 requiratur.
726 1730 792 1780 Et
823 1725 1070 1778 ibicerte
1095 1720 1297 1774 dicunt
1321 1715 1459 1787 quia
1492 1709 1775 1768 suntboni
1806 1711 1861 1761 et
1883 1704 2047 1761 mali:

339 1836 476 1878 nam
507 1818 554 1873 si
590 1815 841 1871 dixerint
880 1812 1033 1867 solos
1064 1811 1245 1864 bonos
1276 1822 1335 1861 se
1365 1804 1578 1858 habere
1605 1826 1620 1868 ;
1670 1797 1909 1853 credant
1941 1792 2052 1846 illis

353 1910 469 1975 sui,
502 1915 555 1964 et
611 1902 935 1962 subscribo.
981 1905 1102 1956 Non
1155 1900 1290 1951 sunt
1334 1893 1487 1965 apud
1529 1907 1657 1957 nos,
1690 1886 1910 1953 dicant,
1945 1882 2054 1938 nisi

340 1997 545 2064 sancti,
572 1994 741 2067 justi,
776 1992 941 2056 casti,
976 1987 1194 2055 sobrii;
1230 2002 1344 2040 non
1380 1980 1649 2044 adulteri,
1679 1993 1791 2032 non
1826 1976 2051 2029 fenera-

342 2097 519 2155 tores,
544 2105 657 2144 non
703 2085 1084 2145 fraudatores,
1118 2096 1231 2135 non
1272 2073 1512 2148 perjuri,
1560 2087 1673 2126 non
1726 2064 2048 2122 vinolenti:

345 2181 585 2246 dicant;
609 2193 726 2232 non
748 2173 902 2230 enim
943 2169 1175 2226 attendo
1198 2163 1723 2234 linguasipsorum,
1750 2156 1847 2211 sed
1884 2158 2055 2222 tango

344 2269 518 2326 corda
547 2243 829 2338 ipsorum.
862 2262 1005 2316 Cum
1030 2261 1227 2314 autem
1251 2254 1370 2309 noti
1397 2252 1516 2306 sint
1537 2248 1706 2304 nobis
1729 2250 1785 2301 et
1814 2243 1977 2297 vobis
2001 2244 2058 2295 et

344 2357 492 2421 suis,
533 2328 685 2409 sicut
713 2354 771 2405 et
798 2365 899 2403 vos
942 2350 1000 2402 et
1057 2343 1222 2399 vobis
1262 2343 1319 2396 in
1371 2336 1662 2394 Catholica
1700 2339 1755 2388 et
1788 2331 1905 2387 illis
1938 2328 2055 2383 noti

344 2445 480 2504 estis
505 2461 519 2512 ;
553 2457 659 2498 nec
690 2456 798 2495 nos
820 2455 916 2493 eos
936 2431 1592 2507 reprehendamusgnec
1611 2424 1691 2478 illi
1712 2440 1773 2477 se
1796 2421 2053 2493 palpent.

344 2535 462 2592 Nos
494 2508 745 2589 fatemur
777 2530 836 2585 in
865 2525 1135 2583 Ecclesia
1166 2528 1222 2578 et
1244 2522 1427 2576 bonos
1459 2522 1515 2571 et
1548 2514 1729 2571 malos
1771 2526 1921 2576 esse,
1956 2508 2053 2564 sed

346 2630 627 2693 tanquam
660 2634 841 2690 grana
855 2623 907 2671 et
927 2614 1173 2685 paleam.
1210 2607 1536 2679 Aliquando
1558 2604 1653 2674 qui
1676 2600 2004 2671 baptizatur
2025 2611 2059 2649 a

350 2691 549 2784 grano,
584 2708 747 2781 palea
779 2712 866 2761 est
897 2721 911 2771 ;
945 2707 996 2758 et
1040 2701 1140 2772 qui
1172 2699 1502 2769 baptizatur
1529 2710 1561 2747 a
1593 2691 1777 2762 palea,
1810 2703 2055 2761 granum

349 2773 457 2858 est.
491 2773 767 2870 Alioquin
799 2791 969 2863 siqui
1002 2790 1332 2861 baptizatur
1361 2802 1392 2840 a
1423 2799 1625 2855 grano,
1658 2779 1837 2844 valet;
1872 2781 1927 2831 et
1958 2773 2059 2847 qui

349 2865 673 2963 baptizatur
704 2904 737 2941 a
768 2882 949 2955 palea,
983 2896 1098 2936 non
1132 2878 1318 2934 valet:
1355 2875 1565 2929 falsum
1585 2877 1692 2937 est,
1727 2869 1823 2924 Hic
1852 2874 1932 2923 est
1963 2865 2062 2936 qui

353 2958 615 3053 baptizat.
650 2976 708 3032 Si
738 2979 927 3030 autem
960 2984 1156 3025 verum
1189 2971 1301 3035 est,
1325 2964 1423 3019 Hic
1451 2967 1531 3017 est
1560 2962 1656 3032 qui
1681 2960 1924 3030 baptizat
1953 2972 1972 3011 :
2004 2958 2062 3010 et

354 3047 509 3143 quod
542 3067 615 3123 ab
645 3064 743 3121 illo
774 3064 965 3129 datur,
997 3060 1177 3123 valet;
1212 3066 1264 3111 et.
1303 3052 1597 3125 quomodo
1639 3050 1931 3114 columba,
1959 3047 2063 3099 ba—

355 3138 555 3231 ptizat.
583 3160 707 3211 Non
738 3152 894 3209 enim
917 3149 1103 3204 malus
1123 3145 1215 3200 ille
1230 3142 1501 3199 columba
1528 3144 1634 3199 est.
1661 3143 1762 3194 aut
1782 3138 1851 3192 ad
1882 3150 2063 3190 mem-

355 3223 460 3302 bra
489 3242 773 3299 columba:
790 3237 1064 3310 pertinet:
1087 3249 1186 3288 nec
1202 3232 1295 3286 hic
1319 3234 1505 3302 potest
1530 3226 1719 3282 diciin
1749 3223 2062 3289 Catholica,

356 3354 461 3395 nec
475 3335 629 3409 apud
649 3331 800 3398 illos,
821 3330 870 3383 si
893 3327 977 3382 illi
1001 3326 1226 3390 dicunt,
1248 3322 1577 3376 columbam
1600 3332 1729 3372 esse
1746 3313 2065 3369 Eeclesiam

360 3402 549 3483 suam.
578 3419 725 3485 Quid
759 3433 890 3489 ergo
924 3411 1331 3483 intelligimus,
1352 3408 1558 3462 fratres
1580 3404 1609 3458 ‘I
1634 3402 1917 3468 Quoniam
1950 3417 2069 3455 ma-

358 3512 629 3569 nifestum
668 3510 779 3574 est,
809 3510 867 3559 et
888 3499 1159 3557 omnibus
1193 3501 1419 3566 notum,
1443 3498 1500 3549 et
1531 3491 1580 3547 si
1609 3490 1796 3546 nolint
1831 3491 2066 3545 convin-

363 3607 584 3663 cuntur
616 3614 630 3656 :
665 3595 804 3669 quia
834 3597 889 3649 et
921 3588 1251 3661 ibiquando
1282 3585 1423 3641 dant
1448 3581 1604 3649 mali,
1639 3597 1754 3635 non
1790 3587 1917 3651 post
1939 3578 2070 3633 illos

360 3667 735 3764 baptizatur;
766 3692 819 3741 et
848 3682 943 3738 hic
974 3679 1209 3752 quando
1259 3677 1401 3731 dant
1433 3672 1593 3738 mali,
1626 3687 1745 3727 non
1780 3672 1912 3740 post
1941 3667 2073 3722 illos

360 3782 711 3854 baptizatur.
733 3773 1016 3832 Columba
1039 3787 1154 3826 non
1185 3768 1440 3839 baptizat
1472 3771 1597 3835 post
1619 3777 1858 3818 corvum
1893 3776 1906 3813 :
1940 3773 2076 3813 cor-

363 3850 474 3929 vus
500 3883 679 3941 quare
708 3863 832 3920 vult
852 3862 1143 3931 baptizare
1176 3860 1303 3929 post
1331 3852 1656 3911 colombam
1679 3850 1707 3905 (ἒ

442 3938 535 4014 13ί
562 3952 834 4012 Intendat
856 3949 1117 4004 Charitas
1149 3949 1375 4001 vestra:
1409 3946 1465 3997 et
1496 3957 1677 4012 quare
1708 3938 2077 4009 designatum

369 4052 461 4107 est
493 4045 687 4103 nescio
723 4040 862 4113 quid
894 4053 996 4111 per
1025 4035 1384 4098 columbam,
1420 4036 1481 4085 ut
1516 4029 1802 4100 baptizato
1837 4026 2080 4081 Domino

368 4138 593 4197 veniret
618 4126 910 4198 columba,
943 4128 1002 4183 id
1063 4130 1175 4192 est,
1225 4122 1477 4195 Spiritus
1524 4124 1765 4174 sanctus
1798 4118 1855 4171 in
1889 4114 2080 4187 specie

370 4227 677 4293 columbae,
711 4227 767 4279 et
798 4219 1057 4276 maneret
1088 4228 1262 4285 super
1282 4226 1439 4278 eum,
1472 4223 1602 4264 cum
1622 4207 1679 4262 in
1704 4206 1954 4261 adventu
1981 4219 2085 4258 co—

373 4319 586 4380 lumbas
619 4316 726 4372 hoc
756 4309 1128 4384 cognosceret
1155 4304 1427 4368 Joannes,
1455 4298 1743 4371 propriam
1769 4295 2082 4367 quamdam

375 4404 789 4487 potestatemin
821 4400 1068 4457 Domino
1087 4394 1158 4450 ad
1184 4390 1599 4466 baptizandum
1618 4386 1802 4454 ‘lQuia
1826 4402 1921 4456 per
1935 4385 2085 4439 hanc

373 4476 665 4572 propriam
692 4496 1060 4568 potestatem,
1094 4486 1239 4541 sicut
1272 4481 1407 4551 dixi,
1448 4496 1556 4554 pax
1578 4478 1841 4535 Ecclesia:
1865 4476 2088 4530 firmata

378 4569 487 4644 est.
523 4591 586 4641 Et
618 4586 806 4656 potest
837 4578 961 4636 fieri
995 4582 1055 4633 ut
1084 4577 1293 4631 haheat
1318 4573 1528 4643 aliquis
1559 4569 1924 4639 Baptismum
1950 4580 2088 4636 pra:-

381 4682 468 4733 ter
499 4654 828 4730 columbam
864 4686 876 4724 :
914 4673 976 4723 ut
1007 4666 1190 4738 prosit
1212 4664 1259 4717 ei
1292 4662 1623 4733 Baptismus
1646 4663 1852 4729 praeter
1872 4654 2091 4711 colum-

379 4764 535 4831 bam,
572 4777 686 4817 non
717 4762 927 4831 potest.
961 4754 1274 4810 lntendant
1303 4750 1567 4805 Charitas
1602 4752 1814 4811 vestra,
1845 4752 1901 4799 et
1930 4743 2090 4797 intel-

380 4857 524 4929 ligat
574 4849 727 4923 quod
779 4846 905 4901 dico
948 4861 960 4899 :
997 4858 1127 4897 nam
1180 4850 1229 4894 et
1272 4839 1388 4892 ista
1409 4835 1906 4892 circumventione
1942 4847 2093 4902 saepe

382 4921 671 5003 seducunt
724 4938 931 4992 fratres
992 4938 1213 4987 nostros
1264 4927 1364 4999 qui
1398 4924 1546 4997 pigri
1590 4929 1644 4979 et
1696 4921 1888 4992 frigidi
1936 4926 2089 4976 sunt.

383 5038 580 5094 Simus
602 5026 991 5102 simpliciores
1017 5025 1074 5075 et
1134 5016 1525 5073 ferventiores.
1582 5014 1744 5082 Ecce,
1797 5010 2094 5082 inquiunt,

382 5141 487 5196 ego
534 5099 752 5193 accepi,
802 5132 876 5172 an
920 5127 1035 5167 non
1077 5106 1322 5177 accepi?
1378 5103 1742 5175 Bespondeo,
1786 5099 2093 5169 Accepisti.

387 5213 447 5269 Si
483 5229 615 5281 ergo
647 5192 862 5280 accepi,
889 5219 1002 5260 non
1035 5203 1123 5257 est
1156 5195 1307 5269 quod
1342 5194 1486 5249 mihi
1520 5192 1621 5247 des
1647 5207 1920 5258 ;secnrus
1940 5205 2094 5256 sum,

388 5300 560 5355 etiam
593 5279 922 5354 testimonio
954 5298 1051 5348 tuo
1086 5305 1099 5345 ε
1132 5294 1189 5344 et
1218 5302 1322 5357 ego
1346 5285 1499 5341 enim
1528 5299 1618 5337 me
1641 5281 1768 5335 dico
1786 5279 2096 5348 accepisse,

304 5390 319 5405 ‘
389 5394 446 5446 et
462 5398 521 5443 tu
537 5404 629 5443 me
646 5389 839 5443 fateris
852 5384 1174 5457 accepisse;
1197 5380 1500 5449 utriusque
1516 5374 1717 5445 lingua
1733 5387 2001 5427 securum
2015 5387 2102 5426 me

389 5478 529 5536 facit
561 5494 573 5531 :
609 5475 744 5547 quid
765 5491 900 5545 ergo
920 5475 1056 5530 mihi
1081 5471 1371 5544 promittis
1394 5469 1421 5522 ‘I
1440 5481 1619 5540 quare
1635 5463 1834 5533 mavis
1854 5460 2100 5516 catholi-

390 5564 972 5636 cumfacere,quando
988 5580 1100 5618 non
1113 5561 1473 5631 mihialiquid
1492 5559 1735 5614 daturus
1751 5573 1811 5612 es
1828 5551 2102 5623 amplius,

392 5665 451 5721 et
480 5674 575 5717 me
597 5657 721 5729 jam
744 5651 1033 5723 accepisse
1067 5651 1266 5705 fateris
1288 5651 1440 5718 quod
1467 5653 1521 5703 te
1546 5648 1755 5703 habere
1778 5644 1925 5701 dicis
1944 5644 1972 5696 ?
1992 5647 2103 5712 Ego

1280 308 1359 373 IN
1405 307 1728 374 JOANNIS
1772 292 2309 372 EVANGELIUM,
2358 301 2422 362 S.
2472 296 2889 361 AUGUSTINI

3696 292 3851 361 1432

2153 448 2350 498 autem
2375 441 2604 514 quando
2624 441 2772 510 dico,
2803 440 2945 496 Veni
2980 441 3049 496 ad
3087 457 3199 508 me,
3219 440 3346 496 dico
3379 439 3515 512 quia
3537 457 3651 496 non
3677 439 3857 495 habes

2154 539 2239 601 tu,
2312 533 2409 602 qui
2486 530 2682 586 fateris
2744 530 2881 602 quia
2934 531 3160 587 habeo:
3222 547 3403 602 quare
3478 530 3643 597 dicis,
3709 529 3858 586 Veni

2154 624 2223 679 ad
2261 624 2405 677 me?

2229 713 2314 767 14.
2344 712 2521 766 Docet
2551 728 2654 765 nos
2686 710 2975 765 columba.
3020 711 3352 782 Respondet
3382 711 3535 766 enim
3572 712 3641 765 de
3672 710 3860 781 capite

2156 801 2403 869 Domini,
2439 806 2495 856 et
2526 799 2669 856 dicit
2702 800 3091 872 :Baptismum
3148 800 3349 865 habes,
3383 800 3717 855 charitatem
3753 816 3861 855 au-

2156 897 2266 948 tem
2310 908 2421 962 qua
2444 906 2612 962 gemo
2647 906 2758 944 non
2792 889 2994 944 habes.
3027 889 3173 955 Quid
3219 895 3307 946 est
3344 889 3476 959 hoc,
3509 889 3721 961 inquit,
3753 890 3860 944 Ba-

2157 983 2439 1052 ptismum
2469 977 3026 1046 habeo,charitatem
3044 996 3156 1033 non
3185 978 3368 1034 habeo
3389 978 3416 1031 ?
3442 980 3858 1034 Sacramenta‘

2158 1072 2358 1139 habeo,
2410 1074 2465 1125 et
2508 1068 2847 1123 charilatem
2896 1086 3006 1122 ηοη
3035 1068 3063 1122 ?
3110 1069 3236 1124 Noli
3283 1070 3573 1137 clamare;
3626 1071 3864 1126 ostende

2160 1159 2301 1213 mihi
2324 1157 2797 1230 quomodohabet
2819 1158 3185 1224 charitatem,
3211 1158 3307 1228 qui
3336 1159 3862 1215 dividitunitatem.

2157 1250 2297 1320 Ego,
2329 1248 2537 1317 inquit,
2574 1248 2752 1302 habeo
2768 1248 3147 1318 Baptismum.
3178 1248 3379 1315 Habes,
3411 1249 3507 1304 sed
3530 1247 3867 1319 Baptismus

2157 1339 2253 1394 ille
2276 1339 2400 1393 sine
2430 1337 2711 1392 charitate
2744 1337 2886 1391 nihil
2921 1337 3022 1392 tibi
3059 1337 3327 1407 prodest;
3362 1338 3497 1408 quia
3528 1338 3652 1392 sine
3678 1337 3869 1393 chari-

2160 1434 2274 1484 tate
2306 1434 2364 1483 tu
2392 1427 2535 1480 nihil
2561 1443 2640 1483 es.
2668 1431 2810 1481 Nam
2845 1426 3178 1496 Baptismus
3204 1426 3322 1493 ille,
3343 1430 3515 1483 etiam
3550 1429 3607 1481 in
3642 1427 3737 1482 illo
3768 1427 3866 1497 qui

2161 1517 2302 1573 nihil
2337 1521 2425 1571 est
2448 1522 2675 1585 non,est
2707 1517 2887 1571 nihil:
2928 1517 3224 1586 Baptisma
3245 1517 3617 1588 quippeillud
3644 1516 3867 1588 aliquid

2158 1613 2267 1670 est,
2301 1611 2651 1675 etmagnum
2687 1605 2902 1675 aliquid
2932 1609 3017 1659 est
3051 1622 3062 1671 ;
3092 1613 3319 1676 pr0pter
3349 1605 3511 1660 illum
3549 1606 3618 1660 de
3646 1622 3760 1676 quo
3785 1605 3868 1659 di-

2160 1708 2315 1754 ctum
2375 1701 2482 1761 est,
2518 1696 2611 1749 llic
2658 1700 2734 1749 est
2775 1698 2871 1765 qui
2902 1695 3164 1764 baptizat.
3199 1696 3307 1751 Sed
3354 1713 3424 1751 ne
3458 1702 3691 1767 putares
3726 1694 3869 1750 illud

2163 1788 2315 1860 quod
2352 1802 2628 1855 magnum
2663 1792 2768 1850 est,
2798 1786 2901 1839 tibi
2935 1785 3151 1855 aliquid
3180 1786 3453 1856 prodesse
3481 1802 3651 1857 posse
3674 1785 3715 1839 si
3753 1802 3868 1839 non

2164 1875 2341 1931 fueris
2382 1875 2436 1929 in
2465 1876 2772 1941 unitalc,su
2785 1890 2879 1943 per
2899 1874 3251 1945 baptizatum
3270 1875 3527 1930 columba
3551 1874 3869 1942 descendit,

2164 1973 2445 2036 tanquam
2487 1965 2685 2018 dicens
2719 1982 2731 2018 :
2767 1963 2821 2016 Si
2859 1964 3216 2033 Baptismum
3268 1964 3469 2029 habes,
3520 1969 3643 2019 esto
3687 1965 3743 2018 in
3777 1980 3873 2019 co-

2164 2057 2384 2115 lumba,
2420 2071 2491 2110 ne
2524 2070 2635 2108 non
2666 2053 2775 2108 tibi
2808 2053 2992 2125 prosit
3021 2055 3173 2125 quod
3206 2055 3402 2110 habes.
3440 2054 3573 2110 Veni
3622 2068 3757 2125 ergo
3800 2053 3871 2109 ad

2164 2146 2520 2213 columbam,
2548 2143 2839 2199 dicimus:
2870 2161 2983 2199 non
3010 2149 3071 2199 ut
3094 2146 3339 2216 incipias
3358 2145 3563 2200 habere
3585 2145 3733 2215 quod
3758 2161 3873 2198 non

2166 2240 2443 2305 hal‘ebas,
2478 2238 2577 2292 sed
2613 2245 2671 2291 ut
2699 2237 2976 2307 prodesse
3010 2236 3111 2291 tibi
3146 2238 3377 2309 incipiat
3412 2237 3561 2309 quod
3592 2236 3875 2291 habebas.

2166 2330 2326 2385 Foris
2350 2328 2503 2383 enim
2542 2327 2792 2381 habebas
2825 2326 3182 2397 Baptismum
3219 2327 3289 2382 ad
3325 2326 3637 2398 perniciem
3670 2343 3683 2381 :
3719 2324 3876 2381 intus

2166 2422 2215 2476 si
2253 2418 2556 2482 habueris,
2588 2416 2787 2488 incipit
2821 2418 3097 2487 prodesse
3128 2418 3196 2471 ad
3223 2416 3494 2474 salutem.

2240 2510 2325 2563 15.
2364 2508 2509 2573 Νοη,
2544 2507 2699 2562 enim
2734 2511 2963 2561 tantum
2989 2506 3091 2561 tibi
3127 2524 3238 2563 non
3273 2508 3532 2579 proderat
3565 2507 3875 2577 Baptisms,

2168 2604 2225 2656 et
2261 2616 2372 2655 non
2406 2598 2578 2653 etiam
2611 2597 2826 2652 oberal.
2851 2597 2920 2651 Et
2947 2602 3151 2653 sancta
3177 2602 3420 2668 possunt
3441 2598 3669 2653 obesse:
3696 2597 3751 2650 in
3771 2597 3875 2650 bo-

2168 2689 2260 2745 nis
2292 2689 2448 2744 enim
2483 2693 2685 2743 sancta
2714 2687 2782 2741 ad
2834 2685 3080 2742 salutem
3127 2688 3366 2756 insunt;
3400 2688 3457 2742 in
3490 2685 3651 2742 malis
3683 2687 3751 2741 ad
3777 2687 3876 2756 ju-

2170 2778 2413 2835 dicium.
2448 2777 2612 2831 Certe
2660 2776 2839 2841 enim,
2877 2777 3104 2842 fratres,
3154 2777 3424 2832 novimus
3456 2776 3593 2848 quid
3628 2774 3882 2846 accipia-

2176 2885 2330 2931 mus,
2364 2872 2420 2922 et
2445 2868 2647 2937 utique
2671 2869 2932 2920 sanctum
2968 2872 3058 2921 est
3088 2867 3242 2937 quod
3262 2867 3600 2937 accipimus,
3627 2868 3683 2920 et
3712 2880 3881 2919 nemo

2172 2957 2331 3023 dicit,
2366 2972 2477 3010 non
2508 2971 2638 3009 esse
2671 2958 2944 3009 sanctum
2984 2971 2995 3007 :
3028 2959 3082 3010 et
3114 2955 3251 3025 quid
3287 2956 3362 3008 ait
3397 2953 3747 3025 Apostolus?
3776 2952 3887 3021 Qui

2172 3054 2357 3103 autem
2390 3045 2699 3099 manduca!
2728 3048 2774 3098 et
2809 3044 2943 3098 bibit
2967 3043 3210 3113 indigne,
3238 3043 3505 3111 iudicium
3526 3042 3886 3099 sibimandu-

2172 3144 2259 3192 cat
2288 3146 2339 3192 et
2370 3137 2500 3191 bibit
2532 3136 2571 3205 (l
2607 3134 2725 3189 Cor.
2764 3152 2839 3201 x1,
2875 3134 2985 3205 29).
3021 3134 3142 3189 Non
3210 3134 3291 3188 ait
3322 3134 3455 3205 quia
3487 3133 3581 3188 illa
3613 3151 3703 3188 res
3739 3132 3890 3187 male.

2175 3233 2260 3283 est
2291 3244 2304 3281 :
2340 3226 2435 3281 sed
2470 3224 2714 3296 quiaille
2739 3224 2948 3291 malus,
2977 3222 3123 3279 male
3143 3224 3491 3294 accipiendo,
3515 3223 3889 3294 adjudicium

2176 3316 2385 3387 accipit
2447 3316 2662 3371 bonum
2714 3315 2867 3384 quod
2914 3314 3141 3386 accipit.
3200 3314 3350 3370 Num
3381 3314 3535 3369 enim
3574 3313 3727 3369 mala
3770 3318 3895 3367 erat

2185 3405 2444 3463 buccella
2491 3422 2616 3476 quae
2675 3405 2887 3459 tradita
2961 3409 3049 3459 est
3100 3404 3267 3459 Judaa
3326 3422 3357 3459 a
3414 3402 3656 3458 Domino
3704 3404 3894 3468 (Jomz.

2180 3514 2304 3562 xm,
2333 3494 2469 3567 26)?
2505 3494 2688 3550 Absit.
2732 3494 2998 3549 Medicus
3056 3511 3170 3550 non
3229 3495 3387 3549 daret
3420 3509 3709 3549 venenum
3746 3509 3758 3548 :
3793 3508 3894 3547 sa-

2184 3588 2359 3641 lutem
2391 3584 2651 3639 medicus
2682 3585 2841 3638 dedit
2866 3602 2880 3653 ;
2905 3584 3005 3639 sed
3030 3584 3267 3654 indigne
3294 3583 3738 3654 accipiendo,ad
3764 3597 3896 3653 per-

2186 3676 2395 3732 niciem
2430 3673 2653 3743 accepit
2684 3673 2779 3743 qui
2819 3690 2930 3727 non
2987 3678 3226 3743 pacatus
3272 3673 3515 3744 accepit.
3552 3672 3645 3727 Sic
3676 3686 3807 3741 ergo
3838 3674 3899 3727 et

2186 3767 2285 3838 qui
2317 3765 2648 3835 baptizatur.
2700 3763 2906 3827 Habeo,
2973 3763 3189 3834 inquit,
3220 3764 3386 3818 mihi.
3422 3762 3645 3830 Fateor,
3673 3763 3892 3816 habes:

2187 3858 2433 3912 observa
2463 3855 2615 3926 quod
2642 3855 2847 3922 habes;
2877 3872 2941 3909 eo
2969 3856 3093 3925 ipso
3118 3854 3273 3925 quod
3296 3854 3475 3909 habes
3498 3852 3898 3907 damnaberis.

2190 3946 2423 4011 Quare?
2445 3944 2589 4007 Quia
2620 3960 2739 3999 rem
2775 3943 3056 4000 columba:
3091 3952 3293 4014 praeter
3323 3941 3650 3998 columbam
3684 3940 3898 4010 .habcs.

2187 4034 2247 4091 Si
2283 4050 2403 4088 rem
2429 4033 2709 4088 columbas
2744 4034 2800 4088 in
2839 4034 3109 4088 columba
3150 4032 3385 4101 habeas,
3419 4046 3658 4087 securus
3688 4029 3895 4084 habes.

2200 4129 2346 4179 Puta
2373 4128 2427 4178 te
2460 4139 2580 4178 esse
2614 4122 2919 4178 militarem
2956 4140 2969 4177 :
3005 4124 3051 4178 si
3102 4122 3493 4177 characterem
3540 4118 3904 4191 imperatoris

2207 4214 2289 4268 tui
2315 4214 2476 4269 intus
2515 4213 2752 4281 habeas,
2804 4230 3043 4269 securus
3094 4212 3349 4279 militas;
3382 4211 3429 4267 si
3470 4217 3629 4267 extra
3669 4209 3906 4274 habeas,

2198 4322 2310 4360 non
2345 4303 2531 4361 solum
2558 4304 2658 4358 tibi
2695 4304 2767 4358 ad
2795 4303 3055 4358 militiam
3078 4320 3189 4357 nou
3218 4301 3763 4374 prodestcharacler
3786 4298 3912 4368 ille,

2211 4395 2312 4451 sed
2348 4396 2518 4449 etiam
2547 4413 2646 4467 pro
2680 4398 2965 4450 desertore
3013 4396 3294 4466 puuieris.
3319 4393 3463 4448 Veni
3487 4408 3644 4464 ergo,
3669 4389 3818 4455 veni,
3852 4393 3909 4443 et

2198 4486 2312 4540 noli
2341 4486 2526 4541 dicere
2562 4503 2573 4539 :
2606 4486 2733 4540 Jam
2776 4486 2979 4553 habeo,
3011 4502 3125 4554 1am
3160 4484 3376 4539 sufficit
3409 4482 3570 4538 nihil.
3598 4481 3775 4547 Veni;
3822 4495 3915 4533 co-

2196 4573 2395 4630 lumha
2427 4580 2480 4629 te
2503 4580 2684 4643 vocat,
2719 4577 3000 4645 gemendo
3033 4580 3087 4630 te
3114 4581 3294 4630 vocat.
3332 4574 3555 4627 Fratres
3590 4570 3722 4638 mei,
3745 4569 3913 4624 vobis

2202 4665 2326 4719 dico
2358 4684 2371 4731 ;
2405 4666 2687 4735 gemendo
2714 4669 2926 4728 vocate,
2964 4681 3074 4719 non
3111 4664 3350 4718 rixando
3387 4679 3399 4716 :
3440 4665 3633 4716 vocate
3670 4660 3910 4730 orando,

2202 4758 2397 4809 vocate
2446 4754 2770 4822 inuitando,
2815 4770 3008 4809 vocate
3053 4753 3422 4823 jejunando;
3474 4752 3543 4805 de
3578 4749 3862 4803 charitate
3892 4748 3914 4781 ²

2206 4844 2529 4916 intelligant
2586 4846 2720 4917 quia
2752 4844 3121 4900 doletisillos.
3145 4842 3269 4898 Non
3308 4842 3753 4909 duhito,fratres
3777 4839 3915 4908 mei,

2209 4936 2344 5004 quia
2375 4938 2421 4990 si
2473 4935 2706 4989 videant
2755 4934 3007 4988 dolorem
3048 4939 3325 4997 vestrum,
3375 4931 3825 4996 confundentur,
3861 4939 3916 4984 et

2208 5020 2564 5076 reviviscent.
2600 5017 2741 5071 Veni
2801 5018 3154 5087 crgo,veni:
3216 5015 3331 5071 noli
3390 5016 3633 5080 timere;
3669 5011 3809 5065 time
3868 5010 3917 5065 si

2207 5128 2321 5167 non
2368 5109 2526 5166 venis
2554 5126 2564 5164 :
2592 5109 2708 5163 imo
2761 5124 2870 5161 non
2915 5106 3073 5173 time,
3099 5108 3197 5161 sed
3234 5107 3458 5177 plango.
3488 5102 3658 5169 Veni,
3691 5101 3921 5173 gaude-

2208 5200 2302 5256 bis
2361 5200 2407 5254 si
2468 5197 2956 5268 veneriszgemes
3018 5196 3254 5267 quidem
3323 5194 3380 5248 in
3448 5189 3923 5247 tribulationibus

2210 5288 2742 5363 peregrinationis;
2778 5287 2876 5342 sed
2927 5286 3208 5358 gaudebis
3258 5285 3315 5338 in
3363 5299 3482 5353 spe.
3530 5281 3665 5336 Veni
3704 5280 3801 5334 ubi
3834 5285 3927 5334 est

2212 5382 2504 5447 columba,
2532 5380 2619 5434 cui
2656 5380 2875 5433 dictum
2909 5386 3014 5449 est,
3051 5378 3168 5432 Una
3220 5380 3293 5431 est
3334 5373 3586 5431 columba
3622 5387 3774 5436 mea,
3808 5387 3925 5427 una

2279 5516 2296 5550 1
2328 5512 2483 5568 Editi,
2514 5514 2925 5562 sacramentum.
2959 5510 3101 5567 Mss,
3137 5510 3483 5558 sacramenta.

2276 5575 2298 5609 ²
2321 5565 2479 5634 Editi,
2500 5585 2674 5625 vocate
2698 5574 2985 5637 fefunmzdo
3007 5574 3059 5621 in
3092 5565 3388 5637 charitate._
3409 5573 3471 5620 At
3497 5570 3616 5618 Mss.
3640 5565 3925 5637 habentde

2213 5632 2479 5687 charitalé
2500 5654 2516 5695 ;
2544 5644 2593 5687 et
2622 5632 2895 5690 omittunt.
2928 5641 3102 5685 vocale
3126 5634 3435 5697 ieiunando,
3468 5632 3701 5694 exceptis
3724 5633 3912 5694 paucis
