4170 6188
300 288 329 345 1
344 283 463 345 433

291 422 371 473 est
395 418 561 471 matri
608 428 746 470 suae.
801 411 1143 469 Columbam
1196 429 1374 468 unam
1430 414 1592 471 vides
1633 431 1809 488 super
1848 420 2023 488 caput

294 506 535 571 Christi,
572 505 810 577 linguas
863 518 975 559 non
1024 503 1183 558 vides
1230 503 1287 557 in
1330 508 1447 559 toto
1480 506 1616 560 orbe
1677 514 1958 562 terrarum
2000 506 2026 560 δῖ

301 598 461 653 Idem
496 596 752 668 Spiritus
777 610 879 666 per
909 593 1261 663 columbam,
1296 594 1444 649 idem
1481 604 1532 650 el
1565 613 1665 667 per
1687 596 1916 667 linguas
1942 612 1953 649 :
1981 596 2023 649 si

301 704 405 759 per
454 686 795 742 columbam
849 685 1001 739 idem
1051 685 1324 756 Spiritus,
1370 690 1425 741 et
1476 703 1575 757 per
1603 687 1831 760 linguas
1870 688 2024 741 idem

301 777 584 849 Spiritus,
618 775 873 848 Spiritus
906 784 1142 831 sanctus
1184 776 1312 831 orbi
1340 780 1621 831 terrarum
1661 780 1675 812 ¹
1710 778 1883 832 datus
1913 782 2023 842 est,

300 884 332 921 a
364 884 482 937 quo
513 876 569 921 te
592 864 938 937 praecidisti,
969 869 1031 919 ut
1056 864 1273 921 clames
1306 881 1435 920 cum
1462 881 1651 934 corvo,
1686 883 1801 921 non
1834 870 1895 919 ut
1922 881 2021 936 ge-

304 973 433 1013 mas
470 972 605 1012 cum
640 955 929 1012 columba.
962 954 1102 1009 Veni
1136 971 1294 1027 ergo.

380 1048 470 1103 16,
502 1047 607 1101 Sed
641 1044 929 1101 sollicitus
977 1060 1037 1099 es
1069 1044 1237 1113 forte,
1288 1048 1343 1098 et
1375 1045 1516 1099 dicis
1547 1060 1559 1099 :
1622 1044 1778 1102 Foris
1828 1042 2022 1112 bapti-

298 1143 499 1205 zatus,
529 1137 708 1191 timeo
741 1152 811 1190 ne
840 1134 977 1190 inde
1001 1135 1108 1189 sim
1132 1151 1282 1201 reus,
1309 1136 1446 1207 quia
1479 1135 1615 1190 foris
1648 1136 1860 1206 accepi.
1891 1134 2023 1189 Jam

300 1226 534 1298 cmpisti
559 1240 901 1295 cognoscere
926 1225 1060 1295 quid
1088 1226 1439 1297 gemendum
1465 1226 1575 1280 sit:
1611 1241 1807 1279 verum
1854 1223 2020 1287 dicis,

300 1318 443 1388 quia
479 1332 610 1371 reus
640 1333 698 1370 es
733 1340 749 1382 ;
786 1331 896 1370 non
926 1315 1061 1384 quia
1093 1313 1386 1385 accepisti,
1412 1316 1508 1369 sed
1543 1316 1680 1385 quia
1707 1316 1841 1369 foris
1867 1330 2025 1368 acce-

302 1408 466 1478 pisti.
500 1406 654 1461 Tene
686 1421 821 1476 ergo
854 1403 1011 1475 quod
1049 1404 1342 1475 accepisti,
1395 1405 1639 1459 emenda
1691 1406 1840 1475 quod
1888 1403 2021 1457 foris

301 1495 582 1565 accepisti
606 1512 619 1548 :
643 1494 917 1565 accepisti
952 1510 1070 1548 rem
1102 1493 1408 1561 columbas,
1443 1498 1645 1563 printer
1664 1493 1975 1547 columban
2006 1510 2018 1548 :

301 1586 420 1639 duo
442 1590 585 1639 sunt
615 1601 741 1655 quas
772 1584 979 1650 audis;
1012 1584 1323 1654 Accepisti,
1356 1588 1432 1648 et,
1462 1587 1666 1639 Prester
1688 1583 2018 1638 columbam

302 1672 585 1744 accepisti
620 1688 634 1726 :
669 1672 821 1743 quod
864 1670 1160 1742 accepisti,
1207 1672 1463 1742 approbo
1498 1692 1513 1740 ;
1548 1671 1686 1743 quia
1737 1673 1872 1727 foris
1919 1689 2021 1727 ac-

300 1762 536 1834 cepisti,
570 1762 856 1833 improbo.
877 1762 1033 1816 Tene
1062 1777 1197 1832 ergo
1229 1762 1385 1833 quod
1408 1762 1677 1833 accepisti
1716 1781 1729 1831 ;
1756 1779 1870 1816 non
1897 1778 2020 1817 mu-

302 1858 488 1918 tatur,
541 1853 641 1906 sed
675 1852 1040 1920 agnoscitur:
1094 1851 1392 1906 character
1416 1856 1502 1906 est
1537 1851 1709 1923 Regis
1736 1850 1867 1917 mei,
1904 1867 2017 1904 non

299 1956 399 1996 ero
461 1940 778 2013 sacrilegus
827 1960 841 2011 ;
890 1942 1114 2011 corrigo
1164 1942 1543 2009 desertorem,
1604 1957 1714 1996 non
1770 1941 2018 1996 immuto

295 2031 725 2087 characterem.

369 2123 458 2178 17.
493 2120 619 2177 Noli
652 2124 719 2177 de
750 2122 1103 2192 Baptismate
1152 2122 1405 2194 gloriari,
1462 2122 1598 2193 quia
1630 2122 1780 2189 dico,
1822 2122 2016 2191 ipsum

290 2216 421 2279 est;
458 2227 593 2268 ecce
624 2212 772 2280 dico,
809 2213 1147 2282 ipsumest;
1182 2218 1297 2269 tota
1316 2215 1612 2269 Catholica
1636 2215 1797 2281 dicit,
1821 2215 2015 2286 ipsum

286 2307 379 2355 est
413 2318 427 2355 :
462 2302 710 2356 advertit
740 2300 1033 2370 columba,
1075 2308 1129 2357 et
1179 2304 1460 2373 agnoscit,
1513 2308 1570 2359 et
1620 2305 1820 2374 gemit,
1878 2304 2016 2374 quia

284 2391 488 2463 ipsum
525 2391 666 2446 foris
693 2390 910 2457 habes;
944 2392 1100 2446 videt
1141 2393 1221 2448 ibi
1271 2394 1422 2463 quod
1456 2399 1753 2465 agnoscat,
1787 2394 1942 2448 videt
1964 2401 2019 2448 et

288 2482 446 2552 quod
480 2480 756 2551 corrigat.
788 2480 986 2552 Ipsum
1015 2484 1125 2549 est,
1163 2484 1312 2537 veni.
1344 2483 1621 2539 Gloriaris
1655 2484 1791 2553 quia
1823 2483 2013 2554 ipsum

290 2575 403 2632 est,
438 2574 495 2625 et
528 2585 645 2625 non
677 2569 762 2625 vis
794 2570 985 2625 venire
1012 2569 1039 2624 ‘t
1071 2570 1220 2635 Quid
1252 2588 1384 2643 ergo
1428 2572 1583 2640 mali,
1618 2573 1712 2643 qui
1749 2589 1860 2627 non
1896 2588 2018 2644 per.

290 2660 488 2715 tinent
518 2660 591 2714 ad
624 2660 957 2715 columbam
982 2661 1009 2714 ?
1041 2661 1128 2715 Ait
1157 2661 1259 2716 tibi
1284 2661 1557 2718 columba
1581 2680 1593 2718 :
1616 2662 1685 2717 Et
1705 2662 1841 2717 mali
1864 2662 2016 2718 inter

289 2766 441 2821 quos
473 2766 664 2822 gemo,
712 2748 812 2821 qui
846 2765 960 2805 non
1013 2751 1302 2821 pertinent
1348 2752 1419 2806 ad
1472 2755 1734 2808 membra
1764 2768 1913 2820 mea,
1961 2768 2014 2817 ei

288 2856 536 2895 necesse
568 2849 653 2895 est
687 2845 751 2895 ut
772 2839 924 2895 inter
954 2840 1083 2895 illos
1112 2856 1342 2912 gemam
1378 2858 1569 2898 nonne
1609 2842 1827 2899 habent
1858 2844 2015 2915 quod

284 2934 342 2985 te
373 2930 593 2985 habere
622 2929 891 3003 gloriaris
930 2930 956 2984 ?
985 2946 1177 2986 nonne
1211 2932 1375 2987 multi
1409 2933 1625 2988 ebriosi
1668 2934 1876 2988 habent
1907 2935 2012 2989 Ba-

284 3020 576 3090 ptismum
597 3018 625 3076 'I
656 3035 848 3075 nonne
874 3020 1040 3075 multi
1069 3020 1273 3075 avari?
1302 3037 1495 3076 nonne
1536 3022 1705 3077 multi
1730 3021 2011 3093 idolatria,

284 3113 342 3162 et
375 3108 530 3178 quod
554 3114 644 3163 est
667 3109 854 3179 pejus,
881 3108 1079 3163 furtim
1101 3108 1128 3163 ?
1145 3125 1334 3164 nonne
1356 3109 1653 3181 Paganiad
1673 3109 1825 3165 idola
1847 3118 2009 3183 euut,

283 3198 371 3257 vel
410 3198 575 3252 ibant
596 3196 831 3268 publice
858 3196 884 3251 ?
917 3212 1073 3252 nunc
1104 3198 1329 3253 occulte
1351 3198 1665 3253 Christiani
1702 3199 2009 3271 sortilegos

283 3293 583 3367 quarunt,
619 3286 1060 3342 mathematicos
1092 3286 1425 3343 consulunt.
1460 3288 1640 3343 Etisti
1668 3289 1878 3344 habent
1902 3290 2007 3345 Ba-

279 3380 591 3447 ptismum,
625 3377 727 3431 sed
759 3375 1034 3432 columba
1063 3378 1245 3447 gemit
1279 3378 1432 3433 inter
1457 3394 1680 3434 corvos.
1706 3379 1851 3445 Quid
1876 3396 2009 3450 ergo

279 3468 533 3539 gaudes,
557 3465 693 3537 quia
720 3464 899 3521 habes
925 3465 952 3521 ‘t
980 3465 1089 3521 hoc
1111 3464 1291 3520 habes
1324 3467 1477 3537 quod
1505 3467 1677 3521 habet
1710 3472 1767 3522 et
1794 3468 2005 3538 malus,

280 3556 503 3615 habeto
520 3556 942 3627 humilitatem,
962 3554 1305 3611 charitatem
1322 3572 1550 3627 pacem:
1571 3556 1778 3613 habeto
1795 3557 2007 3613 bonum

286 3647 447 3719 quod
475 3647 732 3701 nondum
753 3645 1231 3717 habes,utprosit
1257 3646 1359 3701 tibi
1388 3647 1604 3701 bonum
1632 3648 1786 3718 quod
1806 3647 2006 3704 habes.

363 3738 451 3793 18.
502 3737 649 3791 Nam
704 3736 860 3807 quod
910 3736 1108 3799 habes,
1160 3735 1371 3791 habuit
1417 3742 1473 3791 et
1501 3737 1703 3792 Simon
1750 3754 2005 3809 magus:

290 3832 472 3882 Actus
502 3824 916 3897 Apostolorum
956 3828 1133 3881 testes
1176 3829 1335 3889 sunt,
1392 3825 1486 3880 ille
1518 3826 1663 3880 liber
1691 3826 2008 3882 canonicus

289 3916 449 3971 omni
474 3930 633 3969 anno
663 3914 724 3968 in
764 3913 1020 3969 Ecclesia
1051 3912 1402 3968 recitandus.
1454 3915 1864 3970 Anniversaria
1912 3931 2009 3971 so-

293 4005 596 4059 lemnitate
629 4008 761 4074 post
779 4004 1107 4069 passionem
1128 4004 1355 4059 Domini
1386 4003 1566 4058 nostis
1597 4004 1760 4059 illum
1791 4005 2006 4060 librum

288 4095 543 4161 recitari,
568 4093 667 4149 ubi
694 4092 979 4164 scriptum
1003 4096 1092 4149 est
1112 4092 1400 4164 quomodo
1424 4109 1741 4150 conversus
1763 4093 1839 4149 sit
1862 4100 2008 4165 Apo-

278 4183 497 4249 stolas,
550 4188 607 4237 et
673 4198 742 4238 ex
802 4187 1169 4254 persecutore
1221 4183 1564 4253 praedicator
1622 4185 1806 4238 factus
1864 4183 2006 4255 (Act.

284 4290 364 4334 rx,
401 4273 550 4342 1-30)
580 4290 593 4327 :
632 4272 730 4326 ubi
776 4272 953 4326 etiam
995 4271 1085 4326 die
1112 4274 1481 4329 Peutecostes
1514 4274 1731 4327 missus
1765 4278 1852 4328 est
1882 4274 1981 4345 Spi

285 4365 437 4419 ritus
461 4366 703 4417 sanctus
738 4363 796 4417 in
823 4361 1041 4432 linguis
1064 4361 1264 4417 divisis
1290 4362 1444 4417 velut
1469 4362 1619 4433 ignis
1650 4363 1755 4433 (Id.
1781 4380 1842 4434 ιι,
1872 4364 2007 4435 1-4).

291 4453 372 4507 lbi
408 4451 657 4524 legimus
692 4450 911 4506 multos
941 4449 1259 4505 credidisse
1299 4450 1356 4505 in
1384 4451 1647 4506 Samaria
1677 4468 1777 4522 per
1810 4454 2012 4525 praedi-

287 4543 575 4598 cationem
613 4538 861 4611 Philippi
896 4556 909 4594 :
964 4538 1314 4610 intelligitur
1355 4543 1552 4595 autem
1603 4541 1720 4596 sive
1764 4559 1912 4597 unus
1942 4560 2009 4598 ex

289 4631 608 4702 Apostolis,
636 4633 759 4687 sive
782 4646 847 4685 ex
880 4630 1140 4685 diaconis
1165 4648 1177 4689 :
1205 4630 1339 4700 quia
1370 4637 1587 4701 septem
1623 4631 1702 4686 ibi
1734 4633 2009 4690 diaconos

288 4721 545 4792 legimus
578 4720 902 4786 ordinatos,
944 4721 1097 4775 inter
1128 4735 1276 4791 quos
1306 4724 1394 4774 est
1428 4720 1599 4776 etiam
1634 4737 1841 4775 nomen
1877 4723 2008 4777 Phi-

291 4808 435 4881 lippi
470 4808 571 4878 (ld.
606 4825 683 4876 vn,
714 4808 856 4875 3-6).
910 4807 1009 4861 Per
1058 4807 1308 4878 Philippi
1358 4824 1492 4879 ergo
1538 4809 2006 4879 praedicationem

293 4900 665 4954 crediderunt
699 4898 1041 4965 Samarites;
1073 4897 1335 4952 Samaria
1357 4898 1527 4969 coepit
1558 4898 1851 4953 abundare
1877 4899 2009 4954 ﬁde-

293 4988 479 5045 libus:
508 4989 589 5043 ibi
614 4988 859 5043 eratiste
881 4988 1079 5042 Simon
1106 5003 1356 5057 magnus
1382 5004 1395 5054 ;
1421 5004 1520 5058 per
1543 4988 1792 5059 magicas
1806 4989 2008 5043 factio-

292 5092 394 5131 nes
424 5092 565 5131 suas
618 5077 1053 5132 dementaverat
1102 5079 1407 5147 populum,
1457 5081 1686 5148 alveum
1739 5078 2007 5133 virtutem

291 5164 389 5222 Dei
415 5170 692 5237 putarent
717 5182 729 5218 :
755 5170 1073 5221 commotus
1102 5170 1291 5219 tamen
1318 5165 1500 5236 signis
1524 5182 1648 5237 quae
1686 5182 1718 5221 a
1742 5166 2007 5237 Philippo

290 5257 529 5323 ﬁebant,
566 5259 743 5312 etiam
776 5256 902 5327 ipse
956 5255 1199 5310 credidit
1234 5273 1247 5323 ;
1282 5261 1372 5310 sed
1408 5258 1698 5328 quomodo
1731 5258 1853 5327 ipse
1884 5272 2007 5311 cre-

288 5346 526 5415 diderit,
576 5345 897 5418 posteriora
940 5346 1240 5416 sequentia
1275 5348 1817 5402 demonstraverunt
1850 5371 1863 5415 ;
1895 5347 2005 5401 ba-

289 5435 545 5506 ptizatus
574 5443 663 5493 est
694 5442 884 5492 autem
910 5441 966 5491 et.
997 5435 1219 5491 Simon.
1244 5436 1571 5492 Audierant
1592 5436 1699 5492 hoc
1721 5436 2003 5507 Apostoli,

356 5596 369 5627 ί
404 5592 539 5641 Editi
565 5603 578 5639 :
611 5589 862 5650 Spiritu:
891 5594 1107 5639 sanctus
1132 5604 1225 5653 per
1244 5589 1417 5640 orbem
1451 5599 1725 5640 terrarum.
1760 5592 1825 5641 At
1854 5590 2003 5649 Mss.,

289 5656 410 5705 Orbi
445 5658 725 5703 terrarum.

1577 277 2048 345 TRACTATUS
2089 278 2217 343 VII.
2267 278 2521 346 CAPUT
2566 279 2612 345 Ι.

3688 290 3843 357 1434

2132 417 2232 489 qui
2262 423 2427 475 erant
2465 417 2783 475 Jerusalem
2817 438 2831 487 ;
2886 418 3047 475 missi
3098 427 3233 479 sunt
3263 426 3331 479 ad
3377 424 3508 483 illos
3550 428 3746 485 Petrus
3786 445 3845 495 et

2130 506 2772 578 Joannes,invenerunt
2799 508 3342 580 multosbaptizatos
3370 531 3383 568 :
3407 523 3458 569 et
3483 518 3619 586 quia
3640 519 3837 573 nullus

2132 595 2389 667 ipsorum
2451 598 2640 651 adhuc
2685 605 2974 668 acceperat
3024 599 3303 671 Spiritum
3351 610 3641 674 sanctum,
3690 607 3843 662 sicut

2130 688 2271 741 tunc
2330 688 2736 756 descendebat,
2798 690 2865 742 ad
2902 691 3320 747 ostendendam
3354 693 3838 765 significationem

2129 776 2390 844 gentium
2436 777 2877 842 crediturarum,
2898 781 2961 832 ut
2988 777 3203 850 linguis
3224 780 3670 852 loquerenturin
3697 800 3843 853 quos

2129 873 2517 930 descendebat
2538 876 2786 945 Spiritus
2818 882 3095 945 sanctus;
3127 878 3536 951 imposuerunt
3574 881 3691 937 illis
3723 898 3845 937 ma-

2131 980 2238 1018 nus
2270 970 2501 1021 orantes
2536 983 2633 1035 pro
2655 966 2758 1033 eis,
2784 972 2839 1022 et
2868 975 3215 1041 acceperunt
3237 971 3511 1041 Spiritum
3551 976 3842 1028 sanctum.

2130 1056 2326 1112 Simon
2357 1057 2595 1127 ille,qui
2648 1075 2759 1114 non
2812 1065 2935 1115 erat
2982 1063 3039 1116 in
3092 1064 3345 1120 Ecclesia
3394 1065 3682 1134 columba,
3740 1066 3839 1120 sed

2128 1162 2355 1213 corvus,
2392 1148 2529 1218 quia
2560 1164 2627 1203 ea
2658 1166 2779 1220 qua:
2812 1158 2950 1207 sunt
2993 1156 3308 1223 quaerebat,
3361 1172 3472 1211 non
3523 1172 3651 1226 quae
3700 1156 3837 1212 Jesu

2126 1236 2335 1292 Christi
2359 1238 2622 1309 (Philipp.
2649 1256 2709 1304 ιι,
2742 1240 2833 1311 21)
2860 1259 2872 1308 ;
2902 1244 3053 1296 unde
3078 1244 3133 1299 in
3158 1246 3502 1301 Christianis
3527 1247 3837 1317 potentiam

2130 1329 2311 1398 magis
2344 1337 3167 1405 amaveratquamjustitiam,
3202 1338 3345 1391 vidit
3376 1354 3477 1408 per
3515 1337 3843 1408 impositio-

2129 1435 2258 1474 nem
2318 1439 2594 1478 manuum
2631 1425 3027 1495 Apostolorum
3080 1427 3201 1481 dari
3250 1426 3530 1497 Spiritum
3573 1432 3839 1483 sanctum

2127 1512 2265 1573 (non
2316 1512 2449 1580 quia
2500 1512 2609 1583 ipsi
2662 1514 2896 1581 dabant,
2968 1516 3066 1570 sed
3136 1517 3274 1586 quia
3326 1516 3467 1587 ipsis
3541 1516 3835 1571 orantibus

2127 1596 2294 1651 datus
2324 1602 2453 1672 est),
2479 1609 2531 1656 et
2564 1603 2639 1657 ait
2670 1604 2984 1674 Apostolis,
3020 1606 3157 1672 Quid
3208 1607 3374 1661 vultis
3403 1623 3437 1661 a
3476 1622 3561 1660 me
3594 1608 3837 1675 accipere

2123 1688 2389 1756 pecuniae,
2415 1699 2476 1743 ut
2504 1697 2553 1745 et
2565 1708 2663 1762 per
2683 1692 3086 1763 impositionem
3113 1712 3375 1751 manuum
3408 1710 3652 1751 mearum
3681 1697 3841 1751 detur

2125 1780 2367 1852 Spiritus
2388 1792 2603 1839 sanctus
2630 1786 2658 1838 ‘t
2689 1785 2751 1838 Et
2778 1786 2857 1839 ait
2890 1786 2971 1841 illi
3009 1786 3232 1855 Petrus,
3269 1789 3508 1843 Pecunia
3540 1795 3633 1842 tua
3661 1796 3837 1843 tecum

2124 1869 2195 1924 sit
2225 1872 2279 1923 in
2311 1870 2671 1941 perditionem
2690 1888 2712 1932 ;
2744 1876 3001 1943 quoniam
3028 1876 3230 1931 donum
3256 1878 3350 1932 Dei
3369 1878 3574 1947 putasti
3597 1874 3835 1945 pecunia

2122 1961 2581 2029 comparandum.
2615 1962 2714 2016 Cui
2752 1962 2913 2028 dicit,
2937 1966 3176 2019 Pecunia
3208 1970 3303 2021 tua
3333 1974 3509 2022 tecum
3539 1968 3611 2021 sit
3642 1966 3701 2019 in
3715 1980 3837 2034 per-

2123 2047 2386 2105 ditionem
2416 2057 2443 2103 ?
2474 2050 2680 2122 Utique
2713 2052 3016 2123 baptizato.
3051 2056 3181 2111 Jam
3216 2057 3511 2126 Baptisms.
3542 2055 3826 2111 habebat:

2125 2141 2223 2195 sed
2258 2141 2536 2195 columbas
2566 2141 2879 2199 visceribus
2914 2162 3028 2201 non
3063 2146 3336 2203 haerebat.
3370 2148 3515 2201 Audi
3549 2147 3683 2217 quia
3717 2162 3830 2201 non

2123 2227 2376 2283 hmrebat
2409 2247 2421 2296 ;
2451 2229 2623 2284 verba
2655 2232 2780 2302 ipsa
2813 2233 2961 2287 Petri
2996 2236 3241 2305 apostoli
3273 2237 3542 2290 adverte:
3575 2234 3838 2305 sequitur

2123 2316 2299 2383 enim,
2328 2317 2442 2371 Non
2478 2325 2556 2371 est
2587 2319 2691 2373 tibi
2718 2337 2854 2389 pars
2876 2338 3051 2391 neque
3078 2338 3197 2377 sors
3219 2325 3275 2377 in
3298 2323 3398 2376 hac
3425 2323 3573 2391 ﬁde;
3612 2322 3670 2375 in
3699 2321 3839 2393 felle

2121 2408 2267 2461 enim
2300 2408 2699 2463 amaritudinis
2727 2409 2878 2465 video
2930 2420 2977 2465 te
3032 2427 3143 2466 esse
3174 2413 3308 2480 (Act.
3358 2427 3476 2478 VIII,
3510 2411 3694 2481 5-23).
3728 2410 3832 2465 Co-

2123 2494 2323 2550 lumba
2358 2494 2426 2549 fel
2459 2511 2573 2551 non
2598 2495 2769 2553 habet
2796 2514 2808 2553 :
2833 2500 3027 2553 Simon
3054 2500 3339 2570 habebat;
3373 2500 3499 2555 ideo
3522 2503 3828 2569 separatus

2120 2591 2241 2638 erat
2278 2600 2309 2636 a
2341 2583 2622 2639 columbae
2659 2586 3000 2641 visceribus.
3036 2587 3334 2659 Baptisms
3364 2587 3447 2643 illi
3480 2588 3618 2659 quid
3656 2588 3826 2658 prod-

2121 2680 2245 2728 erat
2272 2672 2298 2727 ?
2330 2672 2456 2727 Noli
2488 2690 2624 2747 ergo
2656 2674 2724 2730 de
2755 2676 3104 2747 Baptismate
3126 2677 3382 2749 gloriari,
3416 2676 3583 2747 quasi
3608 2692 3676 2731 ex
3699 2677 3823 2746 ipso

2121 2760 2278 2817 salus
2310 2763 2414 2818 tibi
2445 2764 2700 2819 sufficiat
2732 2782 2745 2819 :
2781 2765 2897 2819 noli
2929 2766 3120 2832 irasci,
3174 2767 3394 2837 depone
3446 2765 3541 2834 fol,
3590 2764 3721 2823 veni
3753 2765 3823 2819 ad

2122 2849 2452 2906 columbam
2488 2871 2501 2919 ;
2536 2851 2630 2908 hic
2662 2853 2759 2907 tibi
2812 2855 3068 2925 proderit
3116 2856 3268 2927 quod
3314 2854 3450 2910 foris
3487 2871 3594 2910 non
3630 2853 3819 2909 solum

2125 2958 2237 2997 non
2274 2945 2560 3014 proderat,
2594 2946 2691 3000 scd
2726 2947 2895 3001 etiam
2930 2948 3147 3003 eberat.

2197 3035 2281 3088 19.
2327 3038 2521 3105 Neque
2552 3035 2710 3091 dicas
2742 3052 2755 3091 :
2792 3039 2911 3092 Non
2964 3038 3150 3105 venio,
3194 3037 3326 3108 quia
3386 3036 3523 3093 foris
3554 3052 3683 3092 sum
3731 3035 3828 3090 ba-

2122 3123 2387 3195 ptizatus.
2414 3124 2554 3180 Ecce
2576 3125 2764 3196 incipe
2778 3126 2990 3182 habere
3011 3128 3378 3195 charitatem,
3402 3126 3595 3198 incipe
3617 3124 3829 3181 habere

2120 3214 2396 3283 fructum,
2430 3213 2760 3271 inveniatur
2784 3216 2841 3271 in
2865 3221 2918 3273 te
2949 3217 3192 3287 fructus,
3219 3219 3408 3274 mittet
3431 3217 3448 3250 ί
3474 3227 3524 3273 te
3556 3215 3826 3271 columba

2120 3302 2634 3360 intro.luvenimus
2651 3304 2827 3360 hocin
2843 3306 3638 3378 Scriptura.lmputribilibus
3655 3303 3827 3375 lignis

2122 3407 2255 3448 arca
2287 3395 2446 3450 fucra
2478 3395 2755 3451 fabricata
2785 3395 2937 3467 (Gen.
2971 3414 3045 3464 v1,
3082 3399 3205 3467 11;):
3258 3394 3643 3467 imputribilia
3674 3393 3828 3462 ligna

2120 3483 2301 3538 sancti
2332 3488 2488 3551 sunt,
2535 3484 2736 3540 ﬁdeles
2786 3487 3141 3556 pertinentes
3186 3487 3255 3539 ad
3306 3485 3626 3539 Christum.
3678 3483 3826 3545 Quo-

2121 3574 2293 3630 modo
2323 3575 2478 3629 enim
2504 3574 2561 3627 in
2595 3574 2811 3641 templo
2843 3572 3064 3641 lapides
3095 3572 3200 3626 vivi
3233 3571 3303 3626 de
3335 3571 3549 3640 quibus
3573 3568 3827 3623 aediﬁca-

2120 3668 2213 3717 tur
2252 3661 2557 3732 templum,
2587 3661 2853 3716 homines
2899 3660 3099 3715 ﬁdeles
3147 3660 3285 3714 dicti
3335 3667 3507 3727 sunt;
3550 3659 3634 3713 sic
3665 3654 3825 3728 ligna

2116 3749 2496 3822 imputribilia
2530 3749 2797 3805 homines
2846 3753 3284 3820 perseverantes
3331 3748 3391 3804 in
3432 3748 3563 3803 ﬁde.
3603 3750 3666 3801 In
3696 3746 3826 3817 ipsa

2117 3858 2253 3914 ergo
2281 3859 2415 3898 arca
2444 3841 2602 3913 ligna
2630 3840 3017 3912 imputribilia
3047 3844 3211 3895 erant
3243 3858 3257 3908 ;
3286 3854 3419 3894 arca
3448 3838 3603 3893 enim
3635 3835 3826 3891 Eccle-

2118 3933 2206 3988 sia
2235 3936 2357 3987 est:
2394 3930 2473 3986 ibi
2508 3931 2763 4002 baptizat
2784 3929 3053 3986 columba
3077 3946 3090 3997 ;
3117 3946 3250 3985 arca
3270 3928 3426 3985 enim
3462 3927 3563 3981 illa
3589 3926 3645 3980 in
3678 3940 3825 3994 aqua

2120 4022 2455 4078 ferebatur:
2489 4020 2647 4093 ligna
2695 4020 3079 4092 imputribilia
3122 4020 3278 4074 intus
3321 4018 3615 4089 baptizata
3662 4019 3819 4069 sunt.

2120 4111 2456 4166 Invenimus
2490 4110 2753 4180 quamam
2786 4108 2945 4182 ligna
2978 4109 3112 4164 foris
3152 4108 3460 4180 baptizata,
3494 4121 3697 4161 omnes
3728 4120 3821 4159 ar-

2121 4199 2286 4255 bores
2318 4216 2443 4270 quaa
2483 4202 2648 4253 erant
2686 4199 2745 4253 in
2796 4198 3032 4253 mundo.
3082 4200 3211 4269 Ipsa
3241 4201 3435 4251 tamen
3486 4210 3637 4264 aqua
3676 4198 3817 4258 erat,

2120 4305 2232 4344 non
2267 4292 2389 4343 erat
2420 4286 2603 4342 altera
2637 4303 2650 4340 :
2684 4287 2875 4342 omnis
2909 4288 2977 4340 de
3008 4286 3149 4341 cmlo
3180 4288 3432 4349 venerat,
3465 4290 3517 4337 et
3548 4282 3618 4336 de
3650 4282 3817 4349 abys-

2118 4376 2202 4433 sis
2226 4377 2467 4433 fontium
2503 4391 2515 4430 :
2549 4376 2675 4445 ipsa
2702 4383 2821 4430 erat
2853 4391 3004 4446 aqua
3034 4377 3091 4429 in
3123 4391 3235 4445 qua
3266 4371 3559 4443 baptizata
3587 4379 3722 4427 sunt
3762 4369 3826 4423 li-

2118 4485 2231 4541 gna
2258 4466 2641 4539 imputribilia
2670 4484 2797 4537 quae
2822 4472 2989 4522 erant
3019 4467 3077 4522 in
3110 4483 3264 4527 arca,
3300 4466 3355 4519 in
3390 4482 3505 4536 qua
3536 4463 3824 4534 baptizata

2118 4564 2257 4613 sunt
2306 4557 2458 4625 ligna
2508 4556 2666 4611 foris.
2720 4556 2894 4611 Missa
2933 4559 3023 4611 est
3052 4555 3338 4621 columba,
3382 4559 3440 4610 et
3488 4554 3676 4625 primo
3709 4568 3821 4607 non

2118 4647 2338 4703 invenit
2370 4645 2626 4717 requiem
2654 4645 2897 4718 pedibus
2920 4646 3079 4702 suis:
3110 4646 3251 4701 redii
3278 4646 3348 4700 ad
3383 4660 3576 4700 arcam
3611 4664 3625 4714 ;
3654 4642 3825 4716 plena

2118 4739 2269 4795 enim
2302 4742 2467 4793 erant
2499 4738 2666 4807 aquis
2710 4738 2929 4808 omnia,
2961 4742 3017 4792 et
3068 4738 3274 4794 maluit
3314 4738 3501 4794 redire
3534 4753 3710 4807 quam
3746 4752 3823 4792 re-

2120 4827 2421 4899 baptizari.
2468 4830 2684 4884 Corvus
2732 4832 2929 4882 autem
2971 4827 3065 4883 ille
3104 4829 3351 4883 emissus
3392 4833 3477 4884 est
3509 4834 3819 4895 antequam

2118 4918 2359 4974 siccatet
2388 4916 2409 4949 2
2441 4933 2629 4988 aqua:
2665 4917 3054 4989 rebaptizatae
3087 4919 3272 4973 redire
3305 4918 3489 4974 uoluit
3520 4933 3534 4982 ;
3562 4918 3821 4967 mortuus

2117 5016 2200 5063 est
2230 5007 2290 5063 in
2340 5007 2429 5061 his
2462 5008 2649 5077 aquis.
2701 5010 2929 5063 Avertat
2970 5008 3120 5063 Deus
3164 5007 3316 5062 corvi
3364 5006 3520 5059 illius
3552 5005 3818 5055 mortem.

2120 5099 2260 5151 Nam
2296 5112 2473 5167 quare
2505 5112 2618 5151 non
2651 5102 2735 5151 est
2765 5113 3048 5165 reversus,
3079 5096 3192 5151 nisi
3224 5094 3359 5164 quia
3390 5090 3553 5161 aquis
3583 5088 3823 5146 interce-

2119 5191 2251 5259 ptus
2283 5190 2372 5241 est
2389 5185 2416 5240 ?
2436 5188 2507 5240 At
2538 5203 2668 5242 vero
2688 5186 2955 5241 columba
2978 5202 3089 5240 non
3119 5183 3419 5237 inveniens
3441 5178 3695 5249 requiem
3720 5194 3823 5249 pe-

2115 5278 2284 5332 dibus
2306 5277 2451 5345 suis,
2476 5293 2611 5333 cum
2633 5278 2683 5332 ei
2710 5277 2964 5346 undique
2987 5273 3265 5327 clamaret
3286 5286 3454 5340 aqua,
3478 5268 3642 5331 Veni,
3668 5270 3816 5337 veni,

2118 5366 2207 5421 hic
2249 5365 2505 5437 tingere;
2541 5364 2833 5436 quomodo
2882 5363 3137 5415 clamant
3186 5360 3281 5415 isti
3331 5359 3606 5427 haeretici,
3657 5359 3822 5428 Veni,

2116 5456 2266 5523 veni,
2302 5455 2393 5509 hic
2425 5454 2642 5509 habes:
2679 5468 2792 5506 non
2828 5448 3125 5506 inveniens
3157 5450 3258 5507 illa
3289 5449 3541 5522 requiem
3575 5448 3823 5520 pedibus

2185 5591 2198 5622 ι
2233 5586 2390 5640 Editi,
2423 5588 2615 5634 mittat.
2648 5586 2796 5643 Mss,
2829 5586 3015 5635 mittet.

2181 5649 2202 5682 ‘3
2232 5648 2318 5697 Sic
2353 5650 2407 5698 in
2438 5648 2560 5699 Mss.
2596 5652 2662 5701 At
2691 5650 2747 5699 in
2778 5649 2951 5707 editis,
2982 5648 3282 5700 siccarctur.
