4170 6188
290 275 448 337 M35

287 413 429 482 suis,
463 428 689 468 reversa
717 416 806 467 est
835 412 904 466 ad
945 428 1157 468 arcam.
1205 413 1273 468 Et
1322 414 1482 468 misit
1533 413 1689 468 illam
1741 411 1858 466 Noe
1887 409 2000 463 ite-

288 519 441 567 rum,
469 501 618 556 sicut
643 518 745 556 vos
778 501 956 555 mittit
978 519 1130 568 arca,
1167 501 1567 572 utloquamini
1597 501 1752 556 illis:
1786 508 1837 554 et
1861 498 1999 570 quid

296 591 431 645 fecit
463 595 662 661 postea
692 591 1006 646 columba?
1037 592 1178 656 Quia
1210 597 1378 648 erant
1425 593 1586 663 ligna
1636 591 1774 646 foris
1807 588 2000 659 bapti-

295 686 442 746 zata,
478 682 790 750 reportavit
819 682 888 736 ad
924 697 1118 736 arcam
1162 698 1384 737 ramum
1439 684 1509 736 de
1557 681 1728 737 oliva.
1785 683 2002 734 Ramus

295 771 389 825 ille
422 775 478 825 et
511 770 646 826 folia
668 775 723 826 et
750 771 1000 826 fructum
1038 772 1285 826 habebat
1327 772 1480 843 (Gen.
1508 789 1627 836 νιιι,
1659 772 1814 837 6-11)
1851 785 1999 824 :non

292 859 410 912 sint
489 859 546 912 in
600 869 649 914 le
677 858 800 914 sola
849 861 1040 925 verba,
1095 876 1206 916 non
1240 859 1355 914 sint
1387 861 1446 915 in
1478 865 1534 914 te
1565 859 1690 914 sola
1720 858 1894 923 folia;
1929 856 2005 911 sit

290 949 534 1013 fructus,
581 953 636 1003 et
686 948 838 1002 redis
887 948 957 1003 ad
1005 965 1218 1015 arcam,
1274 966 1385 1004 non
1437 965 1537 1020 per
1581 949 1855 1020 teipsum,
1905 961 2004 1001 co—

295 1036 496 1090 lumba
511 1041 563 1091 te
588 1041 833 1092 revocat.
851 1036 1074 1092 Gemite
1101 1038 1259 1103 foris,
1285 1043 1347 1092 ut
1374 1038 1504 1093 illos
1523 1039 1673 1092 intro
1702 1036 2002 1092 revocatis.

367 1127 454 1178 20.
490 1125 715 1180 Etenim
767 1125 991 1181 fructus
1042 1127 1151 1181 iste
1182 1127 1362 1197 olivae,
1416 1127 1463 1182 si
1506 1127 1875 1190 discutiatur,
1910 1126 1999 1180 in-

297 1214 490 1269 venies
521 1215 658 1284 quid
686 1215 824 1269 erat.
851 1214 1020 1270 Olivze
1052 1216 1296 1283 fructus,
1328 1216 1667 1271 charitatem
1690 1215 2000 1286 signiﬁcat.

296 1300 458 1358 Unde
488 1302 595 1358 hoc
628 1304 937 1374 probamus
960 1303 987 1357 ?
1031 1304 1330 1369 Quomodo
1369 1305 1525 1360 enim
1557 1306 1750 1360 oleum
1782 1322 1814 1360 a
1845 1305 2002 1360 nullo

298 1394 544 1448 humore
583 1395 890 1464 premitur,
941 1395 1040 1449 sed
1092 1395 1374 1468 disruptis
1422 1396 1697 1452 omnibus
1728 1396 1920 1450 exsilit
1950 1403 2004 1451 et

297 1483 731 1553 supereminet:
787 1483 871 1536 sic
921 1488 978 1538 et
1026 1482 1280 1539 charitas
1326 1499 1437 1538 non
1489 1489 1677 1554 potest
1725 1484 1909 1556 premi
1943 1484 2004 1539 in

292 1574 409 1626 ima
444 1591 455 1638 ;
492 1589 724 1627 necesse
747 1579 835 1627 est
867 1573 1016 1627 utad
1051 1591 1298 1645 superna
1332 1575 1584 1630 emineat
1620 1578 1658 1630 ι.
1701 1575 2006 1645 Propterea

297 1662 364 1716 de
396 1661 494 1715 illa
517 1661 657 1716 dicit
678 1664 1007 1733 Apostolus,
1033 1663 1217 1718 Adhuc
1252 1666 1828 1735 supereminentiorem
1858 1665 2005 1720 viam

296 1751 442 1804 vobis
465 1750 795 1807 demonstro.
831 1752 979 1818 Quia
1028 1753 1280 1808 diximus
1327 1754 1396 1808 de
1427 1755 1573 1824 oleo,
1621 1755 1756 1826 quia
1802 1771 2008 1827 super-

295 1839 532 1905 eminet,
569 1856 639 1894 ne
664 1842 806 1894 forte
840 1857 952 1895 non
985 1842 1054 1895 de
1103 1842 1386 1898 charitate
1436 1844 1642 1898 dixerit
1673 1845 2005 1913 Apostolus,

297 1929 886 1999 Supereminentiorem
933 1931 1078 1986 viam
1109 1932 1265 1987 nobis
1310 1933 1639 2002 demonstro,
1672 1936 2004 2000 audiamus,

299 2018 439 2088 quid
473 2021 731 2090 sequitur
763 2037 775 2075 :
813 2022 873 2075 Si
903 2023 1105 2092 tinguis
1137 2021 1420 2077 hominum
1456 2024 1653 2094 loquar
1700 2029 1750 2080 et
1781 2023 2006 2094 angelo-

301 2128 446 2176 rum,
479 2112 809 2168 charitatem
842 2119 1027 2168 autem
1056 2131 1165 2170 non
1203 2117 1453 2185 habeam,
1503 2120 1678 2186 factus
1722 2135 1841 2172 sum
1882 2127 2005 2172 tan-

297 2216 462 2268 quam
485 2206 842 2257 wramentum
864 2219 1064 2258 sonans
1087 2213 1182 2258 aut
1203 2204 1523 2273 cymbalum
1548 2205 1800 2261 tinniens
1816 2207 1861 2277 (l
1886 2206 2008 2260 Cor.

299 2305 400 2356 xu,
431 2290 521 2357 31,
563 2307 686 2356 xm,
723 2293 795 2362 1).
850 2293 869 2346 l
922 2310 1098 2360 nunc,
1161 2294 1398 2362 Donate,
1457 2300 1510 2351 et
1569 2296 1777 2365 clama,
1821 2295 2007 2351 Diser-

301 2383 396 2432 tus
446 2395 576 2433 sum
614 2396 627 2434 :
665 2380 678 2433 i
722 2397 897 2449 nunc,
937 2387 992 2436 et
1040 2382 1245 2451 clama,
1280 2384 1492 2440 Doctus
1525 2402 1680 2442 sum.
1714 2388 2008 2454 Quantum

303 2467 556 2523 disertus
578 2469 606 2522 ?
626 2478 909 2540 quantum
937 2472 1140 2527 doctus
1165 2477 1192 2526 ?
1215 2475 1495 2545 numquid
1525 2476 1735 2546 linguis
1763 2476 2011 2546 Angelo-

302 2573 427 2612 rum
461 2558 690 2614 locutus
725 2576 783 2615 es
811 2562 840 2615 ‘2
873 2563 936 2615 Et
974 2567 1165 2617 tamen
1200 2565 1248 2618 si
1293 2563 1504 2637 linguis
1530 2566 1885 2636 Angelorum
1919 2567 2010 2622 lo-

300 2647 578 2715 quereris,
613 2647 958 2704 charitatem
1015 2668 1126 2706 non
1180 2652 1424 2720 habens,
1467 2655 1724 2709 audirem
1763 2671 1874 2710 aera
1919 2672 2012 2711 so-

303 2737 506 2792 nantia
532 2745 585 2792 et
633 2739 897 2808 cymbala
952 2741 1280 2797 tinnientia.
1339 2744 1702 2800 Soliditatem
1749 2745 2008 2816 aliquam

303 2841 498 2895 quem,
556 2826 804 2881 fructum
855 2829 908 2882 in
965 2827 1116 2884 foliis
1167 2831 1507 2886 inveniam:
1562 2849 1677 2888 non
1727 2833 1846 2888 sint
1891 2833 2013 2889 sola

307 2917 500 2980 verba,
546 2917 798 2973 habeant
829 2918 1060 2986 olivam,
1092 2920 1330 2977 redeant
1361 2925 1430 2977 ad
1466 2940 1679 2979 arcam.

379 3005 465 3058 21.
500 3006 628 3071 Sed,
665 3007 917 3077 inquies,
962 3007 1146 3065 habeo
1197 3017 1652 3068 sacramentum.
1687 3013 1896 3070 Verum
1929 3015 2018 3070 di-

305 3093 386 3147 cis
417 3109 428 3147 :
466 3093 906 3150 Sacramentum
953 3098 1209 3154 divinum
1238 3106 1321 3157 est
1353 3120 1367 3168 ;
1395 3101 1571 3157 habes
1614 3103 1934 3174 Baptisma,
1963 3107 2019 3158 et

305 3199 408 3252 ego
460 3184 754 3240 confiteor.
809 3187 918 3241 Sed
971 3188 1109 3258 quid
1163 3190 1304 3245 dicit
1352 3192 1505 3247 idem
1555 3193 1851 3263 apostolus
1882 3193 1908 3246 ?
1959 3193 2020 3248 Si

305 3271 480 3325 sciero
528 3273 718 3326 omnia
785 3282 1152 3342 sacramenta,
1203 3287 1252 3332 et
1283 3279 1522 3335 habuero
1573 3279 1916 3351 praphetiam
1966 3285 2019 3336 et

307 3374 523 3415 omnem
555 3359 738 3430 ﬁdem,
790 3363 864 3416 ita
916 3371 976 3417 ut
1022 3370 1230 3420 montes
1262 3373 1592 3438 trans/eram
1615 3385 1634 3424 :
1687 3386 1757 3426 ne
1791 3370 1932 3425 forte
1963 3374 2020 3426 et

311 3449 419 3503 hoc
452 3448 694 3519 diceres,
727 3450 975 3516 Credidi,
1001 3454 1220 3512 sufﬁcit
1253 3457 1418 3512 mihi.
1453 3459 1562 3514 Sed
1589 3460 1724 3531 quid
1760 3459 2017 3514 dicitJa-

313 3539 493 3593 cobus
525 3538 552 3593 Ἰ
585 3540 642 3593 Et
691 3541 963 3598 daemones
1001 3545 1246 3613 credunt,
1282 3553 1328 3602 et
1360 3551 1787 3604 contremiscunt
1817 3550 2022 3621 (Jacobi

312 3644 372 3696 ιι,
399 3630 508 3701 19).
545 3629 750 3702 Magna
781 3639 867 3688 est
899 3633 1060 3698 ﬁdes,
1096 3637 1194 3691 sed
1231 3638 1382 3692 nihil
1415 3641 1646 3711 prodest
1689 3639 1736 3696 si
1780 3658 1892 3695 non
1927 3641 2022 3696 ha-

312 3717 822 3777 beatcharitatem.
849 3725 1280 3781 Confitebantur
1302 3733 1356 3784 et
1378 3729 1668 3786 daemones
1699 3731 2020 3786 Christum.

310 3805 458 3879 Ergo
500 3811 807 3880 credendo,
860 3816 957 3869 sed
1021 3832 1130 3870 non
1193 3817 1484 3890 diligendo
1534 3820 1822 3888 dicebant,
1876 3819 2023 3890 Quid

311 3898 462 3952 nobis
493 3903 545 3952 et
577 3901 703 3955 tibis
734 3902 923 3972 (Marc.
961 3922 996 3971 ι,
1031 3906 1123 3976 24)
1153 3905 1180 3958 ?
1203 3907 1394 3961 Fidem
1439 3910 1742 3973 habebant,
1775 3910 2023 3965 charita-

311 3992 426 4041 tem
463 4005 577 4043 non
598 3988 892 4046 habebant
923 4009 936 4047 :
973 3993 1100 4049 ideo
1131 3995 1422 4051 daemones
1445 4003 1623 4051 erant.
1657 3997 1779 4052 Noli
1821 3999 1889 4052 de
1914 3999 2024 4053 {ide

309 4075 541 4150 gloriari
570 4097 581 4147 ;
617 4081 804 4136 adhuc
825 4082 1186 4141 daemonibus
1211 4090 1638 4158 comparandus
1670 4105 1747 4144 es.
1789 4090 1915 4145 Noli
1941 4091 2024 4144 di-

313 4182 440 4223 cere
471 4168 698 4224 Christo
731 4169 771 4237 ε,
805 4171 948 4228 Mihi
985 4179 1041 4229 et
1098 4175 1201 4229 tibi
1252 4178 1387 4246 quid
1439 4182 1528 4233 est
1557 4178 1584 4231 ?
1632 4177 1831 4234 Unitas
1868 4179 2022 4235 enim

313 4259 528 4314 Christi
561 4260 663 4315 tibi
694 4259 970 4332 loquitur.
1003 4263 1165 4334 Veni,
1200 4281 1483 4337 cognosce
1530 4283 1750 4340 pacem,
1794 4269 1914 4324 redi
1957 4270 2024 4325 ad

314 4349 538 4406 viscera
578 4350 882 4407 columbae.
937 4354 1098 4409 Foris
1147 4356 1469 4428 baptizatus
1519 4375 1623 4427 es;
1670 4357 1873 4414 habeto
1913 4360 2026 4414 fru-

320 4445 504 4505 ctum,
537 4445 593 4495 et
625 4442 778 4496 redis
809 4443 876 4496 ad
909 4459 1126 4501 arcam.

388 4529 476 4582 2‘2.
521 4527 587 4584 Et
619 4538 718 4585 tu:
771 4531 914 4594 Quid
951 4551 1055 4590 nos
1090 4539 1369 4608 quaeritis,
1404 4541 1452 4596 si
1486 4541 1621 4597 mali
1656 4544 1870 4598 sumus
1897 4542 1924 4595 ‘t
1955 4538 2028 4595 Ut

320 4618 489 4673 bonis
522 4619 669 4674 sitis.
704 4621 836 4676 Ideo
861 4640 960 4679 vos
984 4627 1321 4698 quaerimus,
1355 4632 1490 4700 quia
1521 4632 1657 4686 mali
1689 4632 1864 4688 estis:
1892 4645 2026 4686 nam

319 4710 368 4764 si
407 4708 541 4762 mali
576 4727 691 4765 non
723 4714 952 4780 essetis,
985 4717 1412 4777 invenissemus
1443 4739 1562 4790 vos,
1599 4740 1710 4778 non
1745 4740 1842 4778 vos
1878 4739 2027 4792 quie-

323 4823 598 4864 reremus.
635 4809 738 4874 Qui
782 4809 968 4866 bonus
999 4818 1106 4881 est,
1145 4815 1266 4885 jam
1308 4816 1576 4873 inventus
1608 4827 1692 4873 est
1725 4836 1737 4873 :
1773 4818 1868 4888 qui
1913 4835 2027 4872 ma-

323 4899 413 4954 lus
444 4902 551 4965 est,
596 4899 784 4954 adhuc
817 4902 1113 4971 quaeritur.
1167 4906 1300 4961 Ideo
1331 4923 1430 4961 vos
1461 4910 1776 4978 quaerimus
1810 4924 1822 4973 ;
1851 4907 2030 4962 redite

318 4990 389 5043 ad
425 5006 637 5044 arcam.
671 4989 780 5045 Sed
807 4993 932 5061 jam
967 4992 1150 5049 habeo
1184 4995 1574 5067 Baptismum.
1619 4998 1679 5053 Si
1724 4999 1909 5053 omnia
1938 5013 2031 5051 sa-

320 5084 600 5134 cramenta
639 5080 836 5149 sciero,
859 5088 910 5138 et
943 5082 1184 5140 habuero
1223 5086 1565 5157 praphetiam
1611 5093 1661 5142 et
1711 5105 1924 5144 omnem
1963 5087 2030 5152 ﬁ-

321 5167 463 5232 dem,
488 5171 568 5225 ita
599 5176 691 5226 uie
718 5183 932 5230 montes
963 5179 1320 5248 transferam,
1351 5180 1670 5233 charitalem
1705 5187 1885 5234 autem
1917 5195 2030 5232 non

327 5255 749 5325 habeam,nihil
779 5282 922 5320 sum.
978 5266 1252 5324 Fructum
1301 5269 1381 5324 ibi
1428 5269 1679 5339 videam,
1707 5270 1916 5324 olivam
1951 5268 2028 5323 ibi

323 5344 571 5412 videam,
603 5353 659 5401 et
686 5355 969 5410 revocaris
1000 5358 1068 5411 ad
1113 5375 1327 5414 arcam.

394 5433 481 5489 23.
517 5433 624 5488 Sed
661 5439 798 5504 quid
847 5442 932 5496 ais
962 5444 990 5498 ’Β
1036 5445 1177 5503 Ecce
1218 5465 1323 5504 nos
1354 5448 1538 5505 multa
1570 5449 1722 5506 mala
1753 5449 2028 5520 patimur.

391 5559 411 5632 ξ
440 5557 497 5632 La
529 5558 780 5632 omnibus
813 5563 1337 5632 {e_i_'e_Me_s.,iemicet.

389 5621 412 5656 ι
443 5622 528 5671 Sic
557 5623 679 5672 Mss.
711 5624 777 5672 At
810 5625 938 5673 editi
976 5638 990 5670 :
1021 5621 1140 5680 Νὸιε
1169 5621 1338 5683 dicere
1363 5637 1671 5686 christiano.

1240 276 1313 338 ΙΝ
1358 276 1681 340 JOANNIS
1730 264 2263 346 EVANGELIUM,
2313 277 2377 334 S.
2425 273 2849 337 AUGUSTINI

3657 268 3813 332 1436

2110 409 2238 464 Haec
2289 409 2334 463 si
2369 424 2468 480 pro
2497 410 2724 466 Christo
2770 409 3134 482 pateremini,
3185 426 3299 464 non
3355 423 3459 479 pro
3493 406 3814 462 honoribus

2110 499 2334 553 vestris.
2388 500 2597 554 Audite
2629 502 2779 570 quod
2834 500 3096 571 sequitur
3132 499 3399 569 :jactant
3429 512 3490 551 se
3523 495 3676 550 enim
3709 494 3813 549 ali-

2111 588 2366 660 quando,
2402 588 2540 658 quia
2567 590 2964 660 eleemosynas
2987 588 3201 643 multas
3237 586 3476 651 faciunt,
3501 586 3643 640 dant
3677 599 3818 655 pau-

2112 679 2349 749 peribus
2382 699 2395 747 ;
2431 681 2566 749 quia
2599 679 2901 750 patiuntur
2934 680 3222 736 molestias
3255 694 3266 734 :
3304 679 3398 733 sed
3437 693 3537 748 pro
3571 675 3817 742 Donato,

2113 783 2226 821 non
2261 783 2362 838 pro
2394 767 2641 823 Christo.
2671 769 2813 823 Vide
2840 767 3131 839 quomodo
3164 766 3440 838 patiaris:
3477 781 3610 819 nam
3643 765 3689 818 si
3719 781 3820 834 pro

2117 858 2334 912 Donato
2381 858 2614 928 pateris,
2669 875 2769 929 pro
2799 857 3046 928 superbo
3081 856 3294 929 pateris
3330 874 3342 922 ;
3388 871 3502 910 non
3536 870 3595 909 es
3628 854 3682 908 in
3718 869 3812 908 co-

2111 947 2331 1016 lumba,
2384 949 2427 1002 si
2479 966 2581 1020 pro
2631 949 2849 1004 Donato
2897 949 3127 1018 pateris.
3181 948 3304 1003 Non
3356 950 3480 1002 erat
3529 945 3624 1000 ille
3673 944 3824 998 ami-

2112 1054 2216 1093 cus
2247 1039 2494 1108 sponsi:
2544 1056 2677 1096 nam
2719 1040 2768 1094 si
2816 1039 3040 1095 amicus
3101 1041 3254 1094 esset
3302 1035 3523 1109 sponsi,
3575 1033 3819 1107 gloriam

2114 1128 2314 1198 sponsi
2347 1133 2646 1198 quaereret,
2683 1145 2795 1184 non
2827 1145 2996 1184 suam
3023 1128 3209 1198 (Joan.
3242 1143 3326 1194 ιιι,
3356 1125 3466 1193 29).
3498 1122 3642 1180 Vide
3673 1124 3815 1190 ami,

2113 1233 2246 1271 cum
2294 1218 2496 1288 sponsi
2531 1219 2838 1284 dicentem,
2872 1219 2966 1273 Hic
2995 1223 3074 1273 est
3118 1216 3216 1288 qui
3259 1217 3520 1285 baptizat.
3556 1213 3656 1269 Ille
3702 1228 3824 1270 non

2112 1311 2234 1362 erat
2264 1307 2488 1362 amicus
2523 1309 2740 1378 sponsi,
2777 1324 2875 1379 pro
2924 1324 3036 1380 quo
3083 1308 3314 1379 pateris.
3348 1305 3473 1362 Non
3518 1304 3696 1359 habes
3729 1320 3822 1358 ve-

2113 1400 2257 1450 stem
2275 1396 2592 1466 nuptialem
2621 1413 2633 1462 ;
2651 1401 2705 1451 et
2723 1397 2769 1452 si
2789 1398 2856 1451 ad
2874 1396 3206 1452 convivium
3223 1394 3452 1461 venisti,
3481 1394 3634 1448 foras
3653 1392 3827 1447 habes

2115 1486 2260 1540 mitti
2293 1486 2512 1555 (Matth.
2544 1503 2682 1554 xxu,
2728 1486 2913 1559 11-13)
2940 1503 2953 1552 ;
2988 1486 3104 1541 imo
3137 1486 3271 1557 quia
3302 1485 3453 1540 foras
3480 1483 3702 1538 missus
3735 1498 3829 1539 es-

2115 1576 2243 1630 ideo
2279 1576 2451 1631 miser
2480 1593 2541 1631 es
2576 1592 2588 1631 :
2624 1576 2745 1631 redi
2779 1575 3116 1646 aliquando,
3149 1579 3204 1630 et
3236 1574 3349 1629 noli
3385 1572 3640 1645 gloriari.
3677 1571 3826 1626 Audi

2116 1666 2254 1735 quid
2290 1667 2446 1720 dicat
2476 1665 2789 1734 Apostolus
2815 1681 2827 1720 :
2862 1665 2922 1720 Si
2965 1665 3294 1721 distribuere
3325 1664 3511 1718 omnia
3541 1678 3660 1717 mea
3686 1678 3824 1731 pau-

2113 1753 2359 1825 peribus,
2388 1764 2437 1809 et
2469 1754 2745 1809 tradidero
2765 1770 2961 1825 corpus
2990 1770 3171 1809 meum
3201 1753 3271 1808 ad
3303 1751 3552 1818 ardeam,
3575 1750 3831 1805 charita-

2118 1849 2228 1897 tem
2257 1849 2438 1898 autem
2469 1859 2576 1898 non
2611 1843 2866 1898 habeam.
2901 1844 3042 1898 Ecce
3075 1843 3222 1914 quod
3251 1857 3362 1897 non
3396 1841 3596 1895 habes.
3630 1838 3690 1892 Si
3717 1844 3833 1893 tra-

2118 1932 2325 2001 didero,
2361 1935 2572 2004 inquit,
2603 1950 2794 2004 corpus
2816 1950 2995 1987 meum
3024 1938 3082 1987 ut
3115 1931 3386 1996 ardeam;
3417 1933 3475 1984 et
3505 1929 3704 2000 utique
3727 1944 3830 1999 pro

2122 2022 2356 2077 nomine
2387 2021 2599 2077 Christi
2635 2039 2648 2076 :
2683 2023 2780 2077 sed
2834 2022 2973 2093 quia
3016 2025 3156 2075 sunt
3205 2019 3371 2074 multi
3414 2019 3512 2089 qui
3537 2019 3830 2087 jactanter

2121 2111 2263 2166 illud
2301 2111 2536 2178 faciunt,
2572 2129 2686 2166 non
2734 2128 2865 2166 cum
2909 2109 3206 2177 charitate,
3260 2109 3407 2174 ideo,
3441 2108 3506 2162 Si
3552 2104 3828 2160 tradidero

2120 2219 2315 2272 corpus
2337 2218 2518 2257 meum
2541 2205 2598 2256 ut
2619 2200 2866 2266 ardeam,
2891 2201 3216 2254 charitatem
3235 2205 3415 2253 autem
3437 2212 3543 2251 non
3575 2195 3825 2263 habeam,

2119 2293 2259 2346 nihil
2291 2292 2430 2346 mihi
2457 2291 2674 2362 prodest
2703 2290 2752 2361 (Ι
2779 2291 2898 2347 Cor.
2935 2305 3057 2355 xm,
3079 2290 3134 2358 2,
3165 2289 3242 2360 3).
3263 2288 3549 2342 Charitate
3574 2286 3834 2340 fecerunt

2124 2387 2408 2453 martyres
2431 2381 2512 2437 illi
2537 2381 2635 2452 qui
2667 2381 2724 2435 in
2749 2383 3008 2451 tempore
3034 2377 3450 2450 persecutionis
3472 2376 3624 2447 passi
3650 2377 3829 2442 sunt;

2121 2474 2401 2529 charitate
2427 2473 2685 2527 fecerunt
2711 2487 2724 2523 :
2760 2471 2854 2526 isti
2880 2475 3072 2526 autem
3100 2470 3169 2525 de
3197 2473 3426 2523 tumore
3457 2476 3508 2522 et
3541 2465 3610 2521 de
3633 2480 3836 2535 super-

2123 2563 2217 2619 bia
2249 2564 2497 2630 faciunt;
2525 2578 2659 2616 nam
2680 2577 2808 2616 cum
2837 2565 3168 2630 persecutor
3189 2559 3360 2627 desit,
3384 2557 3610 2628 seipsos
3635 2555 3834 2626 praeci-

2126 2653 2331 2726 pitant.
2365 2650 2506 2707 Veni
2533 2667 2688 2722 ergo,
2721 2658 2780 2705 ut
2811 2650 3028 2706 habeas
3054 2649 3408 2706 charitatem.
3440 2647 3550 2702 Sed
3586 2661 3691 2700 nos
3723 2645 3830 2700 ha-

2126 2744 2327 2800 bemus
2360 2746 2662 2814 martyres.
2686 2741 2839 2804 Quos
2860 2741 3184 2812 martyres?
3208 2737 3329 2794 Non
3362 2746 3493 2792 sunt
3516 2734 3825 2803 columbae,

2123 2837 2252 2891 ideo
2282 2835 2472 2889 volare
2505 2831 2689 2888 conati
2721 2836 2880 2899 sunt,
2911 2839 2964 2886 et
2997 2832 3064 2886 de
3095 2835 3256 2902 petra
3285 2828 3641 2885 ceciderunt.

2193 2925 2282 2978 24.
2317 2923 2524 2978 Omnia
2555 2938 2710 2993 ergo,
2737 2922 2939 2976 fratres
2973 2920 3108 2986 mei,
3142 2919 3372 2987 videtis,
3406 2917 3545 2988 quia
3575 2916 3831 2972 clamant

2125 3014 2407 3070 adversus
2450 3012 2597 3080 illos,
2623 3028 2828 3068 omnes
2852 3012 3074 3082 paginae
3108 3009 3338 3076 divinae,
3363 3008 3554 3064 omnis
3589 3007 3834 3078 prophe-

2128 3105 2227 3175 tia,
2279 3109 2465 3160 totum
2515 3103 2918 3174 Evangelium,
2983 3118 3186 3157 omnes
3232 3098 3558 3172 apostolicae
3610 3097 3834 3165 littere,

2127 3195 2320 3250 omnis
2352 3193 2602 3265 gemitus
2629 3193 2947 3257 columbae;
2982 3196 3038 3246 et
3070 3191 3327 3246 nondum
3359 3188 3655 3259 evigilant,
3689 3204 3837 3242 non-

2128 3285 2266 3338 dum
2281 3283 2782 3355 expergiscuntur.
2799 3282 2904 3338 Sed
2921 3281 2969 3337 si
2984 3281 3256 3337 columba
3270 3293 3838 3347 sumus,gemamus,

2129 3373 2464 3438 toleremus,
2498 3388 2832 3443 speremus;
2868 3369 3053 3426 aderit
3086 3368 3482 3426 misericordia
3514 3367 3635 3431 Dei,
3673 3371 3730 3420 ut
3758 3364 3838 3421 ef-

2131 3463 2344 3518 ferveat
2375 3463 2525 3533 ignis
2557 3462 2804 3531 Spiritus
2837 3460 3020 3517 sancti
3046 3461 3103 3514 in
3128 3458 3506 3530 simplicitate
3535 3459 3723 3511 vestra
3749 3457 3840 3521 ;et

2127 3552 2377 3607 venient.
2413 3553 2532 3606 Non
2565 3555 2651 3606 est
2681 3549 3144 3620 desperandum;
3173 3551 3348 3614 orate,
3395 3545 3714 3617 praedicata,
3748 3543 3842 3598 di-

2129 3641 2290 3714 ligite
2316 3658 2328 3710 ;
2357 3657 2593 3712 prorsus
2619 3644 2819 3712 potens
2835 3647 2918 3694 est
2938 3638 3239 3693 Dominus.
3264 3638 3389 3691 Jam
3414 3637 3714 3706 cmpcrunt
3733 3647 3838 3688 co-

2131 3747 2405 3803 gnoscere
2452 3730 2700 3786 frontem
2732 3745 2891 3784 suam
2927 3744 2939 3782 :
2996 3726 3158 3782 multi
3200 3727 3611 3797 cognoverunt,
3665 3721 3838 3777 multi

2131 3824 2486 3877 erubuerunt
2519 3820 2742 3888 ;aderit
2763 3818 3045 3884 Christus,
3073 3822 3135 3872 ut
3167 3821 3520 3889 cognoscant
3552 3813 3834 3870 etcaateri.

2134 3915 2200 3966 Et
2238 3917 2413 3977 certe,
2446 3911 2653 3967 fratres
2686 3910 2820 3976 mei,
2873 3908 2958 3964 vel
3010 3907 3175 3980 palea
3224 3906 3346 3962 sola
3394 3907 3472 3961 ibi
3519 3909 3836 3971 remaneat,

2133 4001 2330 4057 omnia
2361 4019 2542 4073 grana
2574 4001 2922 4072 colligantur
2952 4017 2966 4055 :
3003 3997 3289 4071 quidquid
3322 3997 3399 4052 ibi
3452 3995 3840 4065 fructiﬁcavit,

2134 4092 2329 4148 redeat
2360 4092 2428 4146 ad
2463 4109 2657 4146 arcam
2693 4107 2791 4163 per
2821 4090 3172 4146 columbam.

2203 4182 2292 4236 25.
2336 4182 2502 4237 Modo
2557 4180 2892 4236 deficientes
2943 4179 3178 4249 ubique,
3229 4176 3364 4248 quid
3415 4176 3582 4230 nobis
3633 4189 3846 4244 propo-

2136 4279 2306 4337 nunt,
2341 4287 2455 4327 non
2476 4270 2831 4325 invenientes
2863 4268 3003 4339 quid
3027 4268 3221 4322 dicant
3242 4264 3267 4320 2
3289 4265 3468 4320 Villas
3503 4268 3732 4319 nostras
3758 4267 3845 4316 tu-

2134 4361 2343 4430 lerunt,
2373 4362 2580 4416 fundos
2607 4363 2840 4415 nostros
2863 4359 3136 4413 tulerunt.
3169 4354 3476 4410 Proferunt
3499 4355 3848 4409 testamenta

2135 4450 2463 4506 hominum.
2499 4451 2641 4506 Ecce
2673 4449 2771 4504 ubi
2803 4447 2981 4503 Gaius
3012 4446 3179 4502 Seius
3210 4445 3444 4500 donavit
3471 4443 3714 4498 fundum
3741 4441 3847 4495 Ec—

2137 4538 2344 4601 clesiae,
2379 4539 2472 4594 cui
2505 4541 2748 4609 praeerat
2791 4536 3120 4591 Faustinus.
3170 4534 3346 4602 Cujus
3391 4531 3696 4603 episCOpus
3727 4531 3852 4583 erat

2139 4629 2452 4686 Faustinus
2497 4628 2766 4684 Ecclesiae
2797 4628 2824 4682 ?
2881 4627 3019 4698 quid
3073 4629 3160 4680 est
3190 4621 3445 4678 Ecclesia
3473 4620 3500 4673 ?
3551 4618 3849 4686 Ecclesiae,

2138 4721 2304 4786 dixit,
2335 4722 2428 4776 cui
2459 4724 2703 4793 praeerat
2734 4719 3047 4774 Faustinus
3075 4733 3087 4771 :
3121 4716 3220 4770 sed
3256 4728 3368 4767 non
3402 4710 3666 4766 Ecclesiae
3699 4725 3849 4779 prae-

2139 4815 2261 4867 erat
2312 4811 2640 4877 Faustinus,
2688 4810 2786 4865 sed
2824 4807 2965 4880 parti
3013 4808 3271 4878 praerat.
3323 4801 3605 4856 Columba
3654 4804 3850 4854 autem

2139 4901 2397 4957 Ecclesia
2429 4909 2532 4956 est.
2568 4899 2713 4963 Quid
2748 4897 3012 4953 clamas?
3056 4896 3177 4949 Non
3229 4889 3631 4948 devoravimus
3663 4886 3851 4955 villas,

2138 4991 2404 5047 columba
2438 4991 2566 5045 illas
2595 4989 2804 5044 habeat
2839 5005 2849 5042 :
2887 4991 3181 5059 qumratur
3215 5000 3338 5055 quae
3369 4982 3445 5036 sit
3476 4978 3767 5043 columba,
3801 4981 3859 5031 et

2137 5083 2266 5154 ipsa
2283 5082 2661 5138 habeat.Nam
2679 5080 2882 5146 nostis,
2910 5080 3113 5134 fratres
3132 5075 3404 5145 mei,quia
3426 5072 3575 5127 villa:
3599 5069 3726 5124 istae
3739 5085 3858 5123 non

2140 5180 2276 5228 sunt
2299 5171 2633 5243 Augustini:
2659 5170 2779 5226 etsi
2799 5187 2908 5225 non
2940 5168 3146 5233 nostis,
3171 5170 3228 5221 et
3252 5162 3465 5234 putatis
3488 5176 3580 5214 me
3606 5159 3858 5231 gaudere

2139 5247 2199 5316 in
2233 5261 2593 5332 possessione
2615 5260 2906 5329 villarum,
2931 5257 3083 5312 Deus
3109 5253 3286 5321 novit,
3318 5251 3440 5321 ipse
3463 5249 3572 5304 scit
3593 5248 3730 5319 quid
3754 5263 3858 5319 ego

2143 5351 2212 5408 de
2237 5351 2328 5406 ilis
2350 5351 2500 5406 villis
2545 5350 2813 5416 sentiam,
2836 5347 2923 5404 vel
2971 5347 3110 5417 quid
3134 5344 3212 5400 ibi
3237 5342 3505 5398 sufferam
3533 5356 3547 5406 ;
3581 5337 3737 5393 novit
3757 5352 3863 5407 ge~

2143 5440 2326 5496 mitus
2352 5455 2535 5505 meos,
2559 5440 2608 5495 si
2635 5439 2776 5493 mihi
2802 5437 3021 5508 aliquid
3054 5436 3124 5490 de
3156 5431 3428 5488 columba
3452 5425 3747 5498 impertire
3771 5425 3860 5480 di-

2143 5533 2354 5602 gnatus
2377 5531 2649 5586 est.Ecce
2669 5534 2805 5586 sunt
2827 5528 2971 5584 villa;
3006 5542 3152 5598 :quo
3187 5523 3319 5594 jure
3349 5518 3613 5576 defendis
3656 5515 3864 5572 villas?

2142 5619 2340 5676 divino
2353 5635 2426 5676 an
2441 5619 2734 5676 humano?
2758 5616 3189 5689 Respondeant:
3217 5609 3603 5680 Divinumjus
3625 5606 3684 5663 in
3708 5604 3861 5661 Scri-
