4170 6188
265 227 435 293 H37

262 368 458 442 pluris
471 368 778 435 habemus,
802 366 1235 439 humanumjus
1258 367 1316 423 in
1343 368 1568 440 legibus
1583 386 1806 441 regum.
1828 372 1987 429 Unde

260 459 515 531 quisque
547 456 811 529 possidet
842 457 995 529 quod
1029 456 1992 529 possidetPnonnejurehumanoP

260 549 409 605 Nam
438 551 572 620 jure
605 548 824 613 divino,
861 547 1093 603 Domini
1128 559 1214 603 est
1256 553 1409 602 terra
1442 554 1500 603 et
1532 548 1837 619 plenitudo
1862 552 1990 621 ejus

259 641 436 709 (Psal.
459 655 622 706 χχιιι,
657 640 740 712 1);
776 654 1063 711 pauperes
1092 647 1146 694 et
1179 638 1383 694 divites
1408 640 1556 695 Deus
1587 640 1658 697 de
1694 657 1807 696 uno
1855 641 1992 696 limo

259 732 420 797 fecit,
453 737 511 787 et
543 746 827 803 pauperes
848 733 905 786 et
925 731 1134 786 divites
1166 748 1282 785 una
1314 735 1469 785 terra
1509 736 1834 802 supportat.
1857 733 1992 788 Jure

259 824 462 876 tamen
513 820 776 876 humano
803 819 964 885 dicit,
995 819 1125 874 Haec
1161 818 1296 874 villa
1330 836 1456 875 mea
1485 824 1594 887 est,
1628 819 1749 875 haec
1780 822 1991 876 domus

256 924 415 973 mea,
450 908 549 965 hic
580 924 784 965 servus
826 924 991 964 meus
1048 913 1154 965 est.
1200 909 1341 965 Jure
1374 925 1507 981 ergo
1551 910 1827 977 humano,
1859 912 1990 980 jure

254 999 709 1070 imperatorum.
739 999 924 1063 Quare
945 1000 972 1055 ?
995 999 1141 1065 Quia
1163 999 1444 1070 ipsajura
1475 999 1733 1056 humana
1756 1017 1855 1072 per
1877 1001 1985 1057 im-

256 1099 566 1160 peratores
592 1095 649 1145 et
702 1105 865 1160 reges
894 1089 1089 1144 saeculi
1123 1088 1277 1145 Deus
1311 1089 1620 1147 distribuit
1648 1091 1839 1159 generi
1876 1091 1983 1145 hu-

256 1196 467 1236 mano.
498 1178 689 1234 Vultis
720 1179 982 1251 legamus
1016 1179 1172 1251 leges
1205 1179 1649 1249 imperatorum,
1684 1185 1739 1236 et
1771 1197 1985 1235 secun-

254 1269 592 1340 dumipsas
621 1284 859 1339 agamus
890 1269 960 1323 de
1008 1267 1208 1323 villis?
1237 1268 1293 1322 Si
1339 1268 1471 1337 jure
1518 1268 1772 1324 humano
1813 1270 1985 1326 vultis

254 1359 588 1430 possidere,
624 1359 940 1414 recitemus
973 1359 1127 1428 leges
1176 1358 1599 1429 imperatorum
1634 1375 1648 1413 :
1684 1360 1983 1415 videamus

256 1450 307 1504 si
341 1449 657 1504 voluerunt
684 1448 907 1519 aliquid
936 1453 1007 1505 ab
1042 1448 1325 1504 haereticis
1359 1448 1661 1520 possideri.
1698 1450 1806 1503 Sed
1842 1450 1981 1520 quid

258 1537 407 1593 mihi
442 1543 534 1593 est.
565 1540 929 1610 imperator?
976 1539 1313 1595 Secundum
1358 1542 1458 1609 jus
1500 1539 1683 1609 ipsius
1714 1540 1984 1610 possides

256 1633 497 1683 terram.
541 1632 655 1683 Aut
713 1628 850 1683 tolle
894 1628 1030 1698 jura
1077 1630 1597 1700 imperatorum,et
1646 1629 1775 1699 quis
1812 1630 1985 1684 audet

258 1719 455 1774 dicere
487 1735 500 1771 :
536 1718 661 1774 Mea
704 1723 809 1774 est.
840 1718 939 1773 illa
989 1718 1143 1786 villa,
1175 1727 1269 1774 aut
1303 1735 1466 1774 meus
1497 1724 1587 1776 est
1628 1719 1722 1774 ille
1757 1735 1977 1787 servus,

259 1813 363 1862 aut
394 1809 610 1863 domus
644 1808 761 1863 hszc
795 1824 923 1863 mea
945 1813 1033 1864 est
1063 1808 1089 1863 ‘I
1126 1809 1184 1864 Si
1217 1814 1410 1865 autem
1442 1814 1505 1864 ut
1535 1812 1847 1865 teneantur
1868 1809 1983 1865 ista

258 1895 335 1949 ab
367 1896 881 1967 hominibus,jura
928 1901 1273 1968 acceperunt
1303 1914 1527 1969 regum,
1553 1896 1731 1953 vultis
1776 1899 1979 1953 recite—

260 1998 395 2039 mus
429 1984 605 2055 leges,
636 1990 697 2040 ut
726 1985 1027 2056 gaudeatis
1048 1986 1185 2057 quia
1210 1988 1302 2041 vel
1340 2002 1523 2041 unum
1548 1986 1783 2041 hortum
1808 1986 1981 2040 habe-

260 2076 359 2139 tis,
392 2079 452 2130 et
477 2092 589 2130 non
614 2076 689 2131 im
702 2076 917 2146 putetis
936 2077 1049 2132 nisi
1066 2077 1498 2132 mansuetudini
1522 2076 1827 2145 columbae,
1847 2076 1985 2147 quia

262 2164 349 2220 vel
384 2165 468 2220 ibi
495 2166 661 2221 vobis
692 2166 1051 2237 permittitur
1081 2167 1468 2238 permanere?
1498 2168 1796 2239 Leguntur
1826 2166 1981 2221 enim

264 2255 425 2325 leges
450 2255 796 2325 manifestas,
823 2256 919 2311 ubi
936 2266 1327 2328 praeceperunt
1348 2257 1743 2328 imperatores,
1768 2273 1865 2313 eos
1883 2254 1983 2327 qui

264 2361 377 2416 pre
388 2351 475 2400 ter
487 2343 761 2401 Ecclesiae
774 2345 1069 2401 catholica:
1084 2362 1207 2401 com
1220 2363 1271 2401 m
1283 2347 1555 2402 unionem
1572 2363 1675 2401 usu
1687 2351 1857 2418 rpant
1871 2343 1983 2402 sibi

262 2451 478 2491 nomen
508 2434 934 2505 Christianum,
968 2451 1071 2491 nee
1104 2436 1306 2491 volunt
1357 2436 1415 2492 in
1450 2452 1587 2507 pace
1610 2438 1795 2491 colere
1824 2436 1982 2507 pacis

262 2533 587 2593 auctorem,
621 2525 766 2581 nihil
800 2526 1031 2581 nomine
1053 2525 1324 2581 Ecclesiae
1371 2528 1627 2582 audeant
1668 2526 1979 2597 possidere.

335 2615 426 2670 26.
458 2616 570 2671 Sed
592 2615 731 2686 quid
758 2614 925 2671 nobis
955 2618 1013 2670 et
1045 2616 1429 2687 imperatori?
1461 2615 1571 2671 Sed
1587 2616 1711 2685 jam
1742 2616 1883 2681 dixi,
1914 2617 1982 2671 de

259 2714 388 2783 jure
417 2712 676 2767 humano
706 2712 921 2784 agitur.
949 2716 1010 2767 Et
1031 2717 1224 2769 tamen
1246 2712 1558 2782 Apostolus
1581 2713 1758 2768 voluit
1782 2712 1982 2769 serviri

261 2802 525 2874 regibus,
551 2801 733 2857 voluit
783 2802 1054 2858 honorari
1077 2819 1264 2875 reges,
1296 2808 1353 2859 et
1383 2802 1525 2858 dixit
1559 2819 1573 2858 :
1606 2805 1802 2871 Regem
1841 2818 1983 2858 reve-

262 2894 467 2947 remini
512 2892 563 2965 (Ι
594 2895 744 2948 Patr.
779 2910 843 2961 ιι,
908 2892 1017 2965 17.)
1065 2892 1191 2948 Noli
1251 2894 1487 2949 dicere:
1538 2893 1681 2957 Quid
1736 2893 1879 2947 mihi
1929 2899 1983 2948 et

265 2983 381 3054 regi
403 2983 433 3037 ?
465 2984 613 3048 Quid
657 2983 764 3038 tibi
797 2999 931 3055 ergo
978 2988 1036 3039 et
1066 2983 1463 3054 possessioni?
1495 2983 1599 3037 Per
1620 2983 1754 3053 jura
1786 2998 1980 3054 regum

264 3074 640 3145 possidentur
670 3074 1089 3146 possessiones.
1124 3075 1349 3143 Dixisti,
1379 3074 1526 3139 Quid
1560 3074 1701 3129 mibi
1730 3078 1784 3129 et
1815 3074 1984 3145 regi?

266 3164 376 3219 noli
408 3164 605 3221 dicere
630 3164 1027 3235 possessiones
1074 3168 1238 3225 tuas;
1273 3164 1409 3235 quia
1454 3163 1527 3219 ad
1558 3164 1683 3234 ipsa
1709 3164 1843 3235 jura
1877 3163 1983 3219 bu-

270 3271 440 3309 mana
470 3254 852 3324 renuntiasti,
887 3254 1101 3325 quibus
1156 3255 1528 3326 possidentur
1560 3254 1979 3325 possessiones.

263 3344 366 3398 Sed
402 3344 475 3399 de
508 3344 709 3399 divino
733 3344 868 3414 jure
900 3360 1025 3416 ago,
1061 3343 1159 3398 ait.
1194 3348 1339 3415 Ergo
1382 3344 1752 3413 Evangelium
1778 3344 1981 3399 recite-

264 3451 435 3501 mus;
467 3436 775 3492 videamus
810 3452 926 3505 quo
958 3451 1142 3506 usque
1174 3435 1425 3491 Ecclesia
1456 3433 1741 3490 catholica
1770 3432 1983 3491 Christi

264 3532 371 3591 est,
409 3542 590 3596 super
615 3541 787 3595 quem
822 3525 978 3581 venit
1018 3524 1311 3592 columba,
1346 3543 1474 3597 qua:
1523 3525 1736 3591 docuit,
1780 3525 1876 3579 Hic
1903 3527 1983 3578 est

267 3618 357 3686 qui
380 3616 652 3685 baplimt.
673 3615 975 3678 Quomodo
997 3631 1132 3687 ergo
1156 3616 1289 3685 jure
1322 3617 1519 3671 divino
1542 3614 1854 3685 possideat,
1881 3612 1981 3684 qui

264 3704 427 3769 dicit,
458 3703 574 3774 Ego
616 3703 887 3776 baptizo;
930 3721 1061 3761 cum
1115 3706 1273 3761 dicat
1313 3706 1609 3772 columba,
1655 3706 1757 3759 Hic
1775 3710 1855 3760 est
1886 3704 1985 3775 qui

266 3793 548 3863 baptizat;
584 3809 718 3847 cum
753 3794 909 3849 dicat
941 3795 1259 3866 Scriptura.
1297 3796 1420 3851 Una
1452 3801 1529 3850 est
1557 3792 1805 3849 columba
1838 3808 1978 3859 mea,

264 3899 374 3937 una
414 3891 501 3937 est
524 3885 699 3936 matri
728 3887 881 3940 suae?
911 3883 1098 3947 Quare
1139 3882 1403 3939 laniastis
1448 3884 1779 3939 columbam
1804 3882 1832 3935 ?
1860 3884 1982 3937 lmo

268 3973 529 4028 laniastis
562 3973 783 4029 viscera
811 3978 1002 4029 vestra
1034 3989 1048 4028 :
1076 3991 1208 4029 nam
1244 3974 1406 4029 vobis
1431 3974 1687 4040 laniatis,
1710 3972 1983 4028 columba

262 4062 483 4134 integra
530 4067 883 4133 perseverat.
917 4066 1087 4135 Ergo,
1125 4064 1329 4119 fratres
1384 4065 1521 4132 mei,
1546 4064 1595 4119 si
1629 4064 1841 4133 ubique
1866 4079 1980 4118 non

264 4152 481 4208 habent
503 4154 662 4223 quod
698 4151 916 4221 dicant,
959 4169 1064 4225 ego
1105 4154 1235 4209 dico
1276 4154 1425 4224 quod
1461 4153 1677 4209 faciant
1710 4152 1983 4207 :veniant

266 4244 332 4299 ad
366 4242 752 4309 Catholicam,
802 4253 853 4299 et
903 4245 1206 4299 nobiseum
1258 4244 1559 4299 habebunt
1617 4259 1732 4298 non
1788 4242 1978 4298 solum

262 4338 499 4400 terram,
551 4333 651 4388 sed
700 4332 1061 4389 etiamillum
1096 4335 1191 4404 qui
1236 4334 1365 4389 fecit
1396 4333 1606 4390 caelum
1660 4338 1717 4388 et
1741 4337 1977 4389 terram.

840 4441 1263 4499 TRACTATUS
1303 4441 1426 4498 VII.

265 4532 331 4586 Ab
359 4548 419 4588 eo
440 4532 586 4603 quod
636 4534 909 4601 scriptum
931 4537 1031 4599 est,
1060 4534 1130 4588 Et
1179 4549 1283 4604 ego
1314 4534 1453 4601 vidi,
1487 4538 1541 4589 et
1576 4536 1981 4593 testimonium

331 4622 606 4692 perbibui
640 4622 776 4693 quia
799 4622 892 4677 hic
923 4627 1008 4678 est
1037 4623 1215 4678 Filius
1240 4623 1361 4691 Dei,
1388 4640 1558 4695 usque
1586 4625 1643 4679 id
1672 4625 1764 4694 ad,
1796 4628 1978 4683 Amen

331 4710 463 4764 dico
526 4710 713 4776 vobis,
744 4708 1013 4764 videbitis
1059 4709 1271 4765 ccelum
1330 4715 1701 4781 apertum,et
1733 4713 1981 4784 Angelos

329 4798 719 4854 ascendentes
759 4804 815 4854 et
860 4800 1278 4855 descendentes
1328 4816 1504 4872 super
1554 4801 1767 4857 Filium
1795 4802 1981 4859 homi-

332 4888 441 4943 nis.
476 4890 610 4960 Cap.
647 4907 682 4957 l,
707 4892 757 4945 ὰ.
791 4890 988 4946 34-51.

332 4980 377 5031 1.
440 4979 893 5051 Congaudemus
952 4981 1286 5053 frequentiae
1345 4986 1569 5051 vestrae,
1621 4984 1759 5055 quia
1828 4984 1982 5041 ultra

261 5082 429 5138 quam
484 5086 721 5141 sperare
772 5071 1099 5143 potuimus,
1141 5071 1406 5127 alacriter
1455 5073 1827 5129 convenistis.
1864 5075 1979 5131 Hoc

263 5164 345 5214 est
376 5163 534 5231 quod
574 5178 679 5217 nos
702 5161 974 5232 laetificat,
999 5168 1053 5219 et
1075 5163 1411 5220 consolatur
1436 5163 1492 5219 in
1518 5166 1794 5220 omnibus
1818 5165 1979 5221 labo-

265 5248 435 5319 ribus,
470 5257 529 5307 et
562 5252 838 5322 periculis
872 5252 997 5309 vitae
1030 5253 1230 5325 hujus,
1264 5270 1430 5309 amor
1459 5260 1649 5310 vester
1681 5256 1739 5310 in
1772 5261 1975 5323 Deum,

263 5343 313 5392 et
344 5339 499 5410 pium
564 5342 849 5409 studium,
884 5351 942 5398 et
982 5346 1140 5399 certa
1192 5360 1347 5414 spes,
1380 5351 1435 5399 et
1486 5343 1668 5399 fervor
1710 5344 1977 5417 spiritus.

265 5430 515 5486 Audistis
551 5447 688 5487 cum
721 5431 990 5488 Psalmus
1040 5432 1348 5504 legeretur,
1374 5433 1510 5504 quia
1542 5432 1709 5505 inops
1738 5439 1795 5489 et
1826 5450 1979 5505 pau-

265 5532 357 5587 per
385 5521 599 5578 clamat
630 5522 701 5577 ad
736 5522 918 5579 Deum
969 5523 1028 5578 in
1056 5524 1160 5579 hoc
1192 5522 1405 5579 saeculo
1434 5524 1609 5595 (Ρειιι.
1646 5542 1837 5591 uxm,
1860 5525 1976 5596 21).

266 5605 374 5663 Vox
414 5612 573 5667 enim
629 5616 739 5681 est,
770 5618 836 5669 ut
882 5613 1099 5685 saepius
1128 5614 1397 5681 audistis,
1432 5617 1489 5669 et
1512 5614 1850 5671 meminisse
1880 5616 1971 5670 de-
2062 5636 2066 5641 ·

1529 226 1987 295 TRACTATUS
2030 228 2163 297 VII.
2210 234 2468 301 CAPUT
2510 238 2561 301 Ι.

3657 253 3811 319 M38

2100 373 2266 441 betis,
2292 393 2408 433 non
2443 378 2617 433 unius
2656 376 2934 450 hominis,
2966 384 3025 436 et
3068 384 3257 439 tamen
3293 387 3471 445 unius
3510 388 3805 449 hominis:

2103 481 2215 520 non
2250 468 2444 537 unius,
2472 468 2608 539 quia
2642 469 2840 525 fideles
2872 471 3083 540 multi;
3118 474 3302 531 multa
3330 479 3674 545 granainter
3704 499 3807 553 pa-

2100 555 2217 611 leas
2246 558 2559 627 gementia,
2593 559 2805 614 diffusa
2829 564 2946 615 toto
2970 562 3108 618 orbe
3141 571 3459 623 terrarum:
3496 570 3669 626 unius
3700 588 3811 628 au-

2101 649 2240 713 tem,
2274 648 2373 717 qui
2425 648 2687 704 membra
2724 648 2937 705 Christi
2991 668 3233 724 omnes;
3265 673 3330 711 ac
3363 674 3463 729 per
3496 658 3599 716 hoc
3633 676 3810 717 unum

2101 751 2331 806 corpus.
2367 740 2477 795 Iste
2508 756 2644 811 ergo
2677 738 2927 811 populus
2960 742 3126 814 inops
3150 749 3205 802 et
3238 764 3473 819 pauper,
3507 767 3620 806 non
3654 752 3809 809 novit

2101 826 2349 895 gaudere
2380 828 2448 882 de
2492 828 2729 883 saeculo:
2764 834 2820 884 et
2870 830 3031 887 dolor
3066 834 3194 903 ejus
3244 834 3405 893 intus
3448 844 3557 908 est,
3590 845 3645 896 et
3664 856 3809 912 gau«

2102 913 2259 970 dium
2294 916 2423 987 ejus
2454 918 2609 973 intus
2641 923 2750 986 est,
2774 919 2871 974 ubi
2895 937 3008 976 non
3040 923 3195 979 videt
3235 925 3345 982 nisi
3380 926 3475 983 ille
3509 931 3606 1000 qui
3635 947 3809 988 exau-

2099 1004 2185 1059 dit
2213 1012 2563 1077 gementem,
2597 1013 2653 1064 et
2680 1015 2917 1066 coronat
2946 1019 3297 1083 sperantem.
3332 1018 3559 1076 Letitia
3589 1022 3809 1093 saeculi,

2097 1095 2337 1151 vanitas.
2362 1097 2505 1151 Cum
2530 1114 2738 1171 magna
2760 1103 3195 1173 exspectatione
3220 1116 3486 1177 speratur
3510 1115 3574 1166 ut
3594 1112 3807 1179 veniat,

2095 1193 2148 1239 et
2180 1201 2294 1239 non
2329 1191 2514 1254 potest
2545 1189 2729 1243 teneri
2760 1206 2894 1245 cum
2940 1194 3182 1248 venerit.
3218 1195 3331 1251 Iste
3362 1199 3517 1253 enim
3551 1200 3675 1256 dies
3706 1202 3809 1272 qui

2093 1273 2258 1328 laetus
2299 1280 2386 1331 est
2420 1276 2658 1347 perditis
2709 1278 2878 1333 hodie
2926 1282 2986 1336 in
3020 1282 3127 1337 ista
3160 1284 3408 1354 civitate,
3442 1304 3569 1345 cras
3614 1290 3809 1361 utique

2098 1380 2207 1418 non
2240 1365 2387 1420 erit:
2424 1382 2529 1420 nec
2581 1366 2755 1422 iidem
2813 1368 2921 1440 ipsi
2957 1387 3082 1425 cras
3116 1372 3225 1430 hoc
3254 1380 3425 1430 erunt
3453 1379 3602 1448 quod
3637 1380 3810 1436 bodie

2093 1458 2251 1509 sunt.
2288 1455 2355 1508 Et
2388 1464 2683 1510 transeunt
2725 1460 2943 1527 omnia,
2987 1465 3042 1514 et
3073 1462 3299 1518 evolant
3329 1466 3550 1534 omnia,
3582 1472 3639 1522 et
3659 1467 3812 1524 sicut

2094 1542 2289 1599 fumus
2313 1551 2667 1601 vanescunt:
2698 1554 2754 1602 et
2772 1565 2853 1603 ve
2874 1550 2971 1620 qui
2998 1558 3201 1608 amant
3224 1553 3362 1609 talia
3389 1554 3401 1609 l
3426 1555 3633 1612 Omnis
3656 1557 3805 1614 enim

2092 1633 2285 1688 anima
2351 1636 2615 1705 sequitur
2663 1638 2818 1708 quod
2867 1644 3041 1695 amat.
3076 1641 3283 1699 Omnis
3317 1660 3449 1700 caro
3498 1646 3719 1712 fenum,
3753 1651 3812 1703 et

2091 1725 2284 1779 omnis
2316 1724 2501 1781 honor
2550 1729 2745 1783 carnis
2775 1730 2946 1799 quasi
2980 1731 3085 1787 ﬂos
3111 1733 3254 1801 feni;
3282 1736 3477 1792 fenum
3502 1737 3674 1805 aruit,
3700 1738 3809 1794 ﬂos

2090 1814 2342 1869 decidit:
2374 1814 2624 1871 Verbum
2680 1822 2867 1874 autem
2921 1822 3151 1876 Domini
3205 1832 3397 1882 manet
3429 1825 3488 1881 in
3520 1832 3805 1883 aeternum

2094 1900 2245 1972 (Isai.
2281 1919 2359 1969 x1,
2390 1904 2534 1975 6-8),
2595 1906 2736 1962 Ecce
2793 1908 2942 1976 quod
2996 1926 3182 1979 ames,
3212 1913 3262 1968 si
3311 1914 3398 1969 vis
3459 1931 3690 1972 manere
3748 1918 3807 1972 in

2095 1998 2399 2049 aeternum.
2432 1994 2543 2049 Sed
2575 1996 2765 2053 dicere
2812 1998 3101 2058 habebas:
3136 2002 3295 2059 Unde
3327 2021 3568 2075 possum
3600 2023 3807 2079 appre-

2097 2082 2347 2139 hendere
2404 2085 2655 2141 Verbum
2706 2087 2806 2144 Dei
2837 2088 2864 2143 ‘l
2893 2088 3142 2147 Verbum
3199 2110 3329 2150 caro
3363 2094 3576 2153 factum
3607 2106 3713 2163 est,
3748 2102 3807 2153 et

2095 2170 2375 2228 habitavit
2406 2173 2462 2228 in
2497 2176 2665 2231 nobis
2693 2176 2873 2247 (Joan.
2906 2196 2946 2244 ι,
2984 2181 3091 2251 14).

2164 2262 2217 2315 2.
2251 2262 2625 2335 Quapropter,
2658 2264 3007 2336 charissimi,
3042 2269 3112 2323 ad
3164 2271 3420 2342 inopiam
3454 2279 3717 2330 nostram
3750 2280 3806 2330 et

2094 2354 2490 2422 paupertatem
2515 2357 2778 2409 nostram
2812 2356 3099 2426 pertineat
3125 2361 3350 2430 etquod
3384 2361 3513 2417 illos
3537 2362 3806 2419 dolemus

2094 2439 2191 2509 qui
2237 2440 2349 2495 sibi
2384 2440 2682 2498 abundare
2716 2444 3009 2499 videntur.
3040 2447 3331 2503 Gaudium
3366 2450 3519 2505 enim
3545 2450 3805 2521 ipsorum

2094 2529 2257 2600 quasi
2293 2528 2765 2600 phreneticorum
2788 2535 3198 2598 est.Quomodo
3217 2541 3412 2593 autem
3434 2537 3806 2609 phreneticus

2092 2620 2305 2687 gaudet
2362 2620 2420 2674 in
2469 2619 2699 2677 insania
2759 2621 3124 2696 plerumque,
3157 2630 3215 2681 et
3263 2626 3536 2695 ridet;et
3581 2627 3808 2701 plangit

2093 2706 2260 2764 illum
2295 2710 2392 2781 qui
2427 2727 2607 2767 sanus
2638 2716 2727 2768 est
2759 2730 2772 2769 :
2808 2714 2891 2769 sic
2921 2718 2980 2769 et
3019 2731 3145 2783 nos,
3175 2715 3533 2787 charissimi,
3567 2718 3617 2774 si
3649 2735 3807 2775 rece-

2094 2797 2290 2867 pimus
2322 2800 2671 2857 medicinam
2722 2803 2792 2859 de
2841 2800 3551 2880 cmlo-venientem,quia
3597 2813 3656 2865 et
3700 2826 3807 2866 nos

2093 2902 2297 2942 omnes
2350 2888 2668 2959 phrenetici
2709 2909 2963 2961 eramus,
2992 2898 3275 2966 tanquam
3304 2898 3449 2953 salvi
3485 2898 3639 2966 facti,
3672 2898 3809 2969 quia

2093 2990 2161 3031 ea
2197 2993 2327 3048 quae
2383 2978 2772 3050 diligebamus
2831 2999 2945 3039 non
2995 2983 3321 3056 diligimus,
3373 3003 3677 3060 gemamus
3733 2988 3806 3043 ad

2092 3066 2276 3123 Deum
2337 3069 2408 3124 de
2448 3069 2517 3125 iis
2564 3070 2663 3143 qui
2695 3072 2885 3129 adhuc
2925 3073 3251 3133 insaniunt.
3284 3078 3496 3135 Potens
3528 3083 3620 3135 est
3647 3078 3805 3135 enim

2094 3162 2158 3211 ut
2239 3162 2296 3213 et
2363 3158 2518 3230 ipsos
2593 3160 2781 3217 salvos
2847 3164 3037 3219 faciat.
3095 3165 3165 3221 Et
3232 3183 3381 3237 opus
3446 3173 3531 3224 est
3599 3173 3660 3224 ut
3717 3184 3812 3224 re-

2092 3247 2341 3316 spiciant
2370 3264 2454 3318 se,
2488 3250 2913 3323 etdispliceant
2955 3255 3089 3311 sibi.
3135 3259 3409 3327 Spectare
3438 3257 3647 3314 volunt
3680 3261 3721 3325 ‘,
3752 3262 3812 3314 et

2093 3341 2354 3406 spectare
2402 3354 2463 3394 se
2519 3356 2633 3395 non
2684 3347 2985 3399 noverunt.
3011 3344 3153 3401 Nam
3187 3347 3230 3401 si
3266 3346 3632 3417 aliquantum
3666 3363 3805 3401 ocu-

2092 3426 2181 3482 los
2224 3428 2295 3482 ad
2350 3444 2411 3483 se
2480 3436 2835 3499 convertant,
2898 3434 3093 3489 vident
3162 3435 3559 3491 confusionem
3614 3450 3806 3491 suam.

2090 3516 2249 3579 Quod
2302 3515 2479 3573 donec
2530 3519 2651 3587 fiat,
2685 3520 2801 3575 alia
2860 3522 2979 3576 sint
3023 3524 3217 3577 studia
3275 3529 3492 3589 nostra,
3531 3524 3643 3578 alia
3688 3522 3809 3578 sint

2093 3611 2468 3662 avocamenta
2510 3607 2719 3663 animae
2760 3614 2995 3666 nostrae.
3029 3610 3166 3666 Plus
3213 3610 3364 3667 valet
3393 3610 3560 3667 dolor
3588 3616 3803 3681 noster,

2093 3712 2268 3767 quam
2301 3697 2582 3768 gaudium
2611 3698 2868 3756 illorum.
2890 3700 3180 3764 Quantum
3212 3703 3461 3775 pertinet
3490 3704 3561 3759 ad
3593 3718 3805 3759 nume-

2094 3803 2221 3842 rum
2256 3789 2525 3856 fratrum,
2551 3790 2788 3848 diftieile
2809 3796 2899 3848 est
2924 3797 2985 3848 ut
3006 3793 3318 3866 quisquam
3343 3792 3444 3850 illa
3474 3794 3807 3852 celebritate

2092 3881 2291 3947 raptus
2333 3880 2503 3934 fuerit
2540 3897 2607 3935 ex
2646 3881 2783 3937 viris
2815 3897 2829 3937 :
2870 3891 3152 3954 quantum
3195 3892 3385 3943 autem
3432 3883 3504 3941 ad
3535 3901 3805 3941 sororum

2095 3984 2426 4037 numerum,
2462 3971 2769 4027 contristat
2817 3988 2944 4041 nos,
2998 3978 3054 4030 et
3112 3974 3221 4031 hoc
3263 3976 3452 4048 magis
3490 3975 3805 4033 dolendum

2093 4062 2206 4127 est,
2240 4058 2378 4130 quia
2407 4075 2524 4115 non
2548 4060 2687 4132 ipse
2711 4061 2907 4132 potius
2928 4062 2999 4118 ad
3022 4063 3343 4121 Ecclesium
3364 4068 3632 4131 currunt,
3655 4081 3803 4135 quas

2098 4148 2302 4203 debuit
2334 4148 2382 4204 si
2414 4166 2529 4206 non
2552 4150 2745 4220 timor,
2773 4156 2929 4210 certe
2958 4153 3309 4210 verecundia
3349 4155 3419 4209 de
3452 4153 3681 4225 publico
3716 4170 3801 4208 re.

2091 4254 2315 4294 vocare.
2348 4238 2567 4295 Viderit
2604 4241 2705 4297 hoc
2729 4242 2829 4313 qui
2870 4241 3044 4309 videt,
3077 4249 3135 4298 et
3178 4243 3367 4298 aderit
3399 4241 3801 4297 misericordia

2092 4328 2241 4399 ejus,
2275 4333 2343 4384 ut
2389 4338 2549 4386 sanet
2596 4347 2819 4386 omnes.
2853 4331 2971 4387 Nos
3017 4336 3213 4388 autem
3266 4331 3364 4403 qui
3397 4330 3801 4399 convenimus,

2093 4435 2405 4491 pascamur
2433 4419 2621 4490 epulis
2652 4419 2774 4487 Dei,
2807 4426 2863 4475 et
2892 4422 2971 4476 sit
2999 4422 3280 4493 gaudium
3317 4424 3579 4477 nostrum
3614 4435 3801 4475 sermo

2092 4507 2301 4578 ipsius.
2330 4506 2596 4562 Invitavit
2641 4507 2798 4563 enim
2838 4524 2942 4563 nos
2979 4509 3050 4564 ad
3092 4507 3467 4581 Evangelium
3499 4524 3667 4564 suum
3701 4526 3715 4564 :
3748 4516 3803 4565 et

2092 4597 2220 4668 ipse
2248 4596 2417 4651 cibus
2449 4600 2649 4652 noster
2677 4600 2787 4665 est,
2820 4613 2935 4668 quo
2981 4597 3125 4653 nihil
3156 4597 3385 4655 dulcius
3419 4619 3433 4668 ;
3467 4598 3564 4655 sed
3588 4598 3637 4655 si
3668 4599 3804 4670 quis

2093 4685 2265 4742 habet
2297 4685 2553 4757 palatum
2578 4703 2789 4743 sanum
2820 4687 2880 4742 in
2905 4689 3099 4744 corde.

2161 4778 2214 4831 3.
2246 4783 2397 4833 Bene
2436 4782 2627 4834 autem
2660 4778 2910 4835 arbitror
2950 4778 3288 4837 meminisse
3320 4780 3677 4838 Charitatem
3708 4797 3803 4836 ve-

2091 4870 2271 4922 stram
2301 4866 2412 4922 hoc
2446 4866 2817 4938 Evangelium
2850 4867 3197 4925 lectionibus
3216 4870 3487 4939 congruis
3508 4886 3577 4925 ex
3598 4867 3800 4922 ordine

2092 4955 2321 5011 recitari
2356 4972 2369 5010 :
2402 4960 2459 5011 et
2485 4960 2622 5026 puto
2680 4957 2843 5013 vobis
2901 4975 3017 5014 non
3058 4958 3339 5015 excidisse
3378 4974 3502 5027 qua:
3527 4958 3651 5025 jam
3687 4965 3804 5011 tra-

2090 5050 2245 5101 ctata
2273 5049 2433 5112 sunt,
2469 5046 2716 5102 maxime
2737 5050 3056 5104 recentiora
3081 5050 3152 5103 de
3180 5050 3403 5102 Joanne
3422 5049 3479 5099 et
3507 5042 3801 5103 columba.

2090 5133 2170 5190 De
2221 5135 2441 5191 Joanne
2489 5135 2734 5204 scilicet,
2784 5138 2923 5209 quid
2986 5152 3196 5192 novum
3254 5133 3520 5190 didicerit
3575 5134 3635 5189 in
3693 5134 3803 5191 Do-

2091 5226 2252 5280 mino
2274 5241 2372 5296 per
2396 5225 2753 5293 columbam,
2787 5227 2887 5296 qui
2913 5227 3033 5296 jam
3076 5227 3316 5281 noverat
3362 5222 3697 5280 Dominum.
3734 5226 3802 5283 Et

2092 5312 2201 5369 hoc
2261 5313 2560 5368 inventum
2621 5318 2707 5368 est
2745 5312 3065 5382 inspirante
3088 5310 3308 5381 Spiritu
3339 5310 3459 5381 Dei,
3492 5313 3646 5382 quod
3676 5314 3800 5383 jam

2092 5403 2331 5475 quidem
2376 5405 2628 5460 Joannes
2687 5404 2925 5457 noverat
2976 5399 3315 5472 Dominum,
3348 5402 3449 5458 sed
3500 5403 3651 5473 quod
3679 5404 3803 5475 ipse

2093 5492 2379 5548 Dominus
2417 5492 2495 5546 ita
2527 5494 2681 5546 esset
2712 5490 3133 5561 baptizatums,
3166 5496 3231 5547 ut
3268 5492 3601 5565 baptizandi
3637 5496 3801 5564 pote-

2170 5624 2183 5654 ε
2221 5616 2366 5678 Mas.,
2392 5616 2617 5679 spectari
2638 5616 2830 5669 volunt.
