4164 6192
364 296 519 359 1439

365 438 574 492 atatem
608 453 640 491 a
661 450 723 491 se
744 434 801 491 in
824 434 1117 491 neminem
1141 434 1588 501 transfunderet,
1614 434 1720 489 hoc
1743 433 1947 489 didicit
1970 448 2071 503 per

363 524 711 590 columbam,
746 525 878 596 quia
927 524 1141 579 dictum
1171 524 1221 580 ei
1254 529 1394 590 erat,
1434 526 1612 595 Super
1649 540 1807 594 quem
1860 525 2073 578 videris

362 615 631 686 Spiritum
680 616 1089 671 descendentem
1140 616 1289 669 velut
1328 617 1653 680 columbam,
1686 620 1737 670 et
1762 620 2071 670 manentem

360 718 526 775 super
545 722 688 774 eum,
723 704 812 760 hic
840 714 921 759 est
951 702 1047 775 qui
1079 703 1317 772 baptizat
1348 704 1407 758 in
1443 703 1652 774 Spiritu
1672 710 1858 758 sancto
1889 705 2068 774 (Joan.

363 794 405 861 Ι,
437 796 548 866 33).
582 794 728 859 Quid
785 799 895 861 est,
931 794 1017 849 hic
1044 798 1167 849 est!
1222 795 1345 849 Non
1405 795 1573 861 alius,
1606 796 1712 849 etsi
1746 812 1845 865 per
1867 792 2068 848 alium.

362 884 546 948 Quare
601 887 787 939 autem
826 900 926 954 per
968 882 1298 938 columbam
1326 884 1353 937 ‘t
1385 882 1558 937 Multa
1589 883 1742 937 dicta
1773 886 1933 949 sunt,
1969 896 2072 936 nec

364 991 630 1047 possum,
652 990 757 1030 nec
780 990 925 1044 opus
938 972 1238 1028 estomnia
1261 977 1543 1028 retexere:
1570 972 1855 1043 praecipue
1876 978 2069 1027 tamen

362 1067 599 1135 propter
616 1078 815 1133 pacem
841 1079 854 1129 ;
890 1062 1029 1131 quia
1044 1066 1101 1116 et
1122 1061 1277 1133 ligna
1298 1078 1421 1131 quae
1445 1061 1729 1132 baptizata
1752 1072 1887 1117 sunt
1911 1063 2072 1133 foris,

364 1151 761 1223 quiat'ructum
794 1151 853 1205 in
876 1151 962 1205 eis
984 1150 1207 1207 invenit
1223 1150 1517 1219 columba,
1537 1153 1604 1207 ad
1622 1169 1813 1208 arcam
1835 1153 2068 1209 attulit:

365 1241 513 1295 sicut
543 1241 895 1295 meministis
930 1239 1259 1297 columbam
1310 1242 1582 1297 emissam
1609 1259 1642 1296 a
1673 1243 1790 1298 Noe
1822 1244 1888 1298 de
1921 1260 2071 1306 arca,

366 1349 491 1403 quae
524 1331 743 1387 diluvio
801 1332 1061 1400 natabat,
1094 1337 1150 1388 et
1207 1334 1500 1405 baptismo
1550 1334 1916 1401 abluebatur,
1954 1352 2073 1391 non

366 1418 753 1489 mergebatur.
789 1417 926 1473 Cum
958 1435 1090 1488 ergo
1135 1425 1283 1475 esset
1345 1420 1579 1486 emissa,
1621 1421 1812 1476 attulit
1843 1438 2072 1476 ramum

365 1506 523 1563 olivae
549 1523 562 1561 :
598 1509 693 1562 sed
720 1523 833 1563 non
858 1508 983 1563 sola
1006 1506 1141 1563 folia
1167 1508 1435 1576 habebat,
1464 1509 1711 1565 habebat
1731 1514 1787 1565 et
1822 1511 2073 1566 fructum

364 1597 518 1671 (Gen.
571 1613 688 1665 Vin,
721 1598 885 1668 8-11).
912 1598 1109 1669 Itaque
1168 1599 1273 1654 hoc
1326 1600 1649 1669 optandum
1685 1608 1768 1655 est
1801 1601 2076 1657 fratribus

369 1686 583 1741 nostris
616 1688 710 1757 qui
770 1688 910 1742 foris
972 1688 1361 1758 baptizantur,
1391 1694 1454 1742 ut
1496 1690 1747 1744 habeant
1778 1689 2075 1745 fructum:

370 1790 485 1830 non
516 1774 644 1829 illos
676 1775 830 1831 sinet
861 1775 1133 1831 columba
1165 1778 1322 1838 foris,
1357 1778 1468 1835 nisi
1501 1780 1571 1834 ad
1608 1795 1802 1833 arcam
1838 1780 2077 1834 reduxeo

370 1867 463 1920 rit.
500 1866 745 1922 Fructus
776 1871 969 1922 autem
999 1873 1086 1923 est
1108 1874 1259 1923 totus
1307 1870 1584 1938 charitas,
1621 1871 1747 1926 sine
1793 1886 1906 1941 qua
1935 1869 2077 1924 nihil

369 1959 458 2011 est
502 1955 679 2011 homo
719 1956 1000 2026 quidquid
1049 1957 1203 2012 aliud
1240 1958 1527 2014 habuerit.
1555 1960 1753 2015 Ethoc
1788 1959 2078 2014 uberrime

366 2044 437 2100 ab
466 2044 736 2116 Apostolo
786 2045 1005 2102 dictum
1054 2051 1644 2104 commemoravimus
1694 2054 1749 2104 et
1780 2049 2080 2104 recensui-

370 2149 524 2189 mus.
559 2134 653 2188 Ait
682 2134 838 2190 enim
873 2152 887 2190 :
923 2158 945 2180 ι·
983 2136 1042 2190 Si
1076 2136 1292 2207 linguis
1320 2137 1625 2193 hominum
1649 2138 1853 2208 loquar
1884 2147 1933 2193 et
1966 2141 2079 2192 An-

366 2221 648 2293 gelorum,
682 2223 1017 2279 charitalem
1041 2229 1233 2279 autem
1273 2243 1383 2281 non
1444 2227 1711 2293 habeam,
1738 2228 1922 2282 factus
1954 2244 2081 2283 sum

366 2310 522 2367 velut
551 2318 931 2368 aaramentum
961 2330 1199 2381 sonans,
1224 2320 1324 2369 aut
1351 2316 1682 2387 cymbalum
1708 2316 1993 2371 tinniens:
2027 2322 2083 2372 et

368 2401 417 2455 si
442 2400 698 2456 habuero
730 2417 963 2457 omnem
997 2404 1324 2471 scientiam,
1354 2413 1407 2459 et
1456 2405 1631 2460 sciam
1666 2406 1863 2460 omnia
1892 2422 2084 2461 sacra-

373 2494 590 2559 menta,
633 2495 689 2546 et
746 2490 987 2547 habeam
1031 2509 1264 2548 omnem
1316 2494 1702 2565 prophetiam,
1746 2504 1798 2549 et
1823 2495 2079 2550 habuero

373 2597 608 2637 omnem
626 2582 823 2647 ﬁdem,
848 2606 864 2629 υ
885 2581 1081 2652 (ﬁdem
1099 2594 1288 2637 autem
1307 2586 1598 2653 quomodo
1620 2585 1762 2639 dixit
1785 2601 2014 2640 omnem
2031 2586 2081 2656 ?)

371 2690 399 2718 ‹‹
416 2676 720 2724 utmontes
737 2671 1455 2737 transt'eram,charitatem
1472 2677 1664 2727 autem
1682 2690 1792 2727 non
1816 2673 2079 2742 habeam,

371 2754 517 2808 nihil
551 2771 706 2810 sum.
740 2756 804 2809 Et
846 2756 895 2810 si
943 2756 1290 2813 distribuere
1323 2758 1521 2813 omnia
1552 2776 1681 2814 mea
1703 2760 2078 2831 pauperibus,

375 2847 433 2899 et
462 2844 511 2898 si
539 2844 822 2899 tradidero
854 2861 1064 2915 corpus
1094 2861 1287 2901 meum
1330 2852 1393 2901 ut
1436 2849 1694 2910 ardeam,
1729 2849 2078 2905 charitatem

368 2939 561 2989 autem
597 2950 711 2988 non
743 2935 1007 3003 habeam,
1041 2935 1185 2989 nihil
1222 2936 1365 2990 mihi
1400 2940 1633 3008 prodest
1667 2958 1692 2991 θ
1726 2941 1773 3011 (l
1806 2941 1927 2996 Cor.
1957 2958 2077 3010 xm,

371 3022 507 3093 1-3).
558 3022 726 3078 Nullo
773 3026 945 3079 modo
1003 3032 1195 3081 autem
1224 3032 1469 3097 possunt
1509 3028 1700 3083 dicere
1763 3045 1825 3085 se
1865 3030 2080 3086 habere

371 3112 739 3183 charitatem,
767 3114 867 3185 qui
891 3114 1158 3169 dividunt
1205 3118 1509 3172 unitatem.
1543 3123 1676 3173 Haec
1707 3119 1862 3174 dicta
1894 3126 2031 3175 sunt
2063 3136 2075 3176 :

376 3204 681 3272 sequentia
710 3204 1032 3260 videamus.

442 3290 496 3345 4.
529 3290 828 3346 Perhibuit
853 3292 1107 3348 Joannes
1128 3294 1550 3363 testimonium,
1567 3297 1697 3365 quia
1718 3296 1882 3351 vidit.
1902 3297 2079 3360 Quale

371 3380 768 3435 testimonium
788 3381 1079 3451 perhibuit
1107 3380 1133 3436 (ε
1165 3383 1305 3451 Quia
1324 3384 1440 3455 ipse
1458 3390 1535 3439 est
1565 3386 1741 3439 Filius
1762 3387 1870 3440 Dei.
1905 3387 2080 3457 Opor-

372 3470 529 3526 tebat
559 3487 694 3541 ergo
723 3479 783 3526 ut
814 3472 912 3526 ille
929 3472 1245 3542 baptizarct
1267 3474 1367 3545 qui
1391 3484 1475 3529 est
1507 3475 1683 3530 Filius
1720 3478 1810 3531 Dei
1848 3477 2077 3545 unicus,

372 3575 487 3615 non
520 3561 852 3631 adoptatus.
890 3563 1159 3632 Adoptati
1210 3562 1333 3632 (illi,
1385 3564 1639 3620 ministri
1695 3570 1833 3621 sunt
1865 3566 2029 3620 Unici
2063 3583 2076 3621 :

374 3648 594 3704 Unicus
621 3650 795 3705 habet
818 3657 1180 3723 potestatem,
1205 3656 1463 3725 adoptati
1488 3656 1896 3711 ministerium.
1925 3657 2080 3710 Licet

375 3740 625 3809 baptizet
658 3740 926 3795 minister
976 3759 1086 3797 non
1120 3744 1417 3813 pertinens
1448 3747 1514 3800 ad
1567 3762 1879 3800 numerum
1925 3747 2079 3801 tilio-

377 3844 529 3893 rum,
550 3829 688 3899 quia
719 3830 869 3885 male
898 3832 1035 3886 vivit
1067 3836 1122 3889 et
1154 3833 1302 3889 male
1335 3834 1471 3905 agit,
1505 3837 1642 3906 quid
1676 3854 1780 3892 nos
1824 3837 2080 3893 consolao

376 3914 513 3970 tur?
544 3917 641 3970 Hic
668 3922 745 3972 est
776 3919 907 3988 quid
938 3920 1198 3990 baptizat.

447 4006 503 4060 5.
535 4005 717 4062 Altera
747 4007 838 4063 die
872 4009 1075 4064 iterum
1103 4010 1292 4066 stabat
1328 4014 1581 4082 Joannes,
1614 4022 1665 4067 et
1696 4032 1767 4069 ex
1795 4016 2083 4088 discipulis

379 4095 497 4165 ejus
526 4096 655 4163 duo,
677 4100 729 4150 et
788 4098 1084 4168 respiciens
1129 4101 1311 4156 Jesum
1359 4102 1733 4157 ambulantem
1763 4104 1920 4169 dicit,
1951 4109 2082 4161 Ecce

378 4186 561 4255 Agnus
612 4185 729 4241 Dei.
773 4186 979 4258 Utique
1016 4189 1389 4261 singulariter
1429 4191 1535 4247 iste
1574 4195 1769 4262 Agnus
1810 4212 1823 4249 ε
1858 4210 1989 4249 nam
2023 4200 2081 4251 et

377 4274 653 4347 discipuli
701 4274 838 4331 dicti
887 4283 1024 4333 sunt
1068 4279 1226 4349 agni,
1266 4281 1405 4333 Ecce
1444 4296 1540 4348 ego
1592 4284 1751 4336 mitto
1800 4298 1890 4337 vos
1941 4286 2082 4338 sicut

378 4381 546 4433 agnos
593 4367 651 4419 in
702 4366 875 4421 medio
923 4367 1178 4438 luporum
1207 4366 1415 4439 (Matth.
1463 4386 1518 4436 x,
1554 4370 1657 4439 16).
1694 4372 1836 4427 Dicti
1862 4378 2002 4428 sunt
2028 4385 2085 4429 et

379 4455 490 4524 ipsi
544 4455 764 4524 lumen,
815 4456 913 4511 Vos
957 4458 1088 4512 estis
1132 4458 1319 4512 lumen
1358 4458 1552 4513 mundi
1580 4460 1683 4531 (Id.
1718 4478 1772 4528 v,
1811 4462 1890 4531 14)
1925 4479 1937 4516 :
1982 4464 2081 4517 sed

379 4544 663 4601 aliteritle
682 4547 751 4601 de
773 4562 885 4617 quo
911 4548 1133 4603 dictum
1161 4557 1267 4616 est,
1294 4551 1423 4606 Erat
1458 4551 1644 4606 lumen
1688 4569 1902 4619 verum,
1945 4554 2085 4623 quod

380 4632 665 4689 illuminat
685 4652 902 4692 onmem
930 4639 1209 4696 hominem
1239 4644 1541 4696 venientem
1562 4641 1620 4695 in
1646 4643 1790 4698 hunc
1819 4644 2086 4699 mundum

380 4722 553 4791 (Joan.
588 4740 627 4789 1,
657 4724 735 4793 9).
767 4725 857 4779 Sic
886 4734 939 4781 et
965 4730 1163 4798 Agnus
1194 4730 1587 4800 singulariter,
1609 4732 1769 4786 solus
1795 4734 1917 4789 sine
1952 4751 2082 4789 ma-

378 4811 531 4879 cula,
555 4812 679 4867 sine
710 4819 945 4882 peccato
974 4833 987 4883 ;
1022 4834 1132 4873 non
1166 4821 1333 4888 cujus
1376 4820 1610 4874 maculae
1644 4822 1913 4878 abstersa:
1946 4824 2083 4889 sint,

379 4903 481 4961 sed
504 4902 673 4973 cujus
705 4905 935 4960 macula
964 4905 1127 4961 nulla
1153 4908 1343 4962 fuerit.
1376 4908 1521 4971 Quid
1553 4910 1706 4965 enim
1732 4912 1907 4981 Pquia
1935 4912 2082 4968 dice-

379 4995 474 5050 bat
506 4993 761 5050 Joannss
791 4994 862 5050 de
910 4994 1175 5067 Domino,
1209 5001 1351 5053 Ecce
1394 5000 1575 5068 Agnus
1607 5002 1720 5072 Dei,
1756 5000 1877 5074 ipse
1905 5004 2081 5059 Joan-

380 5100 485 5140 nes
517 5101 632 5140 non
665 5091 788 5142 erat
811 5101 998 5157 agnus
1022 5087 1049 5141 ‘I
1080 5104 1193 5142 non
1226 5095 1348 5144 erat
1375 5090 1465 5143 vir
1494 5098 1732 5149 sanctus
1759 5094 1779 5145 Ρ
1809 5111 1923 5149 non
1966 5102 2087 5149 erat

380 5175 603 5231 amicus
636 5177 883 5246 sponsi?
915 5178 1027 5249 Ego
1063 5178 1436 5249 singulariter
1465 5181 1581 5238 ille.
1629 5183 1729 5239 llic
1770 5190 1858 5240 est
1891 5191 2087 5255 Agnus

385 5264 521 5330 Dei;
554 5265 693 5334 quia
723 5268 1098 5338 singulariter
1132 5269 1312 5342 hujus
1342 5272 1485 5342 Agni
1518 5276 1801 5345 sanguine
1835 5274 1955 5329 solo
1988 5276 2087 5329 ho-

383 5352 571 5407 mines
593 5353 796 5409 redimi
828 5364 1165 5426 potuerunt.

453 5442 508 5494 6.
532 5440 759 5495 Fratres
800 5446 934 5508 mei,
984 5450 1034 5504 si
1085 5452 1453 5520 agnoscimus
1501 5453 1753 5523 pretium
1820 5457 2084 5510 nostrum

386 5530 524 5602 quia
553 5529 791 5597 sanguis
817 5538 907 5587 est
927 5537 1106 5607 Agni;
1148 5543 1249 5610 qui
1298 5544 1439 5596 sunt
1482 5542 1567 5598 illi
1608 5544 1705 5616 qui
1733 5544 1902 5601 hodie
1935 5544 2087 5600 cete-

385 5622 556 5678 brant
585 5616 954 5677 festivitatem
987 5631 1315 5700 sanguinis,
1352 5634 1548 5691 nescio
1582 5637 1743 5705 cujus
1775 5636 2037 5692 mulieris
2060 5633 2087 5690 ‘l

1310 294 1384 355 ΙΝ
1427 286 1753 357 JOANNlS
1799 289 2324 362 EVANGELIUM,
2374 284 2437 349 S.
2488 286 2918 352 AUGUSTlNI

3744 288 3899 347 1440

2183 437 2240 487 et
2271 448 2444 503 quam
2494 430 2707 501 ingrati
2751 430 2929 485 sunt?
2969 430 3222 502 Raptum
3265 433 3353 485 est
3397 445 3629 497 aurum,
3675 431 3897 497 dicunt,

2187 522 2255 575 de
2296 535 2433 574 aure
2469 519 2751 586 mulieris,
2787 529 2838 575 et
2862 521 3117 575 cucurrit
3138 520 3398 591 sanguis,
3432 528 3483 576 et
3517 520 3775 591 positum
3810 527 3900 577 est

2183 626 2394 665 aurum
2428 610 2485 663 in
2519 612 2735 665 trutina
2778 610 2863 663 vel
2904 614 3134 677 statera,
3169 614 3221 665 et
3255 610 3713 681 praeponderavit
3744 612 3894 666 mul-

2184 705 2303 751 tum
2319 698 2389 752 de
2406 697 2709 768 sanguine.
2728 696 2783 751 Si
2802 697 3032 768 pondus
3054 698 3122 751 ad
3150 697 3556 753 inclinandum
3577 714 3783 753 aurum
3807 700 3904 755 ha-

2184 784 2557 855 buitsanguis
2578 786 2863 851 mulieris,
2887 786 3056 856 quale
3078 788 3301 856 pondus
3326 786 3581 842 habetad
3607 787 3902 844 inclinan-

2184 877 2323 930 dum
2350 877 2630 931 mundum
2656 875 2899 946 sanguis
2920 877 3087 946 Agni,
3116 892 3213 946 per
3230 891 3399 947 quem
3424 877 3606 933 factus
3624 882 3715 933 est
3735 895 3905 934 mun-

2184 964 2337 1019 dus?
2370 966 2431 1019 Et
2461 964 2694 1035 quidem
2725 963 2822 1019 ille
2852 963 3088 1034 spiritus
3115 964 3309 1020 nescio
3334 965 3489 1037 quis,
3522 971 3585 1021 ut
3616 972 3905 1038 premeret

2183 1056 2428 1126 pondus,
2445 1056 2708 1126 placatus
2730 1060 2820 1110 est
2840 1055 3144 1126 sanguine.
3162 1056 3711 1128 lmmundispiritus
3729 1074 3904 1115 nove-

2185 1149 2316 1200 rant
2359 1153 2668 1201 venturum
2714 1145 2915 1200 Jesum
2961 1143 3281 1209 Christum,
3316 1146 3617 1201 audierant
3663 1148 3735 1202 ab
3778 1150 3904 1203 An-

2185 1236 2352 1307 gelis,
2402 1236 2707 1291 audierant
2773 1252 2839 1290 ex
2902 1235 3227 1307 PrOphetis,
3275 1240 3332 1291 et
3400 1239 3713 1307 sperabant
3767 1254 3903 1295 eum

2185 1330 2506 1380 venturam.
2542 1325 2686 1380 Nam
2712 1326 2757 1379 si
2792 1342 2904 1379 non
2929 1325 3264 1395 sperabant,
3302 1325 3454 1380 unde
3484 1326 3904 1395 clamaverunt,

2188 1415 2328 1483 Quid
2357 1416 2513 1470 nobis
2536 1422 2588 1470 et
2619 1415 2723 1470 tibi
2750 1422 2826 1469 est
2850 1414 2879 1469 ?
2902 1414 3099 1470 venisti
3118 1418 3248 1469 ante
3270 1423 3492 1487 tempus
3514 1416 3739 1485 perdere
3762 1434 3857 1472 nos
3882 1420 3907 1471 .9

2184 1507 2390 1560 scimus
2422 1508 2514 1577 qui
2534 1508 2629 1571 sis,
2680 1505 2910 1560 Sanctus
2958 1505 3058 1559 Dei
3104 1505 3304 1573 (Marc.
3351 1521 3390 1572 ι,
3430 1505 3544 1574 24),
3576 1509 3902 1562 Venturum

2187 1596 2464 1660 sciebant,
2500 1596 2598 1651 sed
2652 1599 2881 1664 tempus
2925 1594 3292 1665 ignorabant.
3335 1595 3442 1650 Sed
3477 1595 3610 1665 quid
3660 1596 3903 1652 audistis

2188 1685 2246 1740 in
2279 1685 2506 1740 Psalmo
2558 1687 2623 1739 de
2655 1684 2977 1739 Jerusalem
3000 1682 3027 1737 ‘i
3067 1684 3334 1751 Quoniam
3368 1684 3770 1755 beneplacitum
3802 1687 3903 1741 ha-

2191 1778 2423 1830 buerunt
2452 1776 2601 1829 servi
2631 1776 2713 1828 tui
2744 1773 2953 1845 lapides
2982 1774 3118 1844 ejus,
3150 1777 3201 1827 et
3247 1774 3494 1845 pulveris
3525 1776 3641 1847 ejus
3671 1774 3904 1831 misere—

2191 1867 2401 1919 buntur
2423 1881 2442 1918 :
2474 1872 2530 1918 tu
2588 1878 2904 1933 exsurgens,
2962 1861 3173 1933 inquit,
3214 1862 3564 1918 misereberis
3591 1864 3744 1933 Sion,
3776 1880 3906 1936 quo-

2189 1959 2341 2009 niam
2372 1958 2518 2009 venil
2550 1959 2758 2024 tempus
2788 1959 2849 2007 ut
2882 1954 3191 2007 miserearis
3233 1953 3348 2020 eius
3368 1954 3543 2023 (Psal.
3577 1971 3650 2021 c1,
3682 1954 3903 2023 15,44).

2192 2047 2428 2111 Quando
2493 2043 2649 2098 venit
2707 2048 2937 2112 tempus
2996 2046 3060 2095 ut
3112 2040 3484 2098 misereretur
3548 2047 3719 2109 Deus,
3746 2046 3905 2099 venit

2192 2137 2411 2205 Agnus.
2432 2131 2630 2197 Qualis
2651 2133 2847 2203 Agnus
2869 2146 3039 2201 quem
3070 2130 3189 2201 lupi
3216 2131 3464 2186 timent?
3484 2132 3675 2203 qualis
3694 2135 3902 2204 Agnus

2192 2230 2278 2281 est
2309 2225 2406 2295 qui
2443 2224 2664 2279 leonem
2698 2222 2919 2278 occisus
2940 2221 3199 2277 occidit?
3231 2222 3430 2278 Dictus
3460 2228 3549 2278 est
3582 2224 3736 2280 enim
3769 2225 3895 2281 dia-

2192 2314 2358 2369 bolus
2392 2313 2477 2368 leo
2508 2312 2853 2368 circumiens
2885 2315 2942 2367 et
2998 2312 3257 2383 rugiens,
3291 2328 3557 2382 quaerens
3590 2330 3764 2386 quem
3797 2315 3898 2370 de-

2191 2408 2346 2460 voret
2370 2405 2416 2473 (t
2447 2406 2603 2471 Petr'f
2640 2402 2774 2472 v.8)
2810 2418 2823 2456 :
2890 2403 3175 2473 sanguine
3229 2403 3377 2474 Agni
3430 2404 3616 2459 victus
3663 2407 3753 2460 est
3788 2405 3900 2462 leo.

2192 2492 2332 2547 Ecce
2364 2492 2691 2562 spectacula
2722 2490 3197 2546 Christianorum.
3232 2491 3301 2545 Et
3321 2492 3474 2563 quod
3505 2495 3595 2547 est
3624 2492 3898 2564 amplius,

2192 2581 2273 2636 illi
2301 2580 2485 2636 oculis
2515 2581 2711 2636 carnis
2767 2580 2963 2634 vident
2990 2581 3323 2649 vanitatem,
3359 2597 3463 2637 nos
3492 2581 3683 2636 cordis
3714 2581 3898 2637 oculis

2191 2670 2510 2725 veritatem.
2544 2670 2625 2723 Ne
2684 2667 2920 2739 putetis,
2952 2668 3177 2738 fratres,
3204 2670 3352 2739 quod
3401 2669 3527 2724 sine
3551 2669 3899 2741 spectaculis

2190 2776 2296 2815 nos
2329 2760 2553 2813 dimisit
2581 2759 2861 2814 Dominus
2896 2759 3044 2814 Deus
3067 2763 3300 2815 noster:
3337 2775 3470 2814 nam
3495 2759 3545 2814 si
3577 2758 3737 2814 nulla
3760 2763 3901 2815 sunt

2190 2846 2545 2920 spectacula,
2580 2863 2683 2902 cur
2743 2847 2911 2902 hodie
2960 2847 3358 2903 convenistis?
3390 2848 3533 2903 Ecce
3568 2848 3722 2919 quod
3756 2848 3899 2903 dixi-

2191 2953 2342 3005 mus,
2365 2936 2611 3001 vidistis,
2645 2940 2699 2991 et
2730 2936 3137 2991 exclamastis:
3173 2954 3287 2992 non
3340 2936 3755 3003 cxclamaretis,
3782 2937 3897 2993 nisi

2188 3027 2500 3082 vidissetis.
2566 3026 2628 3080 Et
2687 3042 2959 3095 magnum
3023 3031 3112 3082 est
3150 3027 3257 3082 hoc
3289 3032 3553 3098 spectare
3585 3044 3685 3098 per
3707 3032 3895 3083 totum

2189 3118 2384 3171 orbem
2459 3124 2765 3184 terrarum,
2829 3116 3047 3170 victum
3107 3116 3329 3171 leonem
3391 3116 3673 3188 sanguine
3731 3116 3896 3187 Agni,

2187 3208 2395 3262 educta
2445 3208 2516 3260 de
2562 3206 2837 3261 dentibus
2887 3205 3120 3261 leonum
3168 3207 3423 3261 membra
3453 3207 3766 3274 Christi,et
3789 3208 3897 3262 ad-

2180 3297 2389 3365 juncta
2420 3295 2643 3365 corpori
2673 3293 2906 3349 Christi.
2931 3294 3079 3365 Ergo
3112 3296 3305 3351 nescio
3336 3295 3472 3365 quid
3492 3294 3685 3350 simile
3707 3296 3895 3350 imita-

2189 3390 2280 3440 tus
2297 3392 2382 3440 est
2401 3385 2636 3455 quidam
2654 3384 2920 3456 spiritus,
2949 3392 3008 3438 ut
3027 3383 3314 3455 sanguine
3328 3384 3706 3440 simulacrum
3721 3400 3898 3440 suum

2188 3476 2300 3530 emi
2360 3474 2548 3539 vellet,
2584 3476 2719 3544 quia
2760 3478 2994 3529 noverat
3035 3475 3287 3545 pretioso
3318 3475 3601 3545 sanguine
3631 3474 3899 3545 quando-

2187 3579 2440 3633 cumque
2472 3563 2877 3617 redimendum
2912 3578 3039 3617 esse
3068 3579 3256 3633 genus
3278 3562 3621 3618 humanum.
3644 3564 3901 3634 Fingunt

2187 3655 2337 3707 enim
2363 3652 2602 3723 spiritus
2634 3650 2768 3706 mali
2793 3652 3035 3707 umbras
3055 3653 3337 3723 quasdam
3366 3652 3599 3707 honoris
3632 3651 3900 3707 sibimet-

2187 3742 2353 3813 ipsis,
2390 3750 2447 3796 ut
2481 3742 2563 3796 sic
2610 3740 2903 3811 decipiant
2961 3757 3058 3796 eos
3091 3741 3191 3812 qui
3221 3746 3544 3813 sequuntur
3574 3741 3899 3797 Christum.

2187 3830 2378 3901 Usque
2409 3830 2573 3900 adeo,
2609 3831 2812 3885 fratres
2846 3830 2979 3896 mei,
3011 3835 3076 3884 ut
3106 3830 3187 3884 illi
3216 3832 3323 3901 ipsi
3360 3831 3456 3901 qui
3490 3831 3779 3886 seducunt
3802 3846 3905 3901 per

2186 3921 2487 3992 ligaturas,
2542 3936 2641 3991 per
2718 3920 3218 3991 prmcautationes,
3279 3937 3379 3991 per
3435 3919 3909 3976 machinamenta

2189 4010 2427 4076 inimici,
2441 4010 2720 4065 misceant
2743 4007 3291 4080 praecantationibus
3304 4010 3424 4065 suis
3438 4026 3648 4065 nomen
3661 4008 3904 4065 Christi:

2192 4099 2327 4168 quia
2352 4100 2479 4167 jam
2512 4115 2624 4153 non
2659 4102 2907 4169 possunt
2946 4098 3214 4152 seducere
3247 4098 3629 4170 Christianos,
3665 4102 3728 4153 ut
3767 4098 3909 4154 dent

2190 4205 2499 4254 venenum,
2536 4189 2777 4255 addunt,
2804 4188 2968 4243 melis
2990 4188 3231 4259 aliquid,
3258 4192 3321 4243 ut
3344 4206 3441 4260 per
3464 4189 3520 4244 id
3553 4190 3702 4259 quod
3735 4188 3909 4245 dulce

2192 4284 2299 4349 est,
2361 4279 2531 4334 lateat
2581 4281 2733 4349 quod
2782 4295 3043 4334 amarum
3089 4283 3196 4344 est,
3229 4283 3285 4334 et
3345 4279 3578 4335 bibatur
3619 4280 3686 4335 ad
3711 4279 3907 4351 perni-

2193 4372 2360 4425 ciem.
2388 4369 2583 4439 Usque
2616 4370 2757 4425 adeo
2787 4378 2849 4423 ut
2889 4385 2994 4440 ego
3028 4370 3287 4425 noverim
3319 4368 3515 4441 aliquo
3549 4373 3810 4441 tempore
3840 4368 3911 4423 il-

2192 4460 2307 4514 lius
2356 4459 2578 4515 Pilleati
2623 4460 2985 4515 sacerdotem
3037 4459 3225 4515 solere
3274 4460 3484 4525 dicere,
3532 4461 3600 4515 Et
3630 4461 3756 4532 ipse
3788 4460 3909 4515 Pilc

2195 4549 2382 4604 leatus
2414 4550 2777 4605 christianus
2798 4555 2904 4605 est.
2931 4547 3004 4603 Ut
3034 4549 3174 4620 quid
3200 4551 3326 4618 hoc,
3363 4551 3590 4619 fratres,
3624 4549 3739 4604 nisi
3778 4550 3911 4621 quia

2196 4639 2364 4694 aliter
2396 4656 2510 4695 non
2545 4645 2795 4712 possunt
2816 4639 3015 4695 seduci
3047 4640 3408 4694 Christiani?

2262 4732 2320 4784 7.
2348 4729 2429 4784 Ne
2471 4731 2735 4801 quaeratis
2784 4746 2918 4801 ergo
2969 4729 3106 4784 alibi
3152 4729 3472 4798 Christum,
3506 4745 3680 4800 quam
3714 4727 3812 4783 ubi
3845 4744 3911 4784 se

2196 4821 2358 4877 vobis
2391 4822 2570 4878 voluit
2610 4821 2909 4894 praedicari
2970 4820 3280 4891 Christus;
3314 4825 3370 4876 et
3412 4819 3699 4892 quomodo
3742 4818 3909 4874 vobis

2194 4912 2377 4967 voluit
2409 4914 2728 4984 praedicari,
2771 4912 2854 4966 sic
2886 4910 3052 4965 illum
3085 4911 3391 4979 tenete,sic
3420 4912 3479 4966 in
3512 4911 3683 4966 corde
3713 4913 3908 4965 vestro

2196 5004 2449 5060 scribite.
2476 5004 2673 5058 Murus
2706 5006 2795 5058 est
2825 5002 3105 5056 adversus
3124 5016 3326 5056 omnes
3347 5001 3598 5071 impetus
3629 5003 3687 5054 et
3717 4999 3912 5054 adver—

2197 5110 2298 5147 sus
2330 5110 2532 5148 omnes
2562 5093 2805 5147 insidias
2836 5090 3082 5146 inimici.
3117 5090 3302 5145 Nolite
3333 5090 3559 5158 timere,
3592 5104 3696 5143 nec
3720 5090 3913 5142 tentat

2198 5181 2313 5248 ille,
2344 5183 2457 5237 nisi
2491 5181 2813 5254 permissus
2838 5180 3012 5235 fuerit
3045 5197 3057 5235 :
3093 5185 3320 5236 constat
3341 5179 3503 5234 illum
3528 5176 3674 5232 nihil
3699 5177 3911 5245 facere,

2198 5271 2305 5326 nisi
2342 5276 2667 5342 permissus
2718 5272 2886 5327 fuerit
2928 5275 3029 5325 aut
3078 5271 3315 5327 missus.
3350 5269 3601 5324 Mittitur
3626 5274 3911 5337 tanquam

2170 5362 2437 5443 angelus
2497 5363 2687 5417 matus
2719 5380 2750 5417 a
2782 5365 3063 5431 potestate
3107 5362 3481 5425 dominante;
3531 5355 3912 5429 permittitur,

2200 5454 2427 5523 quando
2460 5452 2679 5524 aliquid
2716 5453 2895 5525 petit:
2930 5455 2987 5506 et
3018 5450 3143 5517 hoc,
3173 5452 3399 5517 fratres,
3432 5464 3547 5503 non
3580 5446 3663 5513 fit,
3696 5443 3812 5499 nisi
3847 5450 3918 5501 ut

2199 5542 2701 5614 probenturjusti,
2737 5542 3060 5613 puniantur
3090 5541 3317 5611 injusti.
3351 5537 3497 5603 Quid
3532 5550 3667 5605 ergo
3695 5530 3919 5588 times?

2198 5631 2453 5687 Ambula
2507 5631 2568 5688 in
2630 5632 2875 5689 Domino
2928 5636 3039 5687 Deo
3084 5636 3205 5702 tuo,
3240 5635 3434 5688 certus
3464 5630 3588 5684 esto
3622 5638 3637 5681 :
3669 5623 3825 5694 quod
3860 5626 3921 5680 te
