4170 6188
405 282 433 343 1
1533 272 1985 335 TBACTATUE

2104 273 2176 332 ll.
2226 273 2482 337 CAPUT
2529 277 2573 338 Ι.

285 437 391 477 non
426 422 539 476 vult
576 421 717 491 pati,
755 437 871 477 non
903 418 1157 491 pateris;
1206 415 1360 488 quod
1394 419 1448 470 te
1481 412 1809 486 permiserit
1847 411 1988 481 pali,

285 511 574 583 ﬂagellum
620 510 973 583 corrigentis
1004 514 1111 575 est,
1146 524 1259 562 non
1293 522 1463 577 poena
1512 503 1865 559 damnantis.
1901 502 1986 556 Ad

286 601 673 655 hereditatem
706 600 1118 670 sempiternam
1150 596 1472 661 erudimur,
1506 600 1563 648 et
1594 591 1873 663 flagellari
1900 593 1987 645 de-

286 688 629 762 dignamur!
664 693 891 745 Fratres
921 688 1059 757 mei,
1095 688 1141 742 si
1177 687 1471 741 recusaret
1505 683 1817 753 quisquam
1843 697 1989 751 puer

285 779 542 850 colaphis
565 786 662 835 aut
685 779 933 851 ﬂagellis
956 779 1095 834 caedi
1121 794 1153 831 a
1177 781 1339 848 patre
1361 790 1485 839 suo,
1511 772 1806 843 quomodo
1836 771 1990 825 diee-

284 875 437 925 retur
482 872 792 941 superhus,
820 870 1183 939 desperatus,
1215 865 1479 934 ingratus
1514 865 1765 932 paternae
1813 859 1985 913 disci-

284 959 451 1029 plinae
473 956 502 1010 Ἰ
527 959 586 1013 Et
612 958 813 1029 utquid
836 956 1025 1012 erudit
1045 960 1208 1027 pater
1229 954 1402 1009 homo
1428 950 1611 1005 tilium
1650 949 1989 1004 hominem?

286 1050 351 1105 Ut
381 1048 568 1120 possit
599 1064 712 1102 non
750 1048 986 1116 perdere
1010 1043 1350 1116 temporalia
1382 1058 1508 1112 quae
1534 1040 1615 1093 illi
1652 1039 1984 1110 acquisivit,

283 1156 407 1211 quae
438 1138 524 1193 illi
558 1137 807 1209 collegit,
834 1154 963 1208 quae
988 1153 1099 1190 non
1126 1134 1247 1189 vult
1270 1149 1400 1189 eum
1424 1132 1686 1204 perdere,
1713 1147 1836 1201 quze
1864 1131 1989 1200 ipse

282 1230 376 1301 qui
409 1229 708 1301 relinquit,
735 1245 848 1283 non
873 1227 1062 1299 potuit
1081 1226 1142 1280 in
1165 1225 1583 1294 sempiternum
1613 1226 1827 1276 tenere.
1864 1221 1985 1277 Non

283 1320 445 1375 docet
469 1318 654 1373 filium
678 1335 810 1373 eum
834 1334 948 1389 quo
972 1315 1284 1389 possideat,
1310 1313 1408 1368 sed
1435 1313 1532 1383 qui
1564 1314 1693 1381 post
1709 1327 1841 1365 eum
1866 1327 1987 1380 pos-

282 1410 484 1465 sideat.
510 1408 733 1464 Fratres
758 1408 893 1475 mei,
911 1407 957 1462 si
980 1405 1162 1460 ﬁlium
1183 1407 1347 1460 docet
1367 1408 1528 1473 pater
1551 1416 1985 1469 successorem,

283 1506 333 1556 et
356 1515 533 1570 quem
557 1499 723 1553 docet
744 1503 800 1554 et
822 1499 1015 1568 ipsum
1038 1494 1310 1551 similiter
1334 1510 1432 1564 per
1456 1492 1557 1547 illa
1575 1492 1771 1547 omnia
1794 1497 1977 1545 trans-

281 1591 517 1654 iturum,
551 1606 667 1659 qua
697 1592 752 1644 et
809 1588 906 1642 ille
967 1586 1067 1657 qui
1128 1585 1403 1640 monebat
1462 1582 1810 1637 transiturus
1855 1586 1982 1650 est;

284 1679 570 1749 quomodo
620 1676 796 1733 vultis
841 1676 1065 1732 erudiat
1114 1692 1220 1730 nos
1269 1676 1439 1729 Pater
1490 1676 1702 1741 noster,
1748 1672 1984 1726 cuinon

283 1770 635 1838 successuri,
660 1769 760 1824 sed
784 1769 854 1822 ad
876 1783 1050 1838 quem
1074 1765 1364 1821 aeeessuri
1389 1780 1615 1828 sumus,
1641 1767 1696 1818 et
1720 1780 1850 1817 eum
1872 1779 1986 1832 quo

282 1862 339 1914 in
362 1864 645 1914 aeternum
659 1858 917 1913 mansuri
935 1857 992 1910 in
1016 1855 1366 1921 haereditate,
1382 1870 1510 1924 quae
1527 1869 1639 1907 non
1657 1852 1984 1918 marcescit,

283 1964 382 2002 nec
414 1947 686 2015 moritur,
722 1962 827 2003 nec
861 1945 1205 2017 grandinem
1253 1943 1453 1998 novit?
1486 1943 1551 1996 Et
1584 1943 1708 2012 ipse
1742 1942 1985 1995 basrcdi~

284 2046 367 2094 tas
396 2044 453 2094 et
487 2039 613 2107 ipse
647 2037 817 2092 Pater
845 2044 947 2091 est.
982 2035 1146 2090 Hunc
1198 2034 1650 2106 possidebimus,
1683 2038 1738 2086 et
1764 2031 1988 2085 erudiri

280 2146 393 2183 non
429 2126 761 2183 debemus?
788 2126 1151 2182 Sutl‘eramus
1182 2141 1315 2193 ergo
1356 2122 1741 2178 eruditionem
1776 2122 1981 2176 Patris.

278 2220 399 2272 Non
432 2215 665 2287 quando
698 2216 865 2271 nobis
896 2214 1265 2285 doletcaput,
1290 2228 1593 2267 curramus
1628 2211 1696 2265 ad
1734 2226 1985 2279 praecan-

280 2312 495 2362 tatores
529 2310 569 2372 ³,
604 2307 674 2361 ad
717 2307 1021 2377 sortilegos
1052 2308 1105 2359 et
1137 2304 1389 2358 remedia
1427 2302 1719 2356 vanitatis.
1758 2300 1985 2354 Fratres

281 2397 415 2463 mei,
439 2413 555 2451 non
590 2412 689 2451 vos
715 2395 980 2466 plangam
1002 2396 1030 2449 Ῥ
1051 2393 1315 2457 Quotidie
1341 2392 1569 2446 invenio
1598 2393 1709 2444 ista
1734 2407 1745 2455 ;
1767 2394 1821 2443 et
1845 2390 1984 2459 quid

280 2483 542 2540 faciam?
591 2484 858 2540 Nondum
912 2481 1230 2553 persuadeo
1280 2479 1617 2535 Christianis
1661 2479 1715 2531 in
1759 2477 1983 2533 Christo

279 2592 438 2645 spem
472 2591 603 2630 esse
635 2575 1012 2646 ponendam?
1042 2573 1204 2639 Ecce,
1238 2572 1288 2626 si
1320 2570 1411 2626 cui
1444 2571 1661 2625 factum
1692 2574 1779 2625 est
1811 2585 1985 2622 reme-

276 2664 465 2730 dium,
520 2663 826 2730 moriatur,
871 2664 1071 2735 (quam
1126 2661 1295 2716 multi
1337 2661 1486 2717 enim
1539 2676 1668 2715 cum
1712 2658 1985 2714 remediis

278 2752 497 2809 mortui
521 2757 664 2809 sunt
685 2752 711 2807 ?
734 2757 790 2809 et
810 2768 982 2823 quam
1008 2750 1176 2807 multi
1201 2751 1327 2806 sine
1354 2749 1627 2804 remediis
1650 2748 1985 2818 vixerunt?)

273 2860 392 2915 qua
438 2844 631 2899 l‘ronte
662 2843 799 2898 exiit
829 2843 1027 2897 anima
1058 2843 1126 2897 ad
1167 2842 1345 2896 Deum
1379 2840 1405 2894 ‘?
1440 2838 1697 2896 Perdidit
1746 2838 1981 2909 signum

272 2932 515 2997 Christi,
548 2931 770 3001 accepit
799 2930 1032 3001 signum
1067 2930 1303 2985 diaboli.
1337 2931 1418 2983 An
1456 2930 1599 2984 forte
1635 2927 1826 2981 dicat:
1864 2928 1983 2981 Non

274 3023 504 3096 perdidi
531 3023 768 3090 signum
791 3020 1051 3077 Christi?
1076 3021 1222 3093 Ergo
1248 3020 1481 3092 signum
1508 3017 1717 3074 Christi
1746 3034 1875 3071 eum
1902 3016 1981 3069 si-

273 3129 384 3184 gno
400 3111 621 3167 diaboli
642 3110 914 3165 habuisti.
931 3109 1056 3165 Non
1073 3108 1195 3165 vult
1210 3109 1473 3164 Christus
1490 3106 1983 3175 communionem,

275 3204 369 3257 sed
418 3201 585 3257 solus
619 3200 739 3255 vult
788 3200 1084 3272 possidere
1133 3199 1283 3269 quod
1317 3186 1475 3253 emit.
1522 3196 1691 3251 Tanti
1746 3196 1886 3250 emit
1927 3203 1985 3249 ut

275 3294 437 3347 solus
470 3290 813 3363 possideat:
849 3294 909 3344 tu
944 3290 1085 3345 facis
1108 3289 1155 3345 ei
1176 3294 1505 3344 consortem
1540 3286 1863 3354 diabolum,
1892 3286 1984 3339 cui

275 3389 329 3439 te
358 3400 461 3455 per
494 3388 799 3454 peccatum
821 3382 1181 3438 vendideras.
1210 3380 1304 3435 Vae
1338 3379 1556 3452 duplici
1589 3378 1762 3434 corde
1793 3380 1980 3449 (Ecrli.

273 3491 339 3540 ιι,
374 3475 465 3544 Η)
500 3473 514 3529 l
550 3474 652 3545 qui
686 3473 745 3527 in
777 3473 950 3528 corde
971 3488 1074 3527 suo
1099 3476 1320 3541 partem
1350 3471 1570 3527 faciunt
1600 3474 1732 3537 Deo,
1758 3475 1981 3541 partem

275 3561 501 3616 faciunt
532 3560 783 3615 diabolo.
810 3562 999 3615 Iratus
1025 3563 1195 3625 Deus,
1216 3558 1353 3629 quia
1384 3558 1447 3611 ﬁt
1477 3557 1550 3610 ibi
1578 3574 1710 3627 pars
1730 3556 1982 3622 diabolo,

275 3652 553 3717 discedit,
585 3655 643 3706 et
675 3654 858 3705 totum
902 3649 1169 3705 diabolus
1224 3648 1561 3719 possidebit.
1612 3650 1733 3702 Non
1771 3648 1985 3702 frustra

272 3740 473 3811 itaque
525 3740 844 3812 Apostolus
898 3739 1076 3794 dicit:
1129 3739 1307 3810 Neque
1352 3737 1484 3793 (lctis
1542 3738 1717 3792 locum
1762 3738 1984 3794 diabolo

272 3834 499 3904 (Ephes.
543 3849 620 3902 ιν,
663 3832 1211 3903 27).Cognoscamus
1262 3845 1397 3899 ergo
1452 3832 1702 3899 Agnum,
1757 3829 1983 3895 fratres,

273 3938 706 3995 cognoscamus
740 3922 986 3993 pretium
1023 3924 1307 3975 nostrum.

341 4017 399 4069 8.
453 4012 644 4068 Stabat
688 4015 946 4078 Joannes,
976 4022 1028 4067 et
1057 4027 1126 4066 ea:
1165 4009 1447 4081 discipulis
1492 4009 1605 4079 ejus
1662 4008 1786 4064 duo.
1845 4009 1987 4065 Ecce

272 4107 392 4161 duo
424 4106 499 4159 de
548 4103 854 4174 discipulis
882 4103 1169 4159 Joannis:
1205 4102 1337 4172 quia
1388 4100 1519 4156 talis
1569 4110 1685 4156 erat
1731 4099 1985 4157 Joannes

270 4196 508 4250 amicus
531 4193 755 4263 sponsi,
781 4209 893 4247 non
918 4193 1209 4265 quaerebat
1230 4190 1475 4263 gloriam
1492 4207 1681 4258 suam,
1702 4191 1803 4246 sed
1831 4190 1988 4245 testi-

270 4284 542 4340 monium
591 4282 935 4354 perhibebat
981 4281 1245 4349 veritati;
1282 4280 1564 4351 numquid
1616 4279 1805 4335 voluit
1834 4281 1986 4350 apud

270 4389 332 4429 se
355 4388 668 4429 remanere
692 4371 1013 4442 discipulos
1035 4388 1199 4435 suos,
1226 4376 1290 4426 ut
1324 4387 1437 4425 non
1470 4375 1857 4440 sequerentur
1879 4370 1986 4424 Do-

270 4463 508 4519 minum
536 4461 565 4517 i’
594 4462 776 4533 Magis
802 4462 926 4533 ipse
956 4462 1206 4517 ostendit
1226 4459 1533 4531 discipulis
1557 4459 1677 4515 suis
1710 4477 1878 4531 quem
1905 4476 1990 4515 se-

269 4556 618 4622 querentur.
649 4550 947 4606 Habebant
968 4549 1124 4605 enim
1150 4549 1311 4604 illum
1341 4554 1617 4620 tanquam
1640 4551 1904 4619 Agnum:
1938 4557 1989 4603 et

271 4642 393 4708 ille,
426 4641 579 4707 Quid
614 4656 707 4696 me
747 4639 1079 4695 attenditis!
1113 4656 1214 4711 ego
1267 4655 1379 4693 non
1412 4655 1542 4692 sum
1592 4640 1826 4708 Agnus;
1860 4640 1991 4694 Ecce

267 4736 463 4801 Agnus
494 4731 629 4785 Dei:
664 4729 733 4784 de
763 4746 879 4801 quo
910 4729 1083 4785 etiam
1102 4728 1365 4799 superius
1388 4727 1627 4792 dixerat,
1662 4729 1789 4783 Ecce
1807 4730 1990 4795 Agnus

270 4821 389 4875 Dei.
430 4824 499 4875 Et
530 4819 671 4886 quid
706 4819 874 4875 nobis
908 4820 1143 4891 prodest
1172 4820 1368 4887 Agnus
1406 4818 1502 4871 Dei
1525 4818 1551 4872 '?
1578 4820 1728 4883 Ecce,
1765 4818 1861 4883 ait,
1895 4818 1991 4889 qui

268 4911 427 4965 tollit
456 4916 745 4981 peccatum
776 4907 987 4963 mundi.
1025 4906 1215 4963 Seculi
1241 4912 1376 4961 sunt
1408 4905 1591 4970 illum,
1628 4906 1734 4961 hoc
1768 4907 1989 4973 audito,

270 5001 391 5055 duo
426 4998 528 5070 qui
560 5002 727 5054 erant
758 5014 892 5052 cum
924 4998 1168 5053 Joanne.

342 5088 398 5143 9.
434 5087 756 5143 Videamus
796 5087 1119 5157 sequentia.
1152 5087 1284 5141 Ecce
1314 5085 1497 5154 Agnus
1522 5084 1656 5140 Dei:
1690 5084 1797 5141 hoc
1825 5088 1990 5141 Joan—

272 5193 400 5231 nes.
442 5197 467 5229 ‹
494 5177 563 5233 Et
586 5176 897 5231 audierunt
928 5184 979 5231 et
1010 5174 1068 5230 in
1103 5176 1213 5230 duo
1239 5174 1510 5246 discipuli
1543 5174 1900 5245 loquentem,
1934 5180 1990 5230 et

272 5266 461 5322 secuti
497 5270 638 5322 sunt
668 5264 893 5321 Jesum.
919 5265 1241 5320 Conversus
1277 5270 1466 5318 autem
1500 5263 1692 5329 Jesus,
1716 5264 1990 5317 etvidens

275 5373 371 5411 eos
413 5362 729 5429 sequentes
762 5372 845 5421 se,
877 5356 1021 5410 dicit
1048 5355 1133 5410 eis
1159 5373 1171 5410 :
1196 5354 1345 5422 Quid
1370 5353 1627 5425 quaeritis
1650 5356 1675 5408 '?
1706 5353 1811 5418 Qui
1844 5353 1995 5409 dixe-

278 5452 458 5501 runt:
493 5447 682 5502 Rabbi
716 5446 896 5518 (quod
931 5446 1148 5501 dicitur
1180 5445 1621 5515 interpretatum
1672 5444 1990 5517 Magister),

280 5536 378 5591 ubi
412 5536 650 5592 habitas
672 5537 699 5593 ‘t
732 5560 761 5587 ››
794 5538 918 5591 Non
951 5537 1032 5592 sic
1067 5535 1233 5591 illum
1270 5537 1663 5607 sequebantur
1687 5537 1991 5607 quasijam

342 5666 358 5699 ι
391 5664 453 5713 lu
485 5664 758 5729 plerisque
788 5663 930 5723 Mss.,
962 5662 1417 5728 pra-cantationes.

3647 292 3800 354 1442

2104 416 2167 465 ut
2199 413 2546 471 inhaererent
2596 417 2711 473 illi:
2749 435 2881 473 nam
2933 420 3302 478 manifestum
3336 434 3424 480 est
3446 430 3682 497 quando
3712 431 3800 489 illi

2103 500 2482 566 inhaeserunt,
2534 508 2668 575 quia
2699 509 2769 564 de
2802 509 2928 563 navi
2980 525 3075 565 eos
3126 514 3364 569 vocavit.
3401 518 3460 570 In
3498 517 3587 573 his
3637 521 3793 576 enim

2100 591 2328 647 duobus
2360 599 2478 648 erat
2512 598 2789 666 Andreas,
2824 599 2974 653 sicut
3009 600 3179 654 modo
3213 602 3495 673 audietis;
3534 607 3795 664 Andreas

2099 686 2291 735 autem
2344 685 2515 738 frater
2568 686 2709 741 Petri
2763 697 2923 749 erat;
2969 697 3019 743 et
3070 694 3338 747 novimus
3383 692 3438 746 in
3492 696 3799 768 Evangelie

2102 773 2254 840 quod
2289 773 2524 828 Petrum
2558 784 2608 829 et
2641 777 2930 832 Andream
2976 778 3254 835 Dominus
3285 780 3356 836 de
3396 784 3525 838 navi
3557 786 3799 853 vocavit,

2101 859 2321 926 dicens,
2364 866 2551 918 Venite
2578 873 2693 935 post
2724 884 2830 932 me,
2861 875 2910 921 et
2942 870 3142 938 faciam
3175 886 3263 925 vos
3292 871 3593 941 piscatores
3624 876 3803 931 homi—

2100 966 2233 1002 num
2263 950 2475 1020 (Matth.
2510 970 2581 1021 iv,
2618 955 2719 1023 19).
2750 956 2814 1010 Et
2844 972 2911 1010 ex
2944 956 3040 1013 illo
3069 960 3187 1027 jam
3216 960 3567 1018 inhaeserth
3599 964 3702 1031 illi,
3738 970 3802 1021 ut

2100 1056 2212 1093 non
2250 1043 2598 1098 recederent.
2633 1044 2801 1100 Modo
2831 1063 2964 1118 ergo
2989 1050 3139 1119 quod
3166 1049 3331 1105 illum
3357 1058 3683 1124 sequuntur
3704 1055 3801 1111 isti

2100 1128 2236 1195 duo,
2273 1147 2385 1184 non
2419 1132 2588 1201 quasi
2622 1150 2731 1187 non
2769 1137 3046 1192 recessuri
3077 1146 3444 1208 sequuntur;
3479 1144 3575 1197 sed
3608 1143 3802 1200 videre

2097 1217 2399 1272 voluerunt
2433 1221 2525 1273 ubi
2562 1221 2860 1291 habitaret,
2894 1230 2949 1279 et
2983 1226 3165 1282 facere
3196 1229 3350 1298 quod
3382 1231 3663 1302 scriptum
3695 1243 3799 1301 est,

2099 1307 2290 1360 Limen
2326 1309 2601 1364 ostiorum
2633 1312 2749 1377 eius
2790 1320 3007 1369 exterat
3036 1331 3128 1384 pes
3160 1320 3317 1383 tuus;
3347 1334 3510 1387 surge
3537 1321 3611 1375 ad
3641 1323 3803 1378 illum

2096 1401 2285 1451 venire
2304 1398 2518 1453 assidue
2550 1406 2601 1453 et
2631 1401 2850 1456 erwlire
2888 1404 3185 1473 praeceptis
3224 1406 3344 1475 ejus
3375 1406 3563 1479 (Eccli.
3602 1426 3676 1481 VI,
3709 1412 3799 1481 36,

2096 1487 2207 1558 37).
2243 1488 2510 1543 Ostendit
2551 1490 2631 1545 eis
2668 1491 2762 1545 ille
2801 1493 2899 1547 ubi
2946 1499 3240 1549 maneret:
3277 1504 3561 1555 venerunt
3591 1506 3647 1555 et
3677 1501 3798 1557 fue-

2098 1582 2236 1631 runt
2266 1595 2395 1633 cum
2432 1578 2549 1635 illo.
2584 1582 2765 1645 Quam
2802 1583 3031 1639 beatum
3077 1584 3226 1639 diem
3261 1586 3574 1657 duxerunt,
3621 1608 3799 1661 quam

2098 1668 2325 1722 beatam
2359 1671 2620 1724 noctem!
2661 1672 2797 1735 Quis
2830 1679 2918 1727 est
2949 1674 3039 1743 qui
3062 1674 3226 1730 nobis
3257 1676 3408 1732 dicat
3440 1694 3565 1749 qua:
3600 1682 3799 1737 audie-

2098 1756 2215 1809 rint
2238 1755 2321 1810 illi
2346 1773 2376 1809 δ.
2398 1758 2642 1813 Domino
2665 1759 2690 1812 *ἶ
2711 1759 3083 1816 λίΕάίΗοθωυε
3106 1767 3161 1817 et
3184 1765 3527 1835 nosmetipsi
3544 1767 3602 1823 in
3631 1770 3802 1824 corde

2098 1849 2319 1913 nostro,
2352 1850 2407 1900 et
2441 1846 2723 1903 faciamus
2747 1850 2979 1904 domum
3006 1868 3116 1921 quo
3140 1855 3329 1908 veniat
3361 1853 3476 1923 ille,
3515 1861 3570 1911 et
3599 1856 3801 1915 doceat

2097 1950 2202 1987 nos
2229 1959 2241 2001 ;
2276 1933 2638 2006 colloquatur
2664 1937 2851 1992 nobis.

2172 2024 2256 2078 10.
2293 2047 2316 2073 ‹‹
2355 2026 2501 2090 Quid
2536 2027 2788 2095 quaeritis
2812 2027 2838 2081 ?
2859 2027 2961 2091 Qui
2988 2028 3256 2087 dixerunt
3277 2031 3327 2086 ei
3354 2048 3366 2085 :
3396 2032 3601 2101 Rabbi,
3624 2036 3797 2106 (quod

2098 2112 2539 2182 interpretatum
2588 2115 2807 2170 dicitur
2856 2117 3169 2189 Magister),
3206 2121 3302 2174 ubi
3334 2120 3613 2178 habitas?
3653 2123 3802 2179 Dicit

2097 2203 2214 2257 eis:
2247 2203 2473 2269 Venite,
2506 2212 2558 2257 et
2599 2208 2803 2264 videte.
2841 2208 2902 2261 Et
2941 2214 3240 2275 venerunt,
3283 2216 3339 2266 et
3386 2214 3653 2270 viderunt
3702 2216 3801 2270 ubi

2099 2300 2373 2361 maneret,
2398 2298 2452 2347 et
2472 2296 2623 2364 apud
2648 2312 2780 2348 eum
2808 2303 3148 2351 manserunt
3170 2299 3261 2353 die
3284 2300 3381 2353 illo
3407 2316 3419 2355 :
3448 2302 3585 2357 hora
3607 2309 3798 2360 autem

2101 2390 2221 2437 erat
2249 2384 2414 2453 quasi
2445 2384 2688 2438 decima.
2727 2405 2754 2432 ››
2800 2384 3033 2440 Nihilne
3064 2388 3419 2444 arbitramur
3453 2392 3800 2460 pertinuisse

2098 2482 2167 2535 ad
2193 2481 2637 2552 Evangelistam,
2663 2482 2848 2539 dicere
2866 2484 3033 2539 nobis
3054 2495 3230 2557 quota
3252 2486 3394 2542 hora
3415 2497 3531 2544 erat
3555 2490 3581 2544 ?
3602 2492 3799 2547 Potest

2100 2570 2222 2625 fieri
2254 2578 2314 2625 ut
2347 2571 2492 2626 nihil
2544 2572 2619 2626 ibi
2665 2589 2770 2627 nos
2819 2572 3296 2643 animadvertere,
3348 2576 3490 2630 nihil
3541 2595 3799 2648 quaerere

2097 2659 2393 2714 voluerit?
2424 2660 2649 2716 Decima
2680 2666 2799 2715 erat
2823 2661 2984 2717 bora.
3021 2663 3315 2719 Numerus
3348 2664 3460 2720 iste
3492 2666 3677 2737 legem
3720 2669 3798 2723 si-

2099 2750 2357 2819 gnificat,
2393 2752 2522 2821 quia
2554 2751 2612 2806 in
2637 2752 2835 2806 decem
2866 2755 3166 2823 praeceptis
3190 2754 3324 2809 data
3358 2760 3446 2810 est
3476 2755 3583 2811 lex.
3619 2757 3799 2813 Vene-

2098 2847 2182 2894 rat
2214 2844 2407 2894 autem
2438 2846 2661 2910 tempus
2686 2844 2748 2894 ut
2770 2840 3107 2909 impleretur
3132 2843 3219 2897 les
3252 2860 3353 2915 per
3385 2845 3790 2916 dilectionem;

2097 2929 2233 2998 quia
2256 2946 2288 2983 a
2314 2928 2527 2983 Jttrlzeis
2562 2946 2669 2982 non
2709 2935 2929 2999 poterat
2954 2930 3175 2999 impleri
3200 2949 3296 3003 per
3316 2934 3605 2990 timorem.
3634 2934 3796 2992 Unde

2097 3018 2382 3073 Dominus
2434 3020 2609 3072 dicit:
2645 3020 2763 3073 Non
2807 3021 2933 3075 veni
2979 3022 3185 3077 solvere
3215 3024 3405 3093 legem,
3438 3025 3529 3079 sed
3567 3024 3799 3096 implere

2099 3107 2303 3179 (Matth.
2341 3124 2393 3176 ν,
2430 3108 2535 3179 17).
2573 3107 2775 3163 Merito
2816 3125 2951 3180 ergo
2984 3110 3209 3166 decima
3260 3113 3397 3168 hora
3445 3130 3576 3169 eum
3611 3115 3799 3173 secuti

2098 3207 2325 3262 suntad
2351 3206 2750 3261 testimonium
2782 3206 3169 3277 amicisponsi
3197 3210 3309 3265 duo
3334 3211 3428 3266 isti
3458 3221 3548 3269 :et
3569 3214 3798 3272 decima

2096 3298 2238 3353 hora
2270 3296 2511 3353 audivit.
2548 3298 2739 3363 Rabbi,
2776 3299 2930 3369 quod
2978 3298 3390 3369 interpretatur
3420 3303 3706 3375 Magister.
3739 3306 3795 3361 Si

2097 3388 2317 3442 decima
2350 3386 2490 3441 hora
2526 3388 2693 3441 Rabbi
2724 3387 3006 3443 Dominus
3039 3389 3278 3457 audivit,
3303 3397 3359 3445 et
3392 3391 3655 3447 decimus
3688 3412 3794 3449 nu-

2098 3494 2293 3533 merus
2324 3477 2393 3530 ad
2428 3478 2609 3546 legem
2635 3479 2917 3548 pertinet;
2950 3478 3222 3547 magister
3252 3479 3391 3549 legis
3422 3496 3533 3534 non
3566 3486 3651 3535 est
3683 3482 3795 3537 nisi

2096 3569 2261 3622 dator
2281 3565 2441 3635 legis.
2467 3570 2645 3620 Nemo
2668 3565 3137 3635 dicatquiaalius
3152 3566 3312 3621 dedit
3333 3566 3541 3637 legem,
3571 3572 3626 3623 et
3647 3569 3795 3628 alius

2097 3657 2264 3709 docet
2286 3654 2463 3723 legem
2494 3671 2505 3707 :
2531 3654 2651 3721 ipse
2675 3653 2831 3707 illam
2858 3653 3306 3722 docetquiillam
3332 3656 3527 3723 dedit;
3553 3658 3676 3727 ipse
3711 3665 3797 3717 est

2099 3744 2374 3815 magister
2395 3743 2539 3813 legis
2563 3759 2701 3809 suae,
2726 3746 2782 3797 et
2804 3743 2972 3797 docet
2992 3742 3173 3797 illam.
3200 3744 3265 3798 Et
3290 3745 3686 3803 misericordia
3706 3756 3796 3806 est

2094 3833 2152 3887 in
2179 3833 2379 3903 lingua
2410 3832 2616 3901 ipsius,
2646 3832 2772 3887 ideo
2794 3832 3423 3890 misericorditerdocet
3452 3835 3657 3908 legem,
3690 3838 3796 3895 sic-

2097 3927 2159 3977 ut
2191 3922 2409 3977 dietum
2442 3926 2527 3976 est
2558 3922 2628 3976 de
2659 3920 2964 3992 sapientia.
2999 3923 3188 3990 Legem
3208 3926 3391 3978 autem
3412 3930 3461 3980 et
3492 3925 3797 3983 misericor-

2096 4012 2249 4066 diam
2272 4011 2331 4066 in
2362 4011 2558 4081 lingua
2586 4016 2771 4082 portat
2802 4012 2984 4081 (Prov.
3008 4029 3162 4076 xxxi,
3194 4013 3309 4084 26).
3336 4013 3703 4081 Noli,timere
3728 4034 3796 4072 ne

2099 4101 2337 4171 implere
2369 4101 2557 4170 legem
2580 4117 2695 4155 non
2723 4101 2931 4171 possis,
2960 4101 3091 4172 fuge
3121 4102 3190 4157 ad
3227 4104 3708 4161 misericordiam.
3736 4107 3795 4161 Si

2103 4191 2354 4245 multum
2402 4195 2491 4245 est
2533 4192 2601 4245 ad
2634 4195 2687 4244 te
2720 4190 2902 4261 legem
2955 4191 3217 4261 implere,
3270 4195 3427 4247 utere
3476 4198 3641 4260 pacto
3673 4194 3794 4263 illo,

2100 4286 2260 4336 utere
2292 4280 2695 4351 chirographo,
2723 4286 2876 4337 utere
2900 4283 3169 4353 precibus
3201 4298 3344 4352 quas
3367 4282 3471 4336 tibi
3494 4283 3797 4338 constituit

2098 4376 2153 4427 et
2184 4372 2511 4441 composuit
2536 4372 2914 4441 jurisperitus
2948 4371 3212 4430 ccelestis.

2175 4462 2260 4516 ll.
2294 4459 2436 4523 Quid
2465 4459 2618 4513 enim
2653 4459 2868 4513 habent
2888 4476 3141 4528 causam,
3166 4464 3221 4515 et
3243 4460 3440 4515 volunt
3466 4460 3799 4531 supplicare

2101 4548 2458 4621 imperatori,
2485 4551 2753 4618 quaerunt
2776 4547 3027 4617 aliquem
3053 4548 3797 4621 scholasticumjurisperi-

2102 4647 2248 4706 tum,
2281 4654 2314 4691 a
2345 4652 2457 4706 quo
2490 4636 2597 4690 sibi
2632 4651 2829 4705 preces
2853 4641 3312 4706 componantur;
3339 4656 3407 4692 ne
3439 4638 3581 4693 forte
3613 4640 3663 4695 si
3695 4641 3798 4696 ali-

2103 4736 2182 4782 ter
2216 4725 2483 4797 petierint
2511 4741 2683 4796 quam
2709 4729 2953 4796 oportet,
2981 4743 3094 4780 non
3118 4726 3308 4782 solum
3340 4744 3453 4783 non
3485 4732 3803 4801 impetrent

2102 4818 2255 4887 quod
2289 4819 2513 4887 petunt.
2548 4814 2647 4870 sed
2671 4819 2726 4869 et
2749 4832 2975 4887 poenam
3002 4832 3105 4887 pro
3128 4816 3406 4873 beneficio
3439 4834 3799 4889 consequan-

2105 4913 2196 4960 tur
2227 4904 2267 4958 ¹.
2290 4905 2433 4959 Cum
2458 4920 2592 4975 ergo
2619 4910 2935 4973 quaererent
2957 4906 3283 4975 supplicare
3304 4906 3581 4976 Apostoli,
3608 4910 3664 4960 et
3686 4922 3799 4960 non

2094 4994 2423 5049 invenirent
2454 4994 2746 5065 quomodo
2770 4994 2998 5048 adirent
3035 4994 3441 5066 imperatorem
3476 5000 3680 5059 Deum,
3715 4995 3800 5048 di-

2095 5090 2307 5140 xerunt
2339 5084 2591 5151 Christo,
2636 5086 2880 5152 Domine,
2922 5084 3048 5140 doce
3078 5101 3169 5139 nos
3199 5100 3394 5139 orare:
3427 5084 3531 5137 hoc
3563 5090 3666 5147 est,
3698 5086 3798 5139 Ju-

2097 5172 2365 5244 risperite
2384 5180 2882 5243 noster,assessor,
2909 5173 3024 5227 imo
3060 5187 3358 5227 consessor
3378 5170 3495 5237 Dei,
3517 5186 3798 5240 compone

2099 5263 2270 5318 nobis
2315 5277 2533 5335 preces.
2568 5262 2634 5315 Et
2665 5261 2865 5316 docuit
2912 5260 3193 5315 Dominus
3227 5260 3297 5314 de
3326 5258 3475 5313 libro
3502 5260 3655 5330 juris
3688 5277 3797 5317 eua-

2096 5351 2279 5417 lestis,
2295 5350 2793 5421 docuitquomodo
2813 5356 3037 5401 orarent
3063 5363 3075 5401 :
3100 5354 3153 5401 et
3181 5348 3238 5402 in
3260 5348 3386 5418 ipso
3407 5349 3557 5422 quod
3578 5349 3796 5417 docuit,

2097 5440 2289 5513 posuit
2311 5438 2627 5510 quamdam
2648 5435 3036 5491 conditionem
3066 5451 3078 5490 :
3107 5437 3491 5495 Dimittenobis
3508 5440 3685 5495 debita
3706 5456 3798 5495 no-

2095 5545 2234 5601 stra,
2256 5538 2391 5590 sicut
2410 5539 2456 5588 et
2480 5548 2577 5587 nos
2607 5532 2935 5586 dimittimus
2955 5530 3286 5594 debitoribus
3308 5540 3503 5595 nostris
3536 5537 3685 5607 (Luc.
3716 5552 3797 5604 xr,

2164 5663 2176 5695 ¹
2216 5658 2466 5721 Plerique
2492 5657 2636 5733 Mss,
2672 5659 2987 5709 mereantur.
