4170 6188
340 239 483 300 1M5

337 379 384 429 et
413 374 539 444 fac;
575 391 757 430 unum
802 378 890 430 est
923 374 1270 432 remedium.
1304 375 1516 440 Quanti
1550 376 1692 433 forte
1724 375 1895 432 hodie
1926 393 2026 432 au-

336 464 536 520 diendo
568 469 624 520 et
652 481 769 520 non
801 464 1057 520 iaciendo
1090 466 1241 536 rapti
1277 473 1411 520 sunt
1453 467 1626 523 ﬂuvio
1676 465 2026 522 celebritatis

336 553 874 622 hujus?Audiendo
904 555 1055 608 enim
1089 559 1146 610 et
1177 571 1292 610 non
1325 556 1608 622 faciendo,
1639 555 1797 611 venit
1819 557 2029 611 fluvius

335 643 449 714 ipsa
500 644 811 698 celebritas
860 643 1276 712 anniversaria,
1310 644 1584 715 impletus
1642 650 1730 700 est
1778 651 2026 712 torrens,

334 733 679 788 transiturus
720 738 808 788 est
841 738 896 788 et
926 733 1248 789 siccaturus
1281 748 1294 786 :
1328 735 1428 789 sed
1463 750 1541 788 vae
1574 732 1654 787 illi
1690 750 1861 804 quem
1886 733 2028 788 tule-

333 823 398 876 rit
423 822 433 876 !
463 821 610 877 [llud
640 839 774 895 ergo
799 823 1020 878 noverit
1040 822 1303 878 Charitas
1343 829 1552 891 vestra,
1578 823 1709 894 quia
1742 824 1856 878 nisi
1899 825 2029 894 quis

333 916 379 966 et
401 912 603 967 audiat
625 917 679 968 et
701 913 888 979 faciat,
914 929 1028 968 non
1053 913 1302 968 aedificat
1340 929 1516 984 super
1541 918 1760 983 petram
1789 929 1802 980 ;
1826 919 1882 968 et
1914 931 2026 968 non

331 1002 577 1070 pertinet
600 1003 670 1056 ad
705 1017 916 1056 nomen
947 1007 1067 1056 tam
1094 1018 1393 1072 magnum,
1419 1004 1572 1074 quod
1608 1003 1692 1058 sic
1732 1019 2028 1058 commen-

329 1090 476 1144 davit
509 1089 814 1145 Dominus.
852 1091 1144 1146 Intentum
1177 1090 1331 1146 enim
1366 1096 1422 1145 te
1455 1092 1608 1146 fecit.
1645 1091 1786 1146 Nam
1821 1091 1868 1146 si
1921 1092 2028 1146 hoc

328 1183 454 1235 ante
496 1180 696 1236 Petrus
752 1184 1073 1248 vocaretur,
1107 1196 1221 1236 non
1271 1181 1351 1235 ita
1407 1181 1634 1236 videres
1687 1181 2025 1252 mysterium

328 1273 533 1340 petra);
567 1274 624 1324 et
677 1273 912 1339 putares
962 1285 1095 1325 casu
1135 1286 1291 1334 eum,
1324 1270 1407 1325 sic
1439 1271 1648 1340 vocari,
1682 1286 1796 1325 non
1832 1272 2024 1341 provi-

325 1359 516 1414 dentia
546 1360 644 1415 Dei
683 1376 697 1414 :
729 1360 859 1415 ideo
882 1359 1062 1415 voluit
1083 1376 1218 1415 eum
1243 1359 1402 1416 aliud
1426 1360 1584 1431 prius
1615 1361 1827 1427 vocari,
1855 1369 1914 1415 ut
1957 1377 2026 1416 ex

323 1448 444 1518 ipsa
499 1447 952 1504 commutatione
1012 1450 1292 1518 nominis,
1354 1452 1698 1506 sacramenti
1750 1451 2026 1507 vivacitas

325 1537 848 1592 commendaretur.

390 1629 472 1681 l5.
501 1629 561 1681 Et
591 1627 649 1682 in
673 1627 982 1683 crastinum
1007 1629 1173 1684 voluit
1195 1631 1348 1684 exire
1377 1631 1436 1685 in
1485 1630 1797 1696 Galilaeam,
1832 1635 1880 1686 el
1933 1631 2021 1686 in-

320 1719 461 1769 venit
489 1715 838 1787 Philippum.
876 1717 1012 1771 Dicit
1052 1718 1104 1772 ei
1133 1734 1152 1771 :
1186 1717 1417 1789 Sequere
1437 1735 1538 1774 me.
1574 1721 1712 1774 Erat
1741 1723 1927 1774 autem
1960 1719 2024 1773 de

319 1806 542 1859 civitate
566 1805 799 1862 Andreae
827 1810 876 1860 et
898 1807 1074 1860 Petri.
1119 1809 1180 1861 Et
1232 1809 1444 1862 invenit
1493 1808 1783 1880 Philippus
1821 1809 2024 1863 Nat/ia-

319 1897 527 1951 naelem
558 1914 576 1949 :
608 1898 732 1968 jam
756 1903 993 1952 vocatus
1017 1916 1048 1952 a
1074 1898 1316 1953 Domino
1349 1899 1753 1970 Philippus.Et
1773 1899 1922 1954 dicit
1938 1902 1988 1954 ei
2002 1918 2021 1952 .·

319 1988 481 2053 Quem
499 1987 724 2057 scripsit
746 1987 945 2058 Moyses
985 1989 1043 2041 in
1088 1988 1243 2056 Lege,
1282 1995 1334 2043 et
1375 1988 2022 2060 PrOphetm,invenimus

314 2077 490 2131 Jesum
527 2076 706 2144 ﬁlium
743 2077 954 2147 Ioseph.
1008 2077 1148 2147 Ejus
1198 2077 1357 2132 filius
1411 2078 1731 2146 dicebatur,
1767 2079 1858 2134 cui
1918 2082 2021 2134 de-

314 2172 585 2236 sponsata
615 2172 739 2221 erat
771 2173 954 2222 mater
983 2168 1127 2237 ejus.
1165 2167 1307 2224 Nam
1345 2169 1497 2238 quod
1532 2183 1599 2222 ea
1633 2169 1852 2224 intacta
1882 2187 2020 2224 con-

315 2261 515 2326 ceptus
547 2261 603 2309 et
633 2263 805 2311 natus
846 2257 942 2322 sit,
979 2257 1121 2311 bene
1159 2263 1672 2312 noveruntomnes
1705 2258 2018 2314 Christiani

313 2363 376 2401 ex
399 2345 728 2417 Evangelio.
758 2347 873 2401 Hoc
897 2347 1205 2418 Philippus
1225 2347 1375 2402 dixit
1397 2348 1739 2403 Nathanaeli
1761 2369 1774 2414 ;
1799 2351 2020 2405 addidit

312 2442 363 2491 et
393 2436 614 2501 locum,
657 2451 690 2487 (ι
730 2437 1026 2490 Nazareth.
1061 2437 1124 2490 Et
1162 2436 1310 2491 dixit
1339 2437 1395 2491 ei
1426 2438 1736 2493 Nat/ianael
1764 2455 1783 2493 :
1825 2442 1862 2494 Α
1908 2440 2016 2495 Να-

313 2525 504 2581 ΖίνειΙι
533 2528 707 2595 potest
746 2523 960 2594 aliquid
992 2526 1121 2580 boni
1150 2541 1280 2580 esse.
1309 2526 1455 2590 Quid
1490 2526 1858 2599 intelligitur,
1884 2530 2018 2585 Fra-

313 2615 478 2669 tres?
510 2614 638 2670 Non
671 2616 959 2685 quomodo
988 2615 1168 2687 aliqui
1193 2617 1574 2686 pronuntiant
1607 2633 1620 2671 :
1657 2635 1792 2673 nam
1828 2625 1882 2674 et
1935 2622 2018 2675 sic

311 2704 456 2758 solet
492 2705 879 2776 pronuntiari,
904 2707 941 2759 Α
972 2706 1244 2761 Nazareth
1263 2711 1432 2778 potest
1461 2708 1675 2778 aliquid
1709 2710 1839 2764 boni
1858 2727 1972 2766 esse
1992 2716 2019 2766 ?

308 2793 586 2865 Sequitur
615 2794 771 2849 enim
803 2808 909 2850 vox
941 2793 1210 2866 Philippi,
1261 2800 1316 2850 et
1363 2796 1522 2862 dicit,
1585 2797 1746 2864 Veni,
1780 2806 1836 2853 et
1873 2799 2014 2854 vide.

311 2883 524 2937 Ambas
559 2881 749 2937 auiam
778 2883 1273 2952 pronuntiationes
1299 2888 1490 2953 potest
1525 2885 1637 2939 ista
1677 2903 1784 2941 vox
1827 2887 2016 2958 sequi,

309 2971 427 3027 sive
451 2971 534 3027 sic
560 2972 898 3042 pronunties
920 2977 1199 3044 tanquam
1229 2974 1604 3040 confirmans,
1660 2977 1697 3029 A
1748 2976 2016 3032 Nazareth

307 3069 477 3131 potest
509 3063 735 3134 aliquid
766 3062 895 3117 boni
922 3078 1069 3124 esse;
1102 3067 1159 3118 et
1181 3062 1297 3129 ille,
1335 3064 1482 3132 Veni,
1515 3067 1564 3117 et
1596 3064 1717 3120 vide
1748 3081 1767 3120 :
1797 3066 1914 3121 sive
1935 3067 2016 3122 sic

310 3149 612 3218 dubitans,
661 3160 715 3205 et
773 3154 957 3205 totum
1008 3151 1393 3221 interrogans,
1436 3153 1474 3206 Α
1525 3153 1804 3208 Nazareth
1841 3161 2017 3225 potest

308 3240 527 3310 aliquid
563 3241 863 3296 boniesse?
901 3242 1045 3309 Veni,
1097 3249 1147 3296 et
1195 3240 1340 3296 vide.
1374 3241 1516 3297 Cum
1565 3259 1699 3314 ergo
1747 3245 1868 3300 sive
1918 3245 2015 3302 illo

308 3329 504 3396 modo,
530 3329 649 3384 sive
681 3330 789 3386 isto
820 3329 1248 3400 pronuntietur,
1303 3347 1416 3386 non
1467 3337 1791 3403 repugnent
1840 3336 2016 3391 verba

303 3418 609 3489 sequentia
634 3439 648 3487 ;
674 3425 934 3475 nostrum
955 3425 1044 3476 est
1065 3435 1322 3492 quaerere
1345 3420 1482 3492 quid
1508 3423 1698 3491 potius
1726 3423 2016 3497 intelliga-

305 3523 439 3561 mus
475 3508 533 3562 in
568 3507 659 3563 his
684 3508 892 3564 verbis.

378 3599 463 3652 16.
503 3597 699 3664 Qualis
750 3599 923 3654 fuerit
979 3599 1298 3654 Nathanael
1357 3599 1484 3664 iste,
1531 3600 1588 3655 in
1639 3603 2016 3673 sequentibus

304 3688 649 3759 probamus.
673 3690 880 3745 Audite
900 3689 1082 3760 qualis
1106 3688 1311 3744 fuerit:
1339 3691 1612 3746 Dominus
1654 3692 1777 3762 ipse
1822 3693 2016 3763 perbi»

302 3779 401 3834 bet
415 3779 1100 3852 testimonium.Magnus
1116 3779 1386 3836 Dominus
1400 3782 1669 3850 cognitus
1683 3782 2016 3839 testimonio

299 3868 596 3923 Joannis:
627 3868 828 3925 beatus
849 3869 1166 3924 Nalhanael
1189 3867 1453 3938 cognitus
1495 3869 1825 3926 testimonio
1867 3875 2020 3931 veri—

303 3959 460 4013 tatis.
487 3958 638 4022 Quia
664 3958 945 4013 Dominus
962 3959 1064 4012 etsi
1089 3957 1427 4013 testimonio
1446 3958 1690 4014 Joannis
1714 3977 1830 4016 non
1853 3979 2015 4018 com-

284 4051 706 4118 .mendaretur,
741 4051 866 4122 ipse
893 4049 1006 4104 sibi
1043 4050 1381 4120 perhibebat
1426 4049 1854 4122 testimonium;
1881 4055 2020 4126 quia

300 4139 742 4195 sufﬁcitsibiad
775 4139 1174 4195 testimonium
1205 4155 1374 4194 suum
1405 4140 1764 4197 veritas.Sed
1781 4143 1919 4212 quia
1936 4161 2019 4200 ve-

301 4230 539 4285 ritatem
575 4245 690 4285 non
725 4233 990 4301 poterant
1021 4245 1224 4299 capere
1266 4229 1555 4300 homines,
1591 4247 1692 4302 per
1723 4232 2016 4289 lucernam

297 4320 963 4390 querebantveritatem
990 4334 1003 4373 :
1028 4324 1082 4374 et
1105 4319 1234 4376 ideo
1257 4319 1513 4376 Joannes
1547 4337 1649 4392 per
1688 4337 1860 4393 quem
1913 4323 2017 4379 Do-

300 4410 504 4464 minus
535 4409 961 4477 ostenderetur,
987 4411 1206 4464 missus
1229 4414 1337 4464 est.
1373 4409 1525 4464 Audi
1568 4411 1878 4467 Dominum
1901 4412 2016 4468 Na-

295 4499 567 4555 tbanaeli
587 4499 990 4554 testimonium
1013 4499 1414 4569 perhibentem
1439 4515 1452 4554 :
1486 4501 1549 4555 Et
1575 4500 1717 4556 dixit
1736 4503 1793 4558 ei
1813 4503 2019 4558 Nolha-

297 4593 434 4646 nael
463 4609 480 4645 :
506 4591 545 4644 Α
575 4589 845 4644 Nazareth
860 4599 1030 4660 potest
1052 4591 1268 4662 aliquid
1290 4589 1417 4645 boni
1441 4606 1576 4646 esse.
1600 4593 1735 4646 Dicit
1788 4595 1840 4647 ei
1885 4593 2018 4648 Phi-

299 4684 534 4751 lippus:
569 4680 718 4744 Veni,
746 4688 796 4735 et
817 4677 956 4735 vide.
979 4681 1041 4734 Et
1089 4680 1223 4734 vidit
1278 4682 1431 4735 Iesus
1481 4681 1878 4737 Nathanaelem
1927 4700 2018 4739 ve-

295 4774 557 4826 nientem
597 4771 674 4824 ad
710 4785 786 4833 se,
810 4774 861 4824 et
909 4769 1043 4824 dicit
1070 4769 1134 4826 de
1162 4785 1222 4825 eo
1253 4787 1273 4822 :
1317 4771 1446 4825 Ecce
1487 4786 1608 4826 vere
1648 4773 1924 4842 Israelita,
1960 4776 2022 4828 in.

296 4878 409 4930 quo
434 4861 597 4915 dotus
628 4875 738 4915 non
761 4863 858 4914 est.
883 4860 1156 4930 Magnum
1180 4859 1579 4916 testimonium
1608 4861 1618 4914 Ξ
1649 4861 1751 4917 hoc
1777 4878 1881 4917 nec
1903 4866 2020 4918 An-

299 4951 457 5007 dreae
489 4952 739 5014 dictum,
775 4966 877 5004 nec
913 4948 1075 5004 Petro
1098 4949 1340 5015 dictum,
1365 4965 1470 5004 nec
1522 4950 1805 5022 Philippo,
1869 4955 2021 5024 quod

296 5042 529 5096 dictum
549 5045 640 5095 est
683 5040 753 5094 de
794 5037 1140 5094 Nalhanaele
1173 5055 1186 5094 :
1219 5040 1349 5095 Ecce
1376 5055 1502 5096 vere
1522 5042 1795 5107 Israelita,
1832 5045 1890 5096 in
1921 5059 2025 5114 quo

295 5132 463 5185 dolus
491 5147 608 5186 non
640 5132 740 5183 est.

375 5223 464 5276 ΓΙ.
499 5219 652 5284 Quid
687 5233 822 5288 ergo
857 5217 1123 5286 facimus,
1160 5219 1413 5274 fratres?
1465 5219 1708 5274 Deberet
1755 5219 1865 5275 iste
1916 5222 2026 5291 pri-

298 5328 431 5366 mus
454 5325 587 5366 esse
613 5308 672 5362 in
695 5306 991 5378 Apostolis
1012 5308 1039 5363 ‘t
1064 5307 1188 5362 Non
1209 5309 1402 5364 solum
1422 5309 1645 5380 primus
1671 5325 1784 5363 non
1810 5309 2027 5364 inveni-

295 5405 390 5456 tur
427 5402 484 5455 in
523 5396 845 5471 Apostolis,
883 5398 979 5452 sed
1017 5414 1121 5454 nec
1156 5398 1397 5465 rnedius,
1434 5414 1538 5454 nec
1588 5398 1833 5453 ultimus
1878 5397 2027 5455 inter

295 5489 618 5548 duodecim
641 5485 967 5542 Nathanael
985 5493 1090 5556 est,
1110 5489 1201 5544 cui
1222 5493 1448 5544 tantum
1471 5488 1874 5545 testimonium
1899 5505 2024 5560 per-

291 5580 493 5638 hibuit
516 5579 704 5637 Filius
725 5577 853 5644 Dei,
904 5577 1126 5649 dicens,
1179 5580 1313 5636 Ecce
1363 5595 1481 5636 vere
1531 5580 1802 5648 Israelita,
1835 5579 1894 5637 in
1926 5597 2027 5651 quo

1569 237 2036 302 TRACTA'I'US
2079 237 2207 300 VII.
2251 236 2509 298 CAPUT
2554 237 2598 298 Ι.

3685 243 3838 305 1446

2135 374 2288 430 dolus
2317 390 2424 429 non.
2453 380 2548 430 est.
2586 375 2872 442 Quaeritur
2901 377 3109 432 causa?
3132 383 3414 448 quantum
3438 379 3724 439 Dominus
3749 384 3834 438 in-

2139 464 2324 532 timat,
2352 464 2726 534 probabiliter
2750 466 3101 522 invenimus.
3127 467 3448 537 Intelligere
3469 471 3623 525 enim
3660 473 3838 528 debe-

2140 567 2272 604 mus
2305 550 2497 619 ipsum
2527 550 2943 606 Nathanaelem
2978 553 3269 608 eruditum
3303 559 3358 608 et
3391 556 3639 623 peritum
3678 558 3838 629 Legis

2139 638 2359 694 fuisse:
2387 646 2684 709 pr0pterea
2711 640 3078 697 noluitillum
3108 644 3386 698 Dominus
3412 646 3559 699 inter
3582 646 3835 717 discipu-

2136 728 2222 783 los
2244 745 2483 799 ponere;
2508 730 2642 799 quia
2667 731 2873 786 idiotas
2898 731 3089 801 elegit,
3108 734 3258 787 unde
3273 735 3657 789 confunderet
3674 753 3837 791 mun-

2137 818 2301 872 dum.
2325 819 2815 890 AudiApostolum
2851 821 3136 875 dicentem
3179 822 3289 876 ista
3313 839 3325 876 :
3349 845 3376 872 ‹‹
3412 823 3613 879 Videte
3656 824 3837 896 enim,

2135 906 2347 978 inquit,
2396 910 2748 963 vocationem
2791 914 3062 974 vestram,
3099 911 3325 979 fratres,
3359 913 3496 983 quia
3527 930 3641 968 non
3667 914 3836 970 multi

2139 1002 2416 1066 potentes,
2437 1014 2550 1052 non
2570 998 2735 1053 multi
2761 999 3021 1055 nobiles:
3055 1003 3154 1054 sed
3179 1000 3405 1055 infirma
3428 1003 3630 1056 mundi
3664 1004 3839 1074 elegit

2138 1086 2310 1153 Deus,
2341 1092 2394 1140 et
2413 1087 2951 1156 confundatfortia;
2985 1094 3040 1143 et
3064 1089 3344 1158 ignobilia
3376 1092 3569 1145 mundi
3611 1098 3667 1147 et
3694 1109 3836 1148 con-

2135 1177 2486 1247 temptibilia
2507 1176 2678 1248 elegit
2697 1177 2869 1244 Deus,
2895 1185 2946 1232 et
2971 1195 3034 1232 ea
3057 1196 3184 1249 quae
3209 1196 3324 1234 non
3357 1185 3516 1248 sunt,
3554 1187 3834 1252 tanquam

2135 1283 2262 1338 quas
2295 1276 2452 1334 sunt,
2488 1271 2552 1321 ut
2585 1284 2652 1322 ea
2684 1285 2809 1339 quae
2844 1273 2981 1323 sunt
3013 1275 3370 1325 evacuentur
3403 1293 3430 1319 »
3462 1271 3501 1342 (l
3529 1271 3647 1327 Cor.
3672 1289 3712 1337 Ι,
3736 1273 3840 1326 26-

2133 1357 2246 1427 28).
2281 1357 2339 1412 Si
2396 1358 2602 1412 doctus
2655 1358 2986 1425 eligeretur,
3023 1359 3268 1414 fortasse
3328 1360 3456 1415 ideo
3510 1377 3572 1416 se
3624 1362 3839 1417 diceret

2134 1447 2403 1513 electum,
2437 1449 2572 1518 quia
2604 1449 2865 1502 doctrina
2916 1449 3044 1517 ejus
3096 1450 3304 1503 meruit
3348 1449 3502 1520 eligi.
3552 1451 3839 1507 Dominus

2135 1546 2327 1593 noster
2355 1539 2525 1593 Jesus
2581 1538 2846 1593 Christus
2897 1539 3092 1594 volens
3143 1542 3520 1611 superborum
3577 1543 3839 1614 frangere

2133 1628 2380 1683 cervices
2411 1644 2523 1682 non
2548 1628 2803 1699 quaesivit
2838 1645 2938 1699 per
2986 1633 3273 1684 oratorem
3324 1629 3701 1701 piscatorem;
3738 1637 3836 1688 sed

2133 1718 2202 1772 de
2237 1717 2521 1788 piscatore
2555 1718 2814 1771 lucratus
2847 1723 2933 1771 est
2979 1717 3402 1787 imperatorem.
3439 1721 3680 1792 Magnus
3731 1722 3840 1791 Cy-

2133 1807 2373 1876 prianus
2406 1810 2613 1876 orator,
2646 1806 2750 1860 sed
2800 1808 2955 1876 prior
2987 1807 3193 1862 Petrus
3228 1809 3478 1879 piscator
3532 1827 3631 1880 per
3661 1828 3835 1882 quem

2129 1901 2324 1966 postea
2355 1896 2614 1951 crederet
2639 1913 2751 1950 non
2787 1900 3009 1951 tantum
3038 1903 3257 1960 orator,
3283 1899 3382 1953 sed
3403 1904 3459 1953 et
3499 1899 3836 1970 imperator.

2130 1986 2338 2041 Nullus
2365 1985 2574 2041 nobilis
2602 1987 2788 2055 primo
2814 1987 3030 2041 electus
3061 1991 3167 2054 est,
3207 1988 3406 2042 nullus
3435 1989 3666 2055 doctus;
3701 1990 3838 2060 quia

2130 2076 2362 2131 infirma
2381 2075 2582 2130 mundi
2606 2074 2777 2145 elegit
2808 2076 2986 2142 Deus,
3013 2085 3068 2130 ut
3092 2076 3472 2131 confunderet
3498 2077 3684 2132 fortia.
3706 2080 3840 2134 Erat

2129 2165 2390 2234 ergoiste
2414 2181 2662 2234 magnus
2681 2168 2735 2218 et
2754 2164 2879 2218 sine
2910 2164 3078 2220 dolo:
3117 2165 3222 2219 hoc
3263 2165 3385 2219 solo
3439 2182 3554 2221 non
3599 2166 3838 2236 electus,

2128 2266 2199 2305 ne
2222 2252 2493 2321 cuiquam
2526 2251 2817 2305 videretur
2841 2252 3126 2306 Dominus
3149 2253 3349 2305 doctos
3371 2252 3638 2322 elegisse.
3671 2255 3735 2308 Et
3767 2271 3835 2310 ex

2130 2342 2535 2412 ipsadoctrina
2588 2341 2745 2412 Legis
2789 2341 3076 2397 veniebat.
3110 2342 3260 2411 quod
3320 2357 3454 2396 cum
3515 2345 3771 2399 audisset
3802 2362 3834 2398 a

2129 2431 2442 2487 Namreth:
2474 2436 2760 2485 scrutatus
2784 2431 2936 2484 enim
2978 2435 3095 2484 erat
3135 2430 3484 2501 Scripturas,
3516 2437 3571 2486 et
3621 2432 3835 2487 sciebat

2127 2521 2260 2590 quia
2294 2521 2427 2574 inde
2476 2523 2601 2573 erat
2640 2519 3032 2588 expectandus
3071 2517 3351 2585 Salvator,
3387 2521 3542 2590 quod
3591 2537 3702 2574 non
3758 2522 3835 2575 fa-

2126 2608 2234 2664 cile
2255 2609 2349 2664 alii
2373 2610 2581 2663 Scribae
2606 2614 2663 2663 et
2691 2607 2966 2662 Pharisazi
2993 2616 3305 2663 noverant:
3332 2609 3435 2662 iste
3465 2625 3600 2680 ergo
3622 2610 3832 2664 doctis-

2126 2701 2314 2757 simus
2358 2701 2544 2770 Legis,
2605 2717 2738 2755 cum
2802 2701 3059 2755 audisset
3118 2700 3455 2772 Philippum
3517 2703 3828 2769 dicentem,

2125 2794 2446 2846 Invenimus
2503 2794 2710 2854 Jesum,
2743 2807 2903 2863 quem
2959 2792 3177 2862 scripsit
3233 2791 3437 2864 Moyses
3491 2794 3548 2844 in
3598 2794 3756 2861 Lege,
3785 2802 3835 2847 et

2125 2881 2433 2951 Prophetas,
2468 2899 2500 2935 a
2531 2881 2823 2948 Namrcth,
2848 2882 3027 2948 ﬁlium
3056 2880 3289 2951 Ioseph;
3321 2879 3418 2936 ille
3463 2879 3560 2951 qui
3615 2883 3834 2953 optime

2126 2972 2722 3041 Scripturasnoverat,
2750 2971 2948 3027 audito
2994 2972 3226 3027 nomine
3275 2972 3568 3038 Nazareth,
3600 2978 3827 3029 erectus

2125 3065 2180 3116 et
2210 3061 2266 3114 in
2300 3077 2482 3130 spem,
2515 3065 2570 3114 et
2602 3061 2764 3127 dixit,
2799 3061 2846 3114 A
2891 3061 3159 3116 Nazareth
3205 3065 3378 3132 potest
3423 3062 3640 3133 aliquid
3704 3063 3831 3120 boni

2124 3165 2257 3206 8836.

2195 3241 2281 3294 18.
2312 3239 2441 3295 Jam
2465 3243 2670 3295 caetera
2692 3239 2761 3294 de
2783 3239 2909 3310 ipso
2966 3239 3287 3306 videamus,
3309 3242 3439 3297 Ecce
3487 3256 3611 3296 vere
3653 3244 3819 3298 Israe-

2125 3333 2248 3400 lita,
2273 3335 2334 3388 in
2353 3348 2455 3404 quo
2484 3333 2640 3387 dolus
2661 3349 2772 3388 non
2793 3331 3038 3398 est.Quid
3062 3337 3170 3399 est,
3197 3335 3253 3388 in
3277 3350 3379 3405 quo
3401 3333 3556 3388 dolus
3579 3351 3684 3389 non
3707 3337 3824 3389 est?

2124 3423 2288 3478 Forte
2312 3440 2426 3478 non
2452 3422 2695 3479 habebat
2726 3427 3024 3495 peccatum
3046 3423 3073 3476 ?
3106 3424 3251 3478 forte
3293 3440 3404 3478 non
3454 3429 3577 3478 erat
3633 3440 3778 3494 aeger
3801 3426 3827 3478 ?

2125 3512 2266 3568 forte
2289 3512 2369 3566 illi
2397 3514 2660 3568 medicus
2688 3530 2801 3568 non
2825 3517 2946 3568 erat
2981 3513 3343 3567 necessarius
3365 3513 3391 3566 ‘l
3420 3512 3604 3567 Absit.
3647 3511 3826 3568 Nemo

2126 3603 2220 3658 hic
2241 3605 2325 3658 sic
2349 3607 2514 3658 natus
2536 3607 2643 3669 est,
2666 3607 2730 3658 ut
2751 3603 2849 3657 illo
2874 3603 3097 3658 medico
3122 3619 3234 3656 non
3278 3609 3486 3671 egeret.
3537 3602 3684 3665 Quid
3712 3603 3823 3658 sibi

2125 3708 2260 3763 ergo
2291 3693 2431 3758 vult,
2466 3694 2523 3746 in
2555 3707 2658 3762 quo
2679 3691 2834 3748 dolus
2863 3707 2970 3746 non
3001 3700 3078 3746 est
3108 3693 3136 3746 ?
3178 3689 3491 3761 Aliquanto
3540 3692 3824 3748 intentius

2125 3798 2487 3854 quaeramus;
2523 3780 2822 3853 apparebit
2853 3781 3022 3836 modo
3053 3781 3112 3835 in
3144 3781 3376 3836 nomine
3416 3781 3664 3837 Domini.
3712 3782 3826 3837 Do-

2124 3872 2248 3927 lum
2281 3869 2419 3925 dicit
2451 3871 2768 3938 Dominus;
2800 3878 2850 3926 el
2877 3870 3068 3926 omnis
3100 3870 3198 3942 qui
3232 3869 3601 3926 verbalatina
3651 3871 3824 3928 intel-

2126 3961 2275 4031 ligit,
2309 3960 2417 4016 scit
2448 3961 2587 4032 quia
2616 3961 2786 4017 dolus
2816 3966 2923 4029 est,
2958 3977 3089 4017 cum
3121 3961 3279 4016 aliud
3328 3960 3522 4033 agitur
3569 3967 3625 4017 et
3673 3962 3826 4018 aliud

2129 4051 2386 4122 fingitur.
2420 4052 2688 4108 Intendat
2715 4052 2979 4108 Charitas
3011 4055 3222 4107 vestra.
3272 4051 3396 4106 Non
3448 4051 3615 4106 dolus
3665 4052 3830 4108 dolor

2127 4147 2214 4196 est.
2247 4157 2259 4195 :
2296 4143 2597 4211 propterea
2627 4141 2774 4204 dico,
2806 4141 2937 4211 quia
2971 4139 3140 4194 multi
3186 4139 3392 4194 fratres
3439 4139 3827 4207 imperitiores

2128 4229 2434 4286 latinitatis
2464 4229 2785 4301 loquuntur
2819 4231 2921 4297 sic,
2957 4234 3021 4284 ut
3050 4229 3268 4295 dicant,
3295 4226 3470 4281 Dolus
3494 4226 3661 4280 illum
3705 4232 3828 4282 tor--

2128 4327 2289 4392 quet,
2321 4337 2422 4391 pro
2454 4336 2518 4375 eo
2551 4321 2705 4392 quod
2737 4325 2825 4375 est
2856 4319 3039 4374 dolor.
3074 4317 3251 4373 Dolus
3279 4318 3435 4370 fraus
3459 4318 3561 4385 est,
3588 4315 3830 4370 simula-

2129 4410 2208 4466 tio
2239 4418 2344 4465 est.
2369 4411 2608 4475 Quando
2631 4410 2842 4480 aliquis
2869 4407 3088 4479 aliquid
3114 4408 3171 4462 in
3196 4408 3364 4461 corde
3385 4405 3549 4474 tegit,
3583 4410 3639 4459 et
3672 4405 3828 4460 aliud

2127 4499 2590 4570 loquitur,dolus
2636 4501 2746 4566 est,
2797 4505 2848 4551 el
2899 4502 3176 4566 tanquam
3224 4497 3337 4549 duo
3388 4495 3560 4549 corda
3604 4493 3828 4550 habet:

2131 4604 2314 4642 unum
2349 4586 2515 4658 quasi
2544 4579 2738 4641 sinum
2762 4585 2954 4641 cordis
2977 4584 3171 4650 habet,
3196 4581 3465 4639 ubividet
3500 4583 3831 4651 veritatem;

2128 4681 2184 4731 et
2214 4677 2459 4732 alterum
2493 4675 2709 4741 sinum,
2745 4674 2838 4730 ubi
2871 4673 3123 4745 concipit
3153 4672 3542 4728 mendacium.
3569 4673 3634 4728 Et
3657 4678 3720 4728 ut
3740 4690 3840 4730 no-

2131 4764 2328 4820 veritis
2343 4763 2496 4818 hunc
2513 4779 2642 4818 esse
2661 4763 2884 4830 dolum,
2923 4763 3144 4818 dictum
3168 4767 3256 4817 est
3279 4761 3334 4815 in
3360 4759 3631 4829 Psalmis,
3669 4763 3837 4817 Labia

2133 4855 2341 4911 dolosa.
2376 4853 2523 4919 Quid
2555 4858 2661 4918 est,
2693 4853 2867 4908 Labia
2897 4852 3079 4908 dolosa
3100 4858 3126 4906 Ρ
3155 4850 3450 4921 Sequitur,
3486 4850 3546 4903 In
3583 4850 3740 4904 corde
3785 4859 3836 4905 et

2132 4944 2294 5001 corde
2322 4944 2491 5000 locuti
2517 4948 2646 4998 sunt
2667 4944 2815 4998 mala
2845 4944 3020 5015 (Psal.
3062 4959 3141 5010 ιι,
3181 4940 3258 5013 3).
3284 4940 3428 5007 Quid
3464 4944 3572 5001 est,
3598 4939 3656 4991 In
3678 4938 3836 4992 corde

2131 5035 2390 5093 etcorde;
2417 5032 2526 5087 nisi
2552 5031 2776 5103 duplici
2799 5033 2968 5089 corde
2991 5033 3017 5088 ?
3039 5032 3092 5087 Si
3127 5047 3262 5101 ergo
3294 5027 3458 5083 dolus
3492 5026 3547 5078 in
3574 5026 3684 5080 isto
3718 5041 3833 5081 non

2136 5128 2283 5189 erat,
2307 5120 2630 5178 sanabilem
2658 5121 2824 5177 illum
2851 5116 3422 5189 medicusjudicavit,
3465 5130 3580 5168 non
3603 5130 3833 5170 sanum.

2134 5215 2304 5270 Aliud
2329 5218 2419 5270 est
2448 5213 2602 5270 enim
2628 5230 2824 5282 sanus,
2863 5213 3020 5267 aliud
3061 5206 3363 5274 sanabilis,
3405 5203 3561 5260 aliud
3606 5206 3838 5262 insana-

2136 5306 2271 5362 bilis
2303 5322 2317 5362 :
2353 5305 2449 5378 qui
2481 5309 2715 5374 aegrotat
2745 5320 2878 5359 cum
2936 5317 3055 5372 spe,
3111 5296 3392 5355 sanabilis
3449 5296 3698 5366 dicitur;
3732 5301 3834 5372 qui

2136 5402 2372 5468 aegrotat
2413 5410 2546 5450 cum
2596 5392 3010 5462 desperatione,
3062 5385 3444 5455 insanabilis;
3491 5387 3588 5459 qui
3638 5393 3835 5444 autem

2134 5489 2256 5559 jam
2289 5501 2462 5542 sanus
2493 5493 2594 5551 est,
2627 5500 2738 5537 non
2790 5487 2920 5554 eget
2977 5479 3222 5536 medico.
3261 5479 3519 5535 Medicus
3563 5495 3697 5550 ergo
3738 5479 3839 5550 qui

2135 5580 2371 5633 venerat
2392 5573 2785 5644 sanare,vidit
2806 5572 2980 5630 istum
3006 5569 3352 5640 sanabilem,
3383 5567 3520 5642 quia
3568 5568 3736 5624 dolus
3787 5569 3846 5624 in
