4170 6188
382 245 532 306 1447

380 382 478 437 illo
521 396 631 437 non
682 382 826 434 erat.
865 374 1165 443 Quomodo
1209 372 1377 428 dolus
1428 371 1485 425 in
1529 368 1629 424 illo
1677 383 1790 423 non
1823 369 1983 425 erat?
2015 368 2073 423 Si

380 476 642 546 peccator
659 467 998 536 est,fatetur
1024 482 1086 520 se
1127 471 1505 534 peccatorem.
1530 461 1586 515 Si
1626 462 1775 516 enim
1813 466 2080 534 peccator

378 567 486 629 est,
508 562 805 630 etjustum
832 573 892 612 se
915 556 1089 622 dicit;
1122 553 1283 609 dolus
1327 558 1415 607 est
1456 553 1512 606 in
1558 567 1655 607 ore
1696 552 2076 623 ipsius.Ergo

377 653 433 707 in
459 648 812 706 Nathanaele
832 645 1251 701 confessionem
1288 642 1505 713 peccati
1539 642 1815 709 laudavit,
1852 659 1961 696 non
1988 643 2076 712 ju-

376 742 588 799 dicavit
623 756 735 794 non
768 752 895 792 esse
925 738 1305 806 peccatorem.

440 832 526 886 19.
562 829 868 899 Propterea
908 841 1038 880 cum
1096 820 1364 877 Pharisaei
1420 820 1517 890 qui
1568 820 1676 873 sibi
1730 819 2075 875 videbantur

370 922 531 993 justi,
587 918 1078 990 reprehenderent
1145 913 1454 967 Dominum
1534 911 1670 981 quia
1718 911 2076 966 miscebatur

372 1010 599 1082 aegrotis
636 1007 910 1070 medicus,
936 1008 991 1057 et
1023 1002 1303 1065 dicerent,
1348 1001 1476 1053 Ecce
1524 1015 1646 1053 cum
1694 1000 1887 1070 quibus
1920 1016 2071 1053 man-

372 1102 552 1167 ducal,
584 1115 707 1152 cum
737 1092 1046 1165 publicanis
1063 1094 1113 1146 et
1141 1090 1556 1161 peccatoribus;
1600 1090 1902 1161 respondit
1954 1108 2073 1145 me-

374 1191 537 1245 dicus
590 1184 963 1259 phreneticis,
1008 1184 1123 1237 Non
1171 1188 1247 1236 est
1304 1197 1435 1251 Opus
1482 1182 1638 1235 sanis
1688 1180 1951 1249 medicus,
1982 1182 2073 1237 sed

368 1281 513 1335 male
542 1278 861 1333 habentibus
891 1292 909 1328 :
942 1289 1048 1329 non
1080 1276 1203 1326 veni
1238 1286 1434 1326 vocare
1464 1271 1653 1339 iustos,
1691 1270 1782 1325 sed
1823 1275 2072 1340 peccato-

369 1385 457 1425 res
487 1368 695 1441 (Matth.
717 1384 793 1429 ix,
822 1364 1031 1435 11-13).
1066 1362 1181 1417 Hoc
1212 1368 1294 1416 est
1332 1360 1541 1415 dicere.
1580 1360 1723 1425 Quia
1756 1378 1855 1415 vos
1878 1362 2073 1431 justos

371 1459 589 1524 dicitis,
631 1472 765 1512 cum
805 1453 932 1508 silis
976 1456 1326 1523 peccatores,
1362 1467 1535 1504 sanos
1576 1466 1677 1504 vos
1712 1450 1996 1519 judicatis
2029 1454 2070 1518 ¹,

368 1566 501 1605 cum
536 1544 876 1615 langueatis,
913 1541 1260 1597 medicinam
1286 1538 1588 1611 repellitis,
1617 1556 1729 1594 non
1755 1541 2071 1595 sanitatem

373 1636 601 1693 tenetis.
633 1634 795 1689 Unde
821 1632 916 1687 ille
950 1631 1271 1702 pharisreus
1303 1628 1398 1698 qui
1429 1633 1729 1684 vocaverat
1762 1629 2071 1684 Dominum

373 1729 439 1785 ad
480 1726 1015 1798 prandium,sanus
1057 1722 1168 1776 sibi
1211 1721 1512 1775 videbatur
1556 1735 1569 1773 :
1619 1725 1829 1788 aegrota
1878 1726 2072 1775 autem

376 1818 475 1874 illa
508 1816 717 1871 mulier
750 1813 958 1883 irrupit
1006 1812 1065 1866 in
1120 1813 1381 1879 domum,
1418 1826 1533 1880 quo
1585 1826 1699 1864 non
1750 1815 1872 1863 erat
1922 1810 2070 1863 invi-

375 1913 508 1975 tata,
541 1910 595 1960 et
627 1904 912 1960 desiderio
963 1902 1170 1956 salutis
1221 1902 1369 1955 facta
1419 1900 1756 1971 impudens,
1807 1900 2072 1966 accessit,

370 2016 484 2054 non
517 1998 588 2051 ad
613 2002 778 2067 caput
801 1993 1051 2058 Domini,
1076 2009 1184 2046 non
1220 1992 1285 2044 ad
1327 2008 1555 2051 manus,
1588 1989 1689 2044 sed
1740 1990 1811 2043 ad
1862 1991 2072 2061 pedes;

372 2091 512 2148 lavit
542 2107 637 2145 eos
670 2088 963 2157 lacrymis,
1006 2086 1170 2141 tersit
1217 2084 1467 2154 capillis,
1518 2082 1773 2138 osculata
1814 2088 1902 2139 est
1952 2100 2072 2149 eos,

374 2181 539 2238 unxit
570 2182 886 2250 unguento,
922 2191 1122 2246 pacem
1174 2174 1307 2229 fecit
1347 2190 1477 2227 cum
1532 2172 1789 2243 vestigiis
1840 2173 2068 2228 Domini

369 2263 677 2344 peccatrix.
706 2266 1091 2337 Reprehendit
1122 2265 1217 2319 ille
1240 2269 1517 2333 tanquam
1551 2280 1730 2318 sanus
1754 2263 2069 2331 medicum,

368 2363 467 2418 ille
500 2360 823 2433 pharisaeus
846 2357 945 2428 qui
968 2355 1086 2411 illic
1110 2354 1545 2421 discumbebat;
1581 2359 1635 2409 et
1670 2355 1747 2409 ait
1779 2356 1927 2424 apud
1964 2371 2022 2410 se
2055 2372 2069 2409 :

367 2453 464 2507 Hie
493 2452 542 2505 si
570 2452 703 2504 esset
722 2447 1006 2519 propheta,
1029 2446 1187 2500 sciret
1212 2459 1335 2514 quae
1385 2444 1587 2499 mulier
1613 2444 1703 2499 illi
1749 2443 1907 2515 pedes
1954 2444 2073 2499 teti-

367 2543 550 2611 gisset.
584 2538 715 2593 Ideo
738 2542 930 2591 autem
955 2536 1281 2603 suspicatus
1302 2538 1424 2587 erat
1444 2548 1575 2587 eum
1601 2535 1920 2603 ignorasse,
1937 2533 2072 2603 quia

369 2648 481 2686 non
506 2628 666 2683 illam
693 2624 923 2695 repulit,
964 2624 1131 2695 quasi
1173 2639 1245 2678 ne
1292 2622 1613 2678 immundis
1656 2623 1926 2677 manibus
1950 2628 2072 2678 tan-

373 2725 605 2790 geretur
638 2731 651 2770 :
681 2717 915 2769 noverat
955 2717 1147 2767 autem
1198 2712 1317 2778 ille,
1370 2713 1636 2782 permisit
1685 2729 1747 2767 se
1796 2713 1972 2782 tangi,
2008 2717 2071 2767 ut

370 2810 559 2862 tactus
600 2804 726 2875 ipse
766 2806 1019 2857 sanaret.
1056 2802 1337 2857 Dominus
1382 2801 1581 2855 videns
1627 2817 1726 2855 cor
1776 2801 2068 2870 Pharisaei,

367 2892 668 2966 proposuit
716 2888 1161 2944 similitudinem
1198 2904 1211 2941 :
1253 2911 1279 2937 ‹‹
1306 2887 1430 2942 Duo
1453 2889 1739 2943 debitores
1762 2894 1924 2943 erant
1947 2890 2069 2943 cui-

362 2985 496 3039 dam
524 2981 856 3039 feneratori:
885 2994 1035 3034 unus
1057 2979 1105 3034 ei
1132 2978 1378 3033 debebat
1419 2979 1846 3050 quinquaginta
1886 2980 2064 3035 dena-

348 3054 500 3139 rios,
524 3071 666 3126 alter
686 3070 1040 3141 quingentos
1077 3084 1090 3123 :
1126 3084 1251 3122 cum
1287 3086 1401 3122 non
1436 3068 1717 3124 haberent
1750 3071 1904 3125 unde
1937 3073 2063 3126 red-

360 3165 584 3229 derent,
610 3160 841 3215 donavit
878 3157 1147 3213 ambolus
1175 3175 1187 3224 ;
1215 3158 1345 3229 quis
1378 3172 1510 3212 eum
1554 3158 1684 3228 plus
1708 3160 1950 3214 dilexit?
1998 3162 2065 3217 Et

358 3250 489 3307 ille:
514 3249 711 3314 Credo,
736 3246 1001 3312 Domine,
1029 3245 1119 3299 cui
1154 3247 1285 3315 plus
1326 3246 1581 3301 donavit.
1639 3250 1707 3301 Et
1748 3264 2063 3303 conversus

359 3342 427 3397 ad
463 3338 789 3405 mulierem,
822 3335 965 3390 dixit
1009 3336 1233 3390 Simoni
1261 3352 1273 3389 :
1300 3335 1471 3390 Vides
1512 3336 1686 3391 istam
1714 3336 2015 3394 mulierem
2040 3341 2067 3394 ‘l

359 3429 569 3486 intravi
612 3429 671 3481 in
707 3428 944 3481 domum
976 3430 1159 3495 tuam,
1195 3441 1403 3497 aquam
1439 3427 1581 3481 mihi
1615 3428 1685 3481 ad
1734 3428 1907 3499 pedes
1947 3446 2062 3485 non

354 3518 597 3584 dedisti;
634 3516 735 3570 illa
756 3519 950 3570 autem
978 3515 1246 3583 lacrymis
1280 3515 1417 3570 lavit
1453 3518 1629 3587 pedes
1666 3534 1849 3582 meos,
1872 3524 1927 3573 et
1967 3536 2059 3574 ca-

353 3608 512 3681 pillis
534 3607 657 3663 suis
682 3606 879 3661 tersit:
905 3604 1172 3660 osculum
1202 3605 1342 3660 mihi
1370 3622 1484 3661 non
1518 3607 1759 3671 dedisti;
1815 3607 1912 3662 illa
1944 3626 2059 3665 non

356 3697 578 3753 destitit
605 3695 777 3768 pedes
802 3712 959 3751 meos
982 3696 1231 3751 osculari
1261 3713 1272 3750 :
1298 3696 1488 3751 oleum
1512 3697 1653 3751 mihi
1677 3714 1789 3751 non
1814 3699 2054 3767 dedisti;

350 3786 451 3842 illa
476 3788 648 3857 pedes
670 3803 830 3841 meos
854 3785 1017 3840 unxit
1040 3791 1352 3855 unguento.
1391 3786 1697 3857 Propterea
1732 3788 1859 3843 dico
1910 3788 2015 3843 tibi
2042 3807 2055 3857 ;

347 3875 723 3932 dimittuntur
744 3875 791 3929 ei
829 3880 1058 3946 peccata
1101 3875 1305 3943 multa,
1338 3877 1615 3947 quoniam
1666 3877 1867 3931 dilexit
1906 3878 2058 3932 mul-

348 3971 476 4024 tum
514 3983 527 4022 :
560 3968 651 4020 cui
683 3969 873 4019 autem
908 3964 1199 4019 modicum
1233 3965 1565 4032 dimittitur,
1604 3968 1898 4022 modicum
1923 3967 2054 4022 dili-

350 4058 484 4129 git»
519 4057 669 4128 (Luc.
700 4071 800 4119 vn,
823 4054 1029 4120 36-47).
1066 4058 1184 4109 Hoc
1214 4058 1303 4109 est
1333 4055 1543 4123 dicere,
1604 4055 1740 4111 Plus
1788 4061 2053 4128 egrotae,

354 4149 455 4204 sed
480 4162 685 4202 sanum
709 4152 761 4200 te
784 4150 990 4215 putas:
1018 4146 1310 4199 modicum
1339 4149 1502 4216 putas
1525 4146 1629 4199 tibi
1653 4146 1891 4215 dimitti,
1922 4163 2052 4202 cum

348 4237 482 4310 plus
511 4236 735 4292 debitor
765 4234 863 4290 sis.
907 4239 1055 4289 Bene
1102 4233 1232 4301 ista,
1278 4236 1414 4306 quia
1463 4236 1634 4291 dolus
1684 4236 1740 4290 in
1793 4236 1888 4291 illa
1937 4255 2051 4293 non

348 4333 492 4393 erat,
527 4325 740 4381 meruit
772 4324 1145 4379 medicinam.
1182 4325 1329 4390 Quid
1362 4330 1469 4393 est,
1503 4324 1672 4379 dolus
1700 4326 1755 4380 in
1796 4326 1894 4380 illa
1939 4345 2049 4383 non

345 4417 518 4472 erat?
548 4414 949 4470 Contitebatur
980 4420 1233 4483 peccata.
1270 4414 1383 4468 Hoc
1416 4420 1471 4469 et
1501 4414 1699 4470 laudat
1744 4415 1803 4470 in
1836 4416 2053 4472 Natha-

348 4506 538 4569 naele,
572 4506 723 4575 quod
758 4503 927 4559 dolus
959 4504 1015 4558 in
1049 4504 1147 4560 illo
1180 4521 1293 4559 non
1329 4510 1489 4561 erat:
1525 4506 1661 4577 quia
1694 4506 1860 4560 multi
1912 4507 2051 4579 pha-

348 4594 500 4649 risaei
532 4594 629 4664 qui
661 4595 1031 4649 abundabant
1090 4596 1362 4667 peccatis,
1405 4596 1601 4667 justos
1655 4614 1713 4652 se
1760 4596 2049 4667 dicebant,

347 4688 403 4739 et
452 4682 652 4736 dolum
713 4684 1047 4753 atterebant,
1100 4702 1202 4756 per
1259 4700 1431 4756 quem
1484 4686 1670 4741 sanari
1722 4704 1835 4741 non
1889 4693 2048 4759 pote-

344 4779 499 4831 rant.

408 4866 499 4920 20.
536 4862 849 4933 Viditergo
876 4863 991 4933 iam
1017 4864 1189 4920 istum
1218 4866 1271 4919 in
1301 4884 1410 4938 quo
1461 4867 1629 4923 dolus
1670 4885 1782 4922 non
1821 4871 1961 4933 erat,
1996 4871 2051 4923 et

338 4957 610 5012 aitzEcce
651 4969 776 5010 vere
810 4953 1081 5022 Israelita,
1122 4954 1181 5009 in
1221 4972 1323 5028 quo
1364 4958 1522 5014 dolus
1562 4975 1671 5014 non
1710 4962 1804 5013 est.
1828 4959 1967 5012 Dicit
1998 4959 2053 5012 ei

346 5045 696 5102 Nathanael:
730 5045 875 5102 Unde
904 5062 991 5101 me
1022 5048 1164 5099 nosti
1178 5050 1203 5100 .'
1245 5050 1531 5117 Respondit
1565 5052 1733 5117 Jesus,
1767 5053 1815 5103 et
1858 5049 1999 5103 dixit
2029 5066 2047 5101 .-

346 5138 675 5208 Priusquam
718 5141 768 5191 te
828 5137 1115 5209 Philippus
1146 5145 1381 5205 vocaret,
1442 5156 1565 5194 cum
1595 5156 1729 5195 esses
1770 5141 1868 5194 sub
1919 5141 2044 5210 ﬁcu,

344 5226 465 5276 vidi
495 5231 545 5279 te
566 5242 586 5285 ,·
618 5226 673 5279 id
706 5230 818 5291 est,
843 5228 949 5282 sub
1002 5228 1207 5283 arbore
1259 5227 1370 5284 tici.
1424 5229 1710 5300 Respondit
1750 5231 1802 5283 ei
1840 5230 2042 5285 Natha-

339 5312 486 5375 nael,
520 5317 568 5365 et
608 5315 685 5367 ait
716 5332 734 5370 :
770 5317 953 5385 Rabbi,
988 5326 1048 5372 tu
1077 5335 1132 5374 es
1155 5321 1326 5374 Filius
1358 5320 1471 5387 Dei,
1507 5323 1563 5373 tu
1610 5337 1663 5375 es
1711 5335 1809 5373 rex
1848 5317 2041 5374 3Israel.

340 5398 569 5470 Aliquid
594 5418 867 5472 magnum
894 5411 1083 5478 potuit
1130 5410 1449 5466 Nathanael
1473 5412 1583 5466 iste
1605 5409 1947 5479 intelligere,
1983 5410 2043 5464 in

344 5504 412 5545 eo
438 5489 595 5560 quod
615 5489 833 5547 dictum
876 5503 986 5567 est,
1012 5500 1151 5554 Cum
1188 5517 1325 5559 esses
1346 5503 1443 5557 sub
1464 5501 1555 5571 ﬁci
1575 5502 1790 5568 arbore,
1821 5500 1937 5557 vidi
1973 5505 2040 5567 te,

412 5616 426 5649 ί
461 5614 604 5676 Mss,
628 5614 953 5679 praedicatis.

1328 235 1405 293 IN
1449 232 1772 295 JOANNIS
1816 231 2363 309 EVANGELIUM,
2411 237 2473 297 S.
2520 237 2947 301 AUGUSTINI

3742 250 3898 311 1418

2183 375 2511 444 priusquam
2551 382 2602 428 te
2650 375 2936 446 Philippus
2978 386 3220 433 vocaret.
3276 381 3418 434 Nam
3472 380 3647 438 talem
3702 401 3898 443 vocem

2192 460 2451 528 protulit,
2491 460 2564 513 Tu
2594 476 2649 515 es
2681 462 2853 515 Filius
2896 464 3009 529 Dei,
3045 472 3102 519 tu
3152 480 3205 519 es
3249 481 3348 520 rex
3396 468 3571 522 Israel
3594 485 3615 529 ;
3665 470 3896 540 qualem

2192 552 2351 602 tanto
2385 554 2515 619 post
2549 555 2763 613 Petrus,
2789 554 3020 623 quando
3044 554 3095 608 ei
3136 555 3415 610 Dominus
3469 558 3569 625 ait,
3604 560 3796 616 Beatus
3843 578 3898 618 es

2194 638 2381 692 Simon
2415 640 2522 693 Bar
2536 642 2691 707 Iona,
2725 645 2855 711 quia
2876 659 2985 698 non
3009 646 3109 699 tibi
3130 646 3390 700 reuelauit
3412 663 3539 702 caro
3565 656 3615 703 el
3643 654 3891 721 sanguis,

2188 726 2281 781 sed
2310 728 2475 782 Pater
2505 746 2657 783 meus
2688 729 2785 801 qui
2813 740 2891 786 est
2924 731 2982 787 in
3014 734 3142 788 cielo
3181 735 3393 804 (Matth.
3436 753 3551 804 xvx,
3578 738 3687 809 17).
3712 740 3781 794 Et
3813 741 3892 795 ibi

2191 818 2516 873 nominavit
2540 825 2778 889 petram,
2804 826 2859 875 at
2882 821 3136 877 laudavit
3158 824 3594 882 ﬁrmamentum
3628 830 3891 885 Ecclesia:

2191 906 2248 961 in
2272 907 2385 961 ista
2407 909 2536 964 tide.
2566 909 2806 981 Hicjam
2831 911 2991 978 dicit,
3017 914 3088 967 Tu
3116 930 3169 967 es
3200 916 3381 970 Filius
3430 917 3543 985 Dei,
3585 924 3642 972 tu
3685 936 3741 974 es
3792 936 3894 975 rex

2190 998 2387 1052 Israel.
2424 998 2633 1054 Unde?
2663 999 2803 1062 Quia
2831 1002 3050 1057 dictum
3095 1008 3184 1057 est
3230 1005 3301 1071 ei,
3337 1006 3651 1078 Antequam
3681 1013 3729 1063 te
3760 1010 3892 1065 Phi-

2190 1086 2370 1158 lippus
2400 1095 2635 1153 vocaret,
2666 1107 2790 1145 cum
2811 1108 2949 1145 esses
2980 1093 3078 1147 sub
3109 1094 3304 1149 arbore
3345 1096 3457 1163 ﬁci,
3494 1096 3606 1151 vidi
3634 1104 3712 1152 te.

2259 1178 2348 1233 21.
2390 1180 2774 1244 Quaerendum
2807 1187 2914 1249 est,
2946 1200 3017 1236 an
3042 1183 3253 1255 aliquid
3281 1184 3571 1255 signiticet
3593 1186 3703 1242 ista
3724 1188 3893 1243 arbor

2190 1270 2303 1326 fici.
2330 1271 2534 1325 Audite
2557 1272 2735 1338 enim,
2782 1272 2985 1328 fratres
3030 1275 3140 1329 mei
3188 1292 3200 1329 :
3248 1277 3578 1331 Invenim':s
3626 1279 3886 1334 arborem

2191 1360 2283 1415 ﬁci
2316 1360 2705 1424 maledictam,
2739 1364 2877 1432 quia
2907 1364 3028 1418 sola
3072 1364 3208 1421 folia
3256 1365 3481 1435 habuit,
3536 1373 3590 1422 et
3640 1369 3889 1424 fructum

2191 1464 2306 1504 non
2334 1448 2541 1504 habuit
2586 1450 2689 1520 (Id.
2750 1468 2867 1521 xxx,
2930 1454 3035 1522 19).
3093 1454 3153 1508 In
3223 1454 3445 1527 origine
3500 1456 3741 1512 humani
3791 1473 3889 1529 ge-

2189 1540 2344 1593 neris
2367 1538 2549 1593 Adam
2596 1544 2651 1594 et
2693 1539 2805 1595 Eva
2845 1557 2975 1595 cum
3020 1548 3377 1613 peccassent,
3410 1545 3480 1600 de
3528 1544 3684 1601 foliis
3729 1546 3895 1601 ficul-

2187 1629 2314 1683 neis
2335 1630 2721 1685 succinctoria
2742 1631 2850 1686 sibi
2878 1631 3135 1687 fecerunt
3156 1632 3307 1702 (Gen.
3343 1652 3429 1700 ιιι,
3459 1637 3555 1703 7):
3584 1634 3717 1692 folia
3753 1652 3889 1707 ergo

2190 1718 2435 1772 ﬁculnea
2458 1718 2864 1791 intelliguntur
2894 1732 3141 1793 peccata.
3183 1726 3307 1778 Erat
3339 1728 3532 1779 autem
3570 1726 3889 1780 Nathanael

2192 1808 2300 1862 sub
2332 1810 2538 1863 arbore
2579 1810 2692 1876 tici,
2733 1814 3011 1882 tanquam
3061 1813 3170 1867 sub
3222 1814 3431 1869 umbra
3482 1815 3704 1870 mortis.
3739 1816 3892 1869 Vidit

2188 1912 2320 1951 eum
2346 1897 2643 1967 Dominus,
2679 1901 2747 1955 de
2779 1917 2893 1971 quo
2946 1901 3167 1956 dictum
3214 1908 3323 1971 est,
3358 1904 3463 1971 Qui
3500 1903 3757 1959 sedebant
3787 1906 3884 1959 sub

2188 1988 2383 2042 umbra
2412 1990 2626 2053 mortis,
2661 1990 2844 2043 lumen
2869 2000 3046 2044 ortum
3075 1996 3153 2045 est
3183 1994 3261 2046 eis
3290 1992 3443 2064 (lsai.
3497 2010 3570 2057 IX,
3618 1994 3695 2063 2).
3737 1993 3889 2059 Quid

2186 2093 2321 2148 ergo
2344 2078 2560 2133 dictum
2584 2085 2669 2133 est
2690 2079 3029 2135 Nathanaeli
3051 2081 3079 2135 ?
3106 2081 3254 2137 Dicis
3288 2081 3449 2148 mihi,
3473 2099 3506 2137 ο
3540 2083 3887 2142 Nathanael.

2191 2168 2336 2223 Unde
2370 2184 2456 2222 me
2484 2170 2674 2223 nosti?
2701 2168 3009 2240 Modojam
3055 2170 3307 2241 loqueris
3339 2186 3584 2240 mecum,
3607 2171 3740 2241 quia
3791 2187 3892 2225 vo-

2187 2258 2337 2311 cavit
2360 2266 2409 2311 te
2435 2257 2757 2329 Philippus.
2780 2259 2908 2314 Jam
2934 2276 3107 2330 quem
3132 2262 3353 2315 vocavit
3386 2276 3485 2332 per
3532 2260 3887 2332 apostolum,

2186 2346 2256 2401 ad
2280 2346 2594 2403 Ecclesium
2617 2364 2782 2403 suam
2825 2350 2966 2403 vidit
3010 2350 3312 2419 pertinere.
3353 2350 3396 2405 Ο
3438 2360 3494 2405 tu
3535 2349 3815 2411 Ecclesia,
3852 2364 3886 2403 ο

2185 2440 2247 2490 tu
2273 2437 2475 2503 Israel,
2499 2437 2557 2491 in
2581 2453 2691 2507 quo
2714 2437 2881 2493 dolus
2906 2455 3019 2493 non
3040 2443 3161 2511 est;
3197 2441 3247 2495 si
3297 2455 3359 2495 es
3408 2438 3660 2512 populus
3710 2436 3888 2493 Israel

2184 2526 2242 2578 in
2266 2543 2376 2595 quo
2399 2527 2568 2581 dolus
2592 2542 2702 2581 non
2728 2531 2834 2596 est,
2861 2530 3031 2584 modo
3062 2529 3186 2600 jam
3227 2529 3543 2599 cognovisti
3585 2527 3883 2582 Christum

2185 2632 2285 2687 per
2306 2616 2630 2683 Apostolos,
2647 2618 2940 2687 quomodo
2963 2619 3277 2676 Nathanael
3300 2621 3567 2691 cognovit
3588 2619 3884 2674 Christum

2185 2722 2287 2776 per
2319 2706 2675 2777 Philippum.
2710 2709 2818 2763 Sed
2856 2709 3256 2764 misericordia
3294 2727 3399 2765 sua
3439 2714 3574 2764 ante
3623 2715 3677 2763 te
3722 2707 3886 2776 vidit,

2185 2811 2358 2864 quam
2385 2801 2441 2849 tu
2466 2812 2599 2850 eum
2626 2813 3007 2867 cognosceres
3034 2801 3073 2868 ¹,
3103 2815 3235 2855 cum
3259 2800 3369 2854 sub
3393 2800 3887 2871 peccatojaceres.

2180 2883 2479 2955 Numquid
2511 2887 2664 2939 enim
2702 2903 2807 2942 nos
2861 2888 3022 2959 prius
3071 2890 3444 2960 quaesivimus
3482 2889 3797 2955 Christum,
3830 2891 3890 2943 et

2181 2992 2296 3029 non
2321 2975 2418 3031 ille
2442 2994 2544 3031 nos
2576 2978 2836 3047 quassivit
2859 2980 2886 3033 ‘2
2908 2979 3199 3050 Numquid
3243 2998 3344 3035 nos
3384 2980 3645 3035 venimus
3680 2978 3879 3050 aegroti

2178 3067 2247 3118 ad
2275 3066 2585 3130 medicum,
2609 3078 2797 3122 etnon
2824 3069 3083 3124 medicus
3103 3070 3171 3122 ad
3195 3074 3436 3141 aegrotos
3456 3069 3483 3123 ?
3512 3069 3713 3124 Nonne
3760 3067 3882 3122 ovis

2178 3153 2275 3209 illa
2299 3157 2569 3225 perierat,
2589 3161 2646 3210 et
2669 3156 2885 3211 relictis
2910 3160 3223 3229 nonaginta
3247 3175 3447 3213 novem
3493 3163 3687 3229 pastor
3722 3173 3880 3228 quae-

2180 3243 2317 3298 sivit
2362 3244 2525 3299 illam
2567 3255 2621 3299 et
2662 3247 3086 3317 invenit,quam
3133 3249 3291 3302 laetus
3327 3248 3382 3303 in
3402 3248 3658 3302 humeris
3681 3263 3878 3317 repor-

2179 3333 2574 3389 tavit‘tNonne
2593 3340 2841 3405 perierat
2864 3337 3277 3405 drachmailla,
3295 3342 3351 3392 et
3373 3337 3639 3393 accendit
3672 3336 3884 3391 mulier

2178 3422 2502 3494 lucernam,
2522 3431 2575 3479 et
2597 3426 2867 3497 qumsivit
2884 3427 2940 3481 in
2960 3433 3080 3483 tota
3101 3430 3274 3483 domo
3298 3445 3404 3483 sua
3426 3429 3605 3483 donec
3629 3428 3886 3483 invenit.a

2180 3512 2396 3567 Etcum
2435 3515 2771 3580 invenisset,
2798 3517 3173 3573 c'ollietamini
3202 3517 3363 3585 mihi,
3397 3517 3479 3572 ait
3502 3516 3707 3570 vicinis
3731 3518 3880 3585 suis,

2179 3607 2307 3673 quia
2336 3607 2524 3660 inveni
2548 3606 2868 3660 drachmam
2912 3624 3076 3678 quam
3121 3608 3461 3677 perdideram
3508 3609 3657 3680 (Luc.
3692 3624 3781 3676 xv,
3815 3607 3879 3660 4-

2170 3693 2279 3763 10).
2306 3693 2399 3749 Sic
2420 3697 2478 3749 et
2501 3711 2602 3749 nos
2626 3696 2771 3750 sicut
2796 3697 2919 3751 ovis
2962 3699 3341 3766 perieramus,
3381 3703 3437 3753 et
3478 3701 3625 3753 sicut
3664 3697 3870 3751 drach-

2169 3798 2265 3836 ma
2299 3784 2648 3853 perieramus
2681 3801 2693 3840 :
2729 3794 2782 3839 et
2823 3791 3021 3857 pastor
3071 3794 3268 3842 noster
3300 3787 3523 3842 invenit
3561 3803 3744 3855 ovem,
3769 3788 3874 3841 sed

2167 3873 2435 3941 quaesivit
2464 3890 2659 3943 ovem;
2687 3876 2893 3930 mulier
2926 3876 3139 3931 invenit
3180 3876 3539 3944 drachmam,
3565 3878 3663 3932 sed
3708 3893 3870 3947 quaa-

2168 3962 2671 4021 sivitdrachmam.
2692 3967 2825 4031 Quae
2840 3972 2923 4021 est
2940 3966 3347 4023 mulier?Caro
3360 3968 3593 4023 Christi.
3623 3970 3755 4033 Quae
3775 3966 3870 4023 esi-

2164 4048 2438 4107 lucerna?
2461 4052 2668 4107 Paravi
2684 4055 2964 4109 lucernam
2988 4056 3199 4110 Christo
3213 4071 3330 4111 meo
3353 4057 3524 4128 (Psal.
3561 4057 3875 4127 cxxxr,t7).

2165 4142 2314 4213 Ergo
2328 4141 2867 4212 quiesitisumusmt
2882 4144 3275 4201 inveniremur
3290 4163 3303 4214 ;
3320 4146 3535 4201 inventi
3551 4146 3873 4218 loquimur.

2164 4230 2289 4287 Non
2306 4231 2738 4302 superbiamus,
2754 4234 3215 4307 quiaantequain
3242 4235 3660 4301 inveniremur,
3683 4236 3873 4307 perie-

2164 4339 2378 4387 ramus,
2397 4323 2575 4379 sinon
2594 4340 3011 4395 quaareremur.
3027 4327 3150 4381 Non
3174 4343 3309 4398 ergo
3325 4328 3493 4383 nobis
3509 4328 3699 4383 dicant
3716 4345 3867 4400 quos

2164 4430 2453 4479 amamus,
2474 4417 2531 4467 et
2560 4413 2829 4469 volumus
2850 4415 3063 4470 lucrari
3086 4417 3210 4489 paci
3236 4418 3496 4472 ti‘cclesire
3518 4417 3815 4473 catholicae
3861 4435 3875 4472 :

2162 4502 2307 4567 Quid
2329 4519 2434 4557 nos
2449 4504 2656 4558 vultis?
2668 4504 2803 4574 quid
2822 4522 2925 4560 nos
2940 4523 2971 4576 q
2984 4506 3271 4575 uazritis,si
3291 4511 3619 4577 peccatores
3632 4508 3873 4562 sumus?

2161 4591 2295 4647 Ideo
2320 4608 2419 4646 vos
2443 4592 2778 4663 quaerimus,
2806 4610 2874 4648 nc
2898 4596 3143 4665 pereatis
3168 4611 3181 4649 :
3206 4595 3695 4665 quasrimus,quia
3713 4612 3874 4666 quaa-

2160 4680 2257 4736 siti
2291 4697 2523 4748 sumus;
2545 4682 2801 4737 invenire
2824 4700 2923 4739 vos
2945 4684 3231 4751 volumus,
3250 4685 3385 4755 quia
3403 4684 3870 4741 inventisumus.

2229 4780 2319 4836 22.
2349 4781 2550 4849 Itaque
2575 4780 2893 4837 Nathanael
2928 4798 3058 4837 cum
3084 4783 3341 4851 dixisset,
3387 4784 3532 4840 Unde
3560 4799 3647 4839 me
3674 4786 3825 4839 nosti
3845 4788 3873 4838 ?

2159 4866 2239 4921 ait
2273 4867 2356 4921 illi
2391 4866 2692 4935 Dominus,
2729 4868 3058 4940 Priusquam
3085 4875 3139 4923 te
3157 4873 3370 4925 vocaret
3402 4871 3711 4943 Philippus,
3740 4889 3871 4929 cum

2158 4972 2300 5012 esses
2330 4956 2427 5011 sub
2465 4959 2661 5013 arbore
2708 4958 2816 5026 ﬁci,
2864 4959 2975 5013 ridi
3019 4963 3089 5014 te.
3124 4960 3168 5013 Ο
3200 4963 3261 5013 tu
3314 4960 3486 5015 Israel
3535 4962 3662 5016 sine
3706 4962 3865 5030 dolo,

2159 5046 2426 5118 quisquis
2458 5064 2535 5113 es,
2562 5064 2594 5101 o
2619 5048 2829 5118 popule
2850 5047 3048 5103 vivens
3068 5064 3136 5103 ex
3156 5049 3289 5115 fide,
3311 5054 3624 5120 antequam
3662 5056 3721 5106 te
3762 5070 3867 5124 per

2155 5136 2461 5207 Apostolos
2478 5152 2633 5190 meos
2656 5150 3094 5203 vocarem,cum
3116 5154 3271 5193 esses
3316 5140 3431 5193 sub
3462 5141 3671 5195 umbra
3721 5158 3871 5198 mor-

2153 5226 2251 5295 tis,
2272 5230 2406 5280 ettu
2436 5242 2525 5280 me
2550 5243 2659 5281 non
2687 5226 3055 5299 videres,ego
3080 5232 3133 5282 te
3155 5228 3293 5282 vidi.
3333 5228 3615 5283 Dominus
3658 5231 3873 5287 deinde

2153 5316 2292 5370 dicit
2325 5316 2376 5370 ei
2410 5331 2421 5367 ε
2458 5337 2486 5365 ‹‹
2534 5316 2676 5382 Quia
2720 5316 2834 5370 dixi
2867 5316 2997 5383 tibi,
3044 5316 3172 5371 Vidi
3224 5322 3278 5370 te
3322 5318 3431 5372 sub
3489 5318 3692 5373 arbore
3755 5321 3873 5390 ﬁci,

2152 5406 2374 5461 credis:
2403 5408 2595 5477 majus
2620 5404 2707 5460 his
2722 5406 2964 5462 videbis.
2990 5428 3018 5455 ››
3056 5407 3203 5472 Quid
3228 5409 3459 5472 esthoc,
3495 5429 3522 5457 ‹‹
3558 5410 3745 5479 majus
3768 5411 3864 5467 his

2152 5496 2375 5551 videbis
2397 5504 2423 5549 Ρ
2444 5496 2511 5551 Et
2532 5497 2674 5553 dicit
2694 5498 2741 5554 ei
2766 5515 2778 5551 :
2805 5500 3009 5566 Amen,
3035 5514 3205 5553 amen
3236 5499 3366 5553 dico
3406 5498 3591 5560 vobis,
3635 5501 3859 5556 videbi-

2220 5629 2232 5659 ι
2260 5625 2382 5674 Mss.
2408 5627 2574 5676 nostri
2606 5640 2793 5678 omnes
2814 5628 3085 5687 omittunt,
3107 5640 3261 5692 quam
3293 5630 3347 5678 tu
3366 5642 3479 5679 eum
3511 5642 3858 5692 cognosceres.
