4170 6188
339 178 504 238 1449

329 314 408 369 tis
440 316 650 372 coelum
689 309 979 389 apertum,
1033 323 1091 377 et
1118 325 1366 396 Angelos
1416 332 1796 389 acendentes
1846 341 1904 391 et
1950 339 2051 392 de-

329 407 677 462 scendentes
691 409 1094 480 superFilium
1111 413 1426 472 hominis.»
1443 419 1896 491 Fratres,nescio
1913 428 2048 499 quid

333 497 526 565 majus
548 497 692 564 dixi,
716 515 891 569 quam
911 505 1018 571 est,
1041 503 1143 558 sub
1164 505 1359 562 arbore
1377 509 1475 578 ﬁci
1497 513 1611 567 vidi
1630 523 1699 570 te.
1736 515 1872 572 Plus
1897 497 2051 574 enim

330 588 419 638 est
451 587 604 655 quod
660 604 769 644 nos
826 588 1108 647 Dominus
1167 600 1400 652 vocatos
1457 599 1815 674 justiﬁcavit,
1876 624 2049 677 quam

331 675 485 743 quod
517 676 667 731 vidit
689 677 953 747 jacentes
976 683 1085 738 sub
1109 684 1314 740 umbra
1339 689 1558 744 mortis.
1594 693 1740 757 Quid
1769 675 1923 751 enim
1950 714 2047 751 no-

329 761 418 816 bis
455 764 726 832 proderat
759 767 806 821 si
847 767 925 822 ibi
982 774 1496 845 remansissemus,
1548 779 1645 834 ubi
1701 799 1804 838 nos
1853 785 2053 840 vidit?

326 849 629 922 Numquid
660 869 775 909 nou
793 856 1162 924 jaceremus‘?
1179 862 1326 925 Quid
1341 869 1428 921 est
1446 867 1554 922 hoc
1569 870 1792 939 majus?
1809 874 2050 938 Quando

324 936 580 994 vidimus
611 943 860 1013 Angelos
892 949 1273 1006 ascendentes
1305 958 1362 1008 et
1405 936 1840 1015 descendentes
1873 979 2050 1033 super

323 1026 541 1083 Filium
578 1030 826 1088 hominis
856 1034 883 1088 ‘?

389 1117 486 1170 ‘23.
521 1118 650 1176 Jam
684 1122 999 1193 aliquando
1029 1129 1098 1183 de
1133 1128 1222 1185 his
1248 1135 1696 1193 ascendentibus
1723 1143 1778 1195 et
1807 1141 2043 1198 descen-

319 1205 601 1262 dentibus
633 1211 865 1281 Angelis
897 1215 1153 1271 dixeram
1181 1238 1193 1286 ;
1222 1220 1322 1275 sed
1355 1239 1424 1277 ne
1445 1225 1608 1279 obliti
1639 1227 1883 1296 fueritis,
1913 1231 2037 1287 bre-

317 1292 470 1349 viter
497 1297 627 1352 dico
650 1302 929 1370 tanquam
950 1319 1411 1366 commemorans
1447 1329 1458 1365 ε
1485 1312 1754 1383 pluribus
1774 1319 1926 1373 enim
1947 1321 2033 1376 di-

319 1401 516 1439 cerem
541 1387 723 1462 sinon
749 1405 1293 1462 commemorarem,
1325 1402 1424 1455 sed
1450 1405 1622 1459 modo
1647 1406 2031 1464 insinuarem.

315 1473 520 1529 Scalas
551 1475 696 1531 vidit
723 1479 903 1534 Jacob
934 1498 1036 1552 per
1073 1488 1388 1556 somnium,
1451 1497 1506 1546 et
1565 1494 1620 1548 in
1670 1496 1814 1566 ipsis
1859 1499 2032 1556 scalis

313 1562 463 1618 vidit
493 1565 747 1636 Angelos
778 1573 1152 1630 ascendentes
1183 1581 1238 1632 et
1289 1562 1743 1652 descendentes;
1779 1592 1835 1642 et
1873 1588 2028 1660 lapi-

313 1651 448 1704 dem
492 1670 668 1724 quem
702 1658 813 1712 sibi
838 1668 1112 1731 posuerat
1136 1667 1205 1720 ad
1230 1675 1425 1739 caput,
1462 1674 1628 1727 unxit
1650 1651 1803 1746 (Gen.
1832 1651 2025 1745 xxviii,

319 1743 538 1813 12—18).
572 1745 833 1803 Audistis
863 1751 999 1822 quia
1038 1752 1276 1812 Messias
1321 1759 1583 1817 Christus
1624 1743 1730 1831 est,
1778 1743 2026 1823 audistis

209 1860 218 1871 -
310 1831 451 1900 quia
482 1838 696 1889 unctus
727 1836 996 1895 Christus
1043 1847 1144 1898 est.
1178 1844 1301 1901 Non
1343 1850 1498 1905 enim
1529 1852 1616 1906 sic
1643 1857 1831 1924 posuit
1880 1859 2025 1929 lapi-

307 1922 440 1977 dem
479 1929 745 1994 unctum,
773 1932 836 1983 ut
856 1932 1078 1988 veniret
1107 1938 1164 1989 et
1194 1939 1495 1995 adoraret:
1533 1922 1792 2016 alioquin
1836 1922 2020 2005 idolo-

305 2012 474 2067 latria
506 2020 678 2083 esset,
716 2034 828 2074 non
870 2021 1498 2095 signiﬁcatioChristi.
1545 2012 1714 2090 Facta
1739 2041 1829 2092 est
1887 2055 2021 2113 ergo

299 2101 683 2173 signiﬁcatio,
716 2124 829 2177 quo
854 2125 1039 2181 usque
1070 2117 1328 2184 oportuit
1359 2119 1478 2174 fieri
1504 2101 2018 2201 signiﬁcationem,

299 2199 351 2245 et
385 2191 758 2262 signiﬁcatus
790 2204 878 2254 est
907 2200 1196 2261 Christus.
1224 2207 1390 2279 Lapis
1426 2191 1662 2282 unctus,
1695 2218 1791 2272 sed
1822 2235 1935 2274 non
1961 2191 2019 2276 in

299 2279 553 2337 idolum.
579 2287 753 2356 Lapis
776 2294 988 2347 unctus
1014 2309 1026 2348 :
1051 2292 1199 2366 lapis
1225 2313 1404 2368 quare
1433 2301 1460 2354 ?
1481 2303 1613 2358 Ecce
1640 2279 1778 2376 pono
1809 2308 1864 2362 in
1891 2310 2018 2366 Sion

300 2369 540 2439 lapidem
574 2375 821 2443 electum,
853 2382 1172 2453 pretiosum,
1204 2394 1254 2441 et
1293 2391 1392 2458 qui
1418 2369 1715 2450 crediderit
1738 2398 1795 2450 in
1835 2399 2016 2470 illum,

299 2477 408 2514 non
443 2465 818 2532 confundetur
844 2471 996 2538 (Isai.
1029 2489 1229 2541 xxvm,
1267 2479 1358 2546 16;
1395 2483 1415 2535 Ι
1447 2482 1595 2538 Petr.
1630 2503 1690 2552 ιι,
1711 2489 1787 2558 6).
1837 2465 2018 2555 Quare

301 2550 516 2606 unctus
539 2552 566 2606 ‘I
591 2555 733 2620 Quia
763 2556 1028 2616 Christus
1052 2579 1085 2617 a
1117 2564 1450 2627 chrismate.
1474 2573 1616 2636 Quid
1651 2550 2017 2637 aut'em'vidit

299 2644 438 2694 tunc
471 2642 531 2696 in
570 2642 740 2699 scalis
763 2646 790 2700 ?
819 2650 1213 2710 Ascendentes
1235 2661 1289 2712 et
1321 2660 1729 2720 descendentes
1747 2669 2012 2738 Angelos.

298 2728 390 2784 Sic
423 2735 512 2785 est
545 2737 602 2786 et
625 2733 898 2804 Ecclesia,
935 2739 1136 2798 fratres
1173 2759 1184 2796 :
1218 2747 1418 2817 Angeli
1461 2749 1581 2818 Dei,
1627 2755 1759 2810 boni
1806 2728 2015 2828 praedi-

299 2825 551 2886 catores,
586 2823 969 2892 praedicantes
990 2830 1282 2890 Christum
1312 2850 1324 2902 ;
1353 2837 1455 2894 hoc
1476 2849 1582 2903 est,
1602 2861 1778 2916 super
1809 2848 2014 2906 Filium

299 2909 563 2967 hominis
593 2918 919 2972 ascendunt
947 2925 1001 2974 et
1033 2923 1412 2983 descendunt.
1467 2933 1762 2997 Quomodo
1811 2956 2017 2996 ascen-

295 3001 462 3070 dunt,
507 3006 566 3056 et
622 3008 910 3074 quomodo
968 3010 1376 3071 descendunt?
1423 3019 1502 3074 Ex
1563 3039 1676 3078 uno
1735 3025 2016 3088 habemus

299 3091 630 3162 exemplum
667 3112 680 3148 :
718 3097 851 3150 audi
906 3101 1228 3168 apostolum
1274 3105 1551 3180 Paulum;
1588 3117 1738 3185 quod
1773 3117 1829 3172 in
1892 3119 2016 3191 ipso

300 3179 717 3246 invenerimus,
753 3185 861 3241 hoc
894 3188 962 3242 de
995 3194 1219 3248 caeteris
1251 3197 1509 3254 veritatis
1543 3206 2016 3272 pradicatoribus

298 3271 628 3326 credamus.
661 3273 802 3328 Vide
835 3275 1078 3334 Paulum
1113 3286 1520 3344 ascendentem
1544 3271 1569 3346 ῖς
1608 3316 1635 3342 ‹‹
1670 3295 1802 3352 Scio
1825 3299 2014 3354 homi-

298 3374 424 3412 nem
479 3359 544 3414 in
585 3360 810 3418 Christo
861 3371 994 3422 ante
1050 3387 1234 3427 annos
1293 3382 1732 3445 quatuordecim
1778 3392 2012 3458 raptum

296 3447 480 3504 fuisse
513 3452 778 3521 usquein
805 3457 1040 3513 tertium
1073 3461 1305 3531 ccelum,
1336 3467 1451 3522 sive
1483 3471 1540 3526 in
1589 3489 1844 3545 corpore,
1895 3480 2014 3534 sive

293 3545 456 3592 extra
486 3557 699 3611 corpus
731 3546 949 3613 nescio,
983 3547 1133 3605 Deus
1165 3553 1308 3610 scit:
1343 3562 1398 3611 et
1427 3561 1658 3618 audisse
1698 3565 2016 3625 ineffabilia

297 3627 466 3682 verba
507 3645 637 3700 quae
671 3648 783 3688 non
819 3634 951 3691 licet
982 3637 1382 3715 hominiloqui
1410 3669 1438 3697 »
1472 3649 1546 3721 (II
1579 3653 1697 3710 Cor.
1732 3672 1831 3722 xu,
1862 3658 2010 3729 2-4).

295 3720 663 3775 Ascendente
680 3724 1007 3793 maudistis,
1027 3729 1472 3793 descendentem
1489 3720 1708 3797 audite.
1730 3720 1895 3801 «Non
1912 3720 2012 3819 po-

289 3807 367 3860 tui
383 3805 549 3878 loqui
566 3810 901 3881 vobisquasi
919 3817 1454 3891 spiritualibus,sed
1470 3831 1636 3900 quasi
1651 3805 2009 3910 carnalibhs;

295 3896 466 3964 quasi
502 3900 765 3965 parvulis
799 3902 855 3956 in
888 3904 1115 3962 Christo
1148 3910 1235 3966 lac
1272 3915 1431 3970 vobis
1467 3896 1667 3989 potum
1702 3925 1856 3997 dedi,
1895 3896 2010 3986 non

291 3999 480 4040 escam
515 4010 542 4035 ››
572 3989 617 4058 (l
642 3988 761 4044 Cor.
797 4008 879 4057 ιιι,
918 3997 968 4062 1,
1019 3997 1101 4066 2).
1150 3998 1290 4056 Ecce
1317 3988 1618 4064 descendit
1665 4015 1762 4083 qui
1812 3988 2009 4075 ascen-

289 4073 474 4130 derat.
511 4078 712 4142 Quare
740 4097 854 4150 quo
877 4087 1236 4143 ascenderat.
1265 4092 1436 4163 Usque
1459 4099 1514 4152 in
1537 4073 1757 4157 tertiam
1792 4109 2005 4165 caelum.

289 4163 490 4226 Quaere
524 4182 630 4236 pro
668 4167 1048 4229 descenderit.
1104 4178 1274 4250 Usque
1321 4183 1390 4238 ad
1439 4187 1522 4241 tac
1565 4194 1817 4260 parvulis
1861 4163 2006 4253 dan;

287 4250 439 4306 dum.
475 4256 624 4310 Audi
680 4259 818 4326 quia
867 4262 1168 4322 descendit
1223 4286 1235 4323 :
1298 4273 1487 4331 Factus
1539 4250 1662 4336 sum
1717 4250 2003 4358 parvulus,

287 4340 499 4412 inquit,
538 4347 596 4398 in
624 4349 808 4404 medio
838 4355 1090 4424 vestrum,
1122 4363 1389 4430 tanquam
1418 4368 1468 4421 si
1485 4371 1684 4427 nutrix
1735 4377 1914 4444 foveat
1945 4378 2006 4447 ﬁ-

286 4432 386 4486 tios
423 4449 552 4489 suos
582 4437 625 4490 (Ι
660 4437 830 4494 Thess.
864 4443 1016 4513 ιι,7).
1052 4446 1328 4508 Videmus
1361 4457 1514 4512 enim
1557 4464 1612 4514 et
1661 4432 1916 4523 nutrices
1945 4432 2004 4525 et

285 4530 501 4576 matres
529 4522 878 4583 descendere
910 4532 980 4585 ad
1033 4537 1334 4604 parvulos:
1384 4547 1441 4599 et
1475 4547 1524 4601 si
1577 4557 1790 4609 norunt
1822 4553 2004 4616 latina

283 4611 451 4665 verba
485 4611 694 4679 dicere,
721 4617 863 4672 decu
875 4624 1032 4676 rtant
1054 4623 1174 4696 illa,
1194 4633 1248 4684 et
1269 4641 1550 4701 quassant
1571 4611 2000 4709 quodammodo

281 4698 546 4770 linguam
583 4718 774 4769 suam,
799 4711 864 4761 ut
894 4711 1118 4780 possint
1142 4715 1211 4771 de
1233 4698 1428 4790 lingua
1449 4698 1663 4784 diserta
1688 4698 2001 4794 fieri

281 4789 547 4846 dimanta
569 4794 856 4866 puerilia;
891 4802 1024 4869 quia
1046 4803 1094 4858 si
1118 4804 1200 4862 sic
1223 4810 1438 4880 dicant,
1465 4833 1578 4872 non
1594 4822 1759 4878 audit
1779 4825 1996 4899 infans,

283 4881 377 4933 sed
417 4897 524 4936 nec
547 4883 777 4951 proficit
809 4887 1024 4946 infans.
1062 4893 1128 4949 Et
1171 4897 1420 4958 disertus
1468 4906 1679 4979 aliquis
1730 4881 1995 4986 pstea—si

281 4968 350 5022 sit
382 4975 588 5025 tantus
621 4982 812 5030 orator
845 4982 908 5031 ut
939 4979 1140 5052 lingua
1171 4987 1328 5045 illius
1381 4993 1502 5049 fora
1544 4968 1914 5074 concretis—nt:

281 5059 598 5117 tribunalia
633 5067 1041 5127 concutiuntur
1072 5087 1086 5139 ;
1121 5075 1169 5131 si
1201 5077 1408 5136 habeat
1439 5059 1995 5166 parvulumdiliuim,

281 5164 400 5205 cum
432 5152 502 5206 ad
541 5151 780 5209 domum
823 5158 1080 5231 redierit,
1140 5172 1366 5237 seponit
1397 5151 1680 5235 forensem
1723 5183 1996 5255 eloquen-

280 5237 414 5294 tiam
447 5257 566 5312 quo
599 5245 963 5316 ascenderat,
989 5256 1043 5304 et
1090 5251 1287 5326 lingua
1333 5265 1541 5330 puerili
1590 5237 1990 5332 descend‘itva—d

279 5328 604 5395 parvulum.
642 5331 796 5387 Audi
835 5350 945 5392 uno
991 5337 1116 5397 loco
1154 5328 1350 5415 ipsum
1397 5353 1732 5424 Apostolum
1792 5328 1990 5421 ascen:

275 5417 499 5476 dentem
535 5425 596 5476 et
627 5422 1103 5499 descendentem,
1155 5435 1212 5490 in
1246 5454 1362 5496 una
1420 5449 1703 5506 sententia
1736 5469 1747 5507 :
1784 5476 1810 5503 ‹‹
1863 5455 1993 5512 Sive

274 5511 442 5581 enim,
475 5512 698 5584 inquit,
718 5519 910 5571 mente
935 5525 1314 5606 excessimus,
1340 5530 1454 5589 Deo
1482 5551 1492 5591 :
1519 5538 1634 5594 sive
1665 5544 1991 5614 temperan-

527 5654 530 5656 -
592 5615 870 5677 ΡΑτιιοι..
919 5619 1152 5686 XXXV.

1568 192 2035 261 TRACTA'I‘US
2083 198 2237 264 VIII.
2285 207 2548 277 CAPUT
2593 219 2673 279 II.

3722 246 3878 310 1450

2163 365 2248 415 tes
2280 380 2500 437 sumUs,
2535 375 2695 430 vobis
2750 401 2776 427 »
2811 383 2881 446 (Il
2915 382 3034 438 Cor.
3068 400 3124 453 v,
3159 388 3267 459 13).
3292 392 3436 453 Quid
3470 402 3580 468 est,
3618 423 3644 450 «
3680 411 3874 462 mente

2162 457 2535 527 excessimus,
2554 461 2667 518 Deo
2682 464 2707 518 ?
2725 488 2750 514 η
2778 467 2957 526 Utilla
2971 472 3271 534 videamus
3306 502 3332 529 «
3352 499 3478 552 quas
3495 501 3607 540 non
3622 487 3753 546 licet
3771 493 3871 548 ho-

2162 542 2306 598 mini
2339 545 2519 619 loqui.
2553 573 2579 601 »
2613 555 2757 620 Quid
2791 571 2898 628 est,
2934 584 2961 612 «
2990 542 3386 636 temperantes
3407 588 3632 646 sumus,
3658 580 3818 637 vobis
3847 584 3875 636 ?

2162 630 2456 705 Numquid
2491 641 2736 709 iudicavi
2763 664 2855 704 me
2885 630 3275 724 aliquid-scire
3308 659 3459 716 inter
3489 630 3872 735 νοείιιὶξξξξζ

2163 735 2292 776 sum
2326 724 2645 798 Christum,
2679 740 2736 789 et
2768 754 2921 796 nunc
2961 746 3304 803 crucifixum
3350 772 3378 799 »
3406 752 3453 819 (Ι
3485 724 3606 809 Cor:
3665 773 3729 824 ιι,
3766 724 3872 828 2)?

2159 810 2217 864 Si
2252 812 2374 882 ipse
2405 817 2688 878 Dominus
2723 831 3055 887 ascenditet
3100 810 3440 907 descendit;
3493 810 3867 904 manifestum

2158 907 2242 953 est
2275 906 2414 972 quia
2444 914 2500 963 et
2532 914 2936 980 praedicatores
2968 920 3152 991 ipsius
3176 906 3505 986 ascendunt
3527 932 3868 1003 imitatione,

2157 987 2521 1052 descendunt
2552 1003 2980 1069 praedicatione.

2221 1081 2311 1137 24.
2355 1086 2420 1138 Et
2452 1086 2499 1141 si
2535 1087 2823 1160 aliquanto
2854 1111 2951 1151 vos
2995 1099 3216 1156 diutius
3257 1107 3581 1178 tenuimus,
3633 1114 3861 1169 consilii

2149 1167 2258 1224 fuit
2289 1176 2353 1226 ut
2383 1173 2728 1245 importunae
2757 1183 2909 1238 hora
2945 1189 3250 1247 transirent
3285 1211 3299 1249 :
3344 1167 3860 1272 arbitramurjam

2147 1257 2318 1316 illos‘
2352 1268 2644 1337 peregisse
2675 1273 2990 1332 vanitatem
3024 1297 3215 1338 suam.
3241 1283 3355 1340 Nos
3380 1293 3595 1357 autem,
3633 1257 3856 1360 {rat-res,

2144 1353 2376 1418 quando
2409 1357 2556 1424 pasti
2590 1375 2793 1416 sumus
2828 1364 3015 1435 epulis
3050 1369 3428 1442 salutaribus,
3467 1353 3592 1448 quas
3632 1353 3857 1438 restant

2142 1452 2410 1509 agamus,
2436 1448 2499 1500 ut
2522 1446 2676 1504 diem
2700 1452 3057 1511 dominicum
3072 1459 3407 1518 solemniter
3426 1465 3776 1538 impleamus
3799 1473 3854 1526 in

2140 1532 2367 1598 gaudiis
2398 1535 2823 1611 spiritualibus,
2857 1549 2913 1598 et
2935 1561 3340 1618 comparemus
3359 1532 3570 1624 gaudia
3599 1561 3856 1616 veritatis

2137 1815 2292 1865 mur,
2325 1805 2380 1855 et
2412 1802 2541 1859 illos
2578 1805 2888 1865 lucramur.

2667 1936 3092 2000 TRACTATUS
3132 1945 3280 2003 VIII.

2132 2033 2207 2087 Ab
2237 2051 2301 2090 eo
2328 2037 2628 2111 Evangelii
2655 2043 2793 2114 loco,
2830 2046 2896 2100 Et
2925 2048 3017 2104 die
3053 2053 3222 2109 tertia
3253 2059 3468 2128 nuptia
3501 2060 3666 2118 factae
3709 2071 3848 2122 sunt

2203 2125 2261 2178 in
2293 2126 2448 2182 Cana
2477 2129 2750 2201 Galilaeaa;
2773 2151 2945 2206 usque
2974 2139 3043 2193 ad
3072 2140 3148 2205 id,
3185 2125 3499 2206 Quid—mihi
3527 2154 3584 2205 et
3604 2153 3706 2208 tibi
3741 2164 3844 2220 est,

2202 2215 2413 2270 mulier
2443 2216 2469 2270 ?
2501 2221 2756 2276 nondum
2791 2226 2944 2279 venit
2975 2227 3115 2283 hora
3147 2247 3291 2286 mea.
3349 2236 3480 2305 Cap.
3536 2256 3599 2308 ιι,
3631 2242 3683 2307 ᾖ.
3728 2215 3844 2297 1-4ί

2204 2304 2252 2358 1.
2287 2304 2623 2363 Miraculum
2654 2311 2886 2379 quidem
2917 2313 3147 2371 Domini
3181 2322 3358 2375 nostri
3408 2304 3550 2380 .Iesu
3585 2304 3844 2398 Christi,

2129 2407 2244 2463 quo
2276 2393 2346 2449 de
2377 2411 2529 2466 aqua
2558 2397 2757 2454 vinum
2793 2401 2945 2468 fecit,
2978 2421 3093 2460 non
3125 2412 3216 2462 est
3247 2410 3458 2467 mirum
3492 2415 3576 2469 eis
3605 2417 3705 2486 qui
3738 2436 3843 2476 no-

2127 2488 2334 2536 verunt
2363 2484 2500 2555 quia
2521 2485 2674 2543 Deus
2705 2489 2855 2545 fecit.
2891 2491 3014 2562 Ipse
3037 2495 3189 2551 enim
3218 2497 3350 2554 fecit
3380 2502 3582 2558 vinum
3615 2484 3714 2561 illo
3747 2509 3840 2564 die

2128 2580 2184 2635 in
2220 2573 2441 2641 nuptiis
2474 2575 2528 2628 in
2566 2592 2664 2630 sex
2695 2577 2808 2632 illis
2839 2578 3246 2654 hydriis,quas
3275 2586 3503 2660 impleri
3527 2607 3683 2664 aqua
3703 2613 3844 2665 pra:-

2131 2663 2282 2734 cepit
2313 2666 2488 2728 (Joan.
2524 2680 2585 2733 ιι,
2617 2669 2798 2738 6-11),
2824 2670 2928 2740 qui
2969 2673 3126 2727 omni
3152 2692 3304 2733 anno
3337 2677 3470 2735 facit
3502 2663 3610 2738 hoc
3669 2663 3728 2740 in
3767 2688 3844 2743 vi-

2125 2751 2301 2806 tibus.
2336 2751 2497 2808 Sicut
2527 2755 2683 2810 enim
2717 2760 2868 2828 quod
2894 2761 3183 2818 miserunt
3216 2765 3466 2824 ministri
3492 2769 3548 2824 in
3576 2770 3836 2843 hydrias,

2127 2840 2182 2894 in
2217 2841 2412 2897 vinum
2435 2859 2781 2901 conversum
2815 2854 2902 2904 est
2932 2867 3100 2921 opere
3131 2852 3395 2923 Domini;
3455 2860 3539 2916 sic
3580 2870 3633 2917 et
3689 2867 3842 2935 quod

2127 2930 2310 2985 nubes
2342 2933 2615 3000 tundunt,
2650 2935 2706 2989 in
2742 2936 2941 2994 vinum
2976 2943 3333 3000 convertitur
3363 2948 3624 3017 ejusdem
3668 2970 3838 3025 opere

2126 3019 2376 3074 Domini.
2409 3020 2557 3077 Illud
2578 3031 2765 3080 autem
2802 3043 2914 3082 non
2947 3031 3252 3103 miramur,
3286 3035 3420 3106 quia
3462 3042 3624 3095 omni
3683 3059 3837 3100 anno

2125 3108 2188 3164 ﬁt
2221 3128 2232 3164 :
2258 3112 2602 3169 assiduitate
2624 3116 2824 3172 amisit
2844 3119 3310 3179 admirationem.
3327 3126 3470 3182 Nam
3495 3137 3546 3184 et
3569 3135 3839 3190 conside-

2125 3200 2407 3256 rationem
2435 3204 2716 3274 majorem
2751 3207 2993 3277 invenit,
3016 3227 3192 3281 quam
3225 3212 3282 3268 id
3317 3217 3465 3285 quod
3502 3218 3716 3276 factum
3751 3229 3840 3279 est

2123 3290 2182 3345 in
2217 3289 2434 3361 hydriis
2461 3309 2645 3362 aquas.
2678 3295 2781 3358 Qui
2805 3300 2894 3352 est
2933 3300 3085 3356 enim
3130 3302 3230 3371 qui
3281 3306 3613 3362 considerat
3666 3327 3836 3381 opera

2126 3380 2249 3448 Dei,
2285 3382 2500 3451 quibus
2532 3385 2753 3455 regitur
2783 3390 2840 3442 et
2861 3388 3310 3447 administratur
3332 3397 3490 3449 totus
3521 3395 3613 3450 hic
3654 3380 3833 3453 mun—

2123 3471 2255 3538 dus,
2293 3475 2486 3526 etnon
2532 3473 2894 3545 obstupescit
2953 3476 3336 3550 obruiturque
3395 3483 3745 3540 miraculis?
3775 3488 3834 3542 Si

2125 3559 2449 3615 consideret
2478 3560 2594 3615 vim
2619 3562 2794 3617 unius
2835 3565 3022 3634 grani,
3066 3567 3377 3636 cujuslibet
3411 3571 3678 3644 seminis,
3712 3592 3833 3630 ma-

2123 3665 2236 3721 gna
2257 3654 2515 3721 quadam
2568 3668 2657 3709 res
2704 3658 2812 3721 est,
2863 3654 3064 3712 horror
3115 3663 3202 3714 est
3249 3661 3663 3720 consideranti.
3725 3669 3835 3724 Sed

2124 3740 2256 3809 quia
2279 3740 2543 3797 homines
2574 3741 2632 3796 in
2667 3743 2824 3798 aliud
2859 3745 3065 3801 intenti
3096 3749 3478 3819 perdiderunt
3507 3756 3836 3814 considera-

2123 3826 2334 3884 tionem
2371 3844 2606 3900 operum
2632 3830 2837 3898 Dei,in
2871 3850 2986 3904 qua
3034 3837 3239 3892 darent
3284 3837 3520 3896 laudem
3571 3846 3831 3914 quotidie

2121 3917 2373 3986 Creatori
2391 3936 2403 3985 ;
2420 3923 2694 3990 tanquam
2712 3924 2960 3978 servavit
2973 3924 3061 3980 sib
3077 3925 3251 3983 iDeus
3265 3927 3542 3988 inusitata
3559 3937 3828 4004 quaedam

2120 4024 2247 4079 quae
2278 4009 2510 4080 faceret,
2549 4015 2611 4065 ut
2642 4015 2920 4083 tanquam
2953 4015 3307 4074 dormientes
3333 4019 3622 4090 homines,
3657 4026 3727 4079 ad
3768 4041 3831 4081 se

2118 4097 2429 4153 colendum
2482 4100 2810 4156 mirabilius
2851 4105 3140 4160 excitaret.
3193 4106 3454 4164 Mortuus
3494 4114 3826 4181 resurrexit,

2118 4187 2312 4242 mirati
2334 4193 2470 4244 sunt
2492 4189 2789 4248 homines:
2816 4195 2903 4248 tot
2929 4195 3186 4264 quotidie
3211 4207 3555 4263 nascuntur,
3579 4205 3635 4255 et
3657 4217 3826 4257 nemo

2115 4278 2383 4334 miratur.
2418 4279 2476 4333 Si
2508 4283 2948 4338 consideremus
2980 4285 3348 4354 prudentius,
3386 4287 3624 4357 majoris
3648 4290 3821 4344 mira-

2115 4369 2229 4424 culi
2262 4378 2341 4425 est
2375 4385 2502 4425 esse
2526 4371 2626 4442 qui
2660 4387 2772 4426 non
2807 4377 2948 4440 erat,
2982 4390 3155 4443 quam
3190 4375 3528 4432 reviviscere
3558 4378 3657 4448 qui
3680 4385 3823 4436 erat.

2114 4460 2267 4516 Idem
2300 4466 2488 4514 tamen
2527 4462 2674 4514 Deus
2726 4460 2887 4516 Pater
2929 4462 3160 4516 Domini
3211 4465 3394 4520 nostri
3448 4467 3582 4521 Iesu
3613 4467 3824 4526 Christi

2113 4567 2215 4621 per
2242 4549 2492 4603 Verbum
2518 4565 2690 4604 suum
2721 4549 2856 4604 facit
2887 4551 3085 4607 omnia
3105 4551 3245 4617 haec,
3278 4559 3333 4609 et
3363 4556 3512 4628 regit
3543 4559 3640 4628 qui
3672 4576 3830 4617 crea-

2113 4642 2210 4696 vit.
2244 4639 2438 4695 Priora
2491 4640 2959 4696 miracula°fecit
3003 4658 3104 4714 per
3133 4642 3382 4702 Verbum
3426 4664 3602 4705 suum
3647 4650 3828 4709 Deum

2108 4729 2258 4800 apud
2294 4745 2392 4785 se:
2427 4729 2747 4800 posteriora
2770 4729 3049 4787 miracula
3072 4732 3205 4788 fecit
3227 4749 3327 4806 per
3349 4736 3547 4807 ipsum
3578 4737 3826 4796 Verbum

2109 4835 2304 4888 suum,
2334 4817 2721 4886 incarnatum,
2756 4824 2813 4874 et
2847 4828 3079 4891 propter
3109 4839 3216 4880 nos
3245 4823 3545 4882 hominem
3581 4828 3821 4882 factum.

2108 4907 2270 4964 Sicut
2320 4908 2601 4963 miramur
2658 4925 2780 4979 qua:
2830 4910 2981 4966 facta
3041 4917 3176 4968 sunt
3219 4930 3318 4984 per
3367 4913 3662 4968 hominem
3725 4917 3826 4970 Je-

2107 5013 2261 5064 sum,
2297 4997 2583 5052 miramur
2614 5014 2736 5069 quas
2771 4999 2920 5055 facta
2947 5005 3084 5056 sunt
3117 5019 3216 5073 per
3245 5002 3428 5056 Deum
3467 5002 3692 5057 Jesum.
3718 5005 3827 5060 Per

2107 5084 2291 5140 Deum
2324 5085 2520 5140 Iesum
2564 5085 2712 5142 facta
2759 5092 2897 5142 sunt
2937 5089 3144 5143 caelum
3205 5091 3262 5142 et
3314 5096 3484 5154 terra,
3529 5104 3708 5158 mare,
3769 5099 3830 5149 et

2107 5173 2297 5228 omnis
2328 5177 2566 5229 ornatus
2589 5174 2737 5238 cmli,
2772 5176 3069 5246 opulantia
3118 5183 3297 5242 terrae,
3329 5175 3656 5232 fecunditas
3700 5195 3826 5236 ma-

2106 5262 2185 5316 ris
2213 5277 2225 5328 ;
2259 5263 2457 5318 omnia
2488 5262 2609 5318 haec
2631 5280 2754 5332 quae
2786 5262 2966 5318 oculis
2988 5262 3273 5331 adjacent,
3300 5264 3614 5335 perJesum
3645 5267 3827 5326 Deum

2104 5355 2252 5458 facta
2273 5355 2430 5407 sunt.
2468 5351 2532 5406 Et
2551 5352 2813 5408 videmus
2845 5351 2987 5419 haec,
3019 5357 3071 5406 et
3101 5349 3148 5405 si
3188 5356 3276 5408 est
3324 5352 3382 5407 in
3435 5353 3605 5410 nobis
3638 5357 3828 5429 Spiri-

2091 5519 2094 5522 -
2173 5497 2187 5528 ¹
2222 5489 2344 5543 Mes.
2375 5493 2614 5562 melioris
2641 5497 2804 5562 notas,
2826 5493 2953 5562 illa:
2973 5510 2991 5544 .'
3020 5495 3153 5562 forte
3175 5497 3316 5559 quod
3352 5499 3600 5562 mulieres
3622 5503 3827 5562 potissi-

2115 5569 2258 5604 mum
2296 5560 2566 5619 spectaret
2598 5557 2696 5605 ista
2727 5557 3030 5611 celebritas.
3062 5557 3204 5610 Vide
3221 5575 3404 5626 supra,
3439 5574 3531 5612 nn.
3552 5561 3582 5609 2
3605 5557 3654 5611 et
3683 5564 3728 5611 6.

3002 5650 3503 5730 (Quarante-six.)
