4164 6192
322 260 477 318 1455

388 403 441 455 8.
474 405 602 459 Jam
634 416 767 472 ergo
798 401 845 456 si
882 400 1093 473 placet,
1143 402 1371 469 fratres,
1422 403 1539 459 illis
1570 403 1845 475 repulsis,
1878 404 1934 455 et
1964 400 2023 452 in

314 511 419 549 sua
449 493 693 549 castitate
723 494 1053 549 errantibus
1075 511 1324 567 semper,
1358 496 1469 552 nisi
1491 495 1789 551 humiliter
1810 507 2026 548 sanen-

314 588 431 649 tur,
464 600 570 638 nos
602 599 958 653 quaeramus,
994 602 1172 656 quare
1207 586 1484 641 Dominus
1514 592 1707 641 noster
1739 585 1820 639 sic
1854 580 2025 638 matri

312 675 691 745 responderit.
725 674 824 729 ltle
858 674 1233 744 singulariter
1264 680 1435 731 natus
1464 676 1532 731 de
1564 675 1727 731 Patre
1750 674 1875 730 sine
1906 687 2027 726 ma-

312 766 417 829 tre,
452 763 521 818 de
554 767 734 819 matre
757 763 883 819 sine
914 771 1072 833 patre
1104 766 1268 831 ;sine
1301 768 1481 821 matre
1512 765 1682 830 Deus,
1708 763 1833 819 sine
1866 763 2025 832 patre

310 852 484 909 homo
519 874 532 921 ;
566 855 687 909 sine
719 860 900 911 matre
949 859 1081 910 ante
1131 860 1409 926 tempora,
1442 856 1566 910 sine
1616 859 1777 925 patre
1808 853 1868 906 in
1902 852 2015 905 ﬁne

310 950 657 1013 temporum.
692 943 852 1005 Quod
904 943 1226 1012 respondit,
1262 944 1429 998 matri
1481 942 1779 1014 respondit
1814 958 1825 994 :
1855 940 2010 1011 quia.

307 1032 441 1086 Erat
466 1032 542 1086 ibi
570 1038 744 1085 mater
771 1033 893 1086 Iesu
911 1048 934 1096 ;
964 1034 1038 1097 et,
1074 1030 1226 1085 Dicit
1246 1034 1300 1087 ei
1326 1040 1500 1088 mater
1525 1032 1661 1101 eius.
1688 1031 1804 1087 Hoc
1827 1035 2013 1087 totum

305 1120 682 1191 Evangelium
715 1118 992 1189 loquitur.
1029 1119 1148 1174 illic
1184 1123 1450 1177 novimus
1483 1121 1620 1193 quia
1640 1130 1760 1177 erat
1794 1122 1875 1175 ibi
1902 1136 2015 1174 ma-

305 1217 386 1263 ter
414 1210 560 1277 Iesu,
597 1208 693 1264 ubi
737 1207 1007 1265 novimus
1039 1210 1193 1281 quod
1240 1211 1446 1267 dixerit
1504 1212 1576 1279 ei,
1623 1210 1764 1278 Quid
1793 1209 1933 1265 mihi
1961 1213 2015 1264 et

303 1299 403 1354 tibi
421 1307 521 1369 est,
560 1300 765 1356 mulier
795 1302 822 1354 ί)
852 1300 1094 1357 nondum
1126 1304 1271 1356 venit
1312 1302 1446 1357 hora
1477 1318 1616 1358 mea.
1641 1302 1851 1357 Totum
1887 1316 2013 1356 cre-

303 1390 534 1456 damus,
578 1397 630 1445 et
680 1390 830 1460 quod
883 1391 1141 1445 nondum
1187 1390 1572 1463 intelligimus
1622 1392 2008 1463 requiramus.

301 1478 368 1532 Et
401 1479 653 1548 primum
704 1478 812 1535 hoc
862 1480 1069 1551 videte,
1121 1498 1192 1537 ne
1241 1482 1385 1539 forte
1430 1485 1723 1552 quomodo
1771 1481 2009 1540 iuvene-

302 1571 440 1622 runt
470 1566 769 1623 Manichzei
799 1567 1161 1625 occasionem
1214 1570 1463 1639 perﬁdiae
1495 1587 1639 1640 suae,
1672 1572 1811 1642 quia
1867 1570 2012 1626 dixit

302 1654 608 1723 Dominus,
631 1656 775 1724 Quid
805 1657 943 1711 mihi
973 1665 1023 1712 et
1056 1657 1159 1713 tibi
1188 1663 1285 1723 est,
1315 1658 1513 1714 mulier
1542 1662 1570 1714 ?
1601 1661 1685 1715 sic
1714 1660 2011 1715 inveniant

305 1745 703 1801 mathematici
760 1748 1120 1805 occasionem
1173 1749 1416 1806 fallacie:
1460 1767 1600 1819 suae,
1661 1752 1795 1822 quia
1844 1751 2007 1815 dixit,

302 1835 554 1891 Nondum
596 1835 743 1892 venit
772 1837 909 1893 hora
941 1854 1078 1895 mea.
1120 1840 1189 1895 Et
1218 1840 1262 1895 si
1296 1840 1404 1895 hoc
1434 1842 1752 1897 secundum
1788 1840 2008 1897 mathe-

309 1926 549 1982 maticos
581 1926 745 1995 dixit,
778 1928 1149 2000 sacrilegium
1184 1931 1424 1986 fecimus
1458 1931 1816 1988 incendendo
1848 1930 2010 1986 codi-

306 2032 400 2072 ces
422 2032 645 2073 eorum.
670 2016 730 2071 Si
753 2023 949 2073 autem
974 2022 1124 2074 recte
1146 2019 1409 2089 fecimus,
1426 2021 1580 2076 sicut
1601 2021 2007 2092 Apostolorum

303 2107 667 2177 temporibus
698 2106 915 2163 factum
947 2111 1037 2162 est
1067 2109 1203 2179 (Act.
1236 2126 1353 2178 xix,
1380 2110 1465 2183 19)
1492 2127 1505 2176 ;
1542 2127 1653 2166 non
1686 2113 2008 2167 secundum

305 2212 402 2251 eos
434 2196 578 2251 dixit
626 2195 925 2263 Dominus,
968 2196 1217 2252 Nondum
1263 2200 1414 2253 venit
1452 2198 1588 2253 hora
1626 2215 1769 2254 mea.
1806 2201 2012 2255 Dicunt

304 2287 460 2341 enim
493 2286 784 2355 vaniloqui
813 2292 869 2341 et
899 2287 1123 2342 seducti
1157 2288 1509 2358 seductores,
1539 2289 1716 2345 Vides
1745 2290 1883 2361 quia
1904 2290 2010 2346 sub

307 2378 422 2431 fato
452 2384 572 2431 erat
600 2375 891 2445 Christus,
924 2378 1020 2448 qui
1053 2376 1212 2444 dicit,
1247 2378 1496 2434 Nondum
1524 2383 1671 2435 venit
1702 2380 1837 2435 hora
1867 2397 2008 2437 mea.

305 2464 523 2529 Quibus
553 2481 685 2532 ergo
720 2464 885 2535 prius
917 2466 1385 2536 respondendum
1419 2471 1505 2522 est
1540 2484 1553 2533 ;
1592 2467 1900 2528 haereticis,
1934 2486 2007 2525 an

306 2553 735 2609 mathematicis
756 2554 783 2608 ?
812 2553 1053 2625 Utrique
1074 2556 1228 2610 enim
1263 2573 1296 2610 a
1318 2562 1585 2627 serpente
1616 2556 1712 2617 illo
1744 2560 2006 2627 veniunt,

302 2642 562 2698 volentes
611 2658 985 2713 corrumpere
1032 2644 1425 2714 virginitatem
1478 2646 1670 2701 cordis
1718 2646 2005 2719 Ecclesiae,

304 2747 480 2803 quam
515 2731 688 2787 habet
717 2732 776 2786 in
809 2732 1037 2803 integra
1065 2733 1201 2792 ﬁde.
1232 2735 1425 2789 Primo
1456 2736 1505 2789 si
1539 2735 1838 2806 placet,eis
1860 2754 2008 2808 quos

303 2838 810 2894 proposueramus,
844 2822 1057 2893 quibus
1086 2824 1324 2894 quidem
1351 2825 1475 2894 jam
1507 2842 1574 2881 ex
1616 2842 1825 2899 magna
1848 2835 2008 2900 parte

303 2913 732 2985 respondimus.
784 2914 897 2970 Sed
947 2930 1018 2970 ne
1065 2917 1419 2972 arbitrentur
1468 2935 1572 2975 nos
1631 2934 1746 2975 non
1797 2921 2007 2980 habere

306 3003 445 3075 quid
478 3002 743 3059 dicamus
774 3004 845 3058 de
874 3003 968 3059 his
1003 3003 1194 3060 verbis
1226 3022 1352 3077 qua:
1402 3006 1687 3065 Dominus
1720 3011 1888 3066 matri
1918 3029 2006 3068 re-

303 3092 557 3164 spondit.
593 3110 693 3149 vos
724 3092 911 3163 magis
943 3095 1221 3150 adversus
1258 3094 1396 3151 illos
1427 3096 1775 3156 instruimus
1812 3117 1823 3155 :
1868 3118 2003 3159 nam

301 3180 421 3237 illis
452 3180 799 3248 refellendis,
833 3187 973 3253 puto
1022 3184 1176 3254 quod
1222 3184 1512 3241 sufﬁciant
1542 3204 1669 3258 quae
1694 3190 1816 3259 jam
1850 3190 2005 3248 dicta

302 3275 463 3325 sunt.

370 3358 423 3410 9.
457 3358 571 3412 Cur
599 3374 734 3430 ergo
766 3358 844 3413 ait
876 3359 1047 3415 matri
1080 3359 1257 3427 ﬁlius,
1288 3362 1437 3431 Quid
1493 3365 1634 3418 mihi
1672 3370 1721 3420 et
1769 3366 1875 3423 tibi
1902 3372 1999 3438 est,

297 3446 498 3502 mulier
519 3449 547 3499 ?
569 3446 809 3503 nondum
832 3447 979 3502 venit
999 3446 1132 3502 hora
1149 3464 1291 3506 mea.
1318 3450 1602 3507 Dominus
1617 3461 1811 3509 noster
1826 3458 1999 3514 Iesus

294 3534 585 3604 Christus,
608 3538 664 3590 et
687 3536 835 3591 Deus
857 3544 979 3592 erat
1009 3542 1064 3592 et
1085 3537 1258 3593 homo
1284 3556 1297 3594 :
1322 3541 1646 3597 secundum
1671 3545 1820 3612 quod
1845 3544 1998 3601 Deus

295 3630 435 3693 erat,
454 3630 694 3681 matrem
712 3641 827 3681 non
842 3625 1120 3696 habebat;
1146 3629 1469 3684 secundum
1493 3633 1644 3701 quod
1666 3631 1838 3689 homo
1851 3640 1994 3703 erat,

292 3714 550 3770 haberet.
596 3713 780 3770 Mater
809 3731 945 3787 ergo
985 3719 1107 3771 erat
1137 3717 1350 3782 carnis,
1386 3724 1565 3775 mater
1596 3720 1991 3791 humanitatis,

292 3808 478 3861 mater
507 3804 859 3862 infirmitatis
882 3822 1053 3877 quam
1077 3808 1329 3879 suscepit
1352 3819 1582 3882 propter
1607 3829 1728 3869 nos.
1755 3816 1996 3873 Miracu-

286 3891 408 3947 lum
442 3901 628 3950 autem
653 3895 807 3964 quod
834 3895 1093 3950 facturus
1116 3904 1258 3963 erat,
1285 3902 1603 3955 secundum
1628 3902 1989 3962 divinitatem

282 3983 543 4039 facturus
564 3990 829 4044 erat,non
852 3986 1175 4041 secundum
1196 3986 1595 4046 inﬁrmitatem
1622 4012 1635 4060 ;
1663 3997 1988 4053 secundum

278 4073 432 4143 quod
465 4073 618 4128 Deus
649 4078 794 4140 erat,
820 4090 934 4127 non
968 4076 1290 4130 secundum
1324 4079 1478 4148 quod
1514 4079 1784 4139 inﬁrmus
1815 4089 1989 4142 natus

277 4165 419 4214 erat.
450 4161 555 4216 Sed
591 4161 891 4217 inﬁrmum
930 4162 1025 4217 Dei
1058 4163 1267 4219 fortius
1300 4172 1385 4220 est
1417 4165 1755 4225 hominibus
1778 4171 1824 4241 (Ι
1860 4173 1984 4230 Cor.

277 4266 317 4315 1,
348 4251 460 4313 25).
494 4249 842 4306 Miraculum
890 4267 1025 4323 ergo
1064 4253 1331 4325 exigebat
1364 4260 1590 4316 mater:
1628 4262 1685 4313 at
1731 4259 1830 4315 ille
1862 4269 1985 4319 tan-

278 4359 455 4412 quam
484 4359 597 4398 non
631 4343 893 4414 agnoscit
914 4345 1136 4399 viscera
1158 4344 1436 4413 humana,
1462 4353 1807 4417 operaturus
1831 4352 1983 4410 facta

276 4430 792 4503 divina;tanquam
821 4431 1039 4502 dicens,
1064 4435 1224 4498 Quod
1248 4435 1319 4490 de
1341 4452 1432 4491 me
1456 4437 1590 4493 facit
1614 4440 1982 4512 miraculum,

276 4535 390 4573 non
424 4524 483 4574 tu
516 4522 792 4592 genuisti,
825 4523 1185 4579 divinitatem
1221 4542 1407 4581 meam
1443 4544 1556 4583 non
1589 4533 1651 4585 tu
1684 4532 1978 4603 genuisti:

271 4607 371 4661 sed
406 4609 543 4677 quia
571 4611 823 4679 genuisti
858 4612 1261 4670 inﬁrmitatem
1295 4632 1503 4684 meam,
1533 4623 1671 4675 tunc
1696 4627 1745 4676 te
1767 4638 1981 4694 cogno-

271 4710 451 4762 scam,
486 4712 616 4751 cum
652 4697 779 4768 ipsa
804 4700 1113 4756 inﬁrmitas
1136 4705 1402 4773 pendebit
1436 4706 1493 4761 in
1529 4725 1697 4765 cruce
1721 4727 1735 4765 :
1760 4711 1869 4767 hoc
1890 4717 1980 4769 est

272 4785 453 4854 enim,
486 4784 735 4841 Nondum
766 4788 914 4841 venit
946 4790 1085 4845 hora
1118 4806 1260 4845 mea.
1295 4792 1461 4849 Tunc
1493 4797 1649 4852 enim
1689 4802 1975 4871 cognovit,

270 4873 372 4945 qui
405 4874 605 4946 utique
636 4891 867 4944 semper
889 4882 1140 4932 noverat.
1167 4879 1236 4933 Et
1256 4889 1564 4952 antequam
1588 4887 1655 4942 de
1685 4886 1784 4942 illa
1807 4896 1976 4946 natus

268 4971 441 5035 esset,
476 4965 534 5023 in
570 4965 1085 5037 praedestinatione
1132 4978 1364 5025 noverat
1400 4978 1680 5043 matrem;
1715 4981 1773 5032 et
1813 4984 1974 5034 ante-

269 5070 439 5124 quam
464 5055 589 5126 ipse
620 5056 772 5112 Deus
792 5062 1034 5123 crearet,
1068 5059 1139 5113 de
1162 5076 1274 5130 qua
1306 5060 1431 5132 ipse
1452 5063 1627 5120 homo
1659 5074 1970 5136 crearetur,

268 5149 503 5200 noverat
526 5151 804 5203 matrem:
831 5147 934 5203 sed
958 5150 1025 5204 ad
1050 5150 1364 5219 quamdam
1389 5152 1592 5209 horam
1618 5156 1674 5210 in
1700 5158 1972 5228 mysterio

269 5247 382 5285 non
404 5236 702 5305 agnoscit;
729 5239 865 5295 etad
884 5240 1202 5308 quamdam
1219 5240 1417 5298 horam
1443 5260 1570 5314 quae
1595 5246 1856 5301 nondum
1873 5264 1970 5304 ve-

266 5323 452 5388 nerat,
474 5322 532 5376 in
567 5328 839 5395 mysterio
874 5345 1075 5386 rursus
1098 5333 1379 5402 agnoscit.
1403 5333 1568 5390 Tunc
1597 5335 1756 5391 enim
1787 5352 1971 5409 agno-

262 5406 361 5475 vit,
388 5410 616 5476 quando
648 5412 793 5468 illud
830 5420 981 5487 quod
1009 5420 1232 5492 peperit
1256 5423 1621 5480 moriebatur.
1656 5424 1778 5481 Non
1811 5406 1967 5482 enim

263 5496 621 5553 moriebatur
650 5517 749 5570 per
771 5506 923 5572 quod
949 5508 1099 5564 facta
1118 5519 1238 5567 erat
1261 5510 1462 5584 Maria,
1483 5516 1586 5571 sed
1611 5516 1969 5573 moriebatur

262 5584 419 5657 quod
443 5585 658 5643 factum
681 5598 801 5646 erat
832 5607 898 5645 ex
920 5593 1098 5677 Maria
1121 5615 1133 5651 :
1160 5615 1274 5657 non
1296 5604 1652 5663 moriebatur
1672 5608 1967 5663 aeternitas

1282 262 1359 322 ΙΝ
1405 262 1729 323 JOANNIS
1774 258 2297 334 EVANGELIUM,
2346 263 2408 322 S.
2457 262 2879 325 AUGUSTINI

3688 262 3847 321 1456

2135 399 2472 465 divinitatis,
2492 402 2591 455 sed
2609 402 2964 457 moriebatur
2979 400 3287 456 inﬁrmitas
3304 399 3521 455 carnis.
3538 397 3683 454 Illud
3709 413 3844 470 ergo

2136 488 2455 559 respondit,
2489 489 2823 546 discernens
2857 490 2914 545 in
2960 491 3071 545 ﬁde
3104 491 3486 558 credentium,
3530 490 3684 559 quis,
3728 505 3843 558 qua

2136 577 2374 633 venerit.
2421 576 2589 632 Venit
2621 581 2776 633 enim
2825 596 2921 649 per
2972 585 3217 633 matrem
3268 579 3572 646 feminam,
3606 578 3756 633 Deus
3787 584 3843 633 et

2138 665 2419 721 Dominus
2468 666 2592 721 coeli
2645 675 2701 722 et
2749 672 2935 723 terra}.
2984 670 3317 724 Secundum
3351 668 3505 739 quod
3560 668 3841 724 Dominus

2137 754 2359 823 mundi,
2394 756 2551 825 quod
2582 758 2862 811 Dominus
2884 756 3006 812 οωΙί
3032 766 3086 812 et
3117 767 3301 827 terrae,
3334 757 3614 815 Dominus
3641 756 3841 826 utique

2127 849 2183 899 et
2206 844 2398 899 Mariae
2423 869 2437 913 ;
2461 849 2778 903 secundum
2803 850 2953 919 quod
2987 853 3207 904 creator
3227 848 3355 904 cmli
3378 854 3437 904 et
3467 852 3657 912 terras,
3682 863 3840 903 crea-

2123 937 2213 990 tor
2243 941 2298 990 et
2330 936 2521 991 Marias
2549 954 2561 991 :
2587 940 2908 995 secundum
2942 942 3136 995 autem
3171 940 3321 1010 quod
3344 939 3565 996 dictum
3602 943 3717 1007 cst,
3742 939 3836 994 Fa-

2122 1027 2271 1078 ctum
2302 1041 2373 1081 ex
2420 1027 2668 1097 muliere,
2697 1030 2909 1098 factum
2936 1029 3033 1083 sub
3056 1028 3189 1100 Lege
3214 1028 3418 1101 (Galat.
3452 1046 3527 1098 iv,
3559 1030 3632 1101 4),
3670 1029 3828 1085 illius
3864 1070 3869 1073 »

2123 1112 2334 1169 Maria.
2371 1115 2501 1187 Ipse
2533 1116 2815 1173 Dominus
2846 1117 3065 1186 Mariae,
3098 1117 3223 1190 ipse
3254 1118 3411 1175 ﬁlius
3443 1118 3639 1175 Mariae
3672 1119 3835 1191 :ipse

2122 1207 2345 1259 creator
2375 1205 2585 1273 Mariae,
2612 1207 2735 1278 ipse
2756 1211 2985 1264 creatus
3016 1222 3085 1262 ex
3100 1208 3297 1264 Maria.
3322 1208 3450 1264 Noli
3478 1208 3673 1263 mirari
3698 1209 3835 1281 quia

2123 1296 2179 1347 et
2199 1292 2358 1350 ﬁlius
2390 1299 2445 1350 et
2473 1294 2798 1352 Dominus:
2841 1297 2995 1352 sicut
3026 1298 3181 1353 enim
3214 1298 3425 1365 Mariae,
3459 1297 3538 1353 ita
3570 1302 3626 1354 et
3655 1299 3831 1354 David

2122 1380 2311 1439 dictus
2329 1388 2416 1439 est
2444 1384 2629 1451 ﬁlius;
2652 1390 2709 1441 et
2730 1384 2859 1441 ideo
2880 1385 3062 1443 David
3084 1386 3260 1457 illius,
3277 1378 3414 1459 quia
3436 1386 3631 1444 Marias
3654 1386 3831 1444 ﬁlius.

2117 1471 2270 1527 Audi
2299 1473 2639 1544 Apostolum
2666 1478 2862 1546 aperte
2883 1476 3193 1545 dicentem,
3226 1476 3337 1539 Qui
3357 1478 3536 1547 factus
3575 1486 3654 1533 est
3677 1480 3734 1535 ei
3760 1493 3832 1533 ex

2118 1561 2325 1617 semine
2353 1563 2523 1617 David
2552 1564 2857 1620 secundum
2884 1580 3108 1621 carnem
3137 1566 3313 1637 (Rom.
3335 1582 3376 1635 ι,
3401 1566 3481 1637 3).
3513 1566 3665 1622 Audi
3696 1582 3829 1622 eum

2119 1658 2173 1705 et
2202 1650 2516 1708 Dominum
2537 1653 2715 1709 David
2740 1669 2755 1722 ;
2779 1654 2936 1711 dicat
2958 1654 3064 1710 hoc
3081 1656 3207 1727 ipse
3230 1655 3400 1712 David
3427 1672 3440 1709 :
3474 1658 3626 1713 Dixit
3645 1658 3829 1713 Domi-

2117 1756 2220 1796 nus
2239 1741 2465 1798 Domino
2481 1759 2621 1811 meo,
2647 1742 2859 1799 Sedead
2878 1744 3165 1801 dexteram
3192 1761 3371 1801 meam
3401 1745 3576 1815 (Psal.
3609 1763 3721 1813 cxx,
3752 1748 3821 1819 ί).

2120 1831 2189 1885 Et
2216 1831 2338 1902 ipse
2366 1831 2535 1889 Jesus
2567 1834 2669 1888 hoc
2699 1834 2999 1906 proposuit
3019 1835 3254 1905 Iudaeis,
3277 1840 3334 1892 et
3354 1852 3451 1893 eos
3472 1836 3609 1892 inde
3630 1838 3827 1893 convi-

2120 1921 2197 1976 cit
2227 1923 2445 1992 (Malth.
2476 1940 2615 1989 xxu,
2669 1925 2776 1991 45).
2808 1926 3109 1991 Quomodo
3158 1941 3293 1997 ergo
3343 1926 3520 1983 David
3571 1932 3629 1984 et
3670 1928 3824 1984 ﬁlius

2118 2014 2175 2065 et
2204 2011 2510 2081 dominus;
2546 2012 2700 2069 ﬁlius
2732 2014 2907 2070 David
2926 2016 3244 2071 secundum
3269 2032 3525 2082 carnem,
3546 2016 3820 2073 dominus

2117 2099 2294 2155 David
2329 2104 2651 2159 secundum
2684 2104 3044 2161 divinitatem
3074 2122 3086 2159 :
3120 2105 3204 2161 sic
3230 2106 3416 2161 Marias
3435 2106 3590 2163 ﬁlius
3610 2122 3817 2163 secun-

2118 2190 2259 2245 dum
2274 2198 2592 2262 carnem,et
2606 2193 2797 2249 Mariae
2813 2195 3086 2252 dominus
3100 2197 3416 2251 secundum
3432 2197 3813 2268 maiestatem.

2119 2280 2262 2343 Quia
2292 2297 2424 2352 ergo
2457 2300 2570 2339 non
2603 2288 2722 2339 erat
2751 2284 2851 2340 illa
2882 2289 3062 2341 mater
3095 2286 3433 2356 divinitatis,
3466 2292 3520 2343 et
3554 2304 3656 2359 per
3678 2288 3817 2344 divi-

2119 2368 2365 2425 nitatem
2399 2372 2657 2427 t‘uturum
2695 2376 2816 2428 erat
2848 2373 3192 2430 miraculum
3240 2376 3393 2446 quod
3428 2375 3697 2446 petebat;
3730 2393 3817 2433 re-

2118 2459 2355 2528 spondit
2384 2460 2455 2527 ei,
2489 2461 2629 2525 Quid
2658 2462 2800 2517 mihi
2817 2467 2865 2518 et
2897 2464 3006 2519 tibi
3025 2470 3125 2531 est,
3157 2464 3405 2520 mulier?
3430 2466 3530 2521 sed
3564 2482 3634 2522 ne
3652 2470 3818 2538 putes

2119 2548 2269 2617 quod
2304 2553 2355 2603 te
2386 2565 2593 2619 negem
2627 2558 2895 2619 matrem,
2927 2554 3176 2609 Nondum
3206 2556 3355 2610 venit
3385 2555 3519 2610 hora
3552 2571 3671 2612 mea
3695 2573 3714 2611 :
3737 2555 3816 2611 ibi

2116 2637 2272 2692 enim
2307 2642 2361 2693 te
2389 2655 2866 2710 agnoscam,cum
2901 2644 3152 2714 pendere
3184 2644 3241 2699 in
3273 2661 3443 2701 cruce
3468 2646 3709 2718 cmperit
3730 2646 3816 2703 in-

2118 2726 2362 2783 ﬁrmitas
2377 2729 2543 2798 cujus
2557 2737 2736 2785 mater
2748 2747 2826 2786 es.
2843 2732 3164 2789 Probemus
3177 2734 3225 2789 si
3241 2750 3444 2789 verum
3459 2735 3820 2800 est.Quando

2117 2832 2324 2885 passus
2345 2821 2429 2872 est
2454 2819 2749 2889 Dominus,
2773 2820 2923 2877 sicut
2944 2821 3098 2878 idem
3134 2823 3491 2896 evangelista
3520 2825 3682 2893 dicit,
3716 2826 3816 2896 qui

2117 2910 2354 2961 noverat
2376 2915 2617 2964 matrem
2637 2908 2887 2980 Domini,
2908 2915 2965 2966 et
2986 2911 3081 2983 qui
3107 2912 3274 2969 nobis
3306 2913 3623 2970 insinuavit
3644 2914 3814 2971 etiam

2115 2994 2174 3048 in
2203 2994 2296 3051 his
2328 2996 2543 3067 nuptiis
2576 3002 2818 3054 matrem
2852 2998 3104 3070 Domini,
3137 3000 3262 3072 ipse
3293 3006 3525 3058 narrat:
3556 3005 3710 3073 Erat,
3733 3003 3819 3058 in-

2114 3085 2260 3155 quit,
2293 3086 2410 3141 illic
2454 3088 2601 3141 circa
2631 3104 2841 3145 crucem
2875 3093 3050 3146 mater
3077 3092 3221 3161 Iesu,
3262 3098 3315 3147 et
3344 3094 3423 3147 ait
3454 3096 3615 3151 Iesus
3648 3097 3817 3152 matri

2111 3192 2243 3241 suae,
2275 3175 2491 3242 Mulier,
2522 3193 2641 3233 ecce
2677 3178 2852 3247 ﬁliius
2892 3183 3062 3235 tuus:
3094 3188 3144 3236 et
3182 3179 3251 3235 ad
3290 3180 3644 3251 discipulum,
3688 3185 3818 3241 Erae

2109 3270 2287 3323 mater
2317 3272 2413 3323 tua
2440 3270 2616 3339 (Ioan.
2648 3286 2763 3337 xu,
2793 3270 3010 3343 25-27).
3044 3270 3425 3327 Commendat
3446 3278 3686 3328 matrem
3721 3276 3812 3329 di-

2108 3357 2187 3413 sci
2196 3357 2330 3429 pulo
2346 3375 2358 3411 :
2387 3359 2759 3414 commendat
2774 3362 3018 3415 matrem
3033 3361 3189 3431 prior
3202 3367 3387 3416 matre
3400 3363 3741 3430 moriturus,
3757 3369 3815 3419 et

2108 3454 2245 3506 ante
2259 3447 2462 3504 matris
2488 3456 2730 3504 mortem
2752 3454 3223 3520 resurrecturus;
3247 3452 3611 3508 commendat
3636 3451 3814 3510 homo

2110 3539 2328 3596 homini
2356 3537 2672 3595 hominem.
2708 3538 2826 3595 Hoc
2846 3543 3151 3611 pepererat
3175 3538 3373 3596 Maria.
3409 3540 3812 3612 Illahorajam

2107 3632 2364 3695 venerat,
2395 3626 2465 3682 de
2497 3642 2605 3698 qua
2636 3630 2777 3682 tunc
2798 3626 3040 3695 dixerat,
3064 3625 3313 3682 Nondum
3335 3629 3479 3682 venit
3512 3626 3645 3684 hora
3667 3645 3809 3686 mea.

2176 3717 2265 3775 10.
2298 3717 2591 3781 Quantum
2620 3715 2889 3783 arbitror,
2938 3716 3162 3783 fratres,
3196 3732 3538 3788 responsum
3572 3722 3659 3773 est
3690 3718 3809 3774 hae-

2102 3806 2293 3863 reticis
2319 3823 2331 3859 :
2365 3804 2789 3861 mathematicis
2812 3804 3290 3875 respondeamus.
3315 3803 3379 3857 Et
3402 3804 3514 3875 ipsi
3537 3805 3689 3860 unde
3709 3821 3806 3861 co-

2100 3901 2318 3953 nantur
2337 3895 2675 3952 convincere
2696 3894 2834 3966 quia
2855 3894 2962 3948 sub
2984 3894 3099 3948 fato
3121 3898 3243 3949 erat
3265 3893 3438 3951 Iesus
3459 3894 3486 3948 ‘l
3515 3894 3658 3959 Quia
3678 3894 3807 3965 ipse

2098 3988 2201 4054 ait,
2236 3987 2529 4058 inquiunt,
2562 3986 2809 4040 Nondum
2847 3983 2993 4038 venit
3032 3984 3165 4038 hora
3198 4000 3339 4039 mea.
3373 3984 3519 4055 Ergo
3551 3984 3635 4038 illi
3668 4001 3802 4041 cre-

2098 4080 2329 4144 dimus;
2363 4082 2421 4132 et
2450 4076 2496 4130 si
2519 4076 2784 4141 dixisset,
2820 4074 3031 4129 Horam
3066 4092 3179 4129 non
3214 4074 3419 4140 habeo,
3459 4074 3804 4133 exclusisset

2098 4168 2585 4224 mathematicos:
2636 4166 2735 4221 sed
2769 4181 2918 4229 ecce,
2971 4166 3266 4237 inquiunt,
3302 4166 3425 4236 ipse
3467 4167 3628 4233 dixit,
3663 4167 3801 4221 Non-

2094 4260 2224 4313 dum
2257 4258 2401 4311 venit
2432 4256 2571 4311 liora
2598 4270 2739 4309 mea.
2771 4254 2829 4308 Si
2854 4270 2990 4325 ergo
3022 4254 3283 4323 dixisset,
3318 4256 3526 4310 Horam
3554 4271 3667 4309 non
3700 4255 3800 4310 ha-

2093 4348 2224 4412 beo,
2264 4345 2601 4402 exclusisset
2646 4344 3109 4409 mathematicos,
3156 4360 3269 4399 non
3330 4350 3486 4400 esset
3518 4346 3673 4401 unde
3702 4361 3797 4400 ca-

2090 4435 2519 4491 lumniarentur
2549 4451 2562 4490 :
2597 4449 2754 4488 nunc
2811 4449 2943 4487 vero
2989 4432 3126 4503 quia
3166 4432 3330 4501 dixit,
3362 4433 3615 4489 Nondum
3646 4435 3799 4489 venit

2091 4524 2226 4580 hora
2254 4540 2395 4591 mea,
2428 4528 2630 4579 contra
2658 4521 2844 4593 ipsius
2865 4524 3040 4577 verba
3061 4523 3200 4593 quid
3226 4538 3542 4593 possumus
3561 4522 3752 4578 dicere
3771 4524 3799 4577 Τ

2092 4612 2299 4668 Mirum
2340 4616 2427 4667 est
2458 4612 2613 4682 quod
2655 4610 3051 4666 mathematici
3091 4611 3381 4667 credendo
3413 4611 3601 4667 verbis
3629 4611 3792 4667 Chri-

2086 4702 2185 4770 sti,
2219 4706 2500 4757 conantur
2544 4699 2884 4755 convincere
2932 4698 3294 4756 Christianos
3324 4700 3475 4769 quod
3507 4700 3616 4755 sub
3651 4699 3797 4757 hora

2090 4793 2246 4849 fatali
2282 4792 2483 4847 vixerit
2511 4790 2799 4848 Christus.
2850 4792 3097 4846 Credant
3127 4806 3263 4862 ergo
3293 4790 3522 4846 Christo
3555 4792 3792 4858 dicenti,

2087 4887 2415 4941 Potestatem
2443 4884 2611 4939 habeo
2630 4882 2867 4955 ponendi
2886 4868 3128 4936 animam
3165 4897 3367 4947 meam,
3390 4889 3446 4938 et
3476 4883 3674 4938 iterum
3706 4899 3799 4938 su~

2084 4976 2271 5030 mendi
2299 4991 2419 5029 eam
2439 4991 2458 5027 :
2490 4989 2647 5029 nemo
2675 4972 2827 5028 tollit
2853 4989 2973 5028 eam
3005 4990 3042 5027 a
3063 4988 3173 5041 me,
3193 4972 3285 5028 sed
3313 4987 3407 5043 ego
3438 4987 3581 5043 pono
3609 4988 3732 5028 eam
3757 4990 3795 5028 a

2084 5065 2316 5135 meipso,
2342 5070 2395 5119 et
2426 5066 2628 5119 iterum
2665 5078 2820 5117 sumo
2844 5078 2969 5117 eam
3016 5062 3120 5133 (Id.
3172 5079 3227 5128 x,
3283 5062 3391 5133 t8).
3425 5061 3647 5133 Ergone
3678 5062 3796 5117 ista

2082 5159 2339 5225 potestas
2363 5153 2466 5209 sub
2489 5153 2601 5208 fato
2624 5151 2750 5207 est?
2767 5152 3087 5207 Ostendant
3111 5151 3409 5207 hominem
3425 5150 3521 5222 qui
3545 5155 3797 5222 potesta-

2054 5281 2063 5289 ο
2085 5250 2201 5301 tem
2223 5244 2430 5300 habeat
2452 5243 2683 5314 quando
2711 5241 3012 5309 moriatur,
3034 5241 3317 5313 quamdiu
3339 5240 3486 5297 vivat
3510 5257 3523 5295 :
3545 5242 3794 5297 omnino

2084 5353 2199 5391 non
2231 5336 2565 5392 ostendent.
2598 5332 2849 5389 Credant
2878 5348 3014 5404 ergo
3045 5336 3161 5389 Deo
3200 5331 3435 5398 dicenti,
3468 5333 3793 5388 Poteslalem

2080 5428 2247 5482 habeo
2267 5424 2506 5496 ponendi
2534 5426 2785 5479 am‘mam
2805 5438 3001 5489 meam,
3033 5426 3083 5478 et
3114 5426 3313 5478 iterum
3343 5421 3594 5476 sumendi
3622 5438 3748 5477 eam
3772 5441 3790 5477 :

2077 5519 2135 5570 et
2165 5518 2618 5585 querantquare
2649 5512 2727 5567 sit
2756 5511 3001 5580 dictum,
3027 5511 3273 5567 Nondum
3288 5510 3441 5567 venit
3462 5512 3599 5566 hora
3628 5526 3755 5566 mea
3769 5528 3793 5576 ,-

2078 5619 2181 5661 nec
2214 5604 2339 5660 ideo
2364 5603 2484 5673 jam
2517 5602 2624 5658 sub
2656 5602 2769 5658 fato
2801 5606 3020 5673 ponant
3066 5600 3424 5657 conditorem
3455 5599 3583 5656 cmli
3629 5614 3791 5656 crea-
