4164 6192
311 251 460 310 145³1

298 392 480 440 torem
515 387 685 453 atque
699 385 1091 441 ordinatorem
1120 385 1399 441 siderum.
1424 387 1563 451 Quis
1588 388 1638 444 si
1668 394 1818 444 esset
1843 390 2020 444 fatum

298 476 367 530 de
398 473 710 542 sideribus,
730 492 844 530 non
860 480 1087 546 poterat
1105 490 1231 531 esse
1248 475 1357 531 sub
1373 478 1719 533 necessitate
1742 478 2020 547 siderum,

299 566 571 621 conditor
601 566 887 621 siderum.
921 564 1083 620 Adde
1115 564 1254 636 quia
1277 580 1391 622 non
1414 567 1603 622 solum
1623 568 1884 623 Christus
1909 585 2019 624 non

298 653 508 710 habuit
533 654 689 725 quod
722 652 982 724 appellas
1016 654 1225 723 fatum;
1259 655 1357 709 sed
1392 671 1495 711 nec
1524 660 1608 725 tu,
1645 660 1743 711 aut
1764 673 1890 729 ego,
1924 663 2024 712 aut

300 742 420 806 ille,
460 748 565 800 aut
596 742 908 814 quisquam
941 742 1273 800 hominum.

372 837 463 889 tt.
496 832 911 889 Verumtamen
967 833 1193 888 seducti
1249 834 1556 901 seducunt,
1591 839 1646 890 et
1688 844 2023 907 proponunt

292 921 565 978 fallacias
598 921 941 976 hominibus
974 937 987 977 :
1020 922 1272 977 tendunt
1298 922 1367 976 ad
1393 923 1707 994 capiendos
1730 924 2018 991 homines,

294 1017 353 1067 et
384 1012 498 1068 hoc
520 1012 580 1067 in
615 1011 841 1082 plateis.
874 1011 1019 1067 Nam
1060 1012 1159 1083 qui
1192 1012 1444 1068 tendunt
1486 1014 1557 1068 ad
1588 1014 1898 1083 capiendas
1930 1016 2017 1071 fe-

297 1119 418 1172 ras,
449 1101 539 1157 vel
566 1103 623 1156 in
649 1101 808 1157 silvis
838 1105 1015 1173 atque
1046 1102 1104 1157 in
1143 1102 1458 1157 solitudine
1498 1103 1554 1157 id
1581 1108 1761 1176 agunt
1796 1121 1807 1159 :
1846 1122 2018 1176 quam

286 1190 603 1247 infeliciter
622 1191 757 1247 vani
787 1194 927 1247 sunt
945 1191 1235 1261 homines,
1258 1192 1471 1263 quibus
1494 1194 1787 1263 capiendis
1819 1195 1876 1249 in
1899 1196 2018 1250 foro

294 1279 588 1338 tenditur!
606 1282 892 1337 Nummos
907 1281 1216 1353 accipiunt,
1240 1298 1370 1336 cum
1390 1298 1453 1337 se
1466 1282 1732 1339 homines
1754 1284 2014 1339 homini-

288 1374 399 1427 bus
414 1373 677 1428 vendunt
701 1372 979 1439 ;dantisti
1004 1388 1144 1427 num
1168 1388 1315 1438 mos,
1338 1376 1402 1427 ut
1427 1388 1485 1427 se
1504 1373 1860 1431 vanitatibus
1882 1392 2012 1430 ven-

288 1462 446 1516 dant.
487 1463 708 1517 Intrant
739 1462 892 1517 enim
929 1461 1000 1517 ad
1033 1463 1536 1532 mathematicum,
1571 1468 1631 1518 ut
1667 1468 1865 1519 emant
1896 1464 2005 1517 sibi

287 1552 584 1618 dominos,
612 1551 812 1623 quales
834 1551 1245 1608 mathematice
1277 1553 1413 1607 dare
1445 1552 1763 1624 placuerit;
1797 1555 1883 1609 vel
1908 1555 2011 1608 Sa-

287 1646 557 1708 turnum,
589 1641 673 1696 vel
698 1642 916 1709 Jovem,
948 1640 1038 1697 vel
1069 1642 1442 1708 Mercurium,
1474 1643 1559 1699 vel
1593 1642 1641 1697 si
1674 1643 1813 1713 quid
1848 1642 2003 1699 aliud

286 1732 555 1803 sacrilegi
592 1731 873 1786 nominis.
895 1731 1134 1787 Intravit
1156 1730 1324 1798 liber,
1348 1736 1411 1787 ut
1436 1731 1865 1788 nummisdatis
1888 1749 2007 1787 ser-

287 1836 388 1874 vus
423 1822 631 1876 exiret.
658 1820 779 1875 Imo
808 1836 940 1875 vero
978 1836 1092 1875 non
1130 1820 1388 1891 intraret,
1420 1821 1465 1875 si
1498 1820 1643 1876 liber
1672 1825 1823 1876 esset
1854 1837 1866 1875 :
1902 1823 2002 1877 sed

281 1909 519 1966 intravit
548 1926 663 1980 quo
694 1925 828 1964 eum
857 1910 1134 1965 dominus
1163 1925 1342 1979 error,
1375 1914 1432 1965 et
1461 1910 1694 1965 domina
1714 1911 2004 1982 cupiditas

280 1999 477 2054 traxit.
516 1997 672 2055 Unde
697 2003 753 2053 et
774 1997 997 2054 Veritas
1015 1998 1156 2053 dicit
1190 1998 1412 2055 :Omni:
1427 2001 1526 2070 qui
1542 2002 1678 2070 facit
1697 2010 2000 2070 peceatum,

277 2104 467 2143 servus
502 2095 579 2143 est
607 2086 817 2159 peccati
847 2089 1032 2158 (Joan.
1067 2103 1190 2155 vm,
1224 2087 1333 2157 34).

352 2180 439 2231 12.
477 2180 667 2244 Quare
697 2192 832 2247 ergo
865 2176 1031 2241 dixit,
1065 2176 1313 2232 Nondum
1345 2180 1497 2234 venit
1513 2178 1645 2233 hora
1668 2194 1795 2233 mea
1826 2186 1852 2232 ?
1882 2179 2003 2233 Ma-

278 2268 371 2339 gis
403 2267 548 2338 quia
578 2266 634 2320 in
668 2270 952 2336 potestate
974 2266 1221 2321 habebat
1243 2268 1473 2337 quando
1497 2272 1839 2334 moreretur,
1867 2285 1999 2323 non.

278 2358 421 2411 dum
447 2357 682 2412 videbat
716 2372 840 2412 esse
861 2360 1252 2427 opportunum
1288 2360 1350 2410 ut
1381 2355 1481 2412 illa
1504 2361 1788 2427 potestate
1820 2361 2003 2413 utere-

278 2456 391 2501 tur.
413 2446 718 2510 Quomodo
734 2463 861 2511 nos,
892 2447 1121 2515 fratres,
1146 2445 1301 2501 verbi
1322 2446 1529 2518 gratia,
1564 2448 1647 2503 sic
1681 2446 1997 2519 loquimur,

275 2541 407 2592 Jam
442 2541 603 2591 certa
634 2536 778 2591 hora
834 2539 942 2601 est,
975 2552 1091 2607 qua
1121 2550 1395 2591 exeamus
1428 2539 1490 2590 ut
1521 2536 1879 2591 celebremus
1912 2555 2001 2591 sa-

281 2626 641 2683 cramenta?
670 2628 728 2682 Si
760 2630 891 2681 ante
944 2641 1219 2681 exeamus
1267 2641 1443 2696 quam
1484 2642 1629 2695 opus
1672 2631 1779 2692 est,
1806 2644 1998 2683 nonne

281 2716 539 2789 perversi
564 2721 619 2770 et
642 2716 973 2787 praposteri
994 2730 1200 2770 sumus
1218 2714 1245 2768 ?
1278 2715 1423 2781 Quia
1437 2731 1572 2786 ergo
1592 2731 1706 2771 non
1725 2716 1996 2785 facimus,

278 2807 387 2862 nisi
421 2807 660 2877 quando
693 2808 1086 2877 opportunum
1113 2809 1238 2873 est;
1270 2808 1572 2877 propterea
1604 2805 1661 2859 in
1706 2804 1794 2860 his
1825 2821 1998 2877 agen-

275 2898 388 2963 dis,
407 2913 539 2953 cum
560 2898 638 2953 ita
671 2896 989 2968 loquimur,
1019 2896 1197 2951 fatum
1224 2896 1663 2952 consideramus
1683 2897 1710 2950 ?
1740 2896 1884 2961 Quid
1908 2901 1997 2952 est

277 3002 441 3059 ergo,
457 2985 714 3043 Nondum
734 2987 885 3041 venit
902 2986 1039 3041 hora
1064 3002 1184 3041 mea
1210 2989 1237 3039 ?
1253 2985 1494 3048 Quando
1518 3001 1621 3056 ego
1646 2985 1766 3040 scio
1790 3002 1997 3056 oppor-

270 3082 485 3132 tunum
521 3092 611 3131 me
642 3076 1017 3146 pati,quando
1044 3074 1241 3147 passio
1264 3090 1391 3131 mea
1416 3076 1573 3131 utilis
1597 3075 1992 3140 erit,nondum

273 3165 429 3221 venit
466 3166 596 3237 ipsa
625 3164 805 3233 hora;
840 3170 979 3221 tunc
1005 3165 1300 3221 voluntate
1324 3166 1510 3237 patiar
1542 3183 1556 3219 :
1585 3170 1651 3221 ut
1682 3169 1995 3237 utrumque

273 3271 473 3310 serves
506 3253 547 3323 ί,
583 3257 661 3319 et,
704 3254 961 3310 Nondum
1002 3257 1149 3309 venit
1197 3255 1333 3310 hora
1376 3269 1540 3319 mea;
1566 3259 1623 3309 et
1666 3258 1995 3311 Potesfatem

270 3345 445 3400 habeo
477 3344 715 3415 ponendi
756 3344 1005 3400 animam
1026 3362 1225 3407 meam,
1259 3349 1308 3400 et
1338 3348 1538 3401 iterum
1569 3347 1820 3401 sumendi
1849 3362 1989 3401 eam.

277 3434 537 3490 Venerat
559 3450 695 3506 ergo
727 3434 945 3489 habens
996 3435 1053 3491 in
1077 3438 1358 3506 potestate
1390 3436 1622 3506 quando
1656 3440 1993 3492 moreretur.

269 3526 343 3579 At
374 3524 423 3580 si
448 3528 586 3579 ante
618 3530 935 3580 moreretur
965 3541 1139 3596 quam
1177 3524 1496 3597 discipulos
1526 3524 1813 3596 elegisset,
1845 3532 1993 3580 certe

271 3618 693 3687 praposterum
727 3617 881 3670 esset
911 3614 1001 3670 :si
1031 3622 1178 3671 esset
1210 3614 1379 3670 homo
1413 3615 1508 3685 qui
1528 3631 1639 3671 non
1673 3614 1912 3671 haberet
1934 3617 1991 3672 in

268 3707 567 3776 potestate
599 3704 798 3759 horam
821 3720 1016 3775 suam,
1047 3709 1245 3776 posset
1275 3708 1407 3760 ante
1436 3704 1580 3760 mori
1610 3721 1788 3776 quam
1830 3706 1993 3761 disci-

266 3792 442 3863 pulos
475 3792 779 3863 elegisset;
813 3792 938 3847 etsi
972 3792 1112 3849 forte
1144 3797 1461 3849 moreretur
1475 3794 1598 3863 jam
1632 3794 1826 3848 electis
1854 3810 1987 3850 cru-

264 3882 527 3954 ditisque
558 3881 884 3952 discipulis,
910 3886 1279 3953 praestaretur
1307 3883 1382 3948 ei,
1413 3898 1526 3938 non
1546 3883 1671 3954 ipse
1692 3883 1799 3937 hoc
1842 3884 1989 3940 face-

263 3975 373 4027 ret.
404 3978 480 4025 At
503 3985 640 4027 vero
663 3972 760 4042 qui
795 3978 1026 4027 venerat
1056 3971 1113 4026 in
1150 3988 1324 4027 manu
1349 3971 1571 4027 habens
1597 3973 1830 4043 quando
1854 3973 1987 4043 iret,

266 4060 510 4130 quando
532 4058 773 4126 rediret,
795 4075 909 4129 quo
928 4075 1113 4131 usque
1137 4063 1484 4130 excurreret,
1509 4061 1600 4115 cui
1627 4065 1888 4130 paterent
1909 4062 1987 4116 in-

263 4149 392 4215 feri,
429 4165 545 4204 non
581 4153 811 4204 tantum
846 4149 1138 4219 morienti,
1172 4151 1271 4205 sed
1304 4158 1357 4204 et
1381 4150 1722 4221 resurgenti,
1746 4152 1985 4207 utnobis

261 4239 600 4294 ostenderet
630 4254 793 4309 spem
826 4238 1282 4295 immortalitatis
1321 4239 1589 4295 Ecclesia
1621 4257 1761 4303 sum,
1797 4240 1853 4296 in
1884 4259 1983 4296 ca-

261 4330 380 4402 pite
410 4329 671 4386 ostendit
696 4331 849 4403 quod
885 4331 1149 4385 membra
1179 4334 1511 4401 exspectare
1553 4331 1849 4388 deberent.
1879 4338 1983 4389 Rc-

255 4424 463 4493 surget
496 4420 671 4475 etiam
722 4420 781 4474 in
832 4420 1051 4476 caeteris
1098 4420 1396 4488 membris,
1431 4422 1530 4493 qui
1583 4423 1889 4477 resurrexit
1921 4425 1979 4479 in

258 4509 473 4580 capite.
507 4511 659 4564 Hora
689 4523 825 4581 ergo
857 4509 1114 4565 nondum
1138 4511 1813 4581 venerat,opportunitas
1839 4528 1979 4567 non-

256 4599 402 4653 dum
419 4601 565 4655 erat.
596 4598 852 4654 Vocandi
877 4603 1040 4654 erant
1066 4598 1358 4671 discipuli,
1377 4601 1843 4656 annuntiandum
1860 4611 1977 4657 erat

260 4704 514 4761 regnum
560 4688 865 4759 caelorum,
900 4688 1172 4744 faciendae
1206 4692 1372 4745 erant
1400 4689 1667 4760 virtutes,
1689 4706 1977 4746 commen-

258 4776 459 4832 danda
487 4780 612 4832 erat
651 4775 928 4832 divinitas
963 4776 1190 4832 Domini
1230 4777 1288 4832 in
1324 4777 1635 4845 miraculis,
1671 4795 1975 4835 commen—

253 4864 452 4919 danda
478 4867 605 4920 erat
652 4864 991 4921 humanitas
1022 4864 1250 4921 Domini
1302 4866 1361 4920 in
1407 4864 1533 4937 ipsa
1577 4868 1974 4944 compassione

254 4955 656 5012 mortalitatis.
689 4956 791 5011 Ille
811 4957 963 5012 enim
996 4957 1095 5030 qui
1128 4956 1439 5021 esuriebat,
1465 4957 1805 5029 quia‘homo
1826 4962 1968 5014 erat.

251 5047 408 5116 pavit
439 5046 710 5117 quinque
740 5046 992 5119 panibus
1020 5049 1103 5103 tot
1134 5046 1492 5119 millia,’quia
1514 5046 1667 5103 Deus
1697 5053 1816 5103 erat
1839 5065 1852 5105 :
1872 5048 1972 5120 qui

251 5134 611 5202 dormiebat,
645 5134 783 5207 quia
813 5136 988 5192 homo
1020 5140 1164 5204 erat,
1196 5136 1381 5192 ventis
1404 5140 1460 5192 et
1489 5136 1763 5193 fluctibus
1794 5138 1971 5208 impe-

248 5225 439 5296 rabat,
492 5225 633 5297 quia
680 5225 835 5283 Deus
893 5230 1034 5284 erat.
1086 5227 1215 5283 Haec
1267 5228 1465 5283 omnia
1512 5230 1970 5285 commendanda

245 5322 417 5374 erant
460 5318 650 5389 prius,
694 5323 760 5373 ut
806 5322 961 5375 esset
1004 5319 1157 5391 quod
1206 5319 1527 5375 scriberent
1563 5318 1965 5391 Evangelistae,

246 5408 399 5479 quod
446 5422 573 5480 pra
601 5406 895 5464 dicaretur
926 5406 1208 5464 Ecclesiae.
1262 5409 1334 5463 At
1380 5408 1479 5463 ubi
1532 5411 1759 5463 tantum
1812 5409 1965 5480 fecit,

248 5502 543 5569 quantum
595 5498 858 5554 sufﬁcere
884 5499 1167 5570 judicavit
1198 5500 1389 5565 ;venit
1420 5500 1563 5556 hora
1606 5516 1722 5557 non
1772 5516 1968 5560 neces-

312 5600 329 5633 ί
366 5596 425 5646 In
463 5596 670 5660 aliquot
701 5598 847 5658 Μία..
877 5600 929 5648 et
954 5599 1235 5662 utrumque
1257 5612 1433 5649 verum
1467 5602 1561 5653 est.

1564 254 2038 315 TRACTATUS
2083 255 2183 315 IX.
2230 256 2485 318 CAPUT
2532 258 2604 317 Il-

3704 267 3733 326 1
3746 265 3862 325 458

2131 392 2339 458 sitatis,
2366 392 2464 447 sed
2498 392 2834 462 voluntatis,
2868 412 2982 451 non
3006 396 3378 465 conditionis,
3413 399 3510 454 sed
3532 403 3855 471 potestatis.

2206 483 2290 537 13.
2316 484 2461 547 Quid
2489 500 2646 555 ergo,
2677 485 2907 551 fratres,
2944 487 3079 557 quia
3124 486 3241 543 illis
3288 494 3344 543 et
3400 488 3516 544 illis
3548 493 3855 560 respondi-

2132 586 2284 640 mus,
2308 571 2456 627 nihil
2494 574 2753 630 dicemus
2786 576 2927 647 quid
2953 576 3062 631 sibi
3085 576 3261 631 velint
3285 577 3525 649 hydriae,
3549 580 3685 649 quid
3708 597 3856 650 aqua

2130 662 2187 717 in
2223 661 2418 716 vinum
2441 679 2739 731 conversa,
2767 665 2906 735 quid
2932 664 3383 731 architriclinus,
3411 666 3548 737 quid
3573 684 3851 738 sponsus,

2133 749 2273 820 quid
2308 754 2494 805 mater
2522 751 2661 807 Jesu
2697 752 2753 807 in
2787 755 3085 824 mysterio,
3121 754 3262 825 quid
3295 756 3432 825 ipsas
3455 756 3723 827 nuptias?
3754 758 3851 811 Di—

2133 840 2316 893 cenda
2349 844 2487 895 sunt
2517 842 2737 907 omnia,
2772 844 2866 897 sed
2899 844 3177 899 onerandi
3215 862 3327 901 non
3348 847 3513 902 estis.
3536 845 3702 901 Volui
3727 847 3853 916 qui-

2134 928 2264 983 dem
2319 929 2374 983 in
2425 932 2661 986 nomine
2701 932 2913 987 Christi
2965 942 3015 987 et
3062 934 3336 990 hesterno
3385 936 3497 999 die,
3532 953 3648 1007 quo
3705 936 3853 991 solet

2132 1034 2323 1073 sermo
2354 1018 2548 1073 deberi
2582 1020 2859 1075 Charitati
2882 1027 3103 1089 vestrae,
3125 1023 3180 1077 id
3205 1039 3373 1095 agere
3396 1025 3722 1089 vobiscum,
3747 1026 3847 1080 sed

2133 1124 2248 1161 non
2281 1124 2410 1162 sum
2448 1110 2767 1179 permissus
2800 1112 3244 1167 necessitatibus
3276 1114 3630 1183 quibusdam
3662 1115 3844 1184 impe-

2133 1195 2449 1254 dientibus.
2501 1199 2557 1252 Si
2595 1215 2728 1268 ergo
2752 1199 2940 1271 placet
2969 1202 3270 1257 Sanctitati
3292 1206 3516 1270 vestrae,
3549 1202 3656 1260 hoc
3688 1206 3843 1276 quod

2128 1287 2199 1342 ad
2224 1289 2565 1355 mysterium
2602 1292 2852 1359 pertinet
2874 1291 3046 1360 hujus
3066 1293 3225 1362 facti,
3250 1294 3305 1347 in
3328 1294 3649 1349 crastinum
3673 1296 3841 1349 diffe—

2126 1390 2345 1439 ramus,
2369 1382 2426 1431 et
2459 1394 2572 1431 non
2605 1394 2915 1433 oneremus
2945 1384 3001 1434 et
3030 1390 3275 1436 vestram
3310 1385 3366 1436 et
3392 1391 3647 1438 nostram
3681 1383 3844 1438 infir-

2125 1464 2408 1519 mitatem.
2431 1466 2580 1521 Sunt
2599 1468 2745 1522 forte
2769 1467 2939 1523 hodie
2962 1468 3131 1523 multi
3181 1470 3277 1539 qui
3299 1474 3535 1540 propter
3556 1470 3839 1527 solemni-

2122 1556 2298 1609 tatem
2331 1554 2467 1621 diei,
2502 1573 2615 1611 non
2637 1560 2871 1627 propter
2888 1557 3247 1612 audiendum
3271 1574 3597 1613 sermonem
3629 1575 3841 1615 conve-

2121 1648 2353 1700 nerunt.
2387 1644 2650 1700 Crastino
2684 1646 2782 1716 qui
2804 1647 3058 1715 venient,
3078 1648 3312 1703 veniant
3334 1647 3620 1716 audituri;
3654 1657 3837 1704 utnec

2120 1728 2459 1790 fraudemus
2489 1736 2807 1802 studiosos,
2842 1752 2948 1791 nec
2979 1752 3288 1806 gravemus
3322 1737 3678 1797 fastidiosos.

2686 1850 3110 1908 TRACTATUS
3153 1854 3254 1909 IX.

2117 1970 2179 2023 In
2221 1967 2465 2023 eamdem
2515 1966 2805 2036 Evangelii
2854 1968 3158 2023 lectionem.
3204 1968 3347 2037 Quid
3391 1970 3649 2041 mysterii
3678 1975 3748 2027 sit
3778 1974 3837 2027 in

2187 2058 2457 2112 miraculo
2478 2062 2624 2127 Iacto
2645 2058 2704 2110 in
2736 2056 2945 2128 nuptiis
2975 2057 3121 2128 apud
3146 2057 3297 2114 Cana
3330 2059 3592 2118 Galitaae.
3618 2061 3745 2133 Cap.
3773 2078 3835 2129 Il,

2196 2148 2445 2216 7.1-11.

2184 2274 2235 2329 4.
2271 2273 2439 2332 Adsit
2468 2273 2753 2329 Dominus
2778 2274 2932 2330 Deus
2966 2279 3183 2341 noster,
3218 2280 3283 2331 ut
3310 2277 3486 2333 donet
3509 2278 3675 2334 nobis
3700 2281 3827 2333 red-

2111 2365 2247 2418 dere
2277 2363 2432 2433 quod
2465 2362 2863 2433 promisimus.
2901 2365 3178 2421 Hesterno
3200 2365 3355 2421 enim
3388 2366 3503 2433 die,
3535 2366 3584 2422 si
3617 2369 3827 2422 memi-

2112 2454 2195 2507 nit
2226 2452 2515 2507 Sanctitas
2547 2456 2756 2519 vestra,
2792 2469 2926 2508 cum
2959 2455 3239 2525 temporis
3263 2455 3825 2511 excluderemuran-

2109 2542 2323 2615 gustia,
2358 2558 2429 2597 ne
2462 2558 2790 2598 sermonem
2812 2544 3148 2599 inchoatum
3179 2545 3584 2617 impleremus,
3619 2547 3677 2601 in
3712 2546 3826 2601 ho—

2109 2632 2376 2687 diernum
2393 2632 2747 2700 distulimus,
2766 2636 2831 2687 ut
2852 2650 2920 2689 ea
2942 2650 3072 2705 quae
3092 2634 3150 2689 in
3176 2634 3281 2690 hoc
3308 2636 3455 2691 facto
3477 2638 3821 2707 evangelicae

2105 2721 2372 2779 lectionis
2416 2722 2660 2794 mystice
2698 2724 2757 2776 in
2807 2724 3188 2779 sacramentis
3230 2725 3415 2795 posita
3444 2730 3663 2794 essent,
3694 2727 3821 2796 ipso

2106 2812 2416 2881 adjuvante
2447 2812 2832 2883 aperirentur.
2867 2813 2991 2868 Non
3025 2814 3224 2885 itaque
3256 2831 3402 2885 opus
3434 2820 3526 2870 est
3549 2817 3673 2885 jam
3708 2816 3820 2869 im-

2106 2900 2320 2955 morari
2350 2901 2571 2956 diutius
2602 2901 2662 2956 in
2712 2904 3178 2958 commendando
3212 2905 3307 2959 Dei
3344 2906 3651 2961 miraculo.
3687 2905 3816 2975 Ipse

2103 2992 2192 3044 est
2212 2990 2367 3044 enim
2384 2995 2533 3044 Deus
2557 2990 2655 3059 qui
2673 3006 2771 3059 per
2795 2991 3123 3046 universam
3145 2997 3471 3048 creaturam
3488 2994 3809 3063 quotidiam

2104 3078 2387 3133 miracula
2422 3079 2580 3147 facit,
2613 3095 2737 3150 quas
2771 3079 3240 3136 hominibusnon
3269 3082 3564 3150 facilitate,
3588 3083 3688 3139 sed
3721 3100 3816 3137 as-

2104 3168 2373 3223 siduitate
2402 3167 2694 3224 viluerunt
2728 3186 2740 3222 :
2768 3185 2895 3223 rara
2927 3174 3118 3225 autem
3140 3187 3267 3241 quae
3293 3172 3440 3227 facta
3462 3178 3601 3227 sunt
3625 3174 3695 3228 ab
3729 3189 3815 3227 eo-

2103 3258 2235 3312 dem
2269 3257 2535 3322 Domino,
2570 3258 2626 3311 id
2656 3262 2746 3313 est
2776 3275 2807 3312 a
2836 3259 3023 3313 Verbo
3076 3268 3308 3331 propter
3356 3278 3462 3316 nos
3493 3261 3815 3331 incarnato,

2103 3348 2383 3418 majorem
2427 3352 2721 3417 stuporem
2766 3347 3105 3405 hominibus
3147 3350 3646 3407 attuleruntznon
3676 3352 3814 3420 quia

2104 3437 2325 3508 majora
2356 3440 2541 3505 erant,
2566 3452 2740 3509 quam
2775 3442 2910 3491 sunt
2940 3454 3005 3492 ea
3029 3455 3154 3508 quae
3179 3440 3433 3509 quotidie
3466 3440 3523 3493 in
3546 3444 3807 3492 creatura

2104 3526 2263 3595 facit,
2286 3527 2385 3582 sed
2419 3526 2557 3597 quia
2588 3526 2695 3580 ista
2728 3543 2854 3597 quae
2886 3528 3142 3597 quotidie
3195 3529 3361 3596 fiunt,
3393 3533 3674 3598 tanquam
3698 3544 3801 3582 na-

2100 3618 2276 3673 turali
2307 3633 2482 3672 cursu
2510 3621 2905 3688 peraguntur;
2938 3617 3038 3673 illa
3074 3634 3207 3673 vero
3252 3618 3505 3673 efficacia
3537 3620 3800 3690 potentia:

2098 3710 2377 3777 tanquam
2400 3707 2697 3776 praesentis
2718 3705 2976 3761 exhibita
2997 3707 3461 3763 videnturoculis
3477 3708 3809 3763 hominum.

2100 3798 2379 3865 Diximus,
2405 3798 2549 3852 sicut
2587 3797 2964 3867 meministis,
2998 3799 3315 3853 resurrexit
3342 3815 3495 3854 unus
3519 3806 3800 3865 mortuus,

2098 3887 2532 3959 obstupuerunt
2565 3887 2868 3957 homines;
2901 3903 3029 3942 cum
3066 3888 3320 3958 quotidie
3362 3890 3524 3944 nasci
3558 3890 3656 3960 qui
3691 3907 3805 3944 non

2096 3983 2280 4046 erant,
2308 3993 2476 4034 nemo
2508 3978 2773 4033 miretur.
2801 3978 2896 4032 Sic
2930 3994 3143 4048 aquam
3166 3978 3226 4032 in
3246 3979 3442 4034 vinum
3467 3995 3807 4035 conversam

2094 4068 2227 4139 quis
2261 4084 2374 4122 non
2411 4068 2673 4131 miretur,
2708 4084 2841 4122 cum
2906 4067 3010 4122 hoc
3059 4069 3229 4123 annis
3261 4070 3531 4124 omnibus
3562 4069 3717 4125 Deus
3750 4070 3802 4122 in

2092 4157 2308 4210 vitibus
2341 4155 2562 4213 faciat?
2591 4157 2701 4211 Sed
2734 4155 2872 4227 quia
2893 4158 3084 4212 omnia
3110 4174 3233 4228 quae
3255 4159 3387 4212 fecit
3408 4158 3692 4214 Dominus
3710 4159 3807 4213 Je-

2091 4261 2213 4311 sus,
2248 4261 2356 4301 non
2375 4245 2565 4300 solum
2588 4243 2781 4299 valent
2804 4246 2873 4299 ad
2922 4247 3227 4300 excitanda
3277 4247 3449 4299 corda
3482 4249 3678 4300 nostra
3702 4247 3803 4299 mi.

2092 4334 2324 4403 raculis,
2358 4336 2456 4389 sed
2490 4334 2661 4389 etiam
2720 4336 2787 4388 ad
2850 4334 3191 4389 aedificanda
3238 4334 3298 4387 in
3330 4333 3595 4388 doctrina
3627 4334 3759 4387 fidei
3789 4348 3804 4396 ;

2088 4425 2336 4480 scrutari
2370 4439 2475 4477 nos
2498 4426 2726 4492 oportet
2748 4424 2885 4492 quid
2923 4422 3029 4476 sibi
3055 4422 3233 4476 velint
3254 4422 3350 4477 illa
3376 4422 3591 4489 omnia,
3611 4422 3666 4476 id
3689 4428 3799 4488 est,

2088 4514 2223 4586 quid
2244 4511 2596 4583 significent.
2614 4511 2830 4567 Horum
2855 4511 3007 4565 enim
3033 4514 3289 4566 omnium
3318 4512 3797 4583 significationes,

2085 4604 2237 4659 sicut
2262 4600 2665 4669 recordamini,
2692 4600 2752 4656 in
2785 4600 3133 4656 hodiernum
3169 4600 3530 4659 distulimus.

2152 4694 2205 4746 2.
2239 4690 2403 4758 Quod
2434 4690 2718 4746 Dominus
2741 4690 3020 4746 invitatus
3049 4691 3205 4745 venit
3234 4692 3303 4745 ad
3330 4692 3586 4765 nuptias,
3619 4694 3795 4750 etiam

2081 4786 2314 4855 excepta
2334 4781 2579 4853 mystica
2605 4780 3053 4852 significatione,
3074 4782 3420 4839 confirmare
3442 4783 3625 4839 voluit
3641 4787 3792 4855 quod

2080 4874 2202 4944 ipse
2227 4873 2352 4927 fecit
2377 4872 2611 4943 nuptias
2643 4873 2682 4924 ί.
2720 4870 2916 4925 Futuri
2942 4872 3097 4927 enim
3122 4877 3306 4938 erant,
3330 4874 3398 4927 de
3421 4874 3633 4943 quibus
3651 4873 3795 4927 dixit

2078 4962 2405 5035 Apostolus,
2447 4960 2822 5028 prohibentes
2868 4960 3083 5017 nubere
3130 4961 3175 5032 (Ι
3205 4963 3336 5017 Tim.
3382 4978 3457 5026 ιν,
3501 4961 3578 5033 3),
3611 4965 3666 5015 et
3698 4961 3793 5013 di-

2077 5056 2273 5109 centes
2306 5050 2458 5121 quod
2492 5049 2711 5105 malum
2744 5058 2939 5105 essent
2970 5051 3208 5121 nuptiae,
3240 5055 3294 5103 et
3333 5050 3483 5119 quod
3518 5048 3790 5103 diabolus

2078 5157 2175 5197 eas
2205 5141 2457 5197 fecisset:
2479 5156 2607 5195 cum
2627 5140 2775 5195 idem
2797 5141 3072 5195 Dominus
3091 5137 3313 5194 dicatin
3342 5137 3666 5209 Evangelio,
3692 5138 3790 5192 in—

2075 5236 2401 5304 terrogatus
2416 5234 2612 5286 utrum
2635 5229 2805 5286 liceat
2819 5228 3035 5284 homini
3050 5228 3340 5281 dimittere
3362 5243 3598 5283 uxorem
3620 5244 3785 5283 suam

2076 5340 2144 5380 ex
2175 5322 2437 5396 qualibet
2462 5337 2659 5385 causa,
2676 5335 2788 5375 non
2812 5319 2985 5373 licere
3005 5320 3243 5386 excepta
3263 5334 3441 5373 causa
3463 5319 3792 5375 fornicatio-

2075 5414 2185 5468 nis.
2222 5416 2285 5469 ln
2321 5428 2436 5483 qua
2468 5407 2863 5479 responsione,
2897 5408 2942 5461 si
2967 5406 3337 5476 meministis,
3367 5408 3474 5463 hoc
3496 5409 3608 5464 ait:
3637 5410 3789 5477 Quod

2077 5509 2224 5560 Deus
2274 5502 2593 5571 conjunxit,
2642 5498 2799 5554 homo
2842 5512 2954 5554 non
2988 5502 3200 5570 separet
3229 5498 3451 5571 (Matth.
3494 5517 3609 5570 xix,
3642 5501 3781 5572 3-6).

2140 5603 2155 5635 ι
2194 5600 2312 5649 Mss.
2345 5609 2449 5645 non
2481 5596 2689 5645 addunt
2719 5595 2823 5657 hic,
2858 5598 3084 5662 nuptias.
