4164 6192
290 307 444 369 1459

284 444 347 500 Et
372 444 469 515 qui
501 443 646 500 bene
671 441 880 499 eruditi
913 444 1051 499 sunt
1092 440 1150 495 in
1195 439 1309 496 fide
1347 437 1656 505 catholica,
1707 438 1995 494 noverunt

282 533 435 607 quod
470 535 619 590 Deus
652 532 853 589 fecerit
877 532 1140 604 nuptias,
1172 534 1230 585 et
1251 529 1406 586 sicut
1435 528 1769 599 coniunctio
1798 546 1829 583 a
1851 526 1989 593 Deo,

279 624 361 679 ita
406 623 720 681 divortium
753 640 785 677 a
817 620 1047 678 diabolo
1097 621 1193 674 sit.
1217 619 1327 674 Sed
1365 621 1669 689 propterea
1722 617 1783 673 in
1813 632 1993 672 causa

279 712 680 768 fornicationis
728 711 866 768 licet
914 725 1151 766 uxorem
1190 707 1504 775 dimittere,
1532 706 1670 779 quia
1706 707 1833 777 ipsa
1870 721 1989 763 esse

281 815 423 855 uxor
452 801 607 871 prior
639 798 846 867 noluit,
869 816 996 870 quas
1021 798 1194 853 fidem
1234 794 1604 867 eonjugalem
1636 794 1841 851 marito
1874 811 1988 849 non

280 891 550 948 servavit.
567 890 681 947 Nec
705 888 837 945 illac
863 905 989 960 quae
1009 884 1400 957 virginitatem
1423 884 1539 940 Deo
1562 888 1788 949 vovent,
1811 900 1996 955 quan-

279 996 453 1052 quam
473 966 816 1049 ampliorem
840 976 1091 1049 gradum
1114 974 1351 1029 honoris
1369 976 1427 1029 et
1450 970 1779 1029 sanctitatis
1808 971 1868 1029 in
1892 972 1996 1027 Ec-

278 1069 455 1126 clesia
474 1073 696 1133 tenent,
719 1068 847 1123 sine
865 1065 1082 1136 nuptiis
1099 1067 1247 1120 sunt
1271 1082 1284 1120 :
1310 1080 1444 1119 nam
1468 1065 1523 1119 et
1546 1062 1687 1135 ipsa
1705 1061 1995 1135 pertinent

282 1158 349 1212 ad
384 1157 620 1229 nuptias
643 1172 773 1211 cum
802 1159 919 1211 tota
940 1153 1217 1221 Ecclesia,
1250 1152 1309 1209 in
1334 1152 1546 1225 quibus
1570 1152 1791 1223 nuptiis
1814 1168 1993 1224 spon-

277 1262 374 1302 sus
398 1252 488 1301 est
512 1245 797 1302 Christus.
830 1246 907 1300 Ac
931 1260 1032 1315 per
1079 1244 1189 1300 hoc
1237 1258 1371 1315 ergo
1402 1241 1684 1298 Dominus
1714 1242 1992 1298 invitatus

276 1338 431 1391 venit
456 1336 527 1391 ad
561 1335 819 1407 nuptias,
853 1332 1264 1406 utconjugalis
1288 1332 1525 1389 castitas
1556 1333 1904 1402 firmaretur,
1937 1337 1993 1388 et

281 1424 690 1481 ostenderetur
720 1429 1146 1481 sacramentum
1185 1425 1519 1495 nuptiarum
1557 1439 1569 1476 :
1605 1422 1739 1494 quia
1768 1426 1825 1478 et
1855 1422 1990 1478 illa-

277 1533 409 1572 rum
441 1518 783 1589 nuptiarum
815 1532 1068 1589 sponsus
1099 1532 1404 1588 personam
1431 1514 1990 1586 Dominiﬁgurabat,

276 1606 368 1660 cui
389 1605 611 1661 dictum
637 1610 745 1672 est,
768 1606 1218 1662 Servastivinum
1237 1606 1437 1662 bonum
1467 1620 1634 1677 usque
1658 1603 1855 1660 adhuc.
1881 1604 1988 1660 Bo-

276 1711 419 1751 num
453 1696 611 1751 enim
641 1696 841 1752 vinum
888 1696 1153 1753 Christus
1202 1695 1449 1751 servavit
1483 1710 1661 1766 usque
1688 1694 1900 1759 adhuc,
1932 1694 1989 1749 id

273 1788 382 1850 est,
417 1785 796 1856 Evangelium
830 1802 1026 1841 suum.

342 1874 395 1928 3.
419 1872 549 1929 Jam
575 1875 728 1929 enim
754 1873 1104 1944 incipiamus
1125 1873 1247 1945 ipsa
1269 1875 1771 1929 sacramentorum
1793 1878 1992 1943 operta

272 1965 558 2035 detegere,
601 1969 891 2034 quantum
923 1965 1019 2021 ille
1050 1964 1231 2020 donat
1262 1964 1321 2019 in
1353 1964 1525 2034 cujus
1557 1962 1794 2019 nomine
1825 1962 1989 2037 vobi8

273 2053 674 2125 promisimus.
701 2054 834 2110 Erat
865 2054 1166 2126 prophetia
1187 2052 1449 2125 antiquis
1467 2052 1847 2123 temporibus,
1881 2056 1935 2106 et
1956 2072 1988 2110 a

278 2143 596 2215 prophetiae
629 2144 1058 2215 dispensatione
1089 2144 1250 2200 nulla
1282 2148 1545 2213 tempora
1583 2150 1986 2198 cessaverunt:

275 2232 379 2288 sed
413 2232 511 2288 illa
527 2234 853 2305 prophetia,
877 2234 1113 2305 quando
1136 2233 1193 2288 in
1219 2232 1319 2288 illa
1338 2230 1607 2289 Christus
1631 2247 1746 2287 non
1778 2230 1990 2287 intelli-

272 2323 539 2392 gebatur,
574 2338 726 2394 aqua
755 2326 896 2377 erat.
928 2325 993 2378 In
1026 2338 1175 2391 aqua
1204 2321 1361 2377 enim
1382 2320 1582 2376 vinum
1613 2320 1989 2392 quodammo-

272 2410 346 2466 do
394 2409 554 2466 latet.
598 2410 751 2466 Dicit
792 2410 1107 2482 Apostolus
1151 2410 1292 2483 quid
1352 2409 1747 2482 intelligamus
1779 2409 1839 2465 in
1879 2409 1989 2467 ista

273 2514 422 2569 aqua
457 2514 471 2553 :
508 2521 535 2547 ι.
562 2498 752 2569 Usque
775 2499 846 2555 ad
878 2498 1247 2565 hodiernum,
1267 2498 1482 2571 inquit,
1505 2498 1682 2566 diem,
1706 2499 1984 2569 quamdiu

270 2586 488 2658 legitur
518 2587 769 2659 Moyses,
817 2588 1070 2659 idipsum
1132 2590 1399 2644 velamen
1451 2604 1629 2660 super
1658 2604 1757 2643 cor
1786 2604 1985 2643 eorum

274 2674 534 2746 positum
566 2680 693 2742 est;
741 2678 896 2746 quod
951 2693 1065 2733 non
1111 2677 1398 2733 revelatur
1430 2676 1471 2743 ί,
1505 2678 1645 2749 quia
1669 2675 1731 2732 in
1762 2676 1986 2733 Christo

273 2768 607 2820 evacuatur.
636 2764 703 2819 Et
734 2780 868 2820 cum
904 2766 1210 2822 transieris
1241 2767 1286 2832 ³,
1308 2766 1522 2837 inquit,
1547 2767 1616 2821 ad
1649 2766 1985 2833 Dominum,

275 2853 564 2909 auferetur
596 2853 855 2910 velamen
894 2877 915 2904 ι
950 2856 1024 2926 (ΙΙ
1047 2858 1170 2912 Cor.
1205 2872 1285 2923 ut,
1324 2853 1827 2927 14-16).Velamen
1847 2855 1991 2912 dicit

272 2942 710 3013 adopertionem
742 2943 1078 3016 prOphetiae,
1104 2950 1166 3000 ut
1191 2961 1307 3000 non
1328 2944 1770 3017 intelligeretur.
1804 2945 1984 3001 Tolli-

274 3034 370 3085 tur
400 3030 684 3099 velamen,
717 3048 852 3088 cum
886 3033 1186 3090 transieris
1215 3034 1285 3090 ad
1318 3032 1629 3089 Dominum
1660 3050 1675 3091 :
1709 3033 1793 3090 sic
1827 3033 1988 3090 tolli-

272 3124 369 3174 tur
395 3119 752 3190 insipientia,
784 3136 918 3177 cum
951 3122 1250 3179 transieris
1274 3122 1345 3178 ad
1370 3121 1702 3191 Dominum,
1734 3127 1791 3179 et
1828 3124 1984 3195 quod

272 3224 424 3281 aqua
446 3216 585 3276 erat,
610 3210 812 3265 vinum
845 3211 951 3267 tibi
984 3213 1069 3267 fit.
1107 3213 1247 3285 Lege
1291 3213 1468 3269 libros
1502 3228 1705 3269 omnes
1734 3213 1990 3285 praphe-

272 3300 440 3364 ticos,
475 3315 590 3355 non
622 3299 922 3357 intellecto
953 3301 1202 3371 Christo,
1233 3302 1367 3373 quid
1411 3306 1532 3357 tam
1577 3302 1900 3374 insipidum
1932 3306 1990 3357 et

274 3388 500 3442 fatuum
535 3388 840 3445 invenies?
866 3390 1133 3461 Intelligo
1163 3391 1243 3446 ibi
1296 3390 1614 3455 Christum,
1652 3406 1768 3447 non
1798 3390 1988 3448 solum

271 3476 424 3548 sapit
455 3478 607 3548 quod
632 3477 799 3551 legis,
833 3479 932 3534 sed
956 3479 1132 3535 etiam
1154 3478 1442 3546 inebriat;
1471 3484 1704 3537 mutans
1734 3485 1991 3537 mentem

273 3583 305 3620 a
330 3581 589 3637 corpore,
614 3570 675 3621 ut
704 3567 1379 3638 preteritaobliviscens,
1397 3569 1456 3625 in
1479 3585 1546 3626 ea
1568 3585 1695 3641 qua
1710 3573 1995 3627 antesunt

270 3654 600 3710 extendaris
628 3655 889 3728 (Philipp.
920 3674 1005 3725 tu,
1030 3657 1138 3728 13).

342 3747 393 3799 4.
427 3746 575 3816 Ergo
607 3747 910 3817 prOphetia
942 3749 1015 3803 ab
1045 3749 1301 3821 antiquis
1368 3752 1753 3824 temporibus,
1779 3770 1848 3810 ex
1878 3770 1994 3825 quo

273 3850 512 3904 prorsus
541 3836 724 3890 currit
753 3837 894 3891 ordo
918 3839 1277 3895 nascentium
1306 3839 1365 3895 in
1388 3856 1598 3912 genere
1634 3842 1994 3911 humano,de

273 3920 501 3977 Christo
514 3937 631 3977 non
649 3923 873 3979 tacuit:
902 3927 1004 3980 sed
1023 3927 1316 3983 occultum
1338 3929 1417 3984 ibi
1439 3936 1565 3986 erat
1590 3950 1604 3998 ;
1624 3932 1813 3987 adhuc
1833 3933 1989 3989 enim

273 4014 396 4065 erat
427 4025 598 4079 aqua.
633 4010 794 4067 Unde
826 4013 1137 4082 probamus
1166 4018 1320 4087 quod
1344 4019 1605 4074 omnibus
1628 4021 1989 4092 temporibus

273 4099 675 4171 superioribus
706 4117 893 4172 usque
936 4104 1007 4159 ad
1059 4110 1283 4162 aetatem
1333 4124 1449 4178 qua
1505 4110 1787 4166 Dominus
1808 4114 1991 4171 venit.

274 4189 578 4260 prapbetia
599 4190 671 4245 de
698 4190 798 4246 illo
812 4208 926 4248 non
939 4194 1155 4249 defuit?
1178 4196 1311 4265 Ipso
1325 4196 1561 4255 Domino
1577 4199 1822 4259 dicente.
1842 4204 1983 4259 Cum

272 4279 428 4333 enim
461 4280 871 4337 resurrexisset
891 4299 925 4337 a
943 4284 1210 4350 mortuis,
1232 4286 1451 4343 invenit
1472 4289 1792 4361 discipulos
1816 4292 1983 4347 dubi-

280 4370 466 4422 tantes
487 4369 555 4424 de
577 4368 703 4439 ipso
724 4385 891 4439 quem
927 4373 1107 4428 secuti
1133 4379 1319 4430 erant.
1353 4376 1640 4434 Viderunt
1659 4379 1815 4434 enim
1849 4396 1984 4437 eum

275 4459 588 4524 mortuum,
630 4462 690 4514 et
720 4475 837 4515 non
870 4460 1767 4538 speraverunt'resurrecturum,
1792 4474 1849 4524 et
1867 4474 1985 4527 tota

274 4557 408 4611 spes
455 4558 654 4599 eorum
705 4546 982 4603 concidit.
1038 4548 1197 4605 Unde
1242 4550 1339 4606 ille
1363 4550 1506 4621 latro
1538 4553 1826 4623 laudatus,
1856 4557 1982 4628 ipso

276 4628 367 4683 die
408 4632 617 4687 meruit
642 4649 769 4689 esse
791 4634 849 4690 in
883 4637 1150 4706 paradiso
1172 4637 1199 4694 ‘i
1221 4640 1364 4705 Quia
1392 4640 1453 4697 in
1476 4657 1647 4699 cruce
1669 4644 1815 4700 fixus
1844 4650 1983 4704 tunc

275 4718 575 4806 confessus
604 4726 690 4776 est
722 4723 1015 4781 Christum
1045 4727 1387 4803 (Lucrum,
1420 4732 1632 4806 40-43),
1658 4737 1888 4806 quando
1911 4738 1982 4792 de

275 4805 373 4862 illo
388 4806 663 4881 discipuli
679 4811 1261 4895 dubitaverunt.Ergo
1277 4820 1496 4877 invenit
1508 4805 1603 4879 eos
1616 4805 1913 4887 nutantes.
1929 4837 1983 4884 et

276 4896 529 4968 quodam
542 4899 711 4955 modo
724 4907 1029 4973 arguentes
1047 4906 1272 4976 seipsos
1286 4910 1513 4979 quodin
1527 4911 1624 4973 illo
1639 4915 1983 4989 redemptio-

276 5002 406 5042 nem
427 4994 823 5060 speraverant.
860 4991 1139 5051 Dolebant
1168 4992 1363 5069 tamen
1390 5016 1520 5057 eum
1545 5004 1671 5060 sine
1692 5005 1860 5077 culpa
1890 5026 1981 5065 oc-

275 5077 481 5144 cisum,
509 5079 647 5151 quia
669 5086 949 5139 noverant
972 5078 1365 5145 innocentem.
1392 5090 1459 5146 Et
1488 5091 1863 5167 hocipsipost
1886 5116 1978 5155 re-

346 5246 539 5327 ξηειρχη
558 5263 705 5327 nanc
736 5252 1013 5327 revelatus.
1044 5255 1110 5327 at
1140 5256 1265 5327 editi
1293 5259 1383 5327 alii
1414 5264 1465 5327 et
1485 5263 1608 5313 Mss.
1628 5264 1845 5327 habent,
1870 5286 1975 5323 non

280 5307 830 5393 :e‘iieia‘tarjupro‘quo
863 5318 1007 5380 apud
1032 5307 1845 5393 ΑροεῑοιιιῑῐίῙθᾷἰθίᾶιῖῖὶι-ῨᾘῙξ...ν

278 5375 365 5415 net
395 5382 495 5417 non
528 5374 825 5425 revelatum.

342 5430 367 5510 ξ
394 5429 635 5510 Χρξεᾶξελ,
647 5450 916 5510 εοηρξηςυδ
932 5445 1120 5510 fuerjt.
1134 5447 1199 5495 At
1214 5446 1545 5510 Augustinus
1560 5466 1668 5504 non
1683 5454 1770 5504 hic
1782 5456 1955 5509 solum

278 5492 1009 5582 5393:3331attigissent-3
1039 5492 1980 5582 ιτάᾱρἱἱῐῗξεῖξὶῗίἐΐῶὢῖἔέἑῖἱξῖἱῖ

281 5559 1361 5648 izqrﬁizeiininforte‘graecumiepislrepsé
1398 5556 1626 5643 sumpsit
1656 5556 1977 5648 ἰηιθῖβὲὲέιὲ

278 5618 437 5669 verbo
468 5620 661 5678 medio,
694 5618 929 5676 secunda
961 5618 1205 5691 pereant;

1235 303 1311 362 IN
1356 301 1679 364 JOANNIS
1726 293 2260 369 EVANGELIUM,
2307 299 2371 359 S.
2419 298 2854 361 AUGUSTINI

3656 306 3821 366 1460

2104 434 2520 491 surrectionem
2573 433 2860 501 dixerunt,
2895 451 3029 491 cum
3071 436 3359 507 quosdam
3392 452 3594 496 eorum
3623 441 3823 500 tristes

2105 525 2422 580 invenisset
2452 524 2511 580 in
2542 524 2671 581 via:
2706 544 2736 578 ‹‹
2765 524 2851 582 Tu
2884 525 3045 581 solus
3076 527 3460 597 peregrinaris
3490 530 3551 585 in
3579 530 3819 591 Jerusa-

2103 613 2240 684 lem,
2272 619 2329 670 et
2356 630 2470 671 non
2497 615 2817 687 cognovisti
2840 632 2965 687 qua:
2996 615 3148 670 facta
3165 622 3304 671 sunt
3334 618 3389 672 in
3416 618 3514 675 illa
3546 620 3677 677 istis
3699 624 3820 681 die-

2102 704 2257 760 bus?
2286 702 2387 759 Ille
2407 708 2601 760 autem
2632 704 2878 760 dixiteis
2912 720 2925 761 :
2960 704 3135 769 Qum?
3167 705 3251 761 Illi
3284 712 3477 763 autem
3510 711 3780 768 dixerunt
3808 730 3824 774 :

2100 792 2181 849 De
2207 797 2339 849 Jesu
2364 793 2680 863 Nazareno,
2703 794 2798 864 qui
2834 793 2941 849 fuit
2969 793 3054 849 vir
3074 796 3371 867 propheta,
3406 802 3611 869 potens
3644 802 3701 857 in
3735 804 3820 858 fa-

2102 881 2213 938 ctis
2240 886 2297 937 et
2327 882 2570 938 dictisin
2590 886 2899 954 conspectu
2922 883 3026 939 Dei
3058 888 3115 939 et
3146 884 3401 941 universi
3434 889 3654 960 p0puli,
3674 907 3818 961 quo-

2104 971 2277 1026 modo
2309 971 2465 1028 hunc
2493 972 2855 1027 tradiderunt
2888 973 3217 1028 sacerdotes
3238 977 3293 1029 et
3312 975 3607 1048 principes
3632 982 3814 1035 nostri

2102 1058 2163 1115 in
2194 1062 2626 1118 damnationem
2664 1062 2887 1127 mortis,
2932 1066 2989 1117 et
3034 1062 3195 1117 cruci
3224 1079 3357 1118 eum
3392 1066 3668 1125 ﬁxerunt.
3700 1070 3816 1125 Nos

2103 1153 2299 1206 autem
2348 1150 2748 1222 sperabamus,
2777 1151 2911 1222 quia
2951 1151 3073 1221 ipse
3106 1158 3228 1208 erat
3257 1154 3361 1224 qui
3400 1156 3811 1229 redempturus

2102 1248 2255 1297 esset
2286 1240 2496 1309 Israel;
2530 1246 2585 1296 et
2617 1257 2773 1297 nunc
2812 1242 3022 1297 tertius
3062 1242 3183 1297 dies
3226 1245 3417 1315 agitur
3465 1245 3638 1303 hodie
3673 1248 3715 1315 ί,
3747 1267 3814 1304 ex

2104 1347 2218 1402 quo
2242 1331 2359 1387 haec
2373 1331 2523 1386 facta
2543 1336 2743 1385 sunt.»
2765 1330 2891 1386 Haec
2914 1335 3088 1401 atque
3109 1330 3222 1387 alia
3236 1348 3368 1388 cum
3386 1335 3630 1392 dixisset
3663 1355 3815 1393 unus

2101 1436 2170 1476 ex
2191 1420 2421 1476 duobus
2452 1436 2599 1491 quos
2633 1420 2851 1476 invenit
2875 1420 2933 1476 in
2968 1422 3058 1474 via
3080 1427 3286 1477 euntes
3318 1424 3386 1477 ad
3424 1426 3810 1497 propinquum

2102 1508 2438 1579 castellum;
2462 1510 2754 1580 respondit
2787 1510 2911 1580 ipse
2938 1514 2994 1564 et
3022 1510 3100 1564 ait
3132 1527 3145 1565 :
3183 1532 3209 1560 «
3234 1511 3276 1566 Ο
3309 1513 3584 1569 insensati
3617 1521 3672 1571 et
3701 1522 3813 1572 tar-

2101 1598 2159 1654 di
2188 1599 2361 1655 corde
2390 1597 2463 1654 ad
2494 1599 2849 1654 credendum
2881 1614 3058 1670 super
3086 1601 3285 1655 omnia
3316 1617 3441 1672 quae
3473 1603 3644 1659 locuti
3678 1612 3815 1660 sunt

2100 1686 2401 1759 Prophetas
2424 1688 2434 1743 ι
2467 1703 2656 1743 nonne
2678 1687 2796 1743 haec
2811 1688 3011 1743 omnia
3034 1689 3468 1761 oportebatpati
3493 1692 3813 1762 Christum,

2100 1784 2154 1834 et
2208 1778 2447 1833 introire
2482 1778 2541 1832 in
2591 1777 2914 1833 claritatem
2973 1778 3189 1833 suam?
3220 1779 3288 1833 Et
3319 1779 3431 1835 fuit
3461 1780 3746 1853 incipiens
3781 1801 3810 1838 a

2100 1866 2299 1940 Moyse
2331 1871 2387 1922 et
2416 1866 2691 1923 omnibus
2714 1866 3036 1938 Prophetis,
3058 1867 3448 1939 interpretans
3469 1870 3581 1925 illis
3613 1873 3671 1927 in
3697 1890 3816 1927 om-

2099 1956 2274 2012 nibus
2295 1957 2633 2028 Scripturis,
2667 1973 2796 2028 quas
2812 1957 2882 2011 de
2916 1956 3039 2029 ipso
3058 1967 3242 2013 erant.
3272 1976 3299 2010 ιι
3344 1960 3487 2015 Item
3522 1960 3631 2017 alio
3664 1963 3810 2025 loco,

2099 2063 2232 2103 cum
2265 2046 2437 2103 etiam
2471 2048 2691 2119 palpari
2707 2063 2770 2103 se
2802 2047 3071 2103 manibus
3087 2048 3501 2121 discipulorum
3529 2052 3724 2120 voluit,
3749 2061 3810 2106 ut

2096 2139 2393 2194 crederent
2424 2139 2559 2209 quia
2588 2139 2646 2193 in
2687 2154 2926 2208 corpore
2973 2144 3365 2195 resurrexerat
3398 2158 3410 2196 :
3442 2164 3469 2191 «
3503 2142 3601 2197 Hic
3651 2149 3809 2208 sunt,

2097 2227 2308 2299 inquit,
2332 2243 2651 2292 sermones,
2673 2227 3056 2298 quoslocutus
3076 2246 3205 2284 sum
3227 2231 3298 2285 ad
3318 2246 3434 2297 vos,
3458 2247 3590 2286 cum
3617 2233 3811 2289 adhuc

2096 2333 2282 2373 essem
2316 2317 2640 2379 vobiscum,
2674 2316 2811 2388 quia
2834 2324 3119 2389 oporteret
3165 2318 3396 2390 impleri
3454 2322 3651 2375 omnia
3680 2339 3808 2393 quae

2096 2407 2309 2479 scripta
2339 2412 2478 2463 sunt
2520 2408 2579 2461 in
2640 2408 2788 2478 Lege
2820 2407 3021 2476 Moysi,
3045 2412 3099 2463 et
3132 2408 3458 2479 Prophetis,
3486 2416 3538 2464 et
3564 2411 3815 2466 Psalmis

2098 2496 2170 2550 de
2205 2512 2312 2552 me.
2347 2498 2504 2551 Tunc
2544 2496 2847 2567 adaperuit
2885 2495 3002 2551 illis
3031 2512 3293 2566 sensum,
3327 2501 3391 2552 ut
3422 2498 3814 2572 intelligerent

2097 2586 2449 2656 Scripturas,
2483 2590 2539 2640 et
2568 2584 2714 2640 dixit
2743 2584 2864 2640 illis
2900 2601 2913 2639 :
2946 2586 3092 2651 Quia
3123 2586 3205 2640 sic
3230 2588 3517 2657 scripturn
3551 2595 3660 2657 est,
3696 2589 3814 2660 pali

2095 2675 2389 2731 Christum
2422 2675 2463 2741 ³,
2484 2680 2541 2730 et
2563 2690 2859 2747 resurgere
2881 2692 2912 2731 a
2935 2674 3180 2731 mortuis
3202 2676 3370 2731 tertia
3392 2677 3578 2747 die,et
3601 2679 3811 2750 praedi-

2096 2765 2214 2822 cari
2246 2764 2304 2819 in
2340 2763 2578 2819 nomine
2608 2764 2734 2833 ejus
2756 2764 3154 2833 pmnitentiam
3180 2768 3237 2820 et
3261 2766 3660 2823 remissionem
3684 2784 3811 2840 pec-

2096 2863 2354 2911 catorum
2389 2854 2447 2908 in
2479 2869 2681 2909 omnes
2713 2857 2933 2923 gentes,
2966 2853 3247 2924 incipiens
3297 2854 3368 2910 ab
3399 2855 3742 2914 Jerusalem.
3779 2881 3805 2908 ››

2163 2944 2217 2999 5.
2235 2945 2337 2999 His
2357 2960 2425 2999 ex
2446 2942 2775 3014 Evangelia,
2801 2959 2927 3013 quas
2950 2951 3101 2998 certe
3123 2944 3440 3001 manifesta
3465 2949 3625 3014 sunt,
3652 2946 3814 3002 intel-

2094 3034 2279 3102 lectis,
2297 3032 2571 3105 patebunt
2590 3031 2690 3087 illa
2712 3031 2909 3087 omnia
2923 3032 3199 3104 mysteria
3214 3050 3340 3103 quae
3360 3034 3417 3089 in
3432 3034 3543 3090 isto
3569 3037 3814 3092 miracu-

2095 3126 2150 3183 lo
2175 3122 2615 3180 Dominilatent.
2630 3121 2833 3177 Videte
2848 3120 2987 3194 quid
3007 3122 3106 3188 ait,
3121 3122 3258 3193 quia
3275 3125 3579 3195 oportebat
3600 3125 3675 3179 im
3687 3126 3810 3197 ple-

2098 3215 2221 3271 riin
2244 3212 2472 3271 Christo
2496 3230 2623 3285 quae
2647 3211 2830 3267 deillo
2853 3211 3067 3283 scripta
3090 3220 3246 3267 sunt.
3266 3213 3370 3268 Ubi
3395 3213 3609 3284 scripta
3629 3216 3811 3270 sunt?

2098 3309 2163 3361 In
2194 3305 2349 3372 Lege,
2383 3302 2593 3373 inquit,
2608 3308 2660 3357 et
2681 3300 2986 3371 Prophetis,
3010 3305 3061 3355 et
3087 3302 3342 3356 Psalmis.
3368 3302 3522 3357 Nihil
3542 3304 3805 3375 Scriptu-

2100 3409 2295 3450 rarum
2313 3395 2569 3447 veterum
2586 3389 2977 3463 praetermisit.
3004 3388 3108 3445 Illa
3129 3394 3253 3445 erat
3283 3407 3432 3461 aqua
3458 3408 3470 3457 ;
3505 3393 3694 3448 etideo
3710 3395 3805 3449 di-

2101 3483 2177 3539 cti
2209 3484 2346 3538 sunt
2367 3480 2448 3537 illi
2480 3497 2514 3536 a
2544 3479 2787 3535 Domino
2812 3479 3118 3547 insensati,
3151 3480 3286 3549 quia
3320 3481 3404 3536 eis
3435 3482 3625 3537 adhuc
3656 3500 3809 3554 aqua

2102 3572 2386 3645 sapiebat,
2420 3588 2535 3627 non
2566 3570 2789 3626 vinum.
2824 3571 3125 3637 Quomodo
3158 3575 3348 3627 autem
3388 3572 3521 3628 fecit
3567 3573 3636 3628 de
3658 3592 3810 3644 aqua

2102 3662 2297 3721 vinum
2317 3662 2345 3716 Υ
2365 3662 2508 3716 Cum
2540 3661 2764 3733 aperuit
2792 3661 2875 3715 eis
2904 3676 3163 3730 sensum,
3187 3664 3243 3717 et
3269 3663 3633 3732 exposuiteis
3658 3664 3808 3718 Scri-

2104 3760 2326 3826 pturas,
2354 3751 2637 3821 incipiens
2659 3767 2690 3805 a
2714 3750 2908 3822 Moyse
2930 3765 3032 3821 per
3061 3766 3265 3806 omnes
3285 3750 3623 3821 Prophetas.
3645 3751 3809 3808 Unde

2094 3844 2217 3915 jam
2242 3840 2509 3897 inebriati
2542 3840 2829 3899 dicebant,
2859 3840 3048 3895 Nonne
3076 3856 3167 3896 cor
3193 3850 3438 3897 nostrum
3461 3847 3582 3897 erat
3611 3842 3810 3898 ardens

2102 3934 2285 4001 invia,
2308 3949 2432 3989 cum
2452 3931 2697 4004 aperiret
2719 3930 2870 3986 nobis
2892 3930 3204 4002 Scripturas
3224 3931 3373 4003 (Luc.
3397 3948 3550 3993 XXIV,
3580 3933 3810 4000 13-47)?

2098 4021 2981 4081 lntellexeruntenimChristum
2997 4022 3053 4077 in
3070 4021 3161 4077 bis
3177 4022 3359 4078 Libris
3373 4022 3429 4077 in
3444 4022 3656 4094 quibus
3669 4040 3803 4078 eum

2097 4132 2211 4173 non
2245 4115 2539 4169 noverant.
2570 4111 2807 4168 Mutavit
2835 4127 2970 4184 ergo
2995 4127 3203 4181 aquam
3226 4113 3282 4166 in
3300 4111 3497 4167 vinum
3522 4111 3807 4167 Dominus

2096 4210 2292 4262 noster
2318 4204 2488 4259 Jesus
2520 4201 2808 4269 Christus,
2840 4206 2899 4256 et
2928 4202 3082 4271 sapit
3114 4201 3262 4272 quod
3289 4219 3397 4255 non
3426 4200 3704 4273 sapiebat,
3726 4202 3806 4257 in-

2089 4294 2435 4365 ebriatquod
2450 4309 2564 4347 non
2580 4290 2986 4347 inebriabat.Si
2999 4291 3579 4363 enimjussissetinde
3593 4309 3805 4364 aquam

2093 4383 2333 4451 eilundi,
2354 4382 2505 4437 etsic
2529 4383 2651 4452 ipse
2670 4380 2927 4436 mitteret
2948 4381 3145 4435 vinum
3169 4398 3237 4435 ex
3259 4381 3504 4436 occultis
3525 4390 3801 4437 creatura:

2092 4472 2496 4537 sinibus,unde
2511 4471 2710 4527 fecitet
2728 4486 2935 4543 panem
2952 4470 3181 4541 quando
3197 4471 3478 4526 saturavit
3491 4474 3573 4526 tot
3587 4471 3800 4527 millia:

2092 4578 2207 4619 non
2239 4562 2390 4617 enim
2421 4560 2679 4632 quinque
2710 4576 2889 4631 panes
2923 4559 3211 4615 habebant
3256 4560 3515 4633 quinque
3550 4561 3795 4616 millium

2093 4652 2396 4709 hominum
2421 4650 2805 4717 saturitatem,
2840 4653 2939 4706 aut
2964 4649 3171 4705 saltem
3196 4650 3500 4705 duodecim
3520 4651 3802 4721 cophinos

2092 4741 2296 4813 plenos
2325 4740 2543 4811 (Matth.
2577 4756 2693 4807 xiv,
2730 4740 2945 4811 17-21),
2976 4739 3076 4794 sed
3105 4738 3532 4810 omnipotentis
3564 4739 3797 4795 Domini

2093 4828 2254 4902 quasi
2289 4830 2415 4884 fons
2448 4828 2613 4899 panis
2645 4832 2801 4895 erat;
2832 4828 3118 4899 sicposset
3140 4831 3194 4883 et
3225 4827 3407 4883 effusa
3430 4844 3583 4900 aqua
3601 4828 3797 4884 vinum

2089 4918 2394 4974 infundere
2465 4933 2479 4973 :
2543 4918 2695 4988 quod
2753 4917 2802 4971 si
2853 4917 3104 4984 fecisset,
3190 4916 3481 4973 videretur
3537 4917 3797 4990 Scriptu.

2089 5025 2183 5064 ras
2205 5016 2421 5065 veteres
2477 5007 2861 5079 improbasse.
2923 5007 3065 5063 Cum
3121 5010 3315 5064 autem
3355 5007 3543 5080 ipsam
3585 5026 3797 5079 aquam

2087 5099 2371 5155 convertit
2403 5099 2461 5153 in
2508 5098 2732 5164 vinum,
2781 5098 3035 5154 ostendit
3095 5099 3261 5154 nobis
3310 5100 3459 5170 quod
3509 5104 3565 5155 et
3598 5101 3795 5172 Scrip-

2086 5189 2222 5246 tura
2270 5190 2433 5243 vetus
2473 5187 2542 5243 ab
2577 5188 2701 5257 ipso
2732 5191 2817 5244 est
2861 5202 2874 5242 :
2908 5204 3042 5242 nam
3067 5188 3244 5259 jussu
3293 5189 3478 5259 ipsius
3546 5188 3797 5260 impletae

2084 5281 2227 5333 sunt
2265 5275 2506 5347 bydriae.
2564 5277 2609 5330 Α
2649 5274 2894 5332 Ι)οωίηο
2943 5276 3182 5348 quidem
3230 5281 3289 5334 et
3327 5275 3428 5332 illa
3457 5276 3793 5348 Scriptura;

2151 5406 2166 5440 1
2194 5402 2319 5452 Mss.
2337 5402 2536 5468 plures,
2561 5402 2772 5468 tertium
2801 5402 2939 5468 diem
2968 5402 3080 5466 agit
3106 5403 3264 5453 hodie
3283 5420 3299 5453 :
3316 5403 3472 5468 juxta
3495 5417 3659 5468 grmc.
3694 5408 3798 5457 tri-

2086 5465 2166 5515 ten
2199 5464 2383 5515 ιαυτέη
2411 5465 2617 5514 e'meran
2648 5465 2773 5527 agei
2799 5464 3048 5514 se’meron.

2148 5527 2171 5561 2
2206 5528 2289 5591 ΕΓ,
2326 5527 2490 5589 Lugd.
2529 5527 2663 5591 Ven.
2708 5529 2870 5580 Lov.:
2913 5528 3049 5588 Quia
3090 5529 3163 5576 sic
3192 5529 3443 5591 scriptum
3474 5534 3566 5591 est,
3612 5540 3660 5579 et
3707 5536 3791 5584 sic

2086 5590 2354 5655 oportebat
2378 5592 2498 5655 pali”
2516 5590 2980 5655 Chrislwn.Abest
3000 5606 3028 5641 a
3059 5592 3203 5653 Msa,
3234 5599 3278 5640 ac
3300 5590 3390 5642 ’sic
3418 5590 3705 5655 oportebat,
3730 5602 3790 5648 ut

2091 5653 2216 5701 Lov.
2250 5653 2701 5704 animadvertunt.
2772 5654 2840 5703 M.
