4170 6188
358 256 497 322 1161

349 405 444 461 sed
518 402 663 459 nihil
732 402 905 474 sapit,
965 402 1135 458 sinon
1196 403 1274 458 ibi
1346 402 1614 459 Christus
1688 403 2062 476 intelligatur.

418 496 471 547 6.
505 492 796 549 Intendite
827 500 1017 548 autem
1052 492 1207 563 quod
1238 492 1359 563 ipse
1388 492 1488 559 ait,
1526 494 1658 562 Quae
1688 494 1895 565 scripta
1932 495 2060 547 sunt

351 584 405 637 in
458 586 614 653 Lege,
665 586 716 638 et
761 580 1063 652 Prophetis,
1114 585 1165 637 et
1213 580 1454 637 Psalmis
1511 582 1577 637 de
1622 599 1727 639 me.
1780 582 2059 637 Novimus

348 676 542 728 autem
569 673 774 745 Legem
806 687 874 726 ex
904 671 1115 742 quibus
1139 670 1497 742 temporibus
1530 676 1743 741 narret,
1766 672 1820 727 id
1856 676 1961 739 est,
1988 671 2057 726 ab

349 760 582 819 exordio
606 760 807 817 mundi
829 762 922 816 :In
940 760 1220 833 principio
1237 760 1373 831 fecit
1396 762 1531 816 Deus
1552 762 1745 817 calum
1768 768 1820 815 et
1844 768 2057 817 terram

351 853 509 923 (Gen.
531 870 574 919 ι,
596 853 671 923 1).
697 851 837 907 Inde
866 867 1055 922 usque
1076 851 1147 906 ad
1180 850 1289 905 hoc
1313 854 1544 922 tempus
1576 852 1728 922 quod
1754 869 1909 907 nunc
1942 852 2059 922 sgi-

352 961 504 1011 mus,
539 948 703 1000 sexta
731 947 876 999 astas
904 948 1006 1011 est,
1043 952 1099 997 ut
1134 960 1284 1015 sa'pe
1315 943 1557 999 audistis
1588 948 1645 1000 et
1678 944 1879 999 nostis.
1910 944 2056 999 Nam

348 1036 542 1109 prima
573 1039 714 1091 aetas
746 1037 1118 1106 computatur
1140 1034 1210 1090 ab
1240 1035 1421 1090 Adam
1455 1051 1639 1108 usque
1661 1036 1731 1091 ad
1766 1036 1882 1091 Noe
1916 1052 1927 1089 :
1963 1051 2057 1091 se-

345 1126 542 1181 cunda
572 1142 605 1181 a
632 1124 750 1181 Noe
782 1140 970 1195 usque
1002 1125 1071 1179 ad
1104 1123 1397 1180 Abraham
1436 1142 1450 1179 :
1484 1129 1541 1180 et
1572 1125 1719 1180 sicut
1752 1126 2055 1181 Matthasus

341 1214 709 1287 Evangelista
730 1229 831 1287 per
855 1214 1117 1270 ordinem
1144 1214 1413 1286 sequitur
1437 1218 1493 1269 et
1526 1215 1861 1287 distinguit,
1888 1216 2056 1271 tertia

342 1306 415 1361 ab
444 1306 737 1361 Abraham
774 1321 956 1377 usque
986 1305 1057 1360 ad
1100 1304 1315 1373 David;
1348 1308 1557 1376 quarta
1588 1324 1621 1362 a
1658 1306 1833 1362 David
1867 1322 2055 1378 usque

347 1397 414 1451 ad
452 1396 1022 1466 transmigrationem
1049 1396 1109 1451 in
1141 1394 1517 1465 Babyloniam
1547 1413 1559 1453 :
1585 1396 1785 1468 quinta
1809 1415 1840 1451 a
1873 1401 2055 1452 trans-

344 1486 693 1557 migratione
738 1485 794 1540 in
842 1483 1214 1557 Babyloniam
1264 1488 1448 1556 neque
1469 1485 1536 1541 ad
1560 1488 1841 1543 Joannem
1866 1486 2053 1557 Bapti~

342 1582 488 1631 stam
526 1575 731 1644 (Matth.
768 1592 806 1643 ι,
844 1576 972 1647 17);
1008 1577 1168 1631 sexta
1216 1574 1353 1630 inde
1385 1592 1568 1647 usque
1615 1578 1686 1633 ad
1722 1578 1895 1633 finem
1942 1594 2056 1632 sse-

342 1663 476 1718 culi.
516 1662 826 1735 Propterea
855 1667 913 1717 et
960 1666 1120 1718 sexta
1151 1662 1242 1718 die
1277 1663 1409 1718 fecit
1438 1664 1593 1720 Deus
1643 1664 1939 1721 hominem
1982 1666 2052 1721 ad

342 1751 659 1822 imaginem
710 1768 877 1807 suam
908 1753 1068 1820 (Gen.
1103 1768 1141 1813 ι,
1173 1750 1269 1822 27)
1304 1767 1316 1806 :
1352 1752 1489 1823 quia
1537 1756 1701 1809 sexta
1734 1753 1844 1809 ista
1892 1757 2055 1808 aetate

344 1841 747 1897 manifestatur
786 1858 883 1912 per
929 1840 1306 1913 Evangelium
1350 1842 1683 1900 reformatio
1725 1844 1934 1900 mentis
1959 1863 2056 1901 no-

342 1934 496 2000 stras,
524 1932 845 1987 secundum
874 1932 1188 2003 imaginem
1204 1931 1332 2003 ejus
1356 1932 1454 2004 qui
1477 1933 1687 1988 creavit
1707 1934 2052 2005 nos(Coloss.

343 2038 430 2088 ιιι,
451 2023 547 2092 10)
574 2040 588 2090 ;
619 2025 675 2077 et
704 2019 1058 2077 convertitur
1099 2037 1250 2092 aqua
1282 2021 1337 2076 in
1370 2020 1593 2089 vinum,
1621 2027 1683 2078 ut
1707 2024 1827 2093 jam
1865 2026 2056 2079 mani-

342 2111 615 2167 festatum
666 2110 963 2167 Christum
996 2110 1056 2165 in
1090 2110 1240 2180 Lege
1288 2114 1344 2165 et
1376 2111 1680 2182 Prophetis
1729 2112 2047 2182 sapiamus.

346 2202 479 2257 Ideo
510 2207 668 2258 erant
698 2203 773 2257 ibi
800 2217 897 2257 sea:
936 2200 1176 2273 hydriae,
1210 2217 1356 2271 quas
1392 2201 1574 2271 jussit
1603 2201 1832 2272 impleri
1881 2221 2048 2274 aqua.

350 2298 461 2349 Sex
492 2311 628 2365 ergo
662 2291 767 2347 illae
801 2292 1038 2365 hydrina,
1073 2305 1174 2347 sex
1220 2295 1415 2346 aetates
1446 2291 1801 2365 signiﬁcant,
1835 2293 2050 2364 quibus

338 2400 452 2440 non
478 2382 669 2437 defuit
700 2380 1019 2453 prOphetia.
1046 2379 1146 2435 Illa
1169 2396 1305 2452 ergo
1329 2384 1591 2452 tempora
1621 2399 1740 2448 sex,
1766 2383 1927 2453 quasi
1959 2399 2049 2438 ar-

336 2472 540 2529 ticulis
558 2470 876 2529 distributa
890 2470 1367 2542 atquedistincta,
1387 2470 1704 2541 quasivasa
1718 2477 1914 2528 essent
1935 2473 2049 2529 ina-

342 2563 464 2627 nia,
499 2560 617 2616 nisi
649 2578 680 2615 a
721 2558 949 2615 Christo
998 2558 1403 2632 implerentur.
1438 2559 1582 2623 Quid
1622 2559 1762 2627 dixi,
1789 2566 2050 2633 tempore

334 2667 467 2722 quae
490 2648 745 2704 inaniter
768 2645 1215 2707 currerent,nisi
1232 2646 1290 2701 in
1315 2646 1398 2701 eis
1420 2646 1701 2702 Dominus
1721 2647 1892 2704 Jesus
1916 2666 2050 2721 prae-

336 2739 629 2794 dicaretur
649 2738 677 2793 ‘?
708 2735 962 2810 lmpletas
1010 2738 1148 2791 sunt
1178 2734 1511 2807 prOphetiae,
1555 2734 1734 2807 plenae
1776 2743 1914 2793 sunt
1945 2737 2047 2811 hy-

338 2828 486 2884 driae
519 2842 534 2882 :
569 2828 669 2883 sed
702 2830 763 2882 ut
795 2842 944 2898 aqua
974 2825 1033 2881 in
1067 2826 1265 2880 vinum
1300 2828 1688 2894 convertatur,
1714 2826 1770 2881 in
1804 2828 1901 2882 illa
1933 2832 2051 2884 tota

341 2917 649 2989 prophetia
680 2915 941 2971 Christus
972 2914 1346 2985 intelligatur.

419 3009 473 3065 7.
510 3006 659 3070 Quid
693 3008 779 3061 est
812 3020 967 3077 ergo,
1000 3004 1295 3077 Capiebant
1340 3007 1599 3060 metretas
1632 3006 1785 3060 binas
1826 3007 1910 3061 vel
1938 3010 2050 3063 ter-

347 3100 484 3151 nas?
505 3094 781 3166 Mysteriu
794 3110 845 3149 m
862 3094 1028 3150 nobis
1045 3093 1296 3149 maxime
1311 3093 1419 3149 ista
1432 3092 1649 3150 locutio
1664 3097 2051 3153 commendat.

347 3187 621 3243 Metretas
652 3186 807 3243 enim
841 3183 978 3241 dicit
1012 3200 1313 3240 mensuras
1354 3185 1660 3256 quaedam,
1693 3190 1971 3257 tanquam
2004 3187 2052 3243 si

343 3278 565 3334 diceret
597 3293 797 3343 urnas,
821 3275 1159 3348 amphoras,
1186 3274 1272 3331 vel
1306 3274 1353 3330 si
1385 3274 1522 3346 quid
1557 3275 1915 3347 huiusmodi.
1940 3277 2055 3334 No-

343 3384 475 3424 men
501 3384 785 3424 mensum
801 3370 888 3423 est
908 3369 1166 3433 metreta,
1182 3370 1239 3422 et
1262 3382 1296 3421 a
1311 3382 1584 3422 mensura
1606 3367 1823 3437 accepit
1840 3384 2050 3423 nomen

339 3456 454 3514 ista
488 3473 785 3527 mensura,
810 3456 1019 3530 Μὲτρον
1049 3457 1199 3512 enim
1231 3472 1565 3512 mensuram
1599 3455 1801 3512 dicunt
1829 3457 2046 3512 Graeci:

339 3546 473 3603 inde
498 3546 805 3620 appellatae
832 3549 1108 3616 metretas,
1134 3544 1434 3617 Capiebant
1462 3561 1591 3616 ergo
1612 3550 1869 3602 metretas
1899 3548 2054 3601 binas

339 3638 422 3693 vel
448 3645 661 3693 ternas.
686 3636 833 3701 Quid
860 3636 1131 3702 dicimus,
1157 3636 1363 3692 fratres
1383 3636 1411 3691 ‘I
1432 3635 1492 3691 Si
1512 3640 1710 3692 ternas
1733 3640 1949 3693 tantum
1971 3636 2055 3692 di—

336 3735 515 3793 ceret,
538 3743 654 3783 non
688 3729 948 3781 curreret
976 3726 1212 3782 animus
1242 3728 1436 3782 noster
1465 3726 1579 3781 nisi
1612 3725 1684 3781 ad
1711 3726 2051 3799 mysterium

337 3814 665 3872 Trinitatis.
697 3814 806 3870 Sed
840 3814 980 3870 forte
1013 3829 1116 3869 nec
1149 3813 1231 3869 sic
1282 3812 1565 3869 debemus
1594 3812 1727 3869 inde
1777 3814 1890 3869 cito
1925 3815 2049 3885 jam

337 3923 573 3962 sensum
601 3907 878 3971 avertere,
903 3903 1041 3975 quia
1070 3902 1217 3959 dixit
1237 3903 1393 3959 binas
1425 3903 1506 3958 vel
1526 3912 1711 3959 ternas
1741 3920 1758 3959 :
1791 3903 1931 3976 quia
1954 3920 2052 3960 no-

340 3997 563 4053 minato
595 3994 762 4051 Patre
792 3998 848 4049 et
876 3992 1041 4061 Filio,
1074 3996 1491 4063 consequenter
1522 3996 1578 4048 et
1627 3992 1881 4065 Spiritus
1914 4011 2047 4050 san-

338 4094 468 4145 ctus
503 4084 925 4157 intelligendus
958 4088 1063 4141 est.
1084 4083 1331 4155 Spiritus
1361 4082 1515 4139 enim
1547 4089 1785 4139 sanctus
1819 4102 1932 4141 non
1965 4089 2053 4141 est

338 4180 532 4236 Patris
564 4176 995 4243 tantummodo,
1030 4178 1135 4231 aut
1161 4173 1290 4230 Filii
1324 4174 1730 4230 tantummodo
1760 4175 2048 4247 Spiritus;

337 4271 438 4327 sed
464 4268 654 4326 Patris
675 4272 731 4324 et
758 4266 887 4322 Filii
908 4263 1178 4337 Spiritus.
1201 4264 1493 4335 Scriptum
1522 4267 1609 4319 est
1638 4264 1816 4332 enim,
1840 4265 1902 4321 Si
1930 4268 2053 4337 quis

334 4358 601 4417 ditaverit
621 4355 1018 4423 mundum,non
1041 4354 1370 4426 estSpiritus
1385 4356 1402 4388 ¹
1424 4355 1613 4410 Patris
1628 4356 1684 4409 in
1706 4354 1804 4411 illo
1825 4355 1871 4426 (Ι
1893 4357 2049 4413 Ιοαη.

334 4468 399 4522 ιι,
428 4451 516 4518 15)
543 4466 556 4504 :
588 4448 729 4504 item
777 4446 1059 4517 scriptum
1103 4447 1209 4515 est,
1243 4444 1500 4517 Quisquis
1546 4453 1728 4501 autem
1778 4446 2053 4517 Spiritum

335 4541 551 4596 Christi
582 4552 691 4596 nan
724 4536 906 4604 habet,
936 4534 1025 4591 hic
1054 4551 1160 4591 non
1186 4541 1263 4591 est
1294 4535 1413 4602 eius
1443 4534 1621 4607 (Rom.
1647 4553 1769 4603 vur,
1792 4537 1866 4609 9).
1894 4538 2050 4594 Idem

330 4634 533 4686 autem
564 4626 819 4699 Spiritus
838 4622 1027 4680 Patris
1056 4626 1113 4680 et
1147 4622 1293 4679 Filii.
1318 4622 1626 4681 Nominato
1655 4623 1851 4697 itaque
1883 4626 2051 4683 Patre

331 4730 385 4777 et
418 4719 586 4786 Filio,
610 4715 955 4786 intelligitur
974 4719 1031 4771 et
1050 4713 1302 4786 Spiritus
1324 4717 1602 4783 sanctus;
1638 4716 1776 4787 quia
1795 4715 2048 4788 Spiritus

332 4817 426 4869 est
454 4808 645 4867 Patris
667 4810 725 4864 et
752 4805 902 4862 Filii.
927 4808 1072 4862 Cum
1106 4809 1301 4861 autem
1335 4803 1675 4861 nominatur
1706 4805 1868 4863 Pater
1888 4810 1945 4862 et
1964 4807 2057 4863 Fi—

332 4900 471 4971 lius,
496 4902 781 4969 tanquam
816 4895 941 4951 dure
975 4896 1224 4951 metretas
1256 4892 1659 4962 nominantur,
1685 4910 1815 4951 cum
1848 4899 2047 4953 autem

333 4990 416 5047 ibi
439 4986 686 5059 intelligi
698 4992 792 5042 tur
808 4983 1062 5058 Spiritus
1083 4990 1342 5053 sanctus,
1359 4988 1477 5040 tres
1493 4986 1773 5041 metretas.
1791 4984 1917 5041 Ideo
1933 5003 2045 5042 non

333 5082 561 5137 dictum
584 5084 692 5144 est,
709 5075 1007 5147 capientes
1033 5077 1307 5132 metretas
1323 5072 1445 5130 aliae
1469 5074 1656 5143 binas,
1673 5073 1800 5131 alia:
1822 5078 2044 5134 ternas:

331 5172 433 5229 sed
455 5172 596 5244 ipsas
619 5184 721 5225 sex
742 5166 958 5241 hydrias
981 5165 1269 5238 capiebant
1284 5168 1541 5222 metretas
1563 5165 1717 5222 binas
1745 5166 1824 5222 vel
1844 5171 2049 5227 ternas.

332 5262 641 5333 Tanquam
670 5256 911 5325 diceret,
934 5255 1001 5311 Et
1030 5256 1261 5326 quando
1292 5253 1421 5311 dico
1452 5254 1645 5323 binas,
1666 5255 1838 5312 etiam
1868 5257 2057 5329 Spiri-

334 5362 461 5411 tum
488 5350 678 5411 Patris
708 5355 766 5407 et
795 5348 925 5404 Filii
955 5363 1087 5405 cum
1120 5346 1215 5405 his
1244 5346 1491 5418 intelligi
1522 5346 1650 5404 volo
1685 5364 1700 5405 :
1733 5351 1790 5404 et
1819 5351 2052 5421 quando

333 5444 460 5501 dico
490 5446 712 5511 ternas,
744 5438 933 5513 ipsam
980 5437 1323 5495 Trinitatem
1367 5436 1736 5494 manifestius
1784 5439 2048 5497 enuntio.

402 5572 418 5607 ι
438 5569 524 5621 Sic
544 5580 739 5619 omnes
762 5565 995 5617 codices.
1021 5566 1090 5617 At
1108 5564 1349 5629 Vulgata,
1379 5564 1610 5615 charitas
1628 5577 1647 5615 :
1678 5568 2051 5618 consentiente

336 5646 532 5697 greco.

1630 257 2092 321 TRAC'I‘ATUS
2139 254 2235 315 IX.
2285 259 2453 320 CAP.
2504 262 2581 321 ΙΙ.

3717 276 3743 335 1
3756 276 3871 335 462

2245 403 2596 495 8.Ωυᾼίεᾳυίε
2619 407 2817 480 itaque
2840 409 3103 467 nominat
3132 413 3359 469 Patrem
3388 418 3445 471 et
3470 417 3881 495 Filium,opor—

2175 494 2256 546 tet
2286 492 2364 547 ibi
2396 493 2686 567 intelligat
2728 505 3003 570 tanquam
3035 500 3381 559 charitatem
3412 503 3660 563 invicem
3694 492 3881 567 Patris

2172 582 2228 633 et
2260 579 2407 646 Filii,
2428 584 2581 654 quod
2614 587 2703 639 est
2722 586 2970 655 Spiritus
2992 591 3250 645 sanctus.
3280 590 3561 649 Fortassis
3591 595 3746 651 enim
3771 598 3885 652 dis-

2171 684 2354 727 cussae
2386 672 2697 745 Scriptura:
2724 691 2736 729 :
2764 678 2915 747 quod
2949 693 3064 734 non
3088 680 3170 735 sic
3202 681 3352 752 dico,
3379 686 3441 738 ut
3470 684 3643 740 hodie
3676 688 3882 743 docere

2172 758 2413 827 possim,
2439 765 2539 816 aut
2570 761 2738 833 quasi
2772 764 2951 820 alliud
2988 766 3231 824 inveniri
3256 786 3369 826 non
3401 772 3622 843 possit:
3658 775 3759 831 sed
3790 778 3874 830 ta—

2171 864 2302 903 men
2323 850 2563 908 fortasse
2590 858 2855 909 scrutatae
2880 856 3192 929 Scripturas
3222 859 3486 918 indicant
3517 864 3665 934 quod
3698 865 3877 937 Spiri-

2167 941 2260 992 tus
2308 944 2543 996 sanctus
2592 942 2846 999 charitas
2895 950 2998 1003 est.
3034 947 3101 1001 Et
3150 965 3222 1005 ne
3260 952 3474 1021 putetis
3521 953 3691 1011 vilem
3743 970 3872 1010 esse

2168 1027 2530 1085 charitatem.
2557 1034 2857 1096 Quomodo
2890 1039 3085 1091 autem
3117 1036 3248 1094 vilis
3281 1043 3389 1107 est,
3417 1043 3645 1111 quando
3674 1045 3873 1103 omnia

2167 1134 2293 1188 qua)
2317 1118 2594 1175 dicuntur
2619 1138 2733 1176 non
2763 1124 2919 1191 vilia,
2946 1124 3121 1181 chara
3153 1127 3426 1185 dicuntur
3446 1130 3472 1184 ?
3502 1132 3559 1187 Si
3583 1148 3718 1205 ergo
3742 1152 3868 1207 quae

2167 1224 2274 1262 non
2299 1213 2438 1263 sunt
2467 1210 2623 1275 vilia,
2651 1212 2825 1267 chara
2847 1220 3023 1283 sunt;
3060 1217 3198 1287 quid
3224 1223 3307 1275 est
3337 1220 3567 1277 charius
3588 1222 3717 1295 ipsa
3737 1226 3871 1280 cha-

2165 1297 2377 1355 ritate?
2407 1299 2499 1355 Sic
2533 1306 2723 1356 autem
2749 1307 3175 1363 commendatur
3207 1309 3454 1365 charitas
3477 1312 3548 1367 ab
3574 1314 3868 1384 Apostolo.

2164 1391 2230 1443 ut
2260 1388 2417 1444 dicat
2452 1406 2463 1443 :
2499 1413 2526 1439 «
2562 1392 3193 1463 Supereminentiorem
3244 1398 3394 1454 viam
3427 1401 3592 1458 vobis
3634 1404 3871 1459 demon-

2164 1482 2305 1533 stro.
2336 1479 2393 1533 Si
2429 1479 2643 1550 linguis
2674 1481 2976 1539 hominum
3010 1484 3221 1557 loquar
3241 1494 3293 1542 et
3323 1490 3695 1559 Angelorum,
3729 1493 3867 1549 cha-

2165 1567 2393 1623 ritatem
2426 1573 2620 1624 autem
2653 1588 2765 1626 non
2802 1571 3069 1642 habeam,
3106 1577 3289 1633 factus
3319 1595 3450 1634 sum
3497 1585 3868 1637 atramentum

2170 1672 2405 1726 sonans,
2438 1662 2533 1713 aut
2576 1660 2912 1729 cymbalum
2952 1662 3247 1722 tinniens:
3282 1670 3338 1722 et
3368 1668 3417 1724 si
3462 1668 3643 1726 sciero
3674 1671 3871 1726 omnia

2164 1753 2528 1804 sacramenta
2560 1758 2611 1804 et
2634 1767 2867 1807 omnem
2899 1755 3224 1824 scientiam,
3247 1761 3304 1813 et
3334 1758 3590 1817 habuero
3624 1762 3866 1833 prophe-

2164 1835 2305 1891 tiam
2339 1842 2395 1892 et
2415 1854 2646 1895 omnem
2681 1841 2872 1910 fidem,
2898 1842 2976 1898 ita
3007 1849 3073 1901 ut
3095 1852 3319 1903 montes
3342 1847 3711 1920 transferam,
3734 1850 3870 1906 cha-

2165 1926 2395 1982 ritatem
2428 1932 2617 1984 autem
2654 1945 2765 1984 non
2813 1930 3083 2000 habeam,
3117 1933 3261 1990 nihil
3295 1953 3425 1992 sum
3462 1955 3475 1994 :
3508 1942 3563 1993 et
3593 1938 3643 1994 si
3674 1940 3866 1994 distri-

2164 2014 2341 2071 buero
2390 2018 2587 2073 omnia
2636 2035 2764 2074 mea
2816 2022 3195 2093 pauperibus,
3227 2028 3283 2081 et
3319 2026 3611 2084 tradidero
3661 2045 3869 2100 corpus

2163 2121 2356 2161 meum
2383 2111 2445 2162 ut
2467 2107 2722 2177 ardeam,
2748 2111 3092 2171 charitatem
3125 2119 3319 2171 autem
3345 2134 3460 2173 non
3483 2118 3752 2186 habeam,
3777 2120 3867 2175 ni-

2162 2194 2240 2248 hil
2293 2196 2435 2250 mihi
2487 2200 2719 2268 prodest
2754 2220 2778 2251 »
2827 2204 2871 2271 (Ι
2906 2203 3027 2258 Cor.
3062 2220 3161 2272 xu,
3194 2205 3284 2274 31,
3315 2222 3437 2275 xm,
3474 2208 3610 2278 1-3).
3647 2209 3871 2272 Quanta

2160 2288 2243 2339 est
2274 2300 2404 2355 ergo
2432 2285 2707 2356 charitas,
2741 2304 2869 2360 qua:
2902 2290 2949 2345 si
2987 2291 3159 2363 desit,
3196 2294 3409 2350 frustra
3440 2296 3737 2353 habentur
3760 2314 3868 2351 0:0-

2161 2376 2307 2439 tera;
2332 2374 2380 2429 si
2405 2374 2575 2443 adsit,
2602 2384 2752 2432 recte
2775 2376 2793 2411 ί
2818 2378 3107 2435 habentur
3131 2382 3366 2438 omnia?
3386 2385 3599 2440 Tamen
3624 2385 3869 2440 charita-

2159 2462 2273 2513 tem
2299 2460 2542 2515 laudans
2555 2462 2848 2532 apostolus
2864 2465 3080 2523 Paulus
3094 2468 3494 2539 copiosissime
3507 2474 3681 2541 atque
3702 2469 3865 2526 uber-

2158 2546 2526 2615 rime,minus
2557 2550 2627 2604 de
2650 2549 2749 2605 illa
2774 2552 2912 2608 dixit
2943 2570 3114 2625 quam
3144 2558 3296 2627 quod
3327 2558 3409 2613 ait
3437 2557 3686 2614 breviter
3716 2576 3857 2630 apo-

2158 2635 2344 2691 stolus
2364 2636 2636 2706 Joannes,
2654 2641 2821 2711 cujus
2842 2642 3047 2699 esthoc
3071 2645 3464 2718 Evangelium.
3480 2647 3677 2719 Neque
3698 2647 3856 2703 enim

2160 2725 2445 2783 dubitavit
2495 2729 2704 2798 dicere,
2756 2733 2897 2788 Deus
2936 2735 3180 2791 charitas
3229 2740 3303 2792 est
3352 2737 3395 2803 (I
3439 2739 3598 2796 Joan.
3637 2755 3714 2806 1v,
3752 2740 3856 2808 l6).

2158 2817 2453 2888 Scriptum
2471 2824 2557 2875 est
2587 2821 2782 2888 etiam,
2808 2823 2947 2891 Quia
2966 2824 3208 2881 charitas
3228 2828 3322 2883 Dei
3340 2827 3551 2901 diﬂ’usa
3570 2836 3648 2885 est
3671 2830 3727 2885 in
3749 2845 3861 2885 cor.

2159 2906 2315 2961 dibus
2345 2912 2549 2965 nostris
2576 2928 2678 2981 per
2717 2912 2984 2983 Spiritum
3010 2920 3258 2971 sanctum
3290 2917 3386 2990 qui
3413 2918 3577 2976 datus
3598 2926 3677 2976 est
3707 2920 3866 2976 nobis

2162 2999 2336 3064 (Rom.
2370 3015 2425 3063 ν,
2456 3000 2533 3070 5).
2568 3001 2708 3065 Quis
2738 3018 2869 3075 ergo
2902 3005 3161 3061 nominet
3192 3011 3419 3064 Patrem
3452 3013 3508 3066 et
3541 3009 3775 3077 Filium,
3807 3015 3868 3066 et

2162 3103 2275 3142 non
2295 3087 2372 3141 ibi
2390 3088 2672 3160 intelligat
2693 3091 3038 3150 charitatem
3059 3095 3242 3152 Patris
3265 3098 3504 3153 etFilii?
3525 3101 3706 3165 Quam
3731 3116 3865 3155 cum

2164 3177 2376 3233 habere
2408 3181 2663 3250 coeperit,
2686 3183 2970 3254 Spiritum
3004 3191 3274 3243 sanctum
3298 3187 3535 3246 habebit
3572 3207 3584 3246 :
3619 3207 3792 3262 quam
3827 3191 3873 3245 si

2165 3283 2279 3322 non
2311 3268 2599 3338 habuerit,
2633 3271 2757 3326 sine
2805 3274 3022 3345 Spiritu
3057 3282 3260 3333 sancto
3292 3278 3421 3335 erit.
3464 3280 3532 3335 Et
3579 3285 3873 3352 quomodo

2164 3372 2373 3427 corpus
2397 3365 2556 3414 tuum
2576 3360 2701 3416 sine
2724 3362 2958 3434 spiritu,
2980 3368 3131 3437 quod
3159 3366 3458 3423 estanima
3480 3371 3602 3438 tua,
3620 3370 3667 3424 si
3683 3369 3875 3434 fuerit,

2165 3452 2456 3502 mortuum
2482 3452 2605 3518 est;
2640 3451 2687 3505 si
2712 3454 2906 3508 anima
2929 3458 3026 3510 tua
3048 3456 3172 3512 sine
3194 3455 3413 3526 Spiritu
3438 3460 3661 3523 sancto,
3685 3456 3745 3511 id
3766 3460 3872 3524 est,

2163 3537 2289 3591 sine
2322 3537 2600 3593 charitate
2621 3539 2669 3594 si
2702 3541 2895 3610 fuerit,
2919 3548 3149 3598 mortua
3172 3544 3564 3615 deputabitur.
3589 3546 3734 3618 Ergo
3757 3562 3865 3601 me-

2162 3632 2327 3683 tretas
2353 3630 2508 3683 binas
2537 3631 2821 3700 capiebant
2841 3633 3083 3706 hydria),
3108 3633 3247 3706 quia
3278 3634 3337 3690 in
3359 3636 3621 3692 omnium
3648 3642 3870 3708 tempo-

2163 3732 2286 3773 rum
2313 3719 2617 3791 prophetia
2648 3724 2816 3777 Pater
2837 3727 2893 3780 et
2924 3724 3104 3781 Filius
3136 3724 3517 3797 pradicatur:
3555 3728 3652 3784 sed
3681 3727 3762 3784 ibi
3785 3735 3871 3785 est

2159 3814 2211 3864 et
2230 3806 2479 3880 Spiritus
2501 3814 2737 3868 sanctus
2765 3829 2778 3881 ;
2811 3813 3050 3885 ideoque
3072 3816 3414 3887 adjunctum
3437 3822 3544 3889 est,
3567 3819 3650 3875 vel
3670 3826 3876 3876 ternas.

2160 3898 2270 3969 Ego
2300 3903 2352 3953 et
2381 3903 2570 3968 Pater,
2602 3902 2813 3971 inquit,
2846 3921 3019 3960 unum
3055 3922 3244 3962 sumus
3292 3909 3478 3977 (Joan.
3513 3926 3570 3980 χ,
3600 3910 3688 3980 30)
3722 3926 3737 3965 :
3771 3911 3870 3967 sed

2162 3987 2310 4043 absit
2345 3994 2408 4044 ut
2440 3989 2590 4045 desit
2620 3992 2869 4062 Spiritus
2906 3997 3171 4064 sanctus,
3208 3996 3303 4052 ubi
3351 3998 3651 4070 audimus,
3680 4000 3787 4071 Ego
3822 4007 3874 4055 et

2162 4081 2326 4134 Pater
2372 4096 2543 4135 unum
2589 4098 2798 4138 sumus.
2834 4085 3046 4140 Tamen
3097 4086 3237 4157 quia
3286 4087 3509 4143 Patrem
3560 4097 3614 4144 et
3659 4088 3867 4145 Filium

2164 4169 2505 4239 nominavit,
2540 4171 2772 4243 capiant
2802 4173 3019 4244 hydria?
3046 4176 3201 4231 binas
3242 4183 3503 4232 metretas
3523 4194 3545 4242 ,'
3575 4178 3676 4233 sed
3708 4179 3865 4246 audi,

2162 4260 2245 4315 vel
2292 4263 2480 4315 ternas
2508 4278 2527 4316 :
2561 4264 2654 4330 Ite,
2691 4262 2961 4333 baptizata
2996 4272 3180 4333 gentes
3224 4266 3285 4319 in
3334 4266 3553 4321 nomine
3600 4266 3784 4322 Patris
3814 4272 3869 4321 et

2164 4349 2296 4404 Filii
2335 4354 2387 4404 et
2435 4349 2671 4420 Spiritus
2714 4354 2891 4407 sancti
2934 4353 3143 4423 (Matth.
3178 4370 3380 4421 xxvru,
3414 4355 3522 4426 19).
3557 4354 3759 4425 Itaque
3805 4356 3864 4410 in

2161 4455 2226 4494 eo
2259 4440 2410 4511 quod
2436 4439 2704 4494 dicuntur
2734 4439 2905 4505 binae,
2930 4457 3045 4496 non
3078 4440 3438 4512 exprimitur,
3462 4442 3563 4499 sed
3596 4441 3863 4514 intelligi-

2162 4532 2255 4584 tur
2279 4548 2291 4598 ;
2328 4530 2385 4583 in
2413 4544 2477 4584 eo
2501 4545 2630 4585 vero
2659 4530 2812 4600 quod
2837 4528 3111 4586 dicuntur
3142 4531 3226 4588 vel
3252 4536 3449 4604 ternm,
3472 4533 3647 4589 etiam
3678 4534 3864 4606 expri-

2161 4619 2336 4675 mitur
2366 4616 2640 4674 Trinitas.

2230 4713 2284 4768 9.
2309 4711 2419 4767 Sed
2443 4712 2530 4765 est
2561 4713 2615 4765 et
2637 4709 2787 4766 alius
2819 4710 3147 4771 intellectus
3170 4729 3284 4770 non
3308 4716 3863 4786 prmtermittendus,

2160 4807 2215 4859 et
2256 4803 2451 4874 ipsum
2502 4799 2691 4857 dicam
2728 4816 2741 4855 :
2774 4800 2947 4873 eligat
2996 4803 3247 4877 quisque
3296 4807 3453 4879 quod
3500 4807 3727 4877 placet;
3762 4824 3867 4863 nos

2159 4893 2314 4965 quod
2348 4892 2681 4966 suggeritur
2712 4907 2828 4949 non
2870 4893 3297 4951 subtrahimus.
3332 4896 3536 4953 Mensa
3561 4895 3715 4951 enim
3748 4896 3863 4951 Do-

2162 4984 2306 5039 mini
2327 4987 2431 5049 est,
2449 4986 2505 5038 et
2527 4998 2642 5039 non
2666 4985 2887 5052 oportet
2910 4982 3248 5041 ministrum
3272 4985 3542 5041 fraudare
3563 4983 3857 5053 convivas,

2161 5072 2475 5147 praesertim
2499 5072 2581 5127 sic
2602 5072 2942 5141 esurientes,
2961 5077 3021 5129 ut
3042 5077 3319 5146 appareat
3341 5072 3586 5128 aviditas
3608 5077 3801 5130 vestra
3816 5076 3859 5133 ³.

2162 5162 2467 5234 Prophetia
2498 5177 2619 5232 qua:
2650 5160 2717 5215 ab
2766 5159 3021 5231 antiquis
3053 5160 3414 5232 temporibus
3461 5158 3857 5233 dispensatur,

2160 5254 2231 5311 ad
2252 5254 2502 5310 salutem
2533 5252 2795 5309 omnium
2818 5250 3081 5323 gentium
3112 5252 3381 5322 pertinet.
3406 5252 3489 5308 Ad
3520 5253 3710 5309 solum
3734 5256 3861 5327 qui-

2159 5347 2290 5403 dem
2322 5344 2603 5418 populum
2627 5341 2799 5398 Israel
2832 5342 3055 5398 missus
3078 5344 3166 5397 est
3194 5344 3441 5414 Moyses,
3464 5348 3521 5401 et
3549 5345 3600 5402 ei
3621 5344 3731 5402 soli
3763 5365 3859 5419 po-

2159 5435 2293 5508 pulo
2324 5450 2426 5506 per
2468 5448 2600 5489 eum
2634 5432 2746 5486 Lex
2793 5430 2926 5486 data
2956 5435 3065 5497 est,
3098 5438 3149 5489 et
3179 5430 3291 5503 ipsi
3329 5432 3624 5506 Propheta:
3661 5452 3727 5491 ex
3760 5435 3821 5491 ill

2222 5562 2241 5597 ι
2274 5558 2335 5607 In
2365 5559 2485 5607 Mss.
2519 5555 2801 5616 omittitur,
2833 5566 2989 5607 recte.

2221 5623 2242 5657 2
2273 5618 2429 5682 Apud
2446 5618 2529 5668 Er.
2548 5617 2710 5681 Lugd.
2727 5619 2855 5670 Ven.
2870 5618 3089 5683 Lov.,ut
3107 5630 3321 5687 apparet
3339 5622 3572 5673 aviditas
3593 5622 3853 5672 vestra.M.
