4164 6192
334 315 362 372 1
374 316 490 378 463

334 447 550 519 populo
584 449 838 517 fuerunt,
864 454 920 504 et
950 450 1078 520 ipsa
1108 447 1444 505 distributio
1475 451 1803 519 temporum
1833 458 2046 499 secun-

336 538 478 593 dum
501 539 770 594 eumdem
805 539 1088 610 populum
1111 538 1390 594 distincta
1413 541 1537 603 est;
1574 537 1728 591 unde
1749 538 1805 592 et
1825 532 2044 605 hydrias

334 627 610 682 dicuntur
638 629 936 684 secundum
961 628 1412 699 puriﬁcationem
1439 627 1754 683 Iudaeorum
1779 642 1798 680 .·
1831 624 1925 680 sed
1961 628 2044 678 ta-

336 731 468 771 men
496 718 646 787 quod
669 717 769 772 illa
794 717 1096 788 prophetia
1113 716 1286 772 etiam
1305 717 1526 772 ceteris
1539 715 1813 786 gentibus
1828 729 2051 768 annun-

335 805 606 875 tiabatur,
631 807 1008 863 manifestum
1032 815 1122 862 est
1147 825 1160 875 ;
1195 806 1673 879 quandoquidem
1701 805 1966 861 Christus
1989 803 2049 857 in

335 909 401 950 eo
435 897 694 952 occultus
727 905 868 960 erat,
891 895 949 950 in
984 913 1101 966 quo
1132 895 1562 951 benedicuntur
1591 909 1795 950 omnes
1825 896 2048 964 gentes;

337 984 490 1038 sicut
522 984 876 1054 promissum
917 992 999 1039 est
1033 983 1275 1038 Abrahae
1319 983 1548 1038 dicente
1580 983 1843 1049 Domino,
1869 983 1938 1036 In
1964 995 2048 1035 se-

336 1073 485 1128 mine
535 1079 630 1129 tuo
681 1075 1074 1128 benedicentur
1119 1087 1297 1127 omnes
1341 1079 1523 1140 gente:
1572 1073 1723 1138 (Gen.
1767 1087 1906 1135 χιιι,
1940 1069 2048 1138 18).

338 1162 606 1217 Nondum
661 1168 855 1218 autem
905 1161 1358 1234 intelligebatur,
1405 1163 1542 1232 quia
1591 1162 1844 1217 nondum
1904 1175 2054 1230 aqua

344 1267 621 1307 conversa
655 1255 781 1307 erat
811 1251 867 1306 in
910 1252 1132 1306 vinum.
1167 1253 1312 1323 Ergo
1343 1252 1618 1308 omnibus
1649 1251 1920 1323 gentibus
1941 1249 2052 1304 dis-

343 1339 706 1409 pensabatur
748 1340 1070 1413 prOpbetia.
1100 1342 1264 1407 Quod
1317 1346 1380 1396 ut
1412 1342 1665 1396 emineat
1702 1337 2048 1411 jucundius.

342 1429 412 1483 de
437 1429 687 1500 singulis
710 1430 1292 1502 mtatibus,tanquam
1320 1430 1389 1486 de
1416 1430 1664 1500 singulis
1689 1428 2049 1500 hydriis,pro

340 1524 603 1589 tempore
634 1521 902 1590 quasdam
935 1536 1484 1576 commemoramus.

413 1609 499 1662 10.
528 1609 590 1661 In
626 1608 751 1678 ipso
783 1609 1018 1664 exordio
1049 1611 1234 1664 Adam
1267 1614 1322 1664 et
1345 1610 1459 1665 Eva
1490 1614 1760 1680 parentes
1787 1607 2049 1662 omnium

341 1696 601 1766 gentium
624 1703 808 1765 erant,
835 1715 949 1754 non
983 1699 1383 1754 tantummodo
1403 1698 1736 1754 Judaeorum
1765 1715 1778 1765 ;
1809 1705 1862 1752 et
1884 1697 2052 1768 quid-

343 1785 482 1855 quid
508 1786 867 1858 ﬁgurabatur
888 1788 945 1842 in
968 1788 1148 1842 Adam
1167 1789 1238 1841 de
1260 1785 1510 1855 Christo,
1528 1789 1599 1842 ad
1623 1802 1823 1841 omnes
1845 1786 2052 1856 utique

343 1879 547 1945 gentes
582 1876 930 1946 pertinebat,
965 1877 1176 1947 quibus
1207 1876 1363 1932 salus
1406 1882 1495 1931 est
1526 1878 1583 1931 in
1617 1876 1868 1932 Christo.
1903 1874 2050 1938 Quid

344 1980 479 2034 ergo
514 1965 883 2035 potissimum
917 1967 1104 2022 dicam
1138 1967 1209 2021 de
1241 1983 1391 2039 aqua
1433 1967 1632 2038 prima:
1665 1965 1902 2038 hydrite,
1941 1962 2048 2018 nisi

347 2055 501 2122 quod
535 2055 845 2124 Apostolus
869 2056 949 2110 ait
980 2058 1050 2111 de
1082 2057 1265 2112 Adam
1296 2065 1349 2111 et
1383 2057 1491 2111 Eva
1512 2064 1538 2109 ?
1567 2056 1745 2112 Nemo
1776 2055 1931 2110 enim
1963 2067 2053 2107 me

346 2143 501 2198 dicet
562 2161 735 2214 prave
797 2145 1171 2214 intellexisse,
1233 2148 1467 2217 quando
1525 2145 1879 2201 intellectum
1940 2160 2053 2198 non

349 2248 567 2298 meum,
605 2235 705 2288 sed
738 2235 992 2304 Apostoli
1031 2235 1278 2305 profero.
1312 2234 1459 2290 lllud
1491 2251 1627 2306 ergo
1659 2251 1840 2290 unum
1868 2248 2055 2303 quan-

351 2327 476 2375 tum
500 2323 843 2392 mysterium
878 2326 946 2381 de
967 2323 1199 2380 Christo
1221 2325 1500 2390 continet,
1523 2326 1678 2395 quod
1703 2341 2026 2381 commemo
2047 2355 2059 2366 -

347 2416 434 2463 rat
464 2412 805 2481 Apostolus,
838 2414 1058 2478 dicens,
1093 2417 1160 2469 Et
1191 2417 1354 2468 erunt
1384 2414 1489 2470 duo
1519 2414 1577 2470 in
1604 2431 1770 2470 carne
1797 2431 1909 2469 una
1941 2433 2059 2470 :sa-

349 2509 686 2554 crumentum
737 2503 835 2557 hoc
866 2519 1124 2572 magnum
1153 2508 1234 2559 est
1267 2504 1478 2572 (Ephes.
1516 2521 1597 2570 ιιι,
1631 2505 1694 2558 31
1727 2509 1780 2558 et
1809 2505 1950 2574 32)?
1991 2507 2059 2559 Et

352 2604 423 2642 ne
450 2589 584 2657 quis
626 2591 1086 2660 magnitudinem
1121 2591 1292 2646 istam
1342 2592 1689 2647 sacramenti
1721 2594 1779 2647 in
1813 2593 2058 2662 singulis

348 2676 672 2748 quibusque
704 2679 1046 2735 hominibus
1082 2696 1282 2735 uxores
1314 2681 1662 2735 habentibus
1692 2681 2056 2751 intelligeret,

351 2767 462 2831 Ego
493 2774 698 2831 autem,
723 2767 1077 2837 inquit,dico
1107 2772 1161 2820 in
1199 2768 1414 2823 Christo
1443 2774 1490 2823 et
1524 2769 1584 2822 in
1613 2769 1871 2825 Ecclesia.
1895 2771 2058 2834 Quod

350 2857 439 2906 est
471 2856 575 2906 hoc
623 2860 1056 2910 sacramentum
1090 2872 1394 2926 magnum,
1430 2859 1603 2912 Erunt
1649 2858 1755 2913 duo
1788 2861 1845 2914 in
1893 2875 2059 2914 carne

354 2957 470 2995 una
493 2949 519 2992 Ρ
547 2943 692 2998 Cum
743 2945 813 2999 de
847 2946 1022 2999 Adam
1057 2950 1112 3001 et
1159 2948 1273 3000 Eva
1303 2947 1602 3017 Scriptura
1648 2951 1942 3004 Geneseos
1973 2949 2058 3005 lo-

352 3035 653 3098 queretur,
688 3033 839 3087 unde
873 3041 1105 3087 ventum
1147 3039 1234 3089 est
1266 3034 1337 3088 ad
1389 3035 1507 3089 haec
1537 3036 1730 3102 verba,
1767 3041 2060 3107 Propterea

354 3119 631 3190 relinquet
663 3121 823 3178 homo
867 3132 1080 3191 patrem
1108 3129 1162 3179 et
1192 3129 1445 3188 matrem,
1477 3130 1527 3178 et
1555 3124 1858 3181 adhwrebit
1898 3127 2064 3182 uxori

354 3222 504 3270 sum;
533 3219 581 3262 et
610 3218 772 3265 erunt
819 3211 922 3265 duo
956 3215 1010 3264 in
1056 3227 1222 3267 carne
1255 3228 1363 3266 una
1413 3212 1562 3279 (Gen.
1597 3230 1658 3277 ιι,
1690 3215 1802 3280 24).
1835 3214 1894 3270 Si
1925 3232 2062 3287 ergo

363 3294 633 3353 Christus
681 3298 924 3354 adhaesit
973 3299 1254 3367 Ecclesiae,
1289 3305 1354 3355 ut
1401 3306 1589 3356 essent
1637 3303 1752 3357 duo
1785 3305 1840 3356 in
1891 3321 2064 3360 carne

363 3403 494 3454 una,
521 3389 813 3458 quomodo
856 3387 1088 3460 reliquit
1139 3392 1362 3445 Patrem
1387 3392 1414 3444 ?
1443 3393 1732 3460 quomodo
1782 3395 2064 3448 matrem?

360 3475 618 3547 Reliquit
667 3481 919 3545 Patrem,
954 3479 1093 3546 quia
1125 3495 1257 3534 cum
1291 3480 1349 3533 in
1392 3480 1578 3534 forma
1613 3480 1712 3536 Dei
1743 3486 1914 3549 eset,
1948 3499 2062 3537 non

360 3567 626 3636 rapinam
651 3567 971 3622 arbitratus
1000 3572 1086 3622 est
1123 3583 1250 3623 esse
1280 3567 1518 3637 aqualis
1550 3569 1686 3639 Deo,
1720 3571 1819 3624 sed
1853 3576 2063 3626 semet-

358 3655 552 3725 ipsum
595 3654 936 3720 exinanivit,
970 3655 1214 3710 formam
1269 3656 1416 3711 servi
1470 3657 1764 3728 accipiens
1793 3658 2062 3730 (Philipp.

356 3761 417 3809 ιι,
449 3746 502 3811 6,
539 3746 618 3812 7).
657 3745 769 3798 Hoc
800 3748 888 3799 est
917 3744 1096 3812 enim,
1127 3744 1358 3816 reliquit
1387 3749 1636 3813 Patrem,
1663 3763 1777 3803 non
1810 3747 1944 3818 quia
1975 3750 2068 3803 de-

357 3834 540 3888 seruit
569 3837 626 3888 et
667 3835 911 3889 recessit
942 3853 974 3888 a
1005 3836 1206 3900 Patre;
1241 3836 1338 3890 sed
1374 3837 1509 3907 quia
1546 3854 1658 3891 non
1694 3853 1761 3892 ea
1791 3838 1850 3892 in
1884 3839 2066 3894 forma

357 3923 624 3991 apparuit
641 3923 979 3978 hominibus
996 3922 1055 3978 in
1078 3940 1194 3993 qua
1211 3925 1452 3994 aequalis
1471 3935 1554 3980 est
1578 3927 1753 3980 Patri.
1769 3927 2064 3989 Quomodo

357 4010 592 4080 reliquit
608 4020 853 4066 matrem
868 4010 895 4065 τ
920 4011 1320 4082 Relinquendo
1336 4030 1685 4084 synagogam
1703 4015 2061 4083 Judaaorum,

357 4101 426 4155 de
462 4118 576 4170 qua
606 4102 932 4156 secundum
983 4118 1214 4157 carnem
1249 4106 1424 4157 natus
1465 4109 1590 4170 est;
1625 4110 1681 4158 et
1731 4105 2065 4162 inhaerendo

360 4189 642 4255 Ecclesiae,
686 4205 862 4259 quam
912 4206 980 4244 ex
1030 4191 1304 4245 omnibus
1343 4191 1618 4260 gentibus
1667 4195 2061 4264 congregavit.

358 4279 504 4348 Ergo
529 4283 583 4333 et
606 4279 793 4347 prima
818 4278 1018 4348 hydria
1039 4279 1289 4333 habebat
1311 4279 1673 4350 prophetiam
1702 4280 1772 4335 de
1793 4282 2023 4338 Christo
2049 4300 2063 4340 :

359 4368 458 4422 sed
483 4367 717 4437 quando
748 4367 860 4421 ista
882 4383 1008 4437 quae
1034 4367 1238 4436 loquor
1259 4383 1371 4421 non
1397 4368 1860 4436 pradicabantur
1880 4370 1936 4424 in
1965 4388 2062 4442 po-

359 4459 533 4528 pulis,
571 4457 762 4513 adhuc
813 4474 966 4528 aqua
995 4465 1132 4525 erat,
1169 4458 1229 4512 in
1278 4459 1476 4514 vinum
1529 4466 1750 4516 mutata
1802 4463 2062 4517 nondum

358 4553 500 4603 erat.
535 4549 603 4602 Et
647 4548 784 4620 quia
821 4547 1172 4603 illuminavit
1202 4565 1308 4605 nos
1360 4566 1460 4621 per
1503 4553 1835 4621 Apostolum
1868 4553 2063 4608 Domi-

361 4653 490 4698 nus,
517 4641 580 4690 ut
611 4639 942 4693 ostenderet
966 4638 1132 4693 nobis
1166 4639 1306 4710 quid
1330 4639 1410 4694 ibi
1432 4655 1827 4710 quereremus
1850 4642 1907 4697 in
1941 4645 2064 4714 ipsa

361 4740 476 4778 una
499 4725 802 4790 sententia,
835 4727 1009 4780 Erunt
1051 4725 1156 4780 duo
1187 4729 1244 4781 in
1277 4743 1443 4782 carne
1473 4745 1585 4783 una
1605 4746 1625 4790 ,'
1657 4742 2065 4788 sacramentum

359 4827 628 4882 ntagnum
644 4812 704 4866 in
723 4812 930 4869 Christo
946 4818 1072 4869 etin
1089 4816 1492 4886 Ecclesia;jam
1511 4817 1646 4874 licet
1666 4820 1834 4876 nobis
1849 4821 2065 4893 ubique

359 4900 656 4956 Christum
689 4916 966 4970 quaerere,
989 4907 1044 4956 et
1074 4904 1141 4956 de
1172 4904 1444 4959 omnibus
1478 4905 1699 4975 bydriis
1733 4907 1930 4962 vinum
1964 4925 2065 4979 po-

358 4998 498 5048 tare.
534 4990 728 5047 Domit
776 4990 957 5046 Adam
995 4996 1058 5045 ut
1089 4991 1190 5046 ﬁat
1227 4995 1335 5047 Eva
1370 5009 1382 5046 :
1418 4993 1665 5049 moritur
1705 4995 1973 5052 Christus
2005 5003 2065 5053 ut

358 5083 454 5136 ﬁat
490 5080 759 5136 Ecclesia.
796 5079 1121 5135 Dormieoti
1154 5082 1290 5135 Adin
1341 5082 1404 5135 ﬁt
1433 5082 1549 5137 Eva
1579 5084 1648 5138 de
1695 5083 1875 5141 latere
1903 5086 2060 5155 (Gen.

331 5188 415 5239 .u,
437 5173 528 5237 2t)
556 5187 567 5226 :
605 5177 836 5226 mortuo
867 5169 1097 5226 Christo
1121 5170 1323 5227 lancea
1354 5174 1677 5243 percutitur
1701 5174 1855 5231 latus
1877 5177 2059 5248 (Joan.

353 5277 465 5325 XIX,
497 5262 606 5330 34),
641 5268 704 5315 ut
753 5262 1040 5330 proﬂuunt
1090 5269 1475 5328 sacramenta,
1511 5263 1725 5334 quibus
1777 5268 2055 5325 formetur

355 5347 626 5402 Ecclesia.
652 5351 753 5404 Cui
780 5369 891 5405 non
916 5357 1192 5423 appareat
1223 5353 1360 5424 quia
1381 5353 1438 5408 in
1463 5353 1579 5408 illis
1600 5357 1740 5410 tunc
1773 5355 1939 5411 factis
1966 5358 2053 5413 fu-

351 5442 480 5490 tura
527 5440 770 5501 figurata
809 5450 960 5508 sunt,
1004 5445 1475 5514 quandoquidem
1530 5445 1672 5499 dicit
1717 5447 2049 5518 Apostolus,

353 5527 541 5593 ipsum
594 5523 773 5578 Adam
829 5529 1071 5584 formam
1125 5533 1298 5586 futuri
1346 5533 1514 5588 esse?
1541 5533 1646 5601 Qui
1693 5541 1786 5600 est,
1841 5535 2048 5608 inquit,

347 5620 528 5685 forma
585 5619 765 5683 futuri
814 5620 987 5683 (Rom.
1019 5637 1066 5689 v,
1127 5625 1228 5690 14).
1283 5625 1808 5696 Praetigurabantur
1852 5628 2049 5686 omnia

1289 313 1364 372 IN
1410 311 1732 374 JOANNIS
1780 302 2310 378 EVANGELIUM,
2357 305 2422 365 S.
2468 305 2896 366 AUGUSTINI

3701 314 3863 371 1464

2157 440 2418 510 mystice.
2443 440 2639 511 Neque
2669 440 2827 497 enim
2859 457 2989 498 vere
3021 457 3137 498 non
3162 447 3383 513 poterat
3414 444 3570 502 Deus
3600 447 3868 518 vigilanti

2156 533 2372 584 costam
2420 529 2683 597 educere,
2719 529 3103 601 feminamque
3155 531 3426 587 formare.
3462 536 3546 588 An
3600 536 3742 590 forte
3795 553 3866 591 ne

2159 617 2374 672 doleret
2405 617 2559 673 latus
2591 620 2824 690 quando
2857 628 3017 674 costa
3054 620 3316 675 detracta
3345 625 3451 688 est,
3490 630 3724 693 propter
3754 625 3864 681 hoc

2161 706 2461 774 oportebat
2483 710 2544 759 ut
2575 705 2670 760 ille
2700 706 3020 762 dormiret?
3055 707 3194 774 Quia
3225 715 3308 762 est
3339 710 3438 778 qui
3474 711 3558 765 sic
3589 712 3863 780 dormiat,

2162 799 2218 846 ut
2250 791 2300 846 ei
2331 809 2465 847 ossa
2499 809 2611 849 non
2660 794 2956 863 evigilanti
2989 795 3358 850 avellantur?
3389 798 3476 853 An
3529 799 3668 868 quia
3711 800 3864 855 Deus

2161 881 2459 952 evellebat,
2512 891 2814 954 pr0pterea
2864 883 3036 940 homo
3087 901 3197 939 non
3251 887 3584 942 sentiebat?
3635 889 3867 944 Poterat

2162 991 2298 1045 ergo
2325 983 2380 1030 et
2411 976 2672 1047 vigilanti
2702 976 2827 1032 sine
2858 979 3058 1033 dolore
3089 978 3350 1047 evellere,
3385 983 3482 1051 qui
3521 983 3708 1052 potuit
3743 984 3864 1038 dor-

2162 1063 2384 1122 mienti.
2415 1068 2520 1120 Sed
2556 1066 2751 1134 procul
2783 1067 2958 1122 dubio
3002 1067 3208 1138 hydria
3238 1069 3423 1138 prima
3464 1071 3816 1141 implebatur
3848 1089 3860 1127 :

2163 1144 2468 1215 prophetia
2499 1145 2658 1200 illius
2692 1146 2965 1217 temporis
2995 1146 3066 1201 de
3098 1148 3294 1202 futuro
3327 1151 3434 1205 isto
3469 1155 3724 1221 tempore
3755 1153 3866 1207 dis-

2167 1235 2538 1303 pensabatur.

2235 1325 2319 1378 11.
2355 1323 2621 1379 Christus
2653 1325 2819 1380 etiam
2868 1324 3148 1396 ﬁguratus
3180 1333 3261 1380 est
3293 1325 3349 1380 in
3402 1327 3542 1392 Noe,
3576 1333 3631 1383 et
3664 1329 3720 1384 in
3771 1328 3866 1385 illa

2162 1431 2297 1471 arca
2327 1414 2482 1469 orbis
2504 1418 2810 1469 terrarum.
2842 1416 3030 1482 Quare
3051 1416 3207 1471 enim
3233 1416 3287 1468 in
3323 1433 3456 1471 arca
3478 1417 3707 1473 inclusa
3730 1425 3866 1474 sunt

2161 1502 2360 1560 omnia
2407 1501 2682 1558 animalia
2711 1504 2864 1574 (Gen.
2889 1521 2983 1571 vn,
3015 1505 3163 1574 7-9),
3206 1506 3319 1558 nisi
3363 1511 3422 1559 ut
3462 1506 3862 1576 signiﬁcaren-

2163 1598 2259 1648 tur
2279 1607 2482 1648 omnes
2504 1594 2741 1664 gentes?
2760 1592 2883 1648 Non
2907 1593 3063 1648 enim
3086 1594 3284 1650 deerat
3307 1598 3419 1649 Deo
3445 1612 3649 1651 rursus
3672 1613 3865 1652 creare

2160 1697 2331 1738 omne
2375 1698 2559 1752 genus
2608 1681 2975 1737 animalium.
3010 1683 3251 1746 Quando
3301 1685 3456 1738 enim
3504 1686 3700 1740 omnia
3751 1704 3862 1740 non

2162 1775 2345 1834 erant,
2381 1785 2573 1825 nonne
2617 1771 2782 1838 dixit,
2819 1770 3093 1826 Produeat
3122 1775 3292 1834 terra,
3327 1775 3380 1825 et
3410 1772 3682 1842 produxit
3716 1777 3869 1827 terra

2161 1861 2274 1930 (Id.
2299 1878 2336 1926 ι,
2354 1861 2444 1931 24)
2465 1862 2492 1914 ?
2518 1859 2678 1915 Unde
2703 1877 2840 1932 ergo
2865 1867 3005 1916 tunc
3039 1863 3192 1927 fecit,
3215 1862 3349 1917 inde
3381 1866 3669 1933 reticeret;
3694 1865 3868 1919 verbo

2163 1950 2316 2016 fecit,
2348 1952 2519 2004 verbo
2550 1949 2810 2005 reﬁceret
2845 1967 2856 2003 :
2892 1950 3003 2005 nisi
3034 1949 3169 2021 quia
3201 1950 3536 2022 mysterium
3572 1968 3870 2006 commen-

2165 2039 2356 2106 dabat,
2380 2043 2436 2093 et
2457 2039 2772 2093 secundam
2797 2039 3062 2108 hydriam
3089 2039 3439 2110 propheticus
3469 2041 3871 2111 dispensatio-o

2165 2127 2255 2182 nis
2289 2126 2586 2197 implebat,
2621 2130 2684 2181 ut
2715 2143 2814 2198 per
2848 2128 3069 2199 lignum
3121 2127 3463 2183 liberaretur
3494 2130 3676 2199 ﬁgura
3707 2129 3870 2184 orbis

2167 2221 2450 2270 terrarum
2479 2232 2491 2283 ;
2525 2215 2664 2287 quia
2696 2217 2752 2271 in
2786 2216 2938 2288 ligno
2965 2219 3192 2284 ﬁgenda
3223 2225 3342 2273 erat
3366 2218 3478 2273 vita
3501 2217 3658 2272 orbis
3684 2225 3867 2273 terra-

2168 2323 2294 2363 rum
2318 2309 2345 2361 ‘t

2243 2398 2324 2450 12.
2359 2396 2488 2451 Jam
2522 2398 2579 2450 in
2631 2399 2800 2451 tertia
2831 2395 3056 2468 hydria,
3089 2396 3200 2466 ipsi
3250 2397 3516 2465 Abrahae,
3550 2398 3704 2467 quod
3741 2399 3868 2467 jam

2168 2487 2638 2551 commemoravi,
2665 2488 2883 2541 dictum
2917 2493 3024 2554 est,
3048 2489 3108 2542 In
3138 2490 3342 2542 semine
3363 2492 3453 2542 tuo
3485 2487 3870 2541 benedicentur

2168 2593 2349 2633 omnes
2379 2585 2577 2645 gentes.
2615 2574 2679 2630 Et
2709 2576 2844 2647 quis
2878 2593 2990 2630 non
3026 2576 3211 2630 videat
3245 2579 3410 2644 cujus
3442 2577 3692 2631 habebat
3724 2577 3871 2647 ﬁgu-

2169 2682 2292 2720 ram
2328 2666 2536 2720 unicus
2585 2666 2734 2734 ejus,
2770 2665 2870 2735 qui
2902 2664 3013 2720 sibi
3063 2666 3130 2719 ad
3175 2664 3554 2733 sacriﬁcium,
3587 2682 3701 2734 quo
3755 2667 3874 2734 ipse

2171 2755 2558 2812 immolandus
2581 2755 2920 2821 ducebatur,
2941 2754 3097 2825 ligna
3122 2755 3423 2824 portabat?
3448 2755 3695 2810 Portavit
3715 2755 3870 2810 enim

2170 2846 2451 2901 Dominus
2497 2861 2725 2898 crucem
2767 2861 2957 2910 suam,
2992 2845 3144 2899 sicut
3190 2844 3564 2915 Evangelium
3620 2844 3875 2914 loquitur

2167 2935 2346 3000 (Joan.
2382 2949 2496 2997 χιχ,
2539 2933 2643 3002 17).
2677 2937 2795 2987 Hoc
2826 2933 2897 2988 de
2928 2934 3093 2988 tertia
3123 2932 3328 3004 hydria
3378 2949 3874 2988 commemorasse

2169 3023 2478 3078 suffecerit.

2248 3113 2328 3167 l3.
2362 3117 2440 3166 De
2471 3110 2648 3166 David
2699 3119 2914 3179 autem,
2947 3111 3084 3182 quid
3136 3111 3321 3166 dicam
3357 3111 3508 3182 quod
3565 3111 3636 3165 ad
3669 3127 3873 3165 omnes

2171 3207 2373 3272 gentes
2398 3200 2717 3271 pertinebat
2739 3200 3040 3270 prophetia
3060 3201 3224 3270 ejus;
3259 3201 3487 3269 quando
3513 3201 3680 3253 modo
3707 3200 3873 3253 audi-

2172 3291 2366 3344 vimus
2420 3288 2735 3354 Psalmum,
2770 3295 2826 3344 et
2859 3289 3091 3344 difﬁcile
3122 3297 3208 3345 est
3241 3295 3302 3344 ut
3334 3290 3563 3344 dicatur
3613 3289 3878 3359 psalmus

2176 3378 2270 3433 ubi
2295 3379 2402 3432 hoc
2430 3393 2542 3431 non
2569 3377 2781 3431 sonet?
2813 3379 2920 3432 Sed
2953 3381 3124 3444 certe,
3150 3383 3214 3432 ut
3245 3377 3383 3443 dixi,
3411 3377 3581 3431 modo
3614 3377 3875 3430 cantavi-

2174 3484 2328 3533 mus,
2352 3468 2542 3536 Surge,
2568 3468 2722 3535 Deus,
2737 3466 2929 3538 judico
2974 3472 3179 3521 terram
3201 3484 3219 3528 ;
3251 3468 3509 3538 quoniam
3557 3475 3616 3520 tu
3641 3466 3877 3522 heredi-

2172 3565 2315 3618 tabie
2344 3567 2401 3617 in
2421 3564 2672 3618 omnibus
2700 3564 2950 3634 gentibus
2977 3564 3157 3634 (Psal.
3194 3581 3377 3630 LXXXI,
3407 3564 3483 3634 8).
3519 3563 3586 3618 Et
3618 3563 3742 3617 ideo
3780 3567 3880 3617 Uo-

2175 3653 2404 3709 natistte
2425 3658 2701 3724 tanquam
2735 3653 2975 3723 projecti
2997 3653 3067 3708 de
3098 3652 3318 3724 nuptiis
3352 3670 3365 3708 :
3398 3654 3544 3708 sicut
3577 3652 3670 3706 ille
3704 3654 3878 3707 homo

2175 3744 2274 3814 qui
2302 3761 2413 3798 non
2438 3743 2688 3798 habebat
2710 3747 2925 3798 vestem
2951 3744 3290 3813 nuptialem,
3313 3743 3587 3799 invitatus
3609 3748 3697 3796 est
3719 3747 3774 3796 et
3799 3758 3881 3796 ve-

2179 3832 2282 3898 nit,
2306 3833 2405 3887 sed
2442 3834 2729 3903 projectus
2751 3836 2839 3888 est
2861 3832 2931 3887 de
2954 3848 3195 3888 numero
3217 3838 3579 3898 vocatorum,
3603 3831 3738 3902 quia
3763 3848 3879 3885 non

2177 3924 2424 3981 habebat
2471 3928 2686 3979 vestem
2720 3925 2789 3978 ad
2821 3923 3015 3994 sponsi
3051 3923 3293 3992 gloriam
3321 3940 3333 3989 ;
3369 3921 3468 3993 qui
3501 3921 3653 3976 enim
3709 3937 3878 3975 suam

2176 4014 2419 4084 gloriam
2473 4014 2695 4084 quaerit,
2733 4030 2846 4068 non
2881 4012 3114 4082 Christi,
3151 4029 3267 4067 non
3300 4011 3474 4067 habet
3506 4017 3719 4067 vestem
3764 4028 3880 4064 nu-

2177 4102 2411 4173 ptialem
2449 4119 2462 4156 :
2494 4119 2604 4156 non
2635 4103 2788 4156 enim
2838 4101 3038 4156 volunt
3069 4117 3390 4155 consonare
3421 4100 3542 4155 voci
3592 4100 3750 4154 illius
3783 4101 3881 4168 qui

2175 4191 2398 4246 amicus
2425 4199 2549 4245 erat
2597 4189 2815 4258 sponsi,
2850 4194 2905 4245 et
2934 4190 3032 4256 ait,
3065 4190 3160 4243 Hic
3191 4196 3267 4244 est
3298 4191 3391 4259 qui
3423 4189 3666 4259 baptizat
3693 4189 3873 4256 (Joan.

2177 4299 2214 4348 1,
2249 4282 2358 4350 33).
2385 4280 2499 4334 Nec
2531 4280 2823 4336 immerito
2855 4279 2938 4334 illi
2971 4280 3066 4350 qui
3102 4295 3215 4334 non
3247 4279 3497 4333 habebat
3529 4285 3744 4333 vestem
3778 4295 3878 4331 nu-

2176 4370 2430 4442 ptialem,
2466 4369 2574 4424 hoc
2603 4387 2703 4440 per
2747 4370 3200 4440 increpationem
3251 4369 3546 4439 objectum
3579 4373 3685 4434 est,
3719 4369 3882 4437 quod

2175 4477 2287 4515 non
2313 4464 2470 4515 erat:
2505 4461 2713 4526 Amice,
2742 4459 2872 4530 quid
2893 4460 2995 4513 huc
3017 4458 3217 4513 venisti
3238 4461 3264 4512 ?
3297 4459 3364 4513 Et
3386 4457 3538 4512 sicut
3562 4457 3658 4513 ille
3681 4459 3882 4512 obmu-

2174 4551 2286 4604 tuit
2316 4547 2519 4616 (Matth.
2547 4565 2682 4614 xm,
2709 4549 2904 4618 11-13),
2929 4547 3010 4602 ita
3041 4552 3094 4602 et
3124 4548 3240 4603 isti.
3274 4546 3420 4612 Quid
3454 4546 3608 4602 enim
3645 4547 3886 4616 prodest

2175 4637 2453 4706 strepitus
2500 4637 2637 4703 oris,
2672 4640 2828 4691 muto
2875 4637 3091 4693 corde?
3121 4637 3409 4691 Noverunt
3459 4635 3670 4705 quippe
3721 4635 3882 4689 intus

2174 4727 2324 4796 apud
2376 4724 2721 4796 semetipsos
2753 4741 2868 4780 non
2896 4741 2959 4781 se
3001 4725 3215 4780 habere
3259 4725 3408 4794 quod
3463 4725 3677 4777 dicant.
3714 4724 3882 4778 Intus

2173 4815 2606 4884 obmutuerunt,
2643 4817 2780 4870 foris
2821 4819 3211 4886 perstrepunt.
3245 4812 3528 4873 Audiunt,
3564 4811 3739 4867 velint
3774 4828 3882 4866 no-

2173 4903 2304 4970 lint,
2332 4904 2501 4960 etiam
2549 4905 2700 4977 apud
2736 4921 2797 4960 se
2845 4904 3086 4969 cantari,
3120 4905 3319 4971 Surge,
3353 4903 3512 4969 Deus,
3538 4901 3736 4972 judico
3769 4910 3885 4955 ter-

2172 5010 2333 5055 ram;
2363 4997 2622 5064 quoniam
2671 5002 2730 5048 tu
2779 4993 3122 5048 Itaereditabis
3169 4993 3227 5046 in
3267 4991 3519 5046 omnibus
3572 4990 3827 5058 gentibus
3861 5007 3882 5042 :

2173 5087 2228 5136 et
2262 5099 2375 5137 non
2407 5083 2890 5138 communicando
2914 5081 3190 5135 omnibus
3222 5081 3516 5152 gentibus,
3544 5079 3682 5149 quid
3715 5077 3878 5133 aliud

2174 5190 2350 5245 quam
2383 5189 2446 5228 se
2475 5173 2864 5228 exheredatos
2897 5188 3024 5227 esse
3054 5170 3461 5242 cognoscunt?

2240 5263 2326 5320 14.
2361 5263 2520 5328 Quod
2568 5277 2699 5330 ergo
2750 5261 3036 5330 dicebam,
3089 5261 3316 5328 fratres,
3367 5261 3504 5330 quia
3554 5261 3619 5313 ad
3671 5275 3881 5313 omnes

2165 5355 2369 5424 gentes
2403 5351 2645 5421 pertinet
2679 5347 2981 5422 prophetia
3013 5365 3025 5404 :
3061 5349 3187 5405 volo
3231 5348 3384 5404 enim
3421 5347 3598 5402 alium
3632 5362 3878 5402 sensum

2164 5442 2463 5497 ostendere
2493 5440 2549 5496 in
2584 5457 2650 5495 eo
2681 5441 2834 5511 quod
2872 5439 3090 5495 dictum
3140 5446 3246 5504 est,
3282 5440 3566 5508 Cupientes
3614 5439 3879 5490 metretas

2164 5531 2319 5584 binas
2353 5531 2434 5584 vel
2465 5536 2647 5585 ternas
2679 5546 2695 5583 .'
2731 5531 2799 5584 ad
2835 5545 3062 5594 omnes,
3095 5529 3356 5599 inquam,
3391 5531 3591 5595 gentes
3625 5525 3877 5596 pertinet

2161 5617 2491 5690 prophetia;
2522 5622 2688 5677 modo
2711 5617 3298 5677 commemoravimus
3321 5617 3788 5672 demonstratum
3812 5613 3874 5667 in
