4170 6188
276 261 441 321 1465

271 413 484 481 Adam,
514 414 613 487 qui
642 420 724 472 est
753 418 937 486 [arma
962 422 1163 488 futuri.
1189 424 1329 487 Quis
1358 430 1552 481 autem
1584 427 1806 483 nesciat
1836 431 1986 501 quod

277 505 348 558 de
388 503 489 559 illo
520 510 740 563 exorta
760 519 894 564 sunt
917 527 1117 569 omnes
1146 523 1379 583 gentes;
1402 516 1535 571 etin
1556 517 1681 587 ejus
1710 519 1988 575 vocabulo

275 600 533 665 quatuor
564 596 796 663 litteris,
831 606 1080 672 quatuor
1123 604 1282 659 orbis
1328 608 1617 662 terrarum
1670 613 1860 679 partes
1891 625 1990 679 per

272 700 496 754 graces
528 688 950 758 appellationes
979 692 1501 751 demonstrantur?
1532 697 1590 752 Si
1616 698 1772 754 enim
1804 715 1989 770 grmce

268 774 565 843 dicantur,
598 776 827 846 Oriens,
859 781 1161 850 Occidens,
1214 785 1441 856 Aquilo,
1493 786 1785 853 Meridies,
1835 788 1988 843 sicut

263 880 361 919 eas
387 866 685 936 plerisque
712 868 855 924 locis
886 878 1085 927 sancta
1114 874 1415 944 Scriptura
1444 882 1897 944 commemorat;
1924 878 1981 932 in

261 955 562 1024 capitibus
612 957 919 1014 verborum
966 960 1192 1017 invenis
1233 964 1457 1019 Adam:
1507 966 1778 1020 dicuntur
1825 967 1981 1021 enim

260 1058 451 1111 ἔτειρε
475 1050 1076 1115 ᾳυιιιυοιιοθωοιειῐω
1098 1055 1300 1108 mundi
1325 1060 1513 1125 partes
1535 1051 1978 1124 ἀνατολὴ,δύσις,

260 1130 467 1204 ἄρακος
484 1152 622 1203 μεση
633 1129 823 1207 μϐρία.
844 1136 957 1193 Ista
969 1149 1217 1210 quatuor
1238 1144 1477 1199 nomina
1496 1146 1542 1199 si
1559 1148 1839 1215 tanquam
1853 1160 1979 1200 ver-

259 1238 365 1277 sus
397 1232 657 1293 quatuor
686 1224 798 1280 sub
825 1227 1068 1285 invicem
1098 1232 1337 1301 scribas,
1370 1234 1428 1289 in
1455 1249 1655 1289 eorum
1689 1236 1977 1306 capitibus

257 1312 456 1366 Adam
499 1311 729 1384 legitur.
765 1314 881 1373 Hoc
919 1319 976 1373 in
1010 1324 1124 1375 Noe
1172 1326 1407 1391 prepter
1439 1338 1633 1378 arcam
1664 1324 1975 1395 figuratum

255 1405 371 1467 est,
409 1401 468 1455 in
503 1418 621 1472 qua
648 1412 815 1462 erant
845 1408 1042 1464 omnia
1070 1411 1371 1481 animalia,
1403 1428 1531 1483 qum
1568 1413 1980 1484 significabant

256 1506 469 1546 omnes
486 1496 692 1563 gentes
720 1512 733 1550 :
769 1496 879 1553 hoc
918 1497 976 1553 in
1008 1497 1318 1567 Abraham,
1350 1501 1440 1557 cui
1472 1502 1733 1573 apertius
1754 1504 1973 1560 dictum

258 1586 369 1644 est,
412 1582 477 1635 In
509 1586 720 1639 semine
751 1590 849 1642 tuo
888 1588 1273 1645 benedicentur
1300 1607 1485 1647 omnes
1511 1601 1691 1663 gentes
1723 1611 1742 1647 :
1776 1594 1885 1649 hoc
1916 1595 1974 1649 in

260 1668 465 1736 David,
498 1670 571 1725 de
598 1674 771 1743 cujus
794 1674 1063 1746 Psalmis,
1094 1686 1153 1733 ut
1181 1679 1295 1735 alia
1322 1681 1610 1749 omittam,
1640 1683 1813 1739 modo
1839 1699 1977 1738 can-

256 1758 536 1825 tavimus,
572 1760 763 1832 Surge,
787 1765 947 1834 Deus,
974 1766 1165 1837 judica
1194 1774 1397 1825 terram
1426 1786 1446 1831 ;
1478 1774 1737 1841 quoniam
1766 1777 1826 1827 tu
1853 1773 1978 1829 h3—

258 1847 524 1903 reditabis
556 1849 615 1904 in
646 1853 899 1909 omnibus
943 1856 1217 1925 gentibus.
1253 1858 1353 1913 Cui
1385 1858 1541 1915 enim
1583 1860 1695 1916 Deo
1738 1860 1973 1929 dicitur,

251 1938 462 2003 Surge,
504 1937 618 1992 nisi
648 1940 695 1993 ei
731 1942 831 2011 qui
864 1943 1182 1999 dormivit?
1212 1945 1402 2016 Surge,
1434 1948 1595 2015 Deus,
1616 1948 1815 2017 judica
1862 1954 1976 2004 ter-

254 2040 403 2079 ram.
428 2025 737 2098 Tanquam
768 2031 1075 2100 diceretur,
1103 2035 1397 2101 Dormisti,
1415 2036 1711 2106 judicatus
1732 2054 1764 2091 a
1786 2042 1932 2092 terra
1959 2054 1974 2105 ;

252 2130 454 2184 surge,
490 2122 557 2170 ut
596 2118 831 2186 judices
881 2126 1113 2179 terram.
1160 2126 1222 2179 Et
1271 2142 1384 2196 quo
1434 2128 1683 2196 pertinet
1711 2126 1812 2182 illa
1842 2144 1973 2197 pro-

253 2202 477 2273 phetia,
517 2206 787 2273 Quoniam
821 2216 877 2265 tu
906 2213 1255 2269 hareditabis
1304 2217 1361 2271 in
1394 2217 1649 2272 omnibus
1671 2218 1919 2286 gentibus
1949 2221 1976 2270 ?

327 2293 416 2347 15.
452 2294 587 2349 Jam
617 2313 750 2353 vero
790 2298 849 2355 in
884 2302 1089 2372 quinta
1120 2308 1303 2373 aetate,
1346 2310 1625 2376 tanquam
1679 2306 1736 2361 in
1769 2306 1976 2377 quinta

249 2380 484 2453 hydria,
519 2389 720 2443 Daniel
746 2390 888 2445 vidit
919 2392 1170 2464 lapidem
1196 2395 1498 2464 priscisum
1522 2395 1593 2451 de
1624 2400 1822 2451 monte
1850 2395 1975 2451 sine

250 2470 551 2543 manibus,
585 2480 643 2529 et
673 2476 914 2547 fregisse
956 2481 1147 2536 omnis
1197 2498 1376 2554 regna
1406 2488 1690 2539 terrarum
1726 2502 1739 2551 ;
1773 2489 1830 2539 et
1851 2499 1971 2539 cre-

247 2558 406 2614 visse
432 2560 603 2619 illum
632 2564 903 2636 lapidem,
926 2574 983 2625 et
1005 2570 1219 2626 factum
1242 2587 1373 2629 esse
1394 2582 1647 2629 montem
1671 2589 1971 2645 magnum,

244 2652 329 2704 ita
370 2658 432 2703 ut
465 2651 739 2723 impleret
769 2658 1099 2715 universam
1134 2660 1338 2717 faciem
1388 2666 1554 2719 terra:
1584 2666 1744 2733 (Dan.
1782 2680 1847 2731 ιι,
1878 2664 1975 2736 34,

245 2736 361 2826 35).
397 2740 549 2803 Quid
584 2748 862 2814 apertius,
898 2748 1100 2805 fratres
1124 2750 1283 2807 mei?
1313 2752 1484 2823 Lapis
1512 2753 1582 2808 de
1618 2758 1811 2810 monte
1834 2772 1977 2826 prse-

248 2825 477 2883 ciditur
514 2847 526 2885 :
563 2834 686 2904 ipse
734 2844 819 2891 est
870 2836 1017 2909 lapis
1064 2856 1239 2911 quem
1287 2844 1741 2913 reprobaverunt
1797 2825 1971 2900 aedifi-

249 2928 479 3009 cantes,
512 2927 569 2976 et
600 2924 789 2980 factus
821 2931 910 2981 est
938 2928 996 2983 in
1025 2935 1200 3001 caput
1229 2932 1429 3002 anguli
1452 2934 1622 3003 (Psal.
1656 2950 1826 3001 cxvu,
1857 2936 1974 3009 22).

266 3006 348 3062 De
379 3026 499 3079 quo
533 3022 725 3070 monte
757 3017 1112 3087 praeciditur,
1164 3020 1273 3076 nisi
1305 3023 1376 3077 de
1416 3038 1591 3094 regno
1619 3006 1972 3096 Judteorum,

267 3102 420 3156 unde
454 3105 739 3161 Dominus
772 3112 971 3163 noster
996 3110 1167 3166 Jesus
1198 3110 1465 3167 Christus
1494 3115 1817 3171 secundum
1848 3132 1971 3171 car-

263 3205 392 3245 nem
428 3199 603 3248 natus
632 3202 721 3251 est
760 3196 787 3250 ‘l
835 3197 899 3251 Et
949 3199 1282 3269 praeciditur
1329 3202 1455 3258 sine
1505 3204 1801 3270 manibus,
1849 3205 1972 3262 sine

253 3296 424 3351 opere
455 3282 715 3338 humano
751 3306 765 3349 ;
800 3288 936 3357 quia
976 3289 1101 3343 sine
1149 3290 1421 3361 amplexu
1465 3292 1712 3347 maritali
1763 3296 1831 3349 de
1862 3296 1972 3350 vir-

255 3368 387 3439 gine
413 3378 658 3428 exortus
688 3379 797 3430 est.
844 3375 1006 3431 Mons
1049 3378 1143 3433 ille
1194 3379 1345 3434 unde
1394 3382 1668 3451 praecisus
1716 3391 1821 3453 est,
1853 3400 1968 3439 non

256 3458 602 3531 impleverat
632 3464 966 3520 universam
998 3466 1202 3521 faciem
1238 3476 1399 3525 terrm
1433 3488 1447 3525 :
1484 3488 1597 3526 non
1621 3474 1777 3527 enim
1810 3480 1971 3529 tenu-

249 3554 370 3604 erat
400 3567 651 3623 regnum
682 3553 1019 3611 Judaeorum
1072 3572 1277 3614 omnes
1316 3564 1539 3632 gentes.
1584 3564 1656 3616 At
1702 3578 1837 3619 vero
1876 3581 1966 3621 re-

251 3654 433 3709 gnum
470 3642 704 3710 Christi,
760 3646 1097 3703 universum
1143 3649 1341 3705 orbem
1367 3654 1650 3707 terrarum
1675 3653 1968 3711 cernimus

255 3744 558 3801 occupare.

326 3820 410 3873 16.
443 3820 575 3875 Jam
627 3823 700 3877 ad
750 3829 969 3880 sextam
1022 3830 1248 3883 aetatem
1281 3829 1533 3901 pertinet
1576 3831 1832 3887 Joannes
1865 3834 1969 3889 Ba-

259 3907 583 3981 ptista,quo
608 3927 780 3969 nemo
801 3918 1121 3973 exsurrexit
1144 3920 1325 3989 major
1351 3920 1410 3976 in
1440 3919 1591 3975 natis
1616 3920 1961 3979 mulierum:

256 3996 323 4050 de
350 4014 461 4069 quo
492 4000 719 4056 dictum
769 4008 877 4063 est,
927 4004 1099 4076 Major
1136 4025 1303 4079 quam
1349 4010 1611 4080 propheta
1644 4009 1851 4081 (Matth.
1884 4028 1961 4079 χι,

260 4086 336 4153 tl,
359 4089 434 4154 9).
468 4088 774 4152 Quomodo
803 4097 862 4147 et
892 4094 1016 4164 ipse
1044 4098 1321 4161 ostendit,
1354 4098 1495 4169 quia
1523 4099 1797 4155 omnibus
1818 4115 1964 4171 gen-

254 4176 401 4232 tibus
436 4179 659 4235 missus
681 4190 766 4236 est
788 4182 1048 4240 Christus
1068 4184 1096 4239 τ
1116 4188 1355 4250 Quando
1375 4188 1560 4243 Judaei
1585 4194 1864 4245 venerunt
1894 4191 1962 4245 ad

250 4279 375 4321 eum
424 4273 487 4321 ut
519 4268 975 4339 baptizarentur,
1007 4279 1063 4330 et
1106 4291 1177 4330 ne
1207 4278 1575 4346 superbirent
1620 4278 1691 4333 de
1732 4280 1964 4335 nomine

249 4355 554 4423 Abraham,
592 4359 903 4432 Generatio,
936 4363 1149 4434 inquit,
1198 4369 1536 4437 viperarum,
1569 4369 1691 4439 quis
1720 4369 1965 4424 ostendit

252 4448 385 4501 vobis
405 4449 607 4519 fugere
635 4451 705 4504 ab
725 4452 813 4506 ira
831 4460 1063 4509 ventura
1084 4462 1111 4507 Ρ
1133 4458 1303 4524 facite
1323 4472 1450 4525 ergo
1470 4460 1713 4527 fructum
1732 4457 1965 4527 dignum

249 4537 626 4605 pauentia;
662 4539 716 4594 id
751 4546 862 4606 est,
912 4542 1159 4600 humiles
1206 4551 1436 4601 estote:
1488 4547 1757 4617 superbis
1805 4550 1960 4604 enim

251 4627 613 4699 loquebatur.
652 4630 813 4687 Unde
843 4637 1038 4689 autem
1084 4641 1249 4691 erant
1296 4637 1585 4707 superbi?
1631 4637 1711 4693 De
1758 4654 1963 4707 genere

253 4720 461 4787 carnis,
496 4736 612 4775 non
671 4721 740 4774 de
783 4722 969 4777 fructu
1020 4723 1366 4781 imitationis
1417 4725 1599 4795 patris
1642 4728 1960 4786 Abraham.

250 4805 385 4867 Quid
419 4809 506 4864 eis
535 4808 666 4863 ait?
684 4810 864 4865 Nolite
886 4810 1083 4877 dicere,
1111 4818 1335 4868 Patrem
1363 4813 1623 4869 habemus
1646 4817 1918 4871 Abraham
1941 4832 1962 4871 :

248 4900 427 4962 potens
457 4902 535 4953 est
585 4900 738 4952 enim
766 4899 905 4955 Deus
948 4901 1012 4955 de
1055 4901 1330 4971 lapidibus
1372 4903 1493 4958 istis
1521 4906 1792 4959 suscitare
1819 4907 1963 4975 ﬁlios

252 4986 470 5041 Abrahz
498 4988 717 5056 (Matth.
751 5006 838 5054 ιιι,
870 4990 972 5061 9.).
1011 4991 1259 5062 Lapides
1292 4992 1491 5047 dicens
1514 5009 1717 5049 omnes
1739 5002 1961 5067 gentes,

254 5088 356 5129 non
388 5081 631 5147 propter
662 5078 1027 5146 ﬁrmitatem,
1078 5082 1231 5135 sicut
1278 5080 1426 5153 lapis
1458 5082 1616 5138 dicut
1666 5088 1754 5139 est
1787 5100 1961 5157 quem

254 5166 702 5234 reprobaverunt
732 5167 1088 5225 aediﬁcantes
1124 5190 1136 5229 :
1168 5171 1267 5226 sed
1321 5176 1551 5243 propter
1579 5173 1961 5231 stoliditatem

253 5258 301 5306 et
320 5255 593 5311 duritiam
628 5256 920 5325 stultitiae,
952 5260 1091 5329 quia
1121 5260 1203 5314 eis
1225 5276 1368 5329 quos
1392 5262 1714 5317 adorabunt
1743 5264 1966 5325 similes

259 5342 376 5399 facti
399 5354 564 5401 erant
591 5365 606 5403 :
642 5347 973 5403 adorabant
993 5349 1149 5405 enim
1180 5350 1470 5407 insensata
1498 5352 1834 5420 simulacra,
1857 5370 1968 5425 pa-

263 5434 383 5489 riter
412 5436 723 5492 insensati.
760 5435 922 5493 Unde
951 5438 1232 5495 insensati
1261 5440 1289 5494 ?
1317 5440 1602 5504 Quoniam
1644 5442 1701 5497 in
1734 5442 1967 5501 Psalmo

267 5522 476 5591 dicitur,
508 5528 750 5582 Similes
785 5527 902 5581 illis
930 5528 1070 5595 ﬁant
1100 5532 1193 5600 qui
1219 5531 1436 5600 faciunt
1462 5546 1545 5597 ea,
1578 5536 1631 5587 et
1657 5548 1845 5587 omnes
1874 5536 1971 5605 qui

266 5616 521 5685 conﬁdunt
554 5618 615 5673 in
650 5620 735 5673 eis
770 5617 939 5687 (Psal.
988 5634 1147 5688 CXIII,
1186 5620 1264 5690 8).
1317 5621 1447 5677 Ideo
1503 5636 1638 5679 cum
1694 5622 1971 5695 coeperint

1584 277 2051 340 TRACTATUS
2095 281 2172 341 Χ.
2219 272 2391 340 CAP.
2440 282 2518 341 ΙΙ.

3653 283 3809 341 1466

2103 415 2364 471 homines
2394 415 2576 471 Deum
2607 417 2868 484 adorare,
2919 418 3059 489 quid
3110 416 3354 473 audiunt
3382 415 3410 471 ἲ
3454 417 3517 473 Ut
3548 417 3666 471 sitis
3696 417 3807 487 ﬁlii

2098 507 2280 561 Patris
2308 508 2474 561 vestri
2501 506 2600 577 qui
2621 508 2679 561 in
2708 508 2862 563 catis
2889 508 3097 578 est,qui
3125 507 3291 562 solem
3317 521 3475 561 suum
3506 508 3642 575 facit
3669 506 3809 561 oriri

2096 610 2259 662 super
2284 597 2447 652 bonos
2476 606 2527 653 et
2564 600 2761 667 malos,
2809 608 2861 654 et
2896 600 3040 666 pluit
3080 614 3245 669 super
3264 599 3439 668 justas
3468 601 3518 650 et
3577 595 3806 666 injustas

2098 684 2309 753 (Matth.
2344 703 2397 755 v,
2418 689 2535 758 45).
2561 690 2919 758 Quapropter
2940 688 2989 743 si
3018 688 3069 743 ei
3094 689 3155 742 {it
3185 687 3359 742 homo
3396 684 3606 740 similis
3630 699 3803 754 quem

2097 773 2331 843 adorat;
2366 778 2502 848 quid
2537 780 2645 843 est,
2698 780 2890 834 Potens
2920 788 3001 833 est
3060 780 3197 833 Deus
3245 776 3308 831 de
3368 774 3646 846 lapidibus
3686 774 3807 828 istis

2090 865 2354 918 suscitare
2373 866 2516 932 ﬁlios
2541 868 2809 922 Abrahz?
2836 869 2951 923 Nos
2975 867 3134 938 ipsos
3167 866 3616 936 interrogemus,
3640 868 3695 918 et
3716 863 3802 915 vi-

2089 953 2446 1024 demusquia
2463 956 2677 1011 factum
2700 964 2807 1013 est.
2826 957 3105 1015 Nosenim
3120 957 3191 1011 de
3216 954 3489 1026 gentibus
3503 953 3764 1008 venimus
3789 969 3801 1019 ;

2091 1038 2160 1095 de
2181 1044 2449 1110 gentibus
2478 1051 2673 1101 autem
2699 1064 2813 1102 non
2840 1049 3197 1112 veniremus,
3231 1043 3344 1099 nisi
3378 1043 3532 1098 Deus
3562 1043 3632 1096 de
3656 1042 3805 1113 lapi-

2090 1128 2264 1186 dibus
2286 1136 2627 1191 suscitasset
2649 1137 2797 1191 filios
2817 1137 3076 1192 Abrahae.
3095 1134 3248 1191 Facti
3271 1150 3479 1189 sumus
3492 1133 3595 1186 filii
3626 1132 3804 1187 Abra-

2089 1217 2178 1273 hte
2211 1220 2493 1279 imitando
2527 1226 2725 1293 fidem,
2759 1243 2872 1281 non
2900 1228 3189 1282 nascendo
3221 1240 3321 1297 per
3360 1238 3617 1279 carnem.
3644 1206 3803 1276 Sicut

2088 1309 2242 1365 enim
2274 1311 2355 1365 illi
2388 1314 2792 1385 degenerando
2826 1315 3169 1371 exhteredati
3204 1335 3217 1382 ;
3259 1314 3339 1368 sic
3381 1330 3485 1369 nos
3516 1309 3802 1367 imitand0

2088 1400 2364 1470 adeplati.
2402 1405 2565 1472 Ergo,
2600 1404 2827 1470 fratres,
2862 1406 2929 1457 ad
2981 1420 3184 1458 omnes
3223 1407 3423 1473 gentes
3473 1401 3800 1473 pertinebat

2087 1489 2258 1545 etiam
2289 1490 2400 1547 ista
2432 1500 2605 1547 sextae
2639 1494 2856 1565 hydrize
2899 1494 3198 1564 prophetia
3230 1510 3243 1557 ;
3273 1498 3329 1547 et
3361 1493 3489 1547 ideo
3519 1493 3588 1546 de
3620 1490 3796 1547 omni-

2086 1577 2198 1633 bus
2220 1580 2441 1637 dictum
2474 1587 2582 1649 est,
2617 1583 2899 1654 Cupientes
2922 1586 3177 1638 metretas
3212 1584 3366 1637 binas
3394 1582 3474 1636 vet
3507 1588 3721 1636 ternas.

2162 1668 2245 1721 17.
2278 1670 2387 1724 Sed
2420 1672 2712 1741 quomodo
2744 1671 3105 1727 ostendimus
3138 1686 3344 1725 omnes
3384 1678 3584 1741 gentes
3616 1669 3795 1738 perti~

2088 1772 2222 1812 nere
2251 1759 2319 1811 ad
2346 1757 2512 1813 binas
2536 1758 2621 1813 vel
2647 1763 2841 1815 ternas
2874 1764 3151 1815 metretas
3180 1759 3208 1813 ‘l
3236 1758 3600 1813 Estimantis
3638 1758 3796 1812 enim

2087 1845 2195 1900 fuit
2225 1848 2677 1916 quodammodo,
2714 1853 2775 1903 ut
2806 1850 2957 1919 ipsas
2989 1850 3201 1904 diceret
3229 1848 3419 1914 binas,
3448 1847 3608 1919 {quas
3640 1847 3801 1902 dixe-

2086 1940 2176 1990 rat
2199 1940 2414 2004 ternas,
2442 1939 2509 1992 ad
2534 1939 3067 1994 commendandum
3090 1938 3313 1993 scilicet
3336 1940 3795 1993 sacramentum.

2062 2025 2386 2089 ,Quomodo
2418 2027 2723 2082 suntbinte
2756 2033 3009 2083 metretas
3031 2028 3057 2081 ‘l
3090 2027 3468 2083 Circumcisio
3488 2032 3547 2081 et
3570 2042 3794 2096 pratpu-

2086 2115 2255 2169 tium.
2290 2114 2406 2171 Hos
2452 2116 2598 2171 duos
2649 2116 2891 2187 populos
2930 2117 3230 2187 Scriptura
3267 2123 3707 2173 commemorat.
3739 2118 3799 2169 et

2088 2204 2312 2258 nullum
2351 2206 2731 2275 praetermittit
2770 2207 3076 2261 hominum
3126 2206 3591 2277 genus,quando
3626 2203 3785 2269 dicit,

2089 2292 2449 2348 Circumcisio
2479 2302 2528 2349 et
2554 2298 2893 2365 praeputium
2923 2296 3140 2363 (Cotoss.
3178 2312 3261 2361 Ill,
3316 2295 3399 2364 11)
3426 2311 3438 2359 ;
3474 2295 3529 2348 in
3562 2294 3793 2348 duobus

2088 2380 2216 2455 istis
2250 2383 2584 2438 nominibus
2618 2384 2797 2439 habes
2836 2399 3035 2439 omnes
3066 2388 3268 2453 gentes
3303 2400 3314 2437 :
3354 2382 3501 2436 binae
3535 2386 3787 2436 metretas

2086 2476 2245 2527 sunt.
2274 2472 2369 2526 His
2392 2472 2623 2527 duobus
2647 2472 2964 2543 parietibus
2986 2472 3057 2526 de
3078 2472 3302 2526 diverso
3327 2470 3695 2525 venientibus
3719 2472 3792 2525 ad

2084 2578 2283 2632 pacem
2314 2562 2373 2617 in
2406 2564 2598 2632 seipso
2632 2562 2974 2626 faciendam,
3009 2561 3151 2630 lapis
3171 2560 3469 2631 angularia
3502 2562 3685 2615 factus
3703 2573 3793 2624 est;

2084 2652 2345 2709 Christus
2393 2652 2606 2724 (Ephes.
2668 2671 2728 2721 ιι,
2782 2654 2991 2723 14ο20).
3042 2652 3435 2708 Ostendamus
3492 2657 3550 2706 et
3596 2657 3793 2706 ternas

2086 2750 2361 2799 metretas
2385 2744 2439 2799 in
2465 2744 2681 2800 eisdem
2706 2743 2849 2813 ipsis
2862 2742 3133 2797 omnibus
3154 2742 3443 2812 gentibus.
3466 2741 3604 2795 Tres
3628 2748 3791 2795 erant

2085 2832 2188 2886 filii
2220 2833 2339 2889 Noe
2385 2834 2540 2906 (Gen.
2578 2852 2627 2901 v,
2660 2836 2774 2907 31),
2809 2849 2909 2904 per
2938 2850 3084 2904 quos
3122 2839 3457 2903 reparatum
3500 2838 3585 2887 est
3612 2846 3795 2903 genus

2084 2924 2430 2982 humanum.
2469 2927 2624 2981 Unde
2656 2926 2939 2981 Dominus
2962 2926 3077 2979 ait:
3102 2924 3294 2980 Simile
3321 2930 3398 2979 est
3428 2940 3661 2992 regnum
3684 2939 3795 2979 cae-

2087 3012 2266 3070 lorum
2292 3019 2581 3086 fermento,
2614 3016 2753 3085 quod
2772 3016 2983 3086 accepit
3011 3015 3216 3070 mulier
3234 3023 3285 3069 et
3312 3014 3593 3069 abscondit
3614 3016 3670 3068 in
3700 3017 3793 3084 fa-

2084 3108 2220 3161 rina
2249 3108 2524 3161 mensuris
2553 3106 2748 3171 tribus,
2782 3105 3125 3176 quoadusque
3158 3106 3590 3172 fermentaretur
3616 3107 3791 3158 totum

2082 3197 2235 3268 (Luc.
2267 3214 2390 3266 xm,
2439 3198 2552 3268 2t).
2584 3198 2717 3261 Quae
2768 3201 2857 3251 est
2900 3195 3011 3249 ista
3054 3194 3283 3261 mulier,
3334 3195 3444 3250 nisi
3494 3210 3627 3249 caro
3680 3195 3791 3248 Do-

2083 3286 2227 3341 mini
2255 3293 2283 3341 ?
2312 3286 2474 3350 Quod
2509 3294 2593 3341 est
2626 3286 2996 3351 fermentum,
3042 3282 3153 3339 nisi
3187 3283 3562 3352 Evangelium
3594 3285 3622 3335 ?
3652 3284 3789 3347 Quae

2081 3381 2217 3431 sunt
2247 3381 2362 3431 tres
2402 3392 2703 3441 mensurae,
2750 3376 2861 3431 nisi
2901 3391 3105 3430 omnes
3135 3376 3358 3445 gentes,
3394 3380 3624 3442 propter
3672 3376 3787 3425 tres

2081 3465 2232 3520 ﬁlios
2264 3470 2381 3521 Noe
2408 3464 2435 3519 ‘l
2466 3466 2611 3534 Ergo
2636 3480 2731 3519 sex
2764 3463 2972 3534 hydria:
3001 3466 3274 3533 capientes
3306 3462 3466 3516 binas
3494 3460 3575 3515 vel
3598 3464 3790 3513 ternas

2080 3558 2352 3620 metretas,
2386 3571 2485 3610 sex
2515 3559 2652 3610 sunt
2681 3559 2879 3610 aetates
2925 3558 3276 3624 temporum,
3330 3550 3622 3620 capientes
3652 3565 3785 3618 pro-

2076 3645 2333 3715 phetiam
2370 3644 2751 3716 pertinentem
2798 3644 2867 3697 ad
2900 3657 3104 3697 omnes
3135 3645 3359 3711 gentes,
3394 3639 3516 3695 sive
3538 3639 3597 3693 in
3632 3638 3782 3692 duo-

2076 3734 2189 3790 bus
2225 3735 2536 3807 generibus
2563 3732 2861 3789 hominum
2894 3732 2994 3797 ;id
3023 3736 3133 3799 est,
3180 3730 3396 3786 ludaais
3444 3733 3502 3785 et
3550 3727 3785 3793 Graecis,

2076 3825 2226 3879 sicut
2256 3840 2405 3893 saepe
2434 3823 2741 3895 Apostolus
2763 3829 3177 3878 commemorat
3206 3821 3376 3892 (Rom.
3414 3837 3474 3885 ιι,
3503 3820 3538 3872 9
3572 3836 3585 3886 ;
3622 3820 3639 3874 Ι
3664 3818 3784 3873 Cor.

2075 3932 2113 3976 ι.
2144 3916 2234 3980 24,
2262 3921 2363 3969 etc.
2395 3916 2446 3985 );
2477 3915 2599 3969 sive
2638 3912 2696 3967 in
2732 3912 2936 3978 tribus,
2980 3917 3217 3983 propter
3265 3910 3383 3966 Noe
3432 3916 3549 3965 tres
3610 3908 3785 3973 ﬁlios,

2076 4006 2451 4073 signiﬁcatas.
2496 4008 2763 4077 Figurata
2802 4009 2886 4060 est
2926 4004 3081 4059 enim
3116 4002 3418 4074 prephetia
3448 4001 3787 4072 pertingens

2077 4112 2260 4168 usque
2292 4097 2360 4150 ad
2396 4111 2599 4152 omnes
2647 4099 2866 4166 gentes.
2917 4097 3062 4148 Nam
3096 4094 3153 4147 in
3187 4109 3251 4148 eo
3297 4093 3452 4163 quod
3487 4091 3783 4160 pertingit,

2074 4184 2225 4240 dicta
2262 4190 2351 4239 est
2391 4190 2644 4251 metreta,
2698 4184 2848 4239 sicut
2893 4182 3036 4239 dicit
3083 4182 3416 4250 Apostolus.
3466 4179 3784 4248 Accepimus

2074 4289 2395 4329 mensuram
2414 4274 2764 4343 pertingendi
2788 4288 2953 4343 usque
2982 4272 3053 4326 ad
3071 4286 3155 4325 vos
3178 4270 3251 4337 (ll
3277 4269 3396 4322 Cor.
3425 4283 3477 4332 χ,
3516 4267 3616 4325 13).
3642 4266 3787 4319 Gen-

2075 4360 2230 4417 tibus
2268 4362 2421 4417 enim
2472 4362 2891 4431 evangelizans,
2946 4361 3053 4414 hoc
3084 4359 3186 4421 ait,
3229 4370 3543 4410 mensuram
3573 4355 3786 4423 pertiti-

2072 4450 2237 4519 gendi
2269 4466 2437 4521 usque
2467 4450 2538 4503 ad
2572 4466 2683 4505 vos.

2661 4573 3087 4630 TRACTATUS
3117 4572 3181 4626 X.

2072 4686 2149 4741 Ab
2179 4701 2238 4741 eo
2271 4684 2556 4755 Evangelii
2589 4686 2718 4751 loco,
2754 4683 2884 4739 Post
2934 4682 3055 4739 haec
3103 4682 3401 4739 descendtt
3434 4681 3503 4735 ad
3537 4680 3784 4751 Caphar-

2064 4809 2066 4811 ›
2145 4791 2315 4830 naum
2348 4775 2472 4846 ipse
2503 4778 2560 4830 et
2592 4780 2777 4829 mater
2806 4774 2955 4843 ejus,
2981 4780 3106 4840 etc.,
3132 4788 3300 4845 usque
3328 4771 3399 4827 ad
3428 4772 3506 4838 id,
3544 4771 3643 4826 llle
3677 4787 3780 4825 au-

2145 4869 2261 4920 tem
2285 4864 2513 4921 dicebat
2533 4864 2828 4934 detemplo
2851 4864 3107 4935 corporis
3130 4864 3239 4919 sui.
3267 4863 3404 4933 Cap.
3437 4879 3497 4928 ιι,
3523 4862 3571 4929 ᾗ.
3596 4860 3779 4913 12-21.

2144 4995 2194 5048 1.
2239 4998 2301 5049 In
2350 4992 2582 5048 Psalmo
2633 4994 2883 5048 audistis
2940 4992 3222 5065 gemitum
3273 4989 3566 5063 pauperis,
3614 4987 3780 5055 cujus

2075 5084 2335 5141 membra
2386 5099 2486 5155 per
2534 5087 2709 5138 totam
2762 5088 2975 5140 terram
3027 5082 3430 5137 tribulationes
3482 5076 3782 5149 patiuntur

2075 5189 2259 5243 usque
2291 5173 2347 5228 in
2383 5173 2553 5229 finem
2587 5172 2803 5229 saeculi.
2857 5174 3011 5228 Satis
3040 5171 3209 5242 agite,
3255 5170 3458 5223 fratres
3492 5165 3626 5232 mei,
3651 5180 3780 5220 esse

2074 5265 2134 5320 in
2168 5263 2258 5318 his
2291 5264 2569 5318 membris
2598 5267 2656 5318 et
2685 5263 2757 5317 de
2799 5262 2886 5317 his
2936 5259 3214 5315 membris
3247 5274 3259 5313 :
3310 5273 3439 5311 nam
3482 5254 3779 5311 tribulatio

2076 5359 2194 5409 tota
2215 5353 2531 5407 transitura
2551 5358 2655 5407 est.
2685 5352 2769 5406 Vae
2811 5348 3195 5422 gaudentibus
3223 5347 3375 5419 (Luc.
3410 5364 3481 5414 v1,
3512 5348 3601 5417 25)
3629 5346 3640 5401 l
3667 5346 3777 5402 Ve-

2078 5443 2219 5499 ritas
2250 5442 2386 5498 dicit
2420 5460 2432 5497 :
2466 5443 2621 5497 Beati
2646 5441 2913 5509 lugentes,
2943 5437 3204 5511 quoniam
3224 5441 3330 5510 ipsi
3357 5438 3781 5495 consolabuntur

2075 5533 2290 5602 (Matth.
2324 5549 2375 5601 v,
2403 5532 2477 5600 5).
2515 5536 2660 5586 Deus
2692 5530 2864 5587 homo
2899 5531 3076 5586 factus
3103 5536 3190 5587 est
3224 5548 3235 5586 :
3271 5532 3411 5604 quid
3442 5531 3669 5586 futurus
3693 5532 3781 5584 est

2079 5623 2275 5690 homo,
2312 5625 2544 5693 propter
2568 5636 2743 5695 quem
2764 5619 2917 5681 Deus
2936 5622 3125 5682 factus
3145 5626 3234 5683 est
3252 5622 3474 5683 homo?
3504 5622 3628 5679 Haec
3650 5636 3779 5690 spes
