4164 6192
414 282 567 344 “67

402 418 736 476 consoletur
759 436 862 476 nos
878 419 934 476 in
952 422 1497 481 omnitribulatione
1521 429 1579 481 et
1597 427 1913 483 tentatione
1941 428 2119 498 hujus

406 509 559 565 vita).
594 509 717 564 Non
750 510 903 566 enim
928 517 1116 568 cessat
1148 513 1424 570 inimicus
1473 517 1741 589 persequi
1771 535 1785 584 ;
1833 522 1889 573 et
1920 517 1966 573 si
2002 535 2117 574 non

407 603 604 667 aperte
620 600 797 667 saevit,
815 601 1045 657 insidiis
1061 603 1198 673 agit.
1216 603 1359 666 Quid
1376 605 1530 660 enim
1547 608 1661 676 agit
1676 609 1690 641 ί
1706 609 1735 662 ?
1757 607 2120 677 Etsuperiam

405 688 581 742 dolose
602 689 839 760 agebant
870 691 1038 761 (Psal.
1065 708 1254 757 xxxxv,
1286 693 1399 764 20).
1436 696 1574 750 Indc
1606 696 1795 752 dictus
1826 702 1914 751 est
1945 696 2032 752 leo
2064 702 2120 752 et

403 777 596 832 draco.
624 777 733 831 Sed
760 779 896 849 quid
923 780 1135 835 dicitur
1161 781 1386 837 Christo
1405 783 1431 837 ?
1454 787 1523 839 Et
1545 785 1884 841 coneulcabis
1905 787 2117 841 leonem

400 876 450 923 et
480 868 769 923 draconem
793 870 958 939 (Psal.
994 888 1081 937 xc,
1121 872 1228 942 13).
1260 873 1369 927 Leo
1401 882 1626 944 prapter
1657 881 1911 945 apertam
1946 876 2113 947 iram,

402 958 576 1012 draco
624 963 855 1029 propter
898 960 1156 1015 occultas
1208 960 1469 1018 insidias.
1520 962 1705 1020 Draco
1735 964 1905 1035 ejecit
1932 966 2115 1020 Adam

403 1047 472 1102 de
503 1048 791 1116 paradiso,
827 1046 977 1102 idem
1012 1048 1135 1119 ipse
1168 1048 1255 1103 leo
1289 1056 1623 1121 persecutus
1662 1060 1747 1110 est
1774 1054 2114 1121 Ecclesium,

411 1134 635 1189 dicente
686 1136 871 1201 Petro,
923 1138 1067 1205 Quia
1107 1138 1461 1196 adversarius
1492 1149 1663 1199 vester
1696 1143 1943 1201 diabolus
1982 1147 2121 1199 sicut

405 1228 484 1279 leo
516 1224 738 1291 rugiens
770 1226 987 1293 circuit,
1023 1244 1270 1298 quarens
1288 1246 1445 1302 quem
1472 1231 1686 1288 devoret
1707 1234 1753 1303 (Ι
1779 1238 1930 1289 Petr.
1965 1251 2017 1304 ν,
2040 1236 2115 1305 8).

406 1309 527 1365 Non
575 1312 679 1367 tibi
700 1314 974 1370 saevitiam
998 1331 1163 1371 suam
1188 1318 1513 1389 perdidisse
1535 1321 1800 1379 diabolus
1823 1323 2117 1381 videatur:

401 1401 635 1470 quando
668 1403 984 1472 blanditur,
1010 1414 1144 1461 tunc
1166 1408 1349 1477 magis
1372 1412 1664 1467 cavendus
1700 1417 1809 1468 est.
1835 1413 1945 1468 Sed
1968 1412 2120 1468 inter

400 1490 503 1544 has
530 1508 733 1547 omnes
758 1493 1001 1550 insidias
1025 1501 1081 1551 et
1104 1497 1232 1567 ejus
1257 1501 1627 1568 tentationes,
1652 1502 1791 1573 quid
1817 1502 2116 1571 faciemus,

404 1578 514 1633 nisi
548 1582 701 1650 quod
736 1582 811 1638 ibi
848 1582 1204 1655 audivimus,
1238 1587 1346 1659 Ego
1365 1598 1568 1655 autem,
1601 1608 1723 1646 cum
1741 1591 2119 1650 mihimolesti

401 1674 601 1736 essent,
630 1671 923 1727 indaebam
944 1677 1657 1735 mecilz‘eioethumiliabam
1687 1682 1743 1736 in
1752 1680 1967 1751 jejunio
1995 1684 2120 1736 ani-

408 1774 557 1813 mam
586 1776 783 1815 meam.
819 1763 919 1819 Est
950 1765 1049 1835 qui
1072 1767 1363 1835 exaudiat,
1396 1786 1468 1825 ne
1499 1770 1777 1827 dubitetis
1799 1787 1962 1827 orare
1987 1772 2116 1843 :qui

404 1854 599 1903 autem
634 1852 888 1920 exaudit,
924 1854 1078 1910 intus
1104 1862 1317 1913 manet.
1346 1860 1465 1914 Non
1500 1860 1558 1915 in
1584 1865 1836 1916 montem
1862 1860 2114 1932 aliquem

406 1937 607 1994 oculos
657 1940 942 2013 dirigatis,
1005 1961 1118 2000 non
1180 1947 1383 2003 faciem
1434 1950 1493 2004 in
1537 1948 1729 2005 stellas
1779 1954 1879 2006 aut
1936 1950 2116 2008 solem

401 2036 496 2080 aut
519 2027 713 2083 lunam
740 2030 958 2087 levetis.
984 2033 1107 2089 Non
1140 2041 1278 2092 tunc
1319 2038 1575 2094 exaudiri
1614 2056 1715 2095 vos
1737 2040 2121 2096 arbitremini,

398 2118 628 2185 quando
681 2136 855 2190 super
902 2138 1061 2179 mare
1105 2128 1321 2181 oratis:
1384 2128 1499 2184 imo
1551 2130 1924 2186 detestamini
1972 2129 2117 2185 tales

401 2207 709 2263 orationes.
730 2210 946 2268 Munda
962 2219 1184 2269 tantum
1201 2216 1536 2274 cubiculum
1552 2220 1772 2276 cordis:
1794 2219 1893 2276 ubi
1914 2220 2114 2290 fueris,

406 2296 756 2369 ubicumque
786 2304 1061 2369 oraveris,
1095 2305 1256 2361 intus
1299 2312 1389 2364 est
1418 2309 1519 2381 qui
1549 2310 1843 2379 exaudiat,
1872 2312 2024 2367 intus
2058 2313 2113 2366 in

401 2395 642 2456 secreto,
678 2405 849 2461 quem
883 2392 1075 2449 sinum
1112 2401 1275 2452 vocat
1313 2415 1443 2453 cum
1479 2400 1579 2468 ait,
1616 2402 1674 2455 Et
1705 2400 1883 2458 oratio
1912 2418 2034 2457 mea
2055 2402 2115 2457 in

402 2477 531 2530 sinu
562 2494 677 2533 meo
703 2490 1046 2537 eonvertetur
1066 2485 1236 2555 (Psal.
1271 2504 1453 2551 xxxxv,
1497 2488 1597 2559 l3).
1632 2490 1740 2555 Qui
1766 2494 1821 2546 te
1853 2490 2113 2560 exaudit,

401 2580 512 2618 non
548 2570 631 2620 est
663 2574 863 2637 praeter
893 2575 966 2627 te.
1002 2572 1127 2628 Non
1178 2574 1346 2647 longe
1368 2576 1561 2645 vadas,
1614 2594 1719 2634 nec
1762 2582 1819 2635 te
1847 2580 2111 2645 extollas,

404 2656 464 2706 ut
488 2655 651 2724 quasi
677 2659 1115 2729 attingasillum
1138 2664 1424 2720 manibus.
1452 2666 1634 2737 Magis
1651 2668 1700 2723 si
1730 2672 1783 2723 te
1813 2669 2111 2737 extuleris,

396 2742 592 2797 cades:
640 2744 687 2799 si
738 2753 789 2801 te
822 2746 1243 2819 humiliaveris,
1278 2754 1399 2824 ipse
1444 2757 1958 2830 appropinquabit.
2012 2761 2113 2816 Hic

397 2832 681 2890 Dominus
743 2836 897 2893 Deus
949 2844 1148 2896 noster
1198 2843 1453 2899 Verbum
1503 2846 1627 2913 Dei,
1677 2847 1927 2905 Verbum
1979 2868 2111 2906 caro

396 2920 636 2990 factum,
689 2925 867 2982 Filius
914 2927 1117 2999 Patris,
1168 2931 1349 2988 Filius
1407 2933 1529 3002 Dei,
1580 2935 1757 2993 Filius
1807 2938 2108 2996 hominis:

397 3011 662 3069 excelsus
710 3023 766 3070 ut
814 3034 919 3073 nos
966 3020 1199 3086 faceret,
1263 3022 1501 3080 humilis
1560 3029 1625 3082 ut
1665 3044 1771 3084 nos
1832 3029 2109 3098 reficeret,

397 3101 708 3160 ambulans
750 3106 903 3163 inter
950 3107 1239 3182 homines,
1273 3114 1501 3184 patiens
1553 3117 1828 3186 humana,
1875 3120 2113 3175 abscon-

394 3189 538 3246 dens
562 3192 775 3250 divina.

462 3285 513 3334 2.
556 3285 868 3375 Descendit,
900 3292 963 3343 ut
995 3288 1137 3345 dicit
1172 3291 1557 3364 Evangelista,
1592 3300 1649 3351 in
1698 3298 2110 3375 Capharnaum,

394 3370 510 3461 ipse
538 3374 589 3425 et
617 3378 796 3427 mater
823 3376 964 3446 ejus,
996 3385 1047 3432 et
1082 3384 1283 3448 fratres
1313 3381 1447 3452 ejus,
1481 3392 1533 3439 et
1570 3370 1833 3459 discipuli
1879 3392 2019 3461 ejus,
2062 3370 2111 3448 et

393 3460 485 3551 ibi
510 3470 829 3520 manserunt
858 3484 968 3524 non
996 3472 1186 3526 multis
1220 3472 1426 3529 diebus.
1460 3476 1603 3534 Ecce
1634 3479 1809 3537 habet
1841 3487 2109 3551 matrem,

401 3550 573 3607 habet
603 3552 832 3624 fratres,
864 3556 1033 3615 habet
1063 3564 1118 3615 et
1149 3561 1469 3634 discipulos
1495 3584 1507 3622 :
1542 3566 1676 3624 inde
1702 3570 1925 3641 fratres,
1958 3550 2111 3631 unde

401 3645 665 3698 matrem.
705 3646 924 3702 Fratres
946 3649 1103 3705 enim
1127 3650 1428 3723 Scriptura
1450 3660 1667 3728 nostra,
1692 3676 1807 3717 non
1832 3678 1930 3719 eos
1952 3663 2109 3725 solos

389 3732 676 3802 appellare
709 3737 1033 3805 consuevit,
1068 3739 1168 3812 qui
1213 3748 1541 3801 nascuntur
1571 3762 1638 3803 ex
1668 3750 1867 3806 eodem
1901 3753 2019 3811 viro
2050 3761 2107 3813 et

387 3822 627 3915 femina,
646 3829 743 3881 aut
766 3842 833 3881 ex
854 3828 1057 3884 eodem
1073 3835 1262 3898 utero,
1287 3839 1466 3890 autex
1480 3836 1682 3894 eodem
1698 3844 1880 3910 patre,
1905 3860 2109 3915 quam-

383 3911 467 3965 vis
490 3912 733 3971 diversis
761 3917 1049 3974 matribus
1075 3937 1088 3988 ;
1113 3926 1213 3976 aut
1228 3927 1378 3979 certe
1399 3940 1467 3979 ex
1494 3926 1695 3983 eodem
1711 3911 2104 4003 gradu;velut

379 4003 812 4073 compatrueles
835 4010 935 4061 aut
957 4010 1338 4067 consobrinos
1364 4030 1377 4067 :
1410 4030 1521 4069 non
1548 4016 1735 4073 solum
1774 4019 1875 4075 hos
1900 4022 2103 4079 fratres

384 4092 543 4146 novit
574 4093 762 4149 dicere
792 4096 1083 4169 Scriptum
1127 4106 1344 4158 nostra.
1378 4105 1674 4169 Quomodo
1706 4107 1986 4181 loquitur,
2022 4115 2102 4169 sic

385 4181 764 4277 intelligenda
794 4190 897 4241 est.
951 4190 1129 4246 Habet
1176 4191 1439 4265 linguam
1492 4213 1660 4254 suam
1698 4216 1711 4255 :
1745 4201 2102 4277 quicumque

382 4272 533 4327 hanc
565 4272 821 4342 linguam
860 4278 1064 4347 nescit,
1096 4282 1387 4354 turbatur,
1429 4288 1485 4340 et
1512 4286 1674 4355 dicit,
1702 4272 1861 4347 Unde
1895 4272 2099 4352 fratres

388 4362 832 4420 Domino?Num
853 4366 1008 4423 enim
1035 4367 1216 4427 Maria
1238 4371 1448 4430 iterum
1472 4378 1733 4448 peperit?
1752 4381 1936 4437 Absit.
1965 4384 2099 4441 Inde

384 4453 556 4546 erepit
587 4454 839 4524 dignitas
873 4456 1185 4531 virginum.
1237 4462 1342 4519 Illa
1375 4465 1590 4524 femina
1633 4476 1813 4526 mater
1841 4488 1967 4529 esse
1998 4492 2095 4546 po-

384 4542 514 4611 tuit,
550 4546 757 4601 mulier
786 4563 914 4604 esse
948 4566 1061 4608 non
1094 4554 1300 4624 potuit.
1349 4557 1511 4613 Dicta
1543 4563 1627 4614 est
1658 4564 1851 4618 autem
1886 4542 2100 4621 mulier

385 4633 711 4687 secundum
730 4635 1044 4696 femineum
1061 4657 1285 4707 sexum,
1308 4661 1420 4702 non
1436 4650 1758 4709 secundum
1774 4658 2096 4727 corruptio-

388 4733 517 4814 nem
560 4720 909 4814 integritatis
944 4744 958 4784 :
991 4734 1048 4785 et
1079 4729 1186 4786 hoc
1217 4748 1285 4787 ex
1315 4733 1516 4806 lingua
1548 4738 1731 4808 ipsius
1761 4720 2093 4814 Script-urse.

386 4804 532 4862 Nam
563 4813 620 4864 et
647 4808 762 4865 Eva
793 4814 992 4870 statim
1023 4817 1174 4875 facta
1220 4821 1291 4875 de
1322 4804 1495 4879 latere
1538 4804 1642 4881 viri
1683 4829 1797 4899 sui,
1839 4804 2093 4891 nondum

386 4899 650 4989 contacta
678 4917 710 4955 a
740 4899 861 4956 viro
892 4918 1018 4972 suo,
1051 4907 1234 4963 nostis
1260 4909 1399 4980 quia
1421 4913 1629 4970 mulier
1656 4917 1949 4989 appellata
1970 4927 2091 4980 est:

382 4988 446 5083 fit
473 4988 737 5083 formavit
761 5006 881 5047 eam
910 4994 969 5083 in
1000 4994 1287 5052 mulierem
1317 5000 1471 5069 (Gen.
1516 5019 1577 5070 ιι,
1608 4988 1927 5078 22)([1ηὰθ
1957 5026 2092 5083 ergo

382 5076 587 5171 fratres
615 5078 643 5134 Τ
683 5080 920 5154 Cognati
971 5084 1160 5140 Marias
1206 5086 1408 5145 fratres
1443 5076 1688 5164 Domini,
1731 5096 1801 5153 de
1832 5076 2092 5171 quolibet

383 5168 566 5261 gradu
600 5174 848 5243 cognati.
882 5172 1043 5229 Unde
1076 5176 1390 5247 probamus
1419 5179 1447 5235 ?
1483 5182 1562 5237 Ex
1608 5184 1735 5256 ipsa
1766 5168 2088 5261 Scriptura.

388 5253 586 5351 iii-ater
622 5261 859 5317 Abrahae
893 5263 1084 5323 dictus
1116 5272 1201 5323 est
1228 5269 1330 5325 Lot
1360 5270 1463 5343 (1d.
1496 5253 1706 5345 xm,v8,
1740 5281 1795 5333 et
1824 5253 1937 5347 xxv,
1964 5280 2085 5351 16);

390 5344 545 5440 illius
567 5354 688 5440 erat
718 5352 905 5409 fratris
938 5355 1139 5427 ipsius.
1169 5358 1333 5435 Lege,
1365 5365 1423 5418 et
1452 5362 1713 5423 invenies
1744 5367 1877 5440 quia
1908 5344 2088 5425 Abra-

384 5428 517 5488 ham
555 5439 797 5505 patruus
827 5448 949 5499 erat
980 5447 1083 5504 Lot
1103 5449 1203 5519 (Id.
1230 5428 1419 5525 {1,27,
1442 5454 1554 5526 31),
1580 5461 1635 5513 et
1656 5428 1787 5513 dicti
1819 5462 1954 5515 sunt
1972 5459 2085 5517 fra-

450 5622 464 5657 ¹
500 5622 727 5675 Maxima
763 5640 881 5689 pars
912 5631 1031 5683 Mss.
1060 5651 1072 5686 :
1105 5638 1243 5691 Quid
1268 5640 1408 5693 enim
1442 5644 1567 5694 ait?
1589 5646 1655 5697 Et
1682 5660 1834 5712 super
1864 5648 2019 5700 iram.

1356 288 1433 348 IN
1475 292 1801 354 JOANNIS
1845 293 2390 365 EVANGELIUM,
2439 294 2507 354 S.
2550 290 2974 352 AUGUSTINI

3781 289 3939 351 1468

2224 434 2359 483 tres.
2385 423 2567 493 Unde,
2590 423 2703 480 nisi
2727 424 2855 495 quia
2868 423 3098 495 cognati
3118 422 3144 477 ?
3166 424 3307 479 Item
3329 422 3506 478 Jacob
3523 422 3715 478 Laban
3730 426 3939 496 Syrum

2225 516 2477 573 habebat
2505 513 2857 570 avunculum
2884 529 2898 569 :
2956 515 3128 568 frater
3158 512 3314 568 enim
3348 515 3473 568 erat
3500 512 3689 568 Laban
3733 517 3942 571 matris

2222 604 2420 673 Jacob,
2446 604 2501 659 id
2521 608 2607 659 est
2628 604 2893 660 Rebecca;
2917 603 3111 658 uxoris
3151 602 3315 657 Isaao
3337 600 3442 671 (Id.
3466 618 3665 673 xxvm,
3685 605 3763 675 2).
3800 605 3948 676 Lege

2224 694 2606 766 Scripturam,
2630 698 2687 749 et
2709 692 2968 749 invenies
2990 692 3126 764 quia
3146 691 3358 747 fratres
3381 691 3656 749 dicuntur
3688 709 3950 749 avuncu-

2224 785 2318 841 lus
2348 788 2405 841 et
2435 783 2651 840 sororis
2684 782 2843 838 filius
2874 782 2975 854 (Id.
3008 798 3161 843 xxxx.
3212 782 3419 851 12-15).
3462 781 3590 845 Qua
3620 783 3814 854 regula
3846 800 3947 839 co—

2228 874 2410 947 gnita,
2445 873 2699 929 invenies
2747 887 2949 928 omnes
2996 871 3465 943 consanguineos
3509 872 3707 928 Mariae
3741 874 3949 929 fratres

2229 980 2358 1021 esse
2394 963 2635 1020 Christi.

2297 1055 2351 1109 3.
2403 1048 2511 1109 Sed
2562 1052 2645 1109 illi
2676 1051 2950 1125 discipuli
2994 1052 3178 1124 magis
3224 1056 3390 1108 erant
3428 1053 3630 1108 fratres
3667 1070 3682 1119 ;
3714 1054 3851 1126 quia
3892 1060 3949 1110 ct

2225 1143 2308 1200 illi
2340 1144 2569 1215 cognati
2594 1144 2799 1200 fratres
2814 1160 2926 1199 non
2950 1147 3168 1208 essent,
3191 1143 3240 1198 si
3267 1142 3540 1214 discipuli
3562 1159 3677 1198 non
3699 1150 3895 1199 essent
3929 1163 3940 1199 :

2226 1237 2284 1289 et
2314 1233 2439 1288 sine
2469 1249 2643 1288 causa
2675 1233 2899 1301 fratres,
2928 1232 2973 1288 si
3027 1232 3366 1302 magistrum
3412 1248 3527 1287 non
3562 1241 3950 1305 agnoscerent

2227 1324 2482 1380 fratrem.
2508 1323 2652 1379 Nam
2677 1325 2927 1395 quodam
2948 1323 3071 1380 loco
3098 1339 3232 1379 cum
3257 1323 3307 1379 ei
3332 1325 3584 1379 nuntiati
3606 1332 3803 1380 essent
3826 1342 3947 1381 ma-

2225 1416 2311 1468 ter
2332 1418 2389 1469 et
2410 1412 2613 1469 fratres
2636 1414 2763 1484 ejus
2783 1413 2920 1469 foris
2957 1418 3198 1480 stantes,
3240 1411 3336 1469 ille
3356 1420 3548 1469 autem
3595 1429 3728 1469 cum
3770 1415 3948 1469 disci-

2228 1502 2376 1573 pulis
2406 1503 2528 1558 suis
2558 1502 2920 1574 loquebatur,
2953 1502 3035 1558 ait
3067 1518 3081 1558 :
3120 1504 3255 1571 Quae
3296 1503 3436 1557 mihi
3482 1510 3674 1570 mater,
3720 1505 3801 1559 vel
3850 1515 3947 1575 qui

2225 1595 2427 1663 fratres
2450 1596 2478 1647 ?
2498 1594 2563 1647 Et
2593 1594 2900 1649 extendens
2920 1610 3149 1648 manum
3177 1608 3343 1665 super
3360 1592 3655 1665 discipulos
3683 1608 3825 1660 suos,
3858 1594 3935 1647 di-

2226 1683 2329 1749 xit,
2359 1682 2426 1737 Ηὶ
2445 1688 2574 1738 sunt
2605 1684 2811 1754 fratres
2830 1685 2939 1738 mei
2962 1701 2980 1738 :
3003 1687 3080 1750 et,
3108 1682 3449 1755 Quicumque
3478 1684 3669 1755 fecerit
3691 1684 3941 1738 volunta-

2228 1777 2334 1828 tem
2373 1774 2557 1827 Patris
2585 1772 2713 1836 mei,
2749 1772 2843 1827 ille
2888 1772 3028 1827 mihi
3056 1775 3250 1841 mater,
3301 1778 3350 1827 et
3376 1774 3571 1842 frater,
3602 1777 3653 1828 et
3682 1788 3837 1829 soror
3865 1781 3941 1827 est

2228 1861 2443 1931 (Matth.
2478 1878 2577 1929 xu,
2612 1862 2819 1933 4650).
2854 1862 2998 1932 Ergo
3029 1864 3086 1917 et
3108 1860 3310 1930 Maria,
3344 1861 3479 1933 quia
3509 1861 3644 1916 fecit
3673 1861 3939 1916 volunta-

2226 1955 2341 2007 tem
2366 1953 2573 2007 Patris.
2600 1951 2714 2009 Hoc
2736 1952 2792 2007 in
2816 1968 2883 2008 ea
2907 1951 3295 2022 magniﬁcavit
3317 1950 3613 2012 Dominus,
3634 1950 3771 2022 quia
3809 1952 3942 2006 fecit

2228 2041 2583 2097 voluntatem
2619 2042 2827 2110 Patris,
2861 2057 2974 2096 non
2996 2041 3134 2114 quia
3162 2056 3295 2097 caro
3323 2041 3524 2113 genuit
3550 2054 3806 2096 carnem.
3839 2044 3937 2097 In-

2226 2133 2428 2188 tendat
2457 2131 2719 2187 Charitas
2769 2136 2974 2187 vestra.
3027 2135 3335 2203 Propterea
3382 2147 3511 2186 cum
3565 2130 3844 2186 Dominus
3879 2132 3939 2185 in

2228 2223 2399 2278 turba
2421 2222 2777 2278 admirabilis
2800 2222 3107 2287 videretur,
3135 2221 3351 2277 faciens
3386 2220 3543 2292 signa
3564 2225 3620 2275 et
3650 2220 3937 2292 prodigia,

2225 2314 2281 2366 et
2318 2311 2635 2367 ostendens
2666 2312 2762 2382 qui
2796 2310 2993 2366 lateret
3025 2311 3083 2365 in
3115 2326 3313 2379 carne,
3345 2310 3646 2365 admirata:
3669 2310 3938 2379 quaedam

2224 2402 2427 2458 animas
2458 2404 2729 2459 dixerunt
2760 2419 2773 2458 :
2826 2403 2982 2458 Felix
3011 2406 3199 2457 venter
3221 2404 3318 2472 qui
3349 2408 3403 2456 te
3420 2403 3677 2473 portavit.
3710 2401 3778 2455 Et
3805 2400 3936 2457 ille:

2222 2496 2334 2550 Ima
2366 2494 2545 2564 felices
2574 2495 2671 2565 qui
2699 2492 2934 2548 audiunt
2963 2493 3185 2549 verbum
3217 2492 3333 2561 Dei,
3363 2498 3415 2547 et
3443 2492 3751 2547 custodiunt
3783 2494 3938 2562 (Luc-

2223 2601 2303 2651 χι,
2332 2584 2422 2651 27,
2461 2584 2575 2655 28).
2621 2583 2737 2639 Hoc
2773 2588 2859 2638 est
2889 2581 3099 2650 dicere,
3132 2586 3198 2636 Et
3241 2586 3425 2637 mater
3467 2596 3597 2637 mea
3626 2598 3801 2653 quam
3828 2599 3940 2653 ap-

2222 2673 2483 2743 pellastis
2504 2671 2756 2740 felicem,
2782 2672 2915 2727 inde
2939 2671 3070 2726 felix
3094 2670 3229 2742 quia
3250 2670 3494 2725 verbum
3523 2671 3617 2728 Dei
3639 2671 3896 2726 custodit
3924 2689 3935 2726 :

2223 2779 2337 2819 non
2370 2764 2505 2835 quia
2536 2763 2596 2819 in
2626 2762 2723 2818 illa
2743 2762 2996 2819 Verbum
3030 2777 3162 2817 caro
3196 2761 3412 2816 factum
3436 2764 3545 2831 est,
3569 2764 3627 2817 et
3653 2760 3938 2817 habitavit

2220 2853 2279 2909 in
2313 2852 2481 2909 nobis
2510 2854 2687 2925 (Joan.
2719 2869 2760 2920 ι,
2795 2852 2922 2924 Us);
2957 2852 3057 2908 sed
3092 2852 3228 2923 quia
3275 2851 3529 2907 custodit
3570 2851 3761 2923 ipsum
3791 2850 3933 2907 Ver-

2222 2942 2360 2999 bum
2394 2942 2491 2998 Dei
2525 2959 2627 3015 per
2648 2943 2796 3014 quod
2831 2942 2979 2997 facta
3008 2944 3116 3009 est,
3148 2949 3201 2998 et
3240 2941 3393 3013 quod
3427 2942 3486 2995 in
3518 2938 3617 2997 illa
3666 2957 3795 2996 caro
3826 2942 3934 3013 Lfa-

2220 3040 2375 3091 ctum
2407 3039 2517 3091 est.
2552 3034 2827 3090 Homines
2851 3048 2964 3089 non
2987 3033 3275 3105 gaudeant
3300 3032 3460 3105 prole
3482 3032 3805 3104 temporali,
3830 3049 3933 3088 ex-

2218 3124 2437 3181 sultent
2467 3126 2515 3181 si
2541 3124 2746 3197 spiritu
2762 3125 3097 3195 junguntur
3115 3122 3252 3178 Deo.
3277 3122 3404 3178 Haec
3426 3121 3681 3178 diximus
3703 3126 3935 3193 propter

2218 3214 2276 3269 id
2326 3214 2475 3286 quod
2526 3213 2608 3270 ait
2664 3211 3055 3285 Evangelista,
3106 3212 3244 3283 quia
3301 3228 3433 3267 cum
3486 3218 3666 3267 matre
3714 3228 3820 3267 sua
3873 3216 3933 3267 et

2218 3304 2492 3361 fratribus
2524 3304 2646 3362 suis
2678 3308 2734 3360 et
2763 3302 3067 3375 discipulis
3097 3302 3383 3359 habitavit
3412 3302 3469 3358 in
3518 3302 3930 3374 Capharnaum

2218 3395 2419 3465 paucis
2450 3394 2676 3450 diebus.

2289 3484 2338 3538 4.
2374 3482 2512 3538 Inde
2544 3482 2681 3553 quid
2705 3481 2967 3552 sequitur
2988 3480 3015 3535 ?
3047 3482 3287 3553 Etprope
3322 3486 3441 3535 erat
3464 3480 3664 3535 Pascha
3704 3481 3931 3538 Iudaeo-

2217 3587 2361 3638 rum,
2386 3577 2441 3626 et
2470 3570 2713 3627 ascendit
2740 3570 3151 3639 Jerosolymam.
3183 3568 3366 3624 Aliam
3390 3584 3512 3623 rem
3535 3572 3753 3636 narrat,
3776 3569 3935 3626 sicut

2217 3674 2279 3715 se
2311 3659 2561 3715 habebat
2608 3658 2928 3715 recordatio
2970 3657 3393 3714 annuntiantis.
3430 3678 3459 3705 «
3501 3657 3567 3711 Et
3615 3656 3836 3713 invenit
3867 3658 3929 3713 in

2215 3749 2431 3822 templo
2456 3749 2772 3805 vendentes
2794 3748 2965 3804 boves
2996 3752 3055 3803 et
3072 3762 3207 3803 oves
3236 3751 3292 3802 et
3322 3745 3644 3815 columbas,
3677 3754 3727 3802 et
3747 3764 3927 3803 num-

2216 3839 2488 3895 mularios
2511 3838 2781 3894 sedentes
2808 3854 2821 3891 :
2845 3841 2901 3893 et
2931 3852 3064 3892 cum
3097 3836 3325 3893 fecisset
3348 3836 3515 3909 quasi
3540 3836 3832 3908 ﬂagellum
3858 3842 3930 3895 de

2214 3928 2519 3995 resticulis,
2553 3943 2759 3985 omnes
2788 3926 2955 3998 ejecit
2985 3927 3057 3981 de
3088 3928 3305 3997 templo
3337 3941 3351 3993 ;
3398 3927 3573 3983 boves
3604 3943 3835 4000 quoque
3867 3935 3930 3986 et

2212 4035 2364 4085 oves,
2380 4024 2435 4074 et
2456 4018 2986 4075 nummulariorum
3008 4016 3211 4072 effudit
3232 4033 3331 4083 res,
3355 4020 3411 4072 et
3435 4033 3658 4073 mensas
3679 4018 3928 4074 subver-

2209 4108 2318 4176 tit;
2353 4111 2406 4163 et
2430 4107 2519 4163 his
2541 4108 2639 4179 qui
2664 4106 2965 4162 columbas
2982 4106 3335 4174 vendebant,
3357 4105 3520 4172 dixit,
3554 4106 3788 4161 Auferte
3810 4107 3925 4163 ista

2208 4197 2369 4265 hinc,
2405 4203 2460 4253 et
2493 4198 2666 4255 nolite
2706 4198 2891 4254 facere
2929 4198 3166 4253 domum
3211 4195 3393 4251 Patris
3417 4194 3527 4251 mei
3557 4197 3788 4252 domum
3821 4215 3923 4253 ne-

2209 4289 2566 4362 gotiationis.
2593 4310 2618 4341 ω
2642 4289 2789 4353 Quid
2815 4287 3170 4356 audivimus,
3194 4287 3401 4342 fratres
3421 4288 3450 4342 ?
3472 4286 3613 4342 Ecce
3630 4287 3919 4359 templum

2207 4379 2352 4435 illud
2389 4381 2569 4451 tigura
2588 4380 2776 4435 adhuc
2802 4382 2944 4443 erat,
2978 4381 3036 4434 et
3063 4376 3222 4448 ejicit
3244 4376 3379 4432 inde
3411 4376 3692 4433 Dominus
3712 4393 3923 4437 omnes

2208 4469 2307 4541 qui
2329 4486 2434 4523 sua
2457 4469 2811 4540 qumrebant,
2844 4466 2939 4537 qui
2963 4466 3033 4521 ad
3057 4465 3350 4521 nundinas
3371 4470 3667 4521 venerant.
3697 4468 3755 4522 Et
3787 4484 3925 4540 quae

2207 4559 2285 4615 ibi
2312 4560 2638 4615 vendebant
2659 4557 2742 4612 illi
2763 4560 2792 4613 ‘t
2819 4558 2951 4623 Qua:
2974 4573 3119 4627 opus
3151 4554 3437 4613 habebant
3462 4556 3726 4613 homines
3748 4556 3805 4613 in
3833 4577 3926 4615 sa-

2206 4650 2437 4706 crificiis
2467 4648 2627 4705 illius
2676 4648 2974 4719 temporis.
3024 4648 3194 4703 Novit
3238 4646 3393 4702 enim
3425 4645 3690 4703 Charitas
3722 4653 3925 4707 vestra

2204 4741 2362 4814 quod
2394 4737 2774 4797 sacrificiailli
2798 4737 3012 4811 populo
3036 4753 3137 4810 pro
3168 4738 3294 4807 ejus
3315 4736 3653 4793 carnalitate
3673 4740 3925 4799 etcorde

2204 4832 2395 4888 adhuc
2428 4830 2652 4902 lapideo
2684 4828 2816 4885 lalia
2844 4829 2978 4884 data
3010 4834 3166 4894 sunt,
3201 4825 3415 4897 quibus
3446 4829 3740 4883 teneretur
3762 4844 3832 4885 ne
3855 4830 3918 4886 in

2200 4921 2356 4978 idola
2389 4919 2669 4977 deﬂueret
2700 4936 2714 4985 ;
2748 4923 2803 4974 et
2835 4916 3217 4973 immolabant
3264 4914 3342 4970 ibi
3376 4915 3681 4987 sacrificia,
3713 4917 3917 4990 boves,

2200 5028 2332 5067 oves
2363 5018 2415 5068 et
2446 5009 2745 5065 columbas
2772 5008 3005 5077 :nostis,
3032 5006 3171 5077 quia
3200 5004 3442 5078 legistis.
3479 5009 3599 5062 Non
3634 5022 3763 5077 ergo
3788 5023 3921 5065 ma-

2198 5117 2381 5173 gnum
2416 5107 2736 5171 peccatum,
2771 5097 2817 5153 si
2851 5096 2959 5153 hoc
3009 5095 3339 5151 vendebant
3376 5094 3434 5148 in
3484 5094 3723 5167 templo.
3757 5099 3917 5167 quod

2198 5191 2498 5247 emebatur
2520 5192 2583 5244 ut
2612 5188 2915 5244 offerretur
2936 5187 2994 5241 in
3016 5184 3232 5256 templo
3258 5201 3273 5251 ;
3296 5186 3351 5239 et
3371 5187 3567 5240 tamen
3590 5184 3759 5255 ejecit
3776 5187 3921 5245 inde

2197 5280 2350 5337 illos.
2382 5278 2552 5347 Quid,
2579 5278 2626 5335 si
2660 5277 2739 5333 ibi
2763 5277 3024 5333 ebriosos
3053 5274 3358 5342 inveniret,
3391 5274 3529 5345 quid
3567 5274 3777 5331 faceret
3800 5277 3918 5335 Do-

2196 5371 2388 5427 minus
2413 5385 2425 5437 ;
2450 5368 2499 5427 si
2530 5367 2842 5425 vendentes
2871 5383 2937 5422 ea
2959 5381 3088 5437 quae
3117 5363 3276 5421 licita
3325 5370 3477 5429 sunt,
3511 5369 3565 5417 et
3599 5368 3920 5439 contraju-

2193 5460 2415 5519 stitiam
2452 5477 2567 5515 non
2599 5460 2739 5515 sunt
2759 5455 2911 5531 (qua
2935 5455 3090 5512 enim
3112 5454 3355 5511 honeste
3372 5459 3665 5522 emuntur,
3699 5460 3914 5517 nonil-

2192 5550 2350 5606 licite
2390 5548 2770 5620 venduntur),
2814 5545 3035 5619 expulit
3080 5550 3297 5612 tamen,
3330 5547 3385 5600 et
3430 5558 3541 5599 non
3576 5546 3662 5598 est
3694 5561 3914 5617 passus

2192 5642 2435 5698 domum
2454 5638 2732 5698 orationis
2755 5638 2876 5695 fieri
2893 5638 3130 5695 domum
3157 5632 3567 5707 negotiationis
3588 5636 3616 5675 9
3636 5634 3695 5690 Si
3722 5652 3910 5710 nego-
