4170 6188
291 214 460 275 1469

291 353 554 411 tiationis
588 357 802 413 domus
826 375 941 415 non
966 359 1135 416 debet
1159 362 1279 418 fieri
1311 366 1531 424 domus
1554 369 1675 438 Dei,
1697 371 2010 444 potationis

290 445 463 501 debet
486 447 613 502 fieri
635 448 663 502 ‘l
694 449 814 506 Nos
841 456 1032 507 autem
1053 456 1286 525 quando
1306 457 1416 512 ista
1448 460 1723 523 dicimus,
1750 464 2011 518 stridunt

288 536 571 594 dentibus
602 541 731 595 suis
765 542 1041 597 adversus
1066 561 1171 600 nos
1206 562 1219 599 :
1254 556 1306 602 et
1337 551 1674 607 consolatur
1708 570 1810 609 nos
1856 552 2007 626 psal-

288 642 421 681 mus
445 644 625 698 quem
654 630 928 700 audistis,
958 632 1271 690 Slriderunt
1296 655 1461 709 super
1490 658 1576 697 me
1597 643 1850 700 dentibus
1873 645 2005 699 suis.

288 718 575 773 Novimus
597 724 655 775 et
674 736 779 775 nos
805 722 1005 778 audire
1028 726 1183 780 unde
1204 742 1493 796 curemur,
1518 731 1624 787 etsi
1649 732 2010 805 ingeminan-

286 812 374 861 tur
404 807 642 875 ﬂagella
671 810 920 879 Christo,
956 815 1095 884 quia
1138 816 1468 887 ﬂagellatur
1514 838 1705 878 sermo
1763 824 1950 892 ipsius
1984 844 1996 880 :

285 896 801 978 Congregatavsunt,
835 901 1041 972 inquit,
1070 906 1125 959 in
1158 921 1244 960 me
1271 909 1522 981 ﬂagella,
1551 920 1603 967 et
1629 914 1941 970 nescierunt
1960 914 1999 968 ί.

286 976 643 1056 Flagellatus
657 993 746 1044 est
759 990 1004 1061 ﬂagellis
1017 976 1375 1062 Judaeorumv,
1393 1000 2001 1074 ﬂagellaturblasphe-

282 1074 417 1128 miis
436 1075 711 1133 falsorum
728 1079 1213 1141 christianorum:
1234 1085 1865 1164 multiplicantﬂagella
1892 1096 2000 1148 Do-

280 1164 445 1220 mino
466 1183 595 1233 suo,
618 1177 671 1223 et
697 1170 986 1227 nesciunt.
1041 1173 1345 1232 Faciamus
1387 1196 1514 1251 nos,
1549 1192 1830 1253 quantum
1880 1185 1999 1255 ipse

277 1256 549 1325 adjuvat,
573 1259 682 1327 Ego
711 1264 917 1327 autem,
936 1279 1061 1318 cum
1078 1266 1447 1325 mihimolesti
1476 1281 1671 1340 essent,
1702 1275 1996 1330 induebam

278 1359 365 1398 me
390 1344 601 1414 cilicio,
634 1352 683 1402 et
732 1348 1097 1407 humiliabam
1148 1353 1206 1408 in
1256 1356 1471 1425 jejunio
1519 1362 1770 1418 animam
1817 1380 1997 1419 meum

278 1432 449 1501 (Psal.
483 1451 676 1503 xxxxv,
707 1438 915 1509 13-16).

349 1526 403 1576 5.
435 1523 696 1581 Dicimus
718 1531 938 1594 tamen,
964 1529 1164 1588 fratres
1190 1533 1326 1604 (non
1357 1537 1513 1595 enim
1546 1544 1603 1595 et
1644 1541 1765 1615 ipse
1792 1561 1995 1616 peper-

276 1610 355 1665 cit
387 1610 508 1667 illis
545 1629 559 1667 :
593 1616 692 1686 qui
724 1615 1109 1685 ﬂagellandus
1140 1626 1264 1678 erat
1295 1623 1365 1679 ab
1407 1627 1508 1694 eis,
1543 1610 1700 1700 prior
1734 1610 1993 1691 illos-ﬂa-

274 1700 563 1770 gellavit),
585 1703 818 1771 signum
838 1708 1123 1777 quoddam
1151 1712 1320 1769 nobis
1356 1717 1631 1779 ostendit.
1675 1722 1829 1790 quod
1859 1724 1993 1781 fecit

274 1790 571 1864 ﬂagellum
595 1794 665 1849 de
684 1796 1001 1864 resticulis,
1030 1804 1085 1854 et
1122 1800 1255 1856 inde
1291 1803 1784 1878 indisciplinatos,
1822 1829 1991 1885 nego-

274 1882 581 1938 tiationem
608 1886 676 1939 de
700 1887 796 1941 Dei
824 1889 1039 1957 templo
1077 1891 1375 1959 facientes,
1403 1897 1734 1963 ﬂagellavit.
1760 1882 1987 1962 Etenim

274 1973 757 2045 unusquisquein
778 1980 1025 2047 peccatis
1039 1981 1158 2036 suis
1176 1987 1383 2039 restem
1401 1986 1513 2041 sibi
1530 1990 1685 2045 texit.
1706 1991 1990 2064 Propheta

269 2061 437 2128 dicit,
469 2066 564 2118 Vae
595 2065 678 2119 his
708 2070 802 2137 qui
826 2069 1054 2123 trahunt
1076 2080 1301 2139 peccata
1330 2075 1471 2129 sicut
1520 2061 1991 2151 restemlongam!

266 2152 417 2219 (Isai.
455 2167 508 2217 ν,
548 2152 632 2218 18,
664 2170 767 2209 sec.
803 2156 981 2225 LXX).
1032 2159 1170 2223 Quis
1216 2160 1355 2217 facit
1406 2171 1613 2223 restem
1662 2168 1937 2242 longuam
1963 2179 1990 2230 ?

266 2239 373 2304 Qui
420 2248 658 2311 peccato
683 2244 840 2298 addit
861 2252 1178 2316 peccatum.
1207 2252 1507 2315 Quomodo
1534 2239 1833 2315 adduntur
1863 2280 1990 2332 pec-

266 2337 395 2383 cata
428 2332 733 2401 peccatis?
763 2334 905 2390 Cum
941 2344 1173 2405 peccata
1210 2356 1335 2411 quae
1382 2344 1531 2399 facta
1581 2353 1739 2416 sunt,
1774 2368 1983 2424 coope-

266 2417 506 2473 riuntur
556 2419 684 2475 aliis
734 2424 1001 2492 peccatis.
1051 2430 1286 2483 Furtum
1340 2430 1495 2501 fecit,
1538 2449 1609 2491 ne
1658 2417 1985 2497 inveniatur

262 2506 406 2576 quia
436 2507 459 2541 ²
491 2506 649 2573 fecit,
691 2513 901 2581 quaerit
949 2515 1456 2575 mathematicum.
1511 2522 1811 2582 Sufﬁceret
1862 2530 1982 2586 fur-

262 2602 388 2652 tum
417 2598 656 2667 fecisse;
682 2616 859 2671 quare
890 2604 975 2658 vis
1001 2606 1318 2680 adjungere
1366 2618 1667 2682 peccatum
1703 2621 1981 2689 peccato?

260 2704 395 2744 ecce
428 2689 550 2745 duo
580 2696 832 2762 peccata.
862 2698 1003 2749 Eum
1034 2696 1103 2749 de
1138 2699 1618 2760 mathematicum
1652 2709 1981 2777 prohiberis

260 2781 563 2847 accedere,
596 2782 972 2854 blasphemas
1004 2787 1345 2861 episcopum
1382 2809 1548 2851 :ecce
1578 2798 1691 2854 tria
1722 2807 1978 2870 peccata.

258 2868 405 2925 Cum
433 2871 629 2938 audis,
656 2872 813 2928 Mitte
832 2872 995 2931 ilium
1020 2876 1170 2933 foras
1202 2880 1272 2936 de
1303 2882 1597 2952 Ecclesia;
1631 2868 1800 2959 dicis,
1827 2895 1980 2949 Duco

261 2976 351 3015 me
385 2961 458 3015 ad
514 2966 738 3033 partem
783 2964 988 3021 Donati
1025 2985 1039 3024 :
1073 2985 1205 3026 ecce
1234 2973 1402 3028 addis
1434 2982 1731 3046 quartum.
1766 2981 1979 3039 Crescit

262 3051 472 3106 restis:
506 3051 649 3108 time
675 3059 907 3111 restem.
934 3058 1154 3114 Bonum
1181 3065 1395 3118 esttibi
1440 3074 1502 3121 ut
1546 3067 1642 3123 hic
1682 3069 1815 3126 inde
1845 3088 1976 3131 cum

261 3139 606 3210 ﬂagellaris,
641 3144 951 3217 corrigaris
982 3164 994 3215 ;
1029 3165 1099 3203 ne
1133 3149 1191 3204 in
1225 3152 1340 3208 ﬁne
1394 3154 1642 3227 dicatur,
1678 3160 1863 3231 Ligate
1892 3165 1979 3219 illi

258 3228 415 3297 pedes
445 3234 498 3285 et
530 3248 756 3300 manus,
783 3242 837 3290 et
865 3237 1123 3306 proiicite
1152 3256 1273 3296 eum
1299 3244 1355 3297 in
1386 3246 1634 3303 tenebras
1673 3228 1975 3309 exteriores

258 3317 465 3383 (Matth.
502 3336 643 3388 xm,
676 3322 777 3392 l3).
821 3323 1120 3383 Criniculis
1165 3330 1322 3386 enim
1360 3343 1703 3403 peccatorum
1750 3357 1976 3397 suorum

256 3409 635 3480 unusquisque
655 3414 1058 3481 constringitur
1090 3417 1278 3487 (Prov.
1314 3438 1369 3487 v,
1385 3424 1497 3492 22).
1529 3423 1672 3483 Illud
1687 3428 1974 3490 Dominus

256 3495 415 3563 dicit,
450 3497 598 3555 illud
626 3500 739 3556 alia
785 3504 1087 3575 Scriptura
1112 3509 1291 3578 dicit;
1327 3513 1423 3567 sed
1446 3517 1756 3589 utrumque
1777 3519 1973 3577 Domi-

258 3603 369 3641 nus
390 3588 556 3644 dicit.
596 3593 669 3646 De
692 3594 942 3665 peccatis
966 3598 1091 3654 suis
1113 3598 1369 3670 ligantur
1409 3602 1696 3677 homines,
1730 3614 1786 3665 et
1835 3612 1970 3669 mit-

258 3682 464 3732 tantur
498 3680 556 3733 in
591 3682 862 3739 tenebras
893 3687 1221 3744 exteriores.

322 3768 373 3819 6.
399 3769 507 3833 Qui
536 3776 885 3829 sunttamen
911 3776 1008 3846 qui
1033 3780 1293 3835 vendunt
1314 3781 1538 3839 boves?
1579 3789 1638 3841 ut
1681 3787 1740 3842 in
1781 3788 1970 3862 ﬁgura

261 3872 591 3926 quaeramus
615 3862 947 3931 mysterium
976 3866 1130 3922 facti.
1155 3867 1263 3931 Qui
1283 3878 1415 3927 sunt
1440 3875 1540 3944 qui
1560 3891 1691 3932 oves
1713 3880 1970 3938 vendunt

260 3940 670 4004 etcolumbas?
700 3952 811 4021 Ipsi
835 3958 971 4008 sunt
992 3955 1089 4026 qui
1131 3974 1237 4013 sua
1279 3940 1549 4031 quaerunt
1582 3964 1638 4019 in
1688 3967 1965 4039 Ecclesia,

262 4049 372 4091 non
397 4055 522 4109 quas
544 4039 677 4096 Jesu
712 4043 927 4101 Christi
956 4047 1222 4121 (Philipp.
1257 4068 1319 4119 ιι,
1359 4054 1472 4123 21).
1511 4055 1723 4113 Venale
1752 4060 1967 4117 habent

259 4127 460 4195 totum,
485 4128 587 4199 qui
612 4132 821 4188 nolunt
855 4136 1057 4192 redimi
1091 4139 1111 4172 ³
1146 4155 1158 4193 :
1193 4143 1301 4195 emi
1359 4144 1586 4212 nolunt,
1625 4154 1679 4201 et
1723 4151 1965 4206 vendere

258 4216 472 4274 volunt.
498 4222 728 4276 Bonum
753 4225 1017 4279 estenim
1054 4227 1137 4281 eis
1175 4237 1229 4284 ut
1272 4232 1636 4289 redimantur
1675 4239 1963 4309 sanguine

257 4303 479 4372 Christi,
518 4316 577 4362 ut
611 4311 948 4379 perveniant
978 4314 1051 4369 ad
1086 4333 1281 4386 pacem
1324 4320 1558 4378 Christi.
1618 4325 1759 4390 Quid
1787 4303 1959 4384 ‘eniin

258 4394 486 4461 prodest
507 4399 808 4468 acquirere
832 4401 890 4455 in
915 4401 1020 4458 hoc
1054 4405 1262 4461 saeculo
1297 4410 1599 4480 quodlibet
1647 4417 1964 4487 temporale

257 4486 307 4536 et
324 4485 757 4557 transitorium,
778 4490 899 4545 sive
921 4491 993 4547 sit
1015 4497 1283 4564 pecunia,
1301 4498 1424 4555 sive
1447 4500 1521 4556 sit
1542 4485 1808 4575 voluptas
1830 4523 1964 4563 ven-

256 4570 351 4625 tris
365 4577 841 4645 etgutturis,sive
863 4580 939 4635 sit
962 4582 1149 4639 honor
1171 4585 1227 4640 in
1252 4586 1425 4643 laude
1447 4570 1743 4649 humana?
1765 4594 1963 4651 Nonne

253 4660 439 4715 omnia
462 4663 659 4719 fumus
680 4674 732 4721 et
754 4672 962 4726 ventus
982 4671 1010 4725 ?
1032 4657 1223 4729 nonne
1246 4677 1443 4731 omnia
1482 4683 1810 4750 transeunt,
1836 4700 1963 4740 cur-

251 4756 383 4804 runt
404 4751 432 4804 ?
452 4751 525 4806 Et
559 4770 642 4810 vae
665 4754 755 4812 his
777 4758 873 4826 qui
898 4757 1171 4816 haeserint
1192 4767 1653 4838 transeuntibus,
1695 4773 1833 4843 quia
1880 4774 1961 4830 si-

250 4837 717 4922 multranseunt.
743 4850 942 4902 Nonne
965 4850 1162 4907 omnia
1186 4851 1394 4909 ﬂuvius
1427 4873 1681 4928 praeceps
1720 4876 1959 4918 currens

248 4926 307 4983 ιιι
328 4944 486 4986 mare
508 4930 536 4987 2
568 4932 638 4987 Et
670 4950 745 4989 vae
769 4935 864 5006 qui
890 4938 1180 5011 ceciderit,
1207 4944 1347 5015 quia
1380 4944 1436 5001 in
1482 4926 1641 5003 mare
1685 4950 1957 5009 trahetur.

250 5012 391 5085 Ergo
412 5022 608 5075 tenere
630 5021 915 5079 debemus
937 5042 1143 5084 omnes
1166 5012 1404 5087 ati’ectus
1424 5051 1455 5087 a
1480 5034 1697 5091 talibus
1740 5054 1958 5095 concu-

251 5105 565 5171 piscentiis.
604 5110 834 5169 Fratres
870 5115 1000 5182 mei,
1046 5120 1146 5189 qui
1191 5120 1324 5177 talia
1363 5132 1653 5196 quaerunt,
1674 5130 1953 5187 vendunt.

250 5191 387 5251 Nam
410 5204 463 5254 et
483 5200 687 5258 Simon
712 5202 809 5259 ille
830 5206 958 5264 ideo
994 5207 1221 5266 volebat
1257 5191 1448 5271 emere
1488 5191 1773 5288 Spiritum
1815 5235 1954 5276 san-

250 5288 561 5361 ctum.quia
578 5293 827 5350 vendere
841 5295 1069 5354 volebat
1085 5300 1367 5370 Spiritum
1383 5310 1645 5361 sanctum
1668 5308 1804 5379 (Act.
1825 5325 1947 5377 vm,

309 5496 327 5576 ξ
342 5493 987 5576 gduimescigbﬁqntpissz,’
1000 5508 1317 5576 nescierunt.
1340 5510 1406 5562 At
1432 5510 1945 5576 Vulgata,ignoravi.

307 5554 484 5632 Πίον..
504 5562 613 5632 qui.
648 5561 839 5632 σωροῐὶ
871 5554 1093 5632 codices,
1128 5554 1271 5632 quin.

310 5618 327 5651 ³
347 5618 484 5679 Mem,
507 5618 637 5686 quia
670 5626 853 5676 nolunt
873 5629 1084 5679 redimi.

1600 233 2068 297 TRACTATUS
2112 236 2186 296 X.
2235 238 2403 297 CAP.
2450 239 2526 299 II.

3670 248 3824 310 1470

2124 372 2210 442 18,
2237 371 2355 444 19);
2380 378 2437 428 et
2477 374 2712 445 putabat
2747 377 3053 446 Apostolos
3093 384 3446 437 mercatores
3484 380 3627 439 tales
3666 398 3815 453 esse,

2121 463 2323 531 quales
2346 462 2629 519 Dominus
2650 468 2717 521 de
2739 467 2954 539 templo
2976 468 3205 539 ﬂagello
3244 469 3433 540 ejecit.
3457 470 3611 525 Talis
3659 474 3814 528 enim

2118 552 2243 623 ipse
2264 559 2404 621 erat,
2446 559 2501 610 et
2550 557 2701 627 quod
2744 558 3018 613 venderet
3048 575 3238 615 emere
3286 559 3548 615 volebat:
3582 562 3653 616 de
3701 562 3817 618 illis

2120 646 2242 696 erat
2264 645 2360 713 qui
2386 644 2685 702 columbas
2708 649 2982 703 vendunt.
3010 650 3311 705 Etenimiu
3336 649 3603 706 columba
3643 668 3821 724 appa-

2120 733 2234 787 ruit
2256 734 2507 805 Spiritus
2529 743 2763 791 sanctus
2785 737 2994 807 (Matth.
3029 755 3110 805 III,
3140 740 3248 809 16).
3272 740 3376 803 Qui
3398 756 3534 810 ergo
3556 742 3817 797 vendunt

2113 825 2774 898 columbas,fratrcs,qui
2793 828 3063 897 sunt,nisi
3090 830 3188 899 qui
3220 829 3440 896 dicunt,
3467 830 3581 886 Nos
3604 832 3814 887 damus

2113 916 2391 987 Spiritum
2425 917 2739 971 sanctum?
2771 919 2952 982 Quare
2992 918 3145 972 enim
3197 918 3304 973 hoc
3351 919 3571 987 dicunt,
3598 924 3655 974 et
3697 939 3812 993 quo

2115 1007 2296 1075 pretio
2320 1006 2615 1061 vendunt?
2634 1006 2817 1062 Pretio
2841 1006 3078 1063 honoris
3097 1006 3203 1062 sui.
3229 1008 3537 1078 Accipiunt
3560 1010 3807 1080 pretium

2113 1097 2419 1151 cathedras
2455 1096 2821 1166 temporales,
2856 1102 2920 1151 ut
2950 1096 3255 1153 videantur
3285 1097 3392 1168 ipsi
3433 1099 3675 1154 vendere
3716 1118 3808 1156 co-

2112 1186 2359 1240 lumbas.
2379 1186 2626 1241 Caveant
2650 1203 2678 1238 a
2703 1185 2926 1256 ﬂagello
2949 1186 3017 1240 de
3046 1187 3355 1241 resticulis.
3390 1187 3671 1243 Columba
3694 1206 3805 1244 non

2108 1284 2193 1332 est
2224 1274 2441 1330 venalis
2474 1292 2487 1330 :
2523 1275 2704 1346 gratis
2746 1277 2935 1343 datur,
2969 1277 3107 1347 quia
3152 1276 3338 1349 gratia
3368 1281 3621 1333 vocatur.
3656 1278 3805 1349 Ideo,

2104 1366 2311 1421 fratres
2334 1365 2467 1434 mei,
2493 1367 2786 1436 quomodo
2810 1366 3011 1421 videtis
3034 1383 3131 1422 eos
3166 1366 3266 1437 qui
3305 1369 3582 1435 vendunt,
3609 1385 3809 1440 propo-

2104 1456 2280 1513 Iarios
2313 1456 2353 1523 ί,
2386 1457 2627 1528 quisque
2674 1457 2823 1527 quod
2875 1457 3069 1510 vendit
3132 1456 3329 1511 laudat
3373 1466 3557 1529 :quol
3605 1475 3807 1531 propo-

2105 1550 2216 1607 sita
2240 1551 2497 1604 fecerunt
2517 1548 2545 1603 ‘l
2566 1548 2826 1603 Alterum
2862 1547 3225 1618 propositum
3247 1546 3422 1603 habet
3460 1547 3807 1619 Carthagine

2100 1640 2451 1711 Primianus,
2484 1640 2728 1695 alterum
2762 1638 2932 1695 habet
2964 1636 3367 1708 Maximianus,
3401 1638 3645 1695 alterum
3698 1639 3801 1694 ha-

2102 1730 2193 1787 bet
2225 1730 2281 1785 in
2315 1729 2661 1785 Mauritania
2694 1729 2975 1801 Rogatus,
3018 1730 3265 1784 alterum
3317 1728 3536 1784 habent
3579 1729 3636 1784 in
3684 1730 3802 1785 Nu-

2101 1821 2282 1877 midia
2304 1819 2388 1874 illi
2430 1824 2484 1876 et
2522 1819 2923 1892 illi,quosjam
2942 1836 3044 1875 nec
3060 1820 3803 1891 nominereZsufﬂcimusm.

2100 1910 2313 1967 Circuit
2344 1926 2476 1979 ergo
2508 1908 2717 1980 aliquis
2759 1925 2950 1964 emere
2998 1908 3353 1977 columbam,
3396 1910 3801 1981 unusquisque

2099 2002 2169 2057 ad
2204 2000 2566 2073 propositum
2599 2016 2771 2055 suum
2804 2000 3003 2054 laudat
3033 2002 3185 2069 quod
3225 2001 3442 2056 vendit.
3494 2002 3802 2057 Avertatur

2096 2090 2258 2147 illius
2284 2108 2381 2146 cor
2411 2093 2480 2145 ah
2530 2092 2689 2146 omni
2742 2091 3041 2159 vendente,
3088 2092 3277 2146 veniat
3328 2092 3425 2145 ubi
3475 2090 3656 2163 gratis
3706 2108 3799 2147 ac-

2095 2180 2327 2252 cipitur.
2358 2181 2471 2235 Nec
2503 2181 2587 2235 sic
2625 2180 2989 2246 erubescunt,
3047 2182 3274 2247 fratres,
3308 2181 3444 2251 quia
3494 2197 3591 2252 per
3639 2181 3797 2249 ipsas

2094 2270 2488 2326 dissensiones
2506 2273 2949 2324 suasamaraset
2981 2269 3326 2336 malitiosas,
3360 2286 3489 2324 cum
3534 2269 3643 2324 sibi
3686 2271 3795 2323 tri—

2096 2360 2275 2414 buunt
2316 2358 2472 2430 quod
2512 2374 2622 2413 non
2666 2362 2823 2424 sunt,
2853 2372 2985 2412 cum
3034 2356 3687 2429 exolluuturfputantes
3735 2374 3796 2413 se

2090 2448 2310 2519 aliquid
2335 2464 2461 2503 esse
2484 2465 2613 2503 cum
2640 2446 2781 2501 nihil
2810 2447 2928 2502 sint
2951 2446 3155 2518 (Gulat.
3182 2464 3258 2512 v1,
3282 2446 3361 2517 3),
3387 2450 3470 2502 tot
3507 2450 3699 2515 partes
3726 2447 3796 2503 de

2092 2556 2153 2597 se
2176 2540 2453 2594 fecerunt.
2478 2536 2589 2593 Sed
2612 2536 2751 2609 quid
2776 2536 2832 2591 in
2855 2536 2939 2591 eis
2961 2535 3261 2607 impletum
3285 2540 3373 2591 est
3403 2536 3559 2607 quod
3584 2535 3793 2591 nolunt

2088 2628 2617 2701 corrigi,nisiquod
2633 2626 2953 2683 audistisin
2980 2626 3232 2696 Psalmo,
3271 2625 3491 2682 Discissi
3518 2634 3665 2698 sunt,
3699 2644 3798 2686 nec

2090 2722 2400 2791 compuncti
2428 2728 2557 2774 sunt
2595 2724 2620 2773 ?

2157 2812 2211 2864 7.
2246 2808 2353 2875 Qui
2410 2823 2545 2877 ergo
2592 2807 2766 2861 boves
2815 2805 3118 2861 vendunt?
3168 2806 3343 2860 Boves
3387 2805 3793 2880 intelliguntur

2089 2900 2188 2972 qui
2221 2899 2388 2954 nobis
2428 2897 2757 2967 Scriptores
2798 2904 3029 2950 sanctas
3065 2896 3563 2967 dispensaverunt.
3613 2898 3792 2953 Boves

2088 2996 2251 3046 erant
2272 2988 2548 3059 Apostoli,
2574 2989 2743 3041 boves
2766 2990 2930 3040 erant
2961 2984 3279 3056 Prophetas.
3300 2986 3463 3041 Unde
3480 2987 3617 3042 dicit
3645 2990 3792 3059 Apo-

2088 3082 2271 3138 stolus
2294 3096 2304 3133 :
2326 3102 2352 3128 «
2381 3078 2513 3133 Bovi
2538 3076 2847 3132 triturandi
2873 3093 2935 3130 os
2960 3092 3073 3130 non
3112 3077 3453 3134 infrenabis.
3489 3080 3786 3149 Numquid

2089 3172 2157 3227 de
2196 3170 2381 3226 bobus
2422 3167 2670 3238 pertinet
2698 3164 2771 3220 ad
2792 3163 3019 3219 Deum?
3067 3167 3150 3219 An
3186 3170 3414 3237 propter
3455 3183 3559 3221 nos
3602 3168 3789 3222 dicit?

2086 3265 2329 3332 Propter
2361 3276 2465 3314 nos
2495 3256 2651 3313 enim
2686 3254 2860 3323 dicit;
2897 3254 3030 3322 quia
3061 3254 3228 3311 debet
3261 3255 3316 3309 in
3363 3272 3465 3327 spe
3514 3256 3614 3327 qui
3664 3260 3789 3312 arat

2085 3367 2269 3415 arare,
2286 3354 2339 3405 et
2358 3348 2639 3403 triturans
2656 3347 2711 3399 in
2731 3361 2832 3415 spe
2850 3343 3231 3415 participandi
3253 3366 3278 3391 »
3296 3346 3336 3411 (Ι
3355 3343 3473 3397 Cor.
3491 3361 3566 3408 rx,
3591 3346 3781 3415 9,10).

2085 3442 2231 3511 Ergo
2252 3439 2332 3493 illi
2355 3439 2528 3492 boves
2550 3435 2914 3506 reliquerunt
2935 3432 3103 3486 nobis
3140 3431 3475 3486 memoriam
3517 3432 3774 3503 Scriptu-

2082 3547 2300 3585 rarum.
2331 3527 2453 3581 Non
2488 3525 2643 3582 enim
2676 3526 2743 3577 de
2774 3538 2876 3576 suo
2929 3520 3433 3591 dispensaverunt,
3476 3520 3608 3591 quia
3657 3522 3783 3593 glo-

2081 3619 2226 3673 riam
2262 3615 2484 3672 Domini
2516 3612 2894 3686 qumsierunt.
2920 3608 3060 3675 Quid
3099 3607 3250 3664 enim
3285 3607 3534 3664 audistis
3557 3607 3615 3664 in
3649 3610 3779 3683 ipso

2079 3708 2308 3765 Psalmo
2329 3709 2355 3761 ?
2386 3708 2449 3761 Et
2472 3704 2656 3759 dicant
2699 3716 2933 3771 semper,
2968 3699 3345 3769 Magniﬁcetur
3377 3698 3656 3770 Dominus,
3684 3703 3784 3772 qui

2076 3799 2265 3857 volunt
2292 3811 2478 3869 pacem
2502 3791 2647 3850 servi
2677 3792 2791 3863 ejus
2823 3788 2991 3862 (Psal.
3032 3804 3223 3853 xxxw,
3277 3789 3361 3857 16,
3402 3791 3516 3857 27).
3566 3794 3776 3848 Servus

2076 3891 2196 3959 Dei,
2222 3886 2473 3961 populus
2494 3884 2616 3952 Dei,
2641 3880 2897 3938 Ecclesia
2920 3880 3039 3936 Dei.
3062 3879 3169 3943 Qui
3198 3880 3400 3936 volunt
3420 3898 3615 3953 pacem
3668 3884 3777 3938 Ec-

2075 3979 2264 4036 clesiae
2287 3977 2491 4046 ipsius,
2518 3972 2885 4045 magniﬁcent
2909 3968 3246 4029 Dominum,
3274 3985 3389 4025 non
3415 3987 3638 4027 servum
3671 3991 3691 4033 ,-
3724 3982 3774 4028 σε

2074 4072 2256 4126 dicant
2287 4083 2519 4137 semper,
2553 4062 2934 4133 Magni/iretur
2965 4061 3242 4116 Dominus.
3278 4062 3384 4129 Qui
3407 4060 3595 4115 dicant
3616 4066 3643 4117 ?
3672 4067 3777 4128 Qui

2076 4162 2265 4217 volunt
2291 4174 2478 4231 pacem
2498 4158 2643 4213 servi
2661 4155 2796 4225 ejus.
2831 4153 3021 4224 Ipsius
3048 4151 3266 4222 populi,
3293 4151 3478 4221 ipsius
3502 4153 3645 4206 servi
3672 4170 3774 4207 vox

2075 4256 2165 4305 est
2194 4248 2295 4304 illa
2321 4247 2577 4312 evidens,
2603 4260 2774 4315 quam
2802 4242 2859 4296 in
2890 4239 3400 4296 lamentationibus
3443 4240 3690 4293 audistis
3716 4242 3769 4294 in

2075 4342 2330 4402 Psalmo,
2354 4345 2406 4392 et
2430 4333 2817 4391 movehamini
2834 4347 2962 4386 cum
2978 4328 3277 4394 audiretis,
3298 4328 3433 4400 quia
3467 4330 3599 4383 inde
3614 4330 3769 4383 estis.

2075 4428 2233 4492 Quod
2258 4426 2617 4489 cantabatur,
2637 4422 2706 4475 ab
2732 4437 2842 4475 uno
2865 4420 2933 4472 de
2953 4416 3506 4486 omnibusgcordibus
3539 4432 3771 4472 resona-

2075 4518 2192 4573 bat.
2218 4515 2432 4569 Felices
2455 4513 2549 4583 qui
2569 4512 2698 4566 sein
2722 4509 2837 4564 illis
2861 4508 3093 4563 vocibus
3125 4510 3403 4576 tanquam
3439 4506 3497 4562 iu
3536 4509 3770 4578 speculo

2140 4627 2158 4660 1
2190 4623 2247 4670 lu
2281 4621 2450 4669 tribus
2480 4614 3099 4687 codicibue,_popularios.
3122 4613 3223 4662 Sed
3243 4612 3435 4687 melius
3465 4614 3518 4662 in
3542 4616 3769 4679 caeteris,

2069 4683 2408 4748 ρνοροιανίοε,
2428 4682 2477 4752 i_d
2502 4686 2581 4731 est
2597 4680 2839 4752 ρνοροῑας
2862 4694 2878 4736 ;
2900 4690 3058 4752 quam
3092 4690 3271 4752 vocem
3304 4680 3503 4752 origine
3539 4692 3767 4752 graecam

2071 4738 2407 4813 alii'putant,’
2423 4738 2635 4813 ductam
2664 4738 2700 4791 α’
2723 4743 2891 4813 verbo
2916 4738 3109 4813 potetis,
3132 4738 3361 4813 vendere
3388 4738 3405 4786 Ξ
3433 4740 3769 4813 Augustinus

2069 4805 2199 4861 vero
2229 4811 2315 4860 hic
2342 4808 2563 4858 latinam
2595 4807 2983 4865 omninor,esse,
3011 4806 3064 4875 et
3094 4807 3273 4851 natam
3302 4816 3366 4875 ex
3392 4805 3764 4875 adsigniﬁcat,

2070 4874 2212 4937 quod
2242 4873 2486 4922 venditor
2514 4872 2738 4934 quisque
2771 4878 2975 4917 merces
3004 4864 3065 4913 ad
3100 4866 3431 4929 prOpositum
3462 4865 3660 4913 laudat.

2132 4954 2208 5016 (α)
2236 4949 2979 5017 Capita_indicat_factionum
3008 4946 3237 5017 aliquot,
3258 4945 3451 5006 quibus
3474 4944 3762 5017 Donatistae

2069 5007 2208 5065 inter
2227 5030 2281 5063 se
2300 5007 2399 5076 ipsi
2418 5011 2871 5078 discindebautur,
2887 5011 3019 5059 adeo
3043 5013 3099 5056 ut
3119 5007 3277 5078 factio
3298 5019 3521 5078 quisque
3539 5007 3764 5078 jactaret

2068 5066 2393 5141 Baptismum
2415 5078 2682 5141 integrum
2704 5066 3046 5141 validumque
3068 5068 3277 5141 nonnisi
3295 5066 3431 5129 apud
3450 5081 3504 5141 se
3522 5069 3758 5141 reperiri.

2068 5132 2179 5201 Qua
2201 5141 2266 5188 de
2298 5154 2354 5189 re
2378 5132 2700 5205 Augujtinus
2729 5137 2903 5205 in_rlib.
2940 5132 2973 5181 1⁷
2996 5134 3059 5205 de
3090 5132 3358 5205 Baptismo
3379 5134 3562 5205 contra
3588 5132 3759 5205 Dona.-

2068 5190 2236 5261 ὓδωρ,
2260 5216 2373 5264 cap.
2395 5190 2493 5251 6:74
2518 5202 2732 5260 Eadem,
2754 5198 2843 5265 ait,
2870 5209 2990 5259 pars
3006 5190 3193 5242 Donati
3218 5193 3269 5240 iu
3290 5190 3461 5265 multa
3477 5192 3761 5265 minutissi-

2066 5284 2093 5313 α
2117 5280 2202 5315 ma
2226 5257 2394 5315 frusta
2419 5264 2689 5314 conscissa
2718 5257 2841 5324 est,
2869 5257 2987 5320 quae
3017 5268 3203 5324 omnes
3235 5257 3452 5324 unum?!
3487 5257 3757 5324 βανῐῖαυῐέε

2064 5347 2091 5375 α
2113 5328 2254 5378 hanc
2274 5341 2435 5377 unam
2464 5327 2627 5374 multo
2657 5316 3012 5392 grandiorem,
3043 5317 3098 5365 in
3131 5330 3234 5379 qua
3264 5316 3756 5392 P1:imianusost,_de

2062 5410 2090 5438 α
2112 5395 2321 5454 recepto
2342 5378 2851 5437 Maximianiitarum
2868 5380 3129 5454 Baptiamo
3149 5378 3634 5454 reprehenduutxt
3656 5383 3759 5454 sin-

2062 5472 2089 5498 e
2110 5441 2251 5516 gula;
2270 5455 2533 5502 conantur
2553 5443 2958 5516 asserere‘apud
2979 5456 3033 5515 se
3051 5441 3422 5516 tantummodo
3442 5457 3626 5493 verum
3660 5446 3757 5516 Βςι-

2059 5534 2086 5561 cz
2109 5506 2360 5577 ptismum
2386 5511 2756 5581 remansisse.»
2776 5506 3519 5581 De’iirimia‘nnolentMaxi'miano
3538 5508 3755 5581 consule

2058 5567 2242 5627 Enarr.
2266 5575 2370 5624 2in
2394 5574 2534 5624 Psal.
2575 5573 2654 5631 36,
2696 5585 2852 5623 eorm.
2874 5570 2923 5629 2,
2964 5583 3015 5622 n.
3044 5567 3305 5633 1&23;de
3336 5569 3560 5632 Rogato,
3599 5571 3753 5632 epist.

2057 5638 2137 5704 93,
2175 5639 2241 5689 ad
2271 5636 2626 5691 Vincentium.
