4164 6192
376 235 528 295 1471

368 368 815 443 cognoscebant.
843 365 950 430 Qui
983 378 1118 434 ergo
1151 360 1352 416 volunt
1397 372 1596 428 pacem
1627 353 1773 410 servi
1796 353 1946 423 ejus,
1982 366 2082 421 pa-

373 477 494 516 cem
530 457 722 529 populi
757 458 903 526 ejus,
935 467 1133 524 pacem
1170 452 1342 504 unius
1376 463 1550 520 quam
1591 446 1730 501 dicit
1760 445 2002 508 unicam,
2025 444 2081 494 et

369 568 544 622 quam
571 550 692 604 vult
722 548 845 603 erui
879 566 910 600 a
944 545 1131 610 leone,
1166 547 1316 597 Erue
1345 541 1409 595 de
1439 555 1611 594 manu
1654 539 1804 591 canis
1859 532 2081 587 unicam

368 657 545 696 meam
577 639 752 707 (Psal.
787 654 904 701 XXI,
928 636 996 690 21
1037 640 1084 688 et
1122 631 1254 702 22)?
1287 631 1391 694 Qui
1442 629 1640 683 dicunt
1689 639 1937 695 semper,
1970 623 2079 677 Ma-

372 733 666 800 gni/icetur
699 729 974 782 Dominus.
1002 728 1145 794 Ergo
1198 716 1790 776 bovesilliDominum
1815 711 2078 785 magniﬁ-

372 828 667 885 caverunt,
705 833 817 872 non
853 833 932 870 se.
969 813 1170 866 Videte
1210 811 1412 864 bovem
1456 805 1920 878 magniﬁcantem
1965 803 2074 855 Do-

373 908 597 963 minum
633 921 832 972 suum,
866 902 998 972 quia
1031 899 1264 970 agnovit
1306 899 1408 952 bos
1458 908 1856 966 possessorem
1906 906 2075 944 suum

370 1000 521 1062 (Isai.
556 1013 594 1056 ι,
619 996 674 1063 3)
709 1009 721 1049 :
767 990 1049 1046 attendite
1073 989 1275 1042 bovem
1327 985 1631 1039 timentem
1674 996 1744 1036 ne
1785 982 2079 1035 deseratur

373 1100 660 1158 possessor
689 1081 866 1148 bovis,
919 1083 974 1133 ct
1023 1079 1081 1132 in
1135 1077 1274 1132 bove
1320 1077 1733 1146 praesumetur;
1786 1069 2076 1142 quomodo

373 1167 1329 1245 cxpavesciteosquivoluntinillo
1358 1180 1567 1236 ponere
1598 1179 1760 1234 spem
1796 1178 1808 1214 :
1844 1184 1870 1208 «
1913 1164 2078 1214 Nunt-

376 1264 514 1334 quid
548 1261 761 1317 Paulus
795 1277 895 1331 pro
928 1259 1091 1314 vobis
1119 1256 1431 1313 cruciﬁxus
1457 1254 1588 1308 est?
1616 1256 1717 1307 aut
1749 1251 1806 1305 in
1844 1249 2079 1305 nomine

373 1353 530 1408 Pauli
565 1351 838 1422 baptizati
862 1349 998 1404 estis
1035 1371 1053 1400 ι
1096 1348 1140 1418 (Ι
1176 1346 1294 1401 Cor.
1331 1362 1371 1414 ι,
1409 1343 1540 1412 13)?
1572 1342 1730 1406 Quod
1773 1341 1927 1406 dedi,
1961 1355 2076 1393 non

375 1458 480 1513 ego
501 1440 632 1496 dedi
659 1457 670 1494 :
696 1439 874 1509 gratis
891 1436 1210 1507 accepistis,
1236 1433 1507 1489 columba
1527 1433 1614 1502 vde
1655 1430 1796 1486 coelo
1843 1430 2080 1484 descen-

374 1533 474 1585 dit.
514 1551 536 1582 α
577 1532 714 1601 Ego,
758 1551 784 1577 ››
817 1529 1028 1599 inquit,
1065 1550 1092 1577 ‹‹
1142 1524 1415 1597 plantavi,
1445 1522 1647 1593 Apollo
1700 1518 1942 1592 rigavit;
1976 1518 2080 1573 sed

377 1625 523 1675 Deus
547 1619 968 1673 incrementum
1005 1616 1162 1670 dedit
1196 1631 1210 1670 :
1246 1629 1432 1684 neque
1464 1612 1561 1683 qui
1595 1610 1820 1682 plantat
1859 1612 1947 1663 est
1979 1607 2082 1663 ali-

374 1709 534 1781 quid,
571 1724 756 1779 neque
799 1709 894 1778 qui
954 1707 1120 1776 rigat,
1183 1704 1284 1758 sed
1337 1703 1436 1773 qui
1495 1701 1922 1756 incrementum
1983 1699 2083 1754 dat

375 1800 526 1854 Deus
561 1799 666 1868 (Id.
702 1814 788 1866 In,
818 1798 872 1862 6,
899 1797 977 1867 7).
1027 1796 1095 1850 Et
1145 1793 1342 1849 dicant
1390 1807 1639 1862 semper,
1679 1789 2082 1861 Magniﬁcetur

382 1887 686 1954 Dominu,
719 1886 820 1956 qui
849 1885 1047 1940 volunt
1078 1899 1277 1954 pacem
1311 1881 1458 1938 servi
1496 1881 1645 1951 ejus.
1681 1902 1707 1929 »

450 1976 620 2031 8.lsti
645 1980 837 2031 autem
873 1975 942 2030 de
960 1973 1280 2043 Scripturis
1309 1971 1451 2043 ipsis
1481 1969 1689 2026 fallunt
1728 1968 1987 2040 populos,
2025 1975 2084 2022 ut

381 2066 667 2136 accipiant
697 2064 934 2135 abipsis
966 2063 1212 2118 honores
1243 2065 1299 2116 et
1340 2059 1564 2126 laudes,
1606 2066 1659 2114 et
1701 2075 1815 2114 non
1855 2073 2085 2112 conver~

379 2159 580 2210 tantur
611 2153 875 2208 homines
897 2153 966 2207 ad
992 2151 1309 2206 veritatem.
1336 2149 1478 2214 Quia
1500 2164 1630 2203 vero
1654 2147 1800 2216 ipsis
1827 2146 2082 2218 Scriptu-

380 2245 458 2297 ris
492 2242 702 2297 fallunt
734 2241 1000 2312 populos,
1034 2257 1066 2295 a
1098 2239 1314 2312 quibus
1337 2241 1602 2308 quaerunt
1622 2236 1913 2305 honores;
1948 2251 2082 2292 ven-

380 2332 526 2387 dunt
549 2333 744 2397 boves,
774 2331 1037 2386 vendunt
1066 2337 1116 2383 et
1149 2345 1306 2397 oves,
1340 2327 1396 2382 id
1430 2331 1518 2383 est
1564 2326 1723 2397 ipsas
1772 2326 1987 2396 plebes.
2021 2328 2088 2380 Et

380 2422 468 2476 cui
503 2422 782 2486 vendunt,
819 2420 927 2473 nisi
977 2417 1255 2473 diabolo?
1296 2416 1577 2486 Namque,
1612 2417 1818 2470 fratres
1868 2416 2003 2480 mei,
2038 2417 2086 2471 si

379 2510 594 2564 Christi
622 2509 793 2564 unica
816 2507 1069 2563 Ecclesia
1090 2511 1199 2574 est,
1223 2515 1273 2560 el
1299 2523 1414 2561 una
1454 2509 1574 2573 est;
1620 2503 1902 2575 quidquid
1953 2504 2087 2558 inde

380 2596 735 2664 praeciditur,
769 2595 898 2664 quis
921 2593 1090 2662 tollit,
1118 2592 1229 2647 nisi
1254 2591 1340 2647 leo
1365 2591 1463 2648 ille
1496 2592 1730 2662 rugiens
1751 2594 1807 2645 et
1843 2591 2086 2647 circum-

381 2685 527 2751 iens,
555 2699 822 2753 quaerens
851 2698 1022 2753 quem
1077 2682 1308 2736 devoret
1343 2680 1387 2751 (l
1431 2681 1576 2734 Petr.
1624 2697 1676 2744 v,
1708 2679 1814 2749 8)?
1859 2683 1955 2734 Vae
2001 2681 2088 2734 his

377 2774 477 2845 qui
511 2772 942 2844 praecidunturl
979 2789 1113 2827 nam
1147 2771 1494 2838 illaingreta
1513 2770 1896 2840 permanebit.
1922 2770 2089 2826 Novit

378 2863 534 2918 enim
560 2862 842 2917 Dominus
873 2862 972 2932 qui
997 2865 1137 2916 sunt
1178 2861 1306 2930 ejus
1329 2860 1397 2928 (Il
1448 2859 1580 2914 Tim.
1608 2876 1669 2927 ιι,
1707 2859 1810 2929 19).
1866 2860 2085 2914 Tamen

381 2957 666 3024 quantum
693 2952 749 3006 in
777 2952 919 3022 ipsis
942 2955 1052 3018 est,
1077 2951 1328 3004 vendunt
1351 2949 1522 3004 boves
1546 2953 1602 3003 et
1640 2964 1796 3014 oves,
1829 2949 2087 3004 vendunt

381 3041 809 3097 etcolumbas:
852 3039 1151 3096 observent
1195 3037 1491 3109 ﬂagellum
1548 3042 1913 3109 peccatorum
1960 3053 2087 3092 suo-

386 3147 538 3185 rum.
569 3131 727 3186 Certe
777 3130 1011 3201 quando
1060 3128 1280 3200 aliquid
1333 3128 1446 3184 tale
1496 3128 1802 3199 patiuntur
1853 3136 2088 3199 propter

380 3219 522 3274 istas
557 3218 899 3289 iniquitates
929 3234 1089 3282 suas,
1113 3224 1430 3289 agnoscant
1463 3217 1598 3288 quia
1633 3217 1909 3273 Dominus
1954 3219 2088 3273 fecit

384 3308 676 3378 ﬂagellum
699 3309 768 3364 de
791 3308 1099 3374 resticulis,
1121 3313 1178 3363 et
1197 3309 1266 3362 ad
1292 3307 1398 3362 hoc
1417 3307 1690 3362 admonet
1720 3324 1818 3363 eos
1858 3318 1918 3364 ut
1951 3325 2086 3364 mu—

374 3400 498 3451 tent
520 3413 600 3466 se,
626 3401 825 3452 utnon
849 3397 968 3452 sint
993 3396 1377 3468 negotiatores
1412 3411 1423 3450 :
1453 3412 1588 3450 nam
1612 3395 1660 3450 si
1701 3412 1761 3450 se
1793 3412 1906 3453 non
1957 3415 2086 3453 mu-

378 3485 646 3552 taverint,
674 3486 913 3542 audient
943 3486 1001 3539 in
1036 3485 1169 3554 ﬁne,
1205 3486 1390 3556 Ligate
1423 3484 1539 3540 illis
1560 3501 1761 3540 manus
1808 3490 1855 3541 et
1902 3487 2084 3558 pedes,

378 3578 432 3630 et
457 3577 711 3646 projicite
741 3577 798 3631 in
830 3575 1079 3632 tenebras
1111 3577 1437 3631 exteriores.

457 3665 509 3718 9.
539 3666 678 3720 Tunc
705 3666 968 3737 scriptum
998 3680 1134 3734 esse,
1164 3664 1320 3720 Zelus
1351 3663 1542 3720 domus
1584 3671 1692 3722 tuae
1723 3668 1951 3722 comedit
1981 3684 2085 3735 me,

389 3755 660 3810 recordati
687 3762 816 3809 sunt
847 3754 1109 3825 discipuli
1140 3771 1152 3808 :
1188 3754 1326 3825 quia
1348 3754 1468 3808 zelo
1515 3754 1726 3810 domus
1774 3755 1876 3811 Dei
1925 3759 2090 3827 ejecit

390 3844 533 3900 istos
557 3844 625 3899 de
647 3843 862 3914 templo
884 3843 1188 3899 Dominus.
1214 3843 1458 3908 Fratres,
1506 3844 1904 3917 unusquisque
1935 3848 2089 3902 chri-

387 3935 610 3990 stianus
635 3936 692 3990 in
717 3933 994 3990 membris
1027 3933 1239 3988 Christi
1261 3932 1383 3988 zelo
1414 3933 1624 3990 domus
1670 3933 1770 3989 Dei
1821 3938 2086 3993 comeda-

387 4031 500 4080 tur.
526 4025 666 4089 Quis
689 4023 1016 4080 comeditur
1036 4023 1158 4078 zelo
1179 4026 1386 4079 domus
1415 4022 1557 4078 Dei?
1584 4022 1691 4088 Qui
1731 4025 1931 4081 omnia
1961 4044 2087 4098 quae

385 4114 621 4171 forteibi
655 4113 807 4168 videt
839 4128 1132 4184 perversa,
1177 4114 1388 4183 satagit
1428 4112 1665 4184 corrigi,
1707 4114 1864 4184 cupit
1899 4131 2088 4172 emen-

381 4204 502 4260 dari
525 4204 565 4268 ί,
593 4221 706 4258 non
733 4202 981 4275 quiescit
1006 4218 1018 4256 :
1045 4201 1095 4257 si
1119 4203 1429 4257 emendare
1462 4217 1572 4256 non
1610 4205 1819 4272 potest,
1855 4203 2084 4275 tolerat,

381 4293 583 4368 gemit.
619 4294 743 4349 Non
775 4291 1064 4348 excutitur
1093 4291 1164 4346 de
1185 4307 1316 4346 area
1369 4307 1642 4363 granum,
1692 4291 1940 4349 sustinet
1990 4311 2089 4366 pa-

380 4383 526 4440 leam
557 4403 571 4450 ;
600 4387 663 4438 ut
685 4383 862 4438 intret
885 4381 941 4435 in
967 4380 1407 4447 horreum,cum
1426 4379 1779 4451 paleal'uerit
1801 4387 2082 4453 separata.

387 4472 472 4526 Tu
492 4475 625 4526 ante
648 4471 940 4536 horreum,
967 4470 1012 4525 si
1035 4485 1286 4541 granum
1310 4485 1391 4538 es,
1416 4468 1532 4524 noli
1569 4470 1758 4524 excuti
1802 4470 1872 4525 de
1913 4488 2081 4538 area;

383 4579 453 4618 ne
478 4562 640 4632 prius
665 4563 734 4616 ab
767 4561 972 4617 avibus
1003 4561 1314 4632 colligaris,
1338 4578 1506 4631 quam
1533 4561 1588 4618 in
1630 4561 1904 4619 horreum
1946 4580 2084 4620 con-

380 4653 655 4723 gregeris.
676 4652 820 4705 Aves
843 4653 996 4706 enim
1021 4651 1150 4708 οωιί
1182 4653 1347 4707 aeriae
1389 4656 1703 4723 potestates
1747 4660 2086 4726 exspectant

381 4739 602 4811 aliquid
637 4755 836 4810 rapere
867 4740 938 4796 de
965 4756 1120 4806 area,
1149 4745 1203 4796 et
1235 4757 1348 4797 non
1381 4743 1612 4813 rapiunt
1635 4742 1745 4798 nisi
1769 4744 1924 4815 quod
1952 4745 2084 4800 inde

382 4829 556 4887 fuerit
576 4845 906 4886 excussum.
941 4830 1086 4901 Ergo
1116 4831 1271 4887 zelus
1312 4832 1520 4887 domus
1553 4832 1650 4886 Dei
1683 4835 1947 4889 comedat
1979 4839 2034 4890 te
2067 4851 2079 4889 :

384 4935 863 4993 unumquemque
896 4919 1279 4976 christianum
1310 4922 1466 4978 zelus
1514 4923 1723 4977 domus
1775 4921 1873 4977 Dei
1924 4941 2081 4981 com-

384 5014 537 5077 edat,
564 5011 622 5066 in
645 5028 758 5083 qua
781 5011 954 5066 domo
972 5009 1071 5065 Dei
1090 5011 1417 5067 membrum
1441 5015 1549 5067 est.
1569 5011 1692 5068 Non
1707 5012 1862 5068 enim
1900 5014 2084 5086 magis

384 5104 832 5168 cstdomustua,
858 5120 1031 5174 quam
1057 5101 1266 5158 domus
1292 5102 1387 5157 ubi
1410 5101 1591 5158 habes
1632 5103 1876 5160 salutem
1929 5121 2086 5162 sem-

383 5193 690 5259 ιιὲίετιιμτη.
717 5194 962 5249 Domum
990 5198 1147 5248 tuam
1173 5193 1356 5247 intras
1380 5196 1613 5263 prapter
1643 5195 1906 5264 requiem
1941 5199 2084 5252 tem-

385 5276 635 5346 poralem
665 5297 678 5343 ;
703 5279 941 5335 domum
967 5278 1067 5336 Dei
1089 5279 1271 5335 intras
1295 5283 1525 5351 propter
1559 5280 1815 5352 requiem
1867 5282 2085 5353 sempi-

385 5372 630 5420 ternam.
666 5368 723 5421 Si
749 5385 880 5439 ergo
928 5371 982 5424 in
1042 5373 1212 5427 domo
1274 5376 1373 5427 tua
1431 5387 1501 5426 ne
1558 5371 1698 5442 quid
1752 5387 2084 5443 perversum

385 5455 484 5510 ﬁat
507 5454 755 5524 satagis;
779 5457 836 5511 in
861 5460 1030 5514 domo
1055 5461 1150 5516 Dei
1174 5461 1271 5517 ubi
1298 5461 1458 5518 salus
1480 5461 1776 5534 proposita
1806 5466 1892 5518 est
1913 5468 1969 5518 et
1991 5478 2081 5520 re-

452 5558 466 5591 ί
491 5553 576 5606 Sic
595 5553 722 5605 Mss.
746 5556 812 5606 At
830 5557 976 5612 editi,
998 5561 1192 5622 satagit
1215 5563 1507 5620 emendare,
1539 5561 1683 5626 cupit
1711 5562 1988 5627 corrigere.

1327 221 1401 282 IN
1448 219 1774 281 JOANNIS
1820 211 2359 290 EVANGELIUM,
2409 213 2471 272 S.
2519 211 2944 276 AUGUSTINI

2184 349 2349 420 quies
2372 349 2499 405 sine
2533 349 2664 414 ﬁne,
2700 350 2874 407 debes
2909 352 3026 423 pati
3059 356 3344 424 quantum
3377 353 3432 407 in
3475 357 3530 409 te
3551 359 3660 420 est,
3686 357 3734 411 si
3759 357 3894 426 quid

3741 215 3896 277 M72

2187 439 2328 492 forte
2358 455 2695 508 perversum
2727 439 2987 497 videris?
3009 441 3182 497 Verbi
3214 443 3430 512 gratia,
3467 443 3626 499 vides
3661 444 3896 500 fratrem

2185 542 2416 583 currere
2446 529 2513 583 ad
2550 529 2882 585 theatrum?
2912 530 3173 600 prohibe,
3209 547 3401 597 mone,
3443 534 3812 600 contristare,
3842 536 3891 590 si

2183 615 2341 672 zelus
2372 618 2583 674 domus
2619 618 2715 674 Dei
2735 620 2981 675 comedit
3012 624 3086 675 te.
3134 620 3308 675 Vides
3359 621 3505 678 alios
3555 640 3788 679 currere
3843 631 3899 680 et

2189 705 2461 762 inebriari
2487 707 2651 776 velle,
2673 714 2728 764 et
2751 708 2859 765 hoc
2883 707 3025 764 velle
3049 709 3107 764 in
3129 710 3272 766 locis
3295 713 3543 782 sanctis,
3567 715 3726 785 quod
3751 732 3892 770 nus-

2189 813 2365 867 quam
2398 797 2602 853 decet?
2632 799 2872 870 prohibe
2912 817 3058 871 quos
3091 805 3276 871 potes,
3328 807 3458 858 tene
3508 820 3658 874 quos
3712 810 3897 876 potes,

2187 889 2336 941 terre
2358 902 2506 955 quos
2529 892 2714 958 potes,
2739 888 2953 959 quibus
2981 891 3144 960 potes
3183 888 3486 959 blandire;
3529 892 3651 948 noli
3702 897 3899 949 tamen

2189 976 2504 1045 quiescere.
2528 979 2765 1033 Amicus
2787 986 2872 1034 est
2892 980 2918 1032 ’ἶ
2941 979 3320 1035 admoneatur
3341 981 3570 1038 leniter.
3590 981 3742 1038 Uxor
3762 989 3852 1038 est
3873 984 3900 1038 ?

2188 1066 2553 1124 severissime
2576 1068 2915 1124 refrenetur.
2945 1068 3173 1123 Ancilla
3203 1069 3333 1124 est?
3356 1070 3534 1126 etiam
3557 1071 3899 1128 verberibus

2186 1160 2608 1225 compescatur.
2645 1157 2754 1212 Fac
2786 1157 3069 1230 quidquid
3103 1162 3286 1228 potes,
3322 1176 3421 1229 pro
3445 1176 3690 1229 persona
3721 1179 3896 1232 quam

2188 1248 2420 1314 portas;
2452 1249 2508 1300 et
2538 1246 2787 1316 perﬁcis,
2817 1247 2976 1302 Zelus
3005 1247 3195 1302 domus
3245 1254 3356 1303 tua:
3401 1249 3638 1304 comedit
3689 1266 3793 1306 me.
3841 1252 3896 1304 Si

2188 1339 2380 1390 autem
2406 1335 2582 1390 fueris
2607 1335 2870 1406 frigidus,
2887 1336 3203 1405 marcidus,
3224 1337 3294 1392 ad
3320 1341 3373 1393 te
3393 1339 3585 1393 solum
3601 1343 3896 1410 spectans,

2186 1431 2238 1477 et
2261 1424 2424 1494 quasi
2462 1424 2562 1478 tibi
2591 1424 2909 1491 sufﬁciens,
2938 1431 2994 1480 et
3023 1424 3223 1481 dicens
3271 1425 3331 1480 in
3371 1427 3544 1481 corde
3594 1433 3712 1493 tuo,
3750 1428 3892 1493 Quid

2191 1511 2333 1566 mihi
2367 1519 2454 1568 est
2483 1529 2681 1568 curare
2711 1513 2898 1569 aliena
2931 1515 3209 1586 peccata?
3238 1515 3457 1572 sufﬁcit
3504 1516 3647 1570 mihi
3698 1517 3898 1572 anima

2191 1601 2341 1670 mei;
2380 1602 2567 1673 ipsam
2610 1603 2890 1676 integram
2917 1621 3139 1660 servem
3181 1603 3296 1660 Deo
3331 1622 3344 1660 :
3380 1604 3486 1675 eia,
3519 1622 3638 1661 non
3681 1605 3785 1662 tibi
3809 1623 3900 1662 vc-

2192 1691 2276 1745 nit
2295 1690 2354 1746 in
2381 1696 2634 1747 mentem
2658 1709 2855 1748 servus
2885 1692 2982 1748 ille
3023 1694 3116 1764 qui
3162 1694 3471 1750 abscondit
3510 1694 3818 1760 talentum,
3839 1700 3896 1751 et

2194 1780 2380 1835 noluit
2409 1783 2694 1852 erogare?
2743 1782 3036 1853 Numquid
3080 1783 3234 1839 enim
3272 1791 3577 1840 accusatus
3627 1789 3712 1840 est
3758 1785 3894 1855 quia

2191 1869 2460 1938 perdidit,
2489 1874 2678 1926 etnon
2713 1872 2846 1941 quia
2898 1870 3198 1927 sinelucro
3238 1873 3488 1927 servavit
3519 1873 3728 1943 (Matth.
3763 1892 3893 1942 xxv,

2189 1959 2536 2030 25-30)?Sic
2563 1977 2697 2032 ergo
2721 1962 2936 2027 audite,
2963 1963 3174 2018 fratres
3207 1962 3341 2030 mei,
3377 1968 3438 2017 ut
3479 1981 3594 2020 non
3631 1965 3897 2035 quiesca-

2191 2048 2287 2104 tis.
2313 2049 2429 2121 Ego
2452 2051 2617 2106 vobis
2639 2051 2946 2107 consilium
2971 2053 3215 2108 daturus
3238 2069 3395 2109 sum:
3422 2054 3518 2109 det
3541 2053 3638 2110 ille
3671 2056 3772 2124 qui
3806 2056 3899 2111 in—

2195 2141 2289 2193 tus
2309 2145 2427 2205 est;
2453 2140 2592 2210 quia
2615 2142 2724 2196 etsi
2755 2158 2858 2212 per
2880 2159 2971 2198 me
2993 2143 3233 2212 dederit,
3252 2143 3346 2198 ille
3384 2144 3500 2198 dat.
3524 2144 3720 2200 Nostis
3753 2147 3894 2216 quid

2195 2229 2379 2299 agatis
2405 2230 2810 2302 unusquisque
2830 2232 2888 2287 in
2910 2233 3079 2288 domo
3117 2249 3221 2288 sua
3260 2249 3391 2288 cum
3415 2233 3623 2298 amico,
3647 2250 3779 2291 cum
3814 2236 3897 2290 in-

2196 2317 2439 2386 quilino,
2473 2334 2602 2374 cum
2636 2319 2846 2376 cliente
2879 2337 3004 2389 suo,
3029 2338 3161 2378 cum
3197 2323 3436 2392 majore,
3469 2338 3602 2378 cum
3638 2323 3894 2379 minore:

2194 2407 2482 2477 quomodo
2505 2408 2603 2463 dat
2626 2409 2777 2465 Deus
2807 2410 3054 2477 aditum,
3089 2411 3380 2482 quomodo
3435 2411 3618 2482 aperit
3658 2413 3894 2481 januam

2193 2496 2364 2551 verbo
2387 2513 2515 2564 suo,
2543 2497 2717 2554 nolite
2760 2499 3054 2569 quiescere
3095 2499 3306 2555 lucrari
3328 2499 3599 2567 Christo;
3632 2501 3770 2572 quia
3804 2501 3898 2555 lu-

2193 2586 2333 2641 crati
2365 2587 2505 2643 estis
2537 2605 2570 2642 a
2598 2587 2848 2648 Christo.

2273 2676 2352 2729 tO.
2387 2699 2413 2724 α
2447 2675 2727 2731 Dixerunt
2762 2677 2844 2733 illi
2874 2678 3060 2734 Judaei
3095 2695 3107 2733 :
3142 2678 3306 2746 Quod
3357 2679 3590 2751 signum
3638 2680 3899 2736 ostendis

2195 2764 2384 2832 nobis,
2414 2765 2550 2835 quia
2571 2765 2692 2822 hinc
2714 2766 2900 2823 facis?
2931 2790 2957 2816 »
2993 2769 3059 2823 Et
3083 2767 3368 2824 Dominus
3396 2786 3408 2823 :
3433 2790 3461 2818 «
3510 2767 3723 2824 Solvite
3767 2777 3902 2824 tem-

2197 2855 2354 2928 plum
2378 2857 2506 2925 hoc,
2531 2865 2585 2913 et
2604 2857 2661 2913 in
2686 2858 2872 2914 tribus
2903 2858 3106 2915 diebus
3128 2860 3386 2916 excitabo
3427 2859 3594 2914 illud.
3625 2859 3903 2915 Dixerunt

2196 2961 2327 3014 ergo
2349 2945 2569 3000 Judaei:
2594 2947 2985 3018 Quadraginta
3015 2952 3070 3002 et
3093 2964 3190 3003 sex
3233 2948 3406 3003 annis
3428 2947 3774 3003 aediﬁcatum
3815 2953 3900 3002 est

2194 3032 2482 3105 templum
2515 3035 2643 3103 hoc,
2678 3039 2733 3091 et
2765 3041 2822 3091 tu
2855 3035 3024 3102 dicis,
3058 3036 3122 3092 In
3155 3036 3342 3092 tribus
3383 3037 3592 3093 diebus
3636 3037 3896 3099 excitabo

2191 3121 2334 3179 illud
2360 3121 2387 3174 ?
2412 3145 2436 3170 ››
2468 3125 2606 3178 Caro
2637 3127 2824 3193 erant,
2847 3125 3104 3180 carnalia
3136 3125 3437 3195 sepiebant
3471 3141 3483 3180 :
3518 3125 3615 3180 ille
3648 3139 3778 3180 vero
3813 3125 3898 3180 lo-

2193 3212 2484 3282 quebatur
2515 3212 2907 3284 spiritualiter.
2937 3214 3077 3280 Quis
3107 3218 3302 3270 autem
3332 3219 3528 3285 posset
3572 3213 3902 3284 intelligere

2195 3304 2265 3358 de
2296 3319 2407 3374 quo
2440 3305 2656 3376 templo
2688 3305 2965 3361 dicebat?
2994 3305 3101 3361 Sed
3139 3323 3252 3361 non
3274 3305 3522 3361 multum
3545 3305 3896 3377 quaerimus;

2196 3407 2296 3463 per
2318 3391 2741 3464 Evangelislam
2767 3393 2936 3449 nobis
2967 3393 3214 3465 aperuit,
3248 3394 3391 3449 dixit
3420 3395 3487 3449 de
3519 3410 3631 3464 quo
3677 3379 3897 3464 templo

2196 3482 2411 3538 diceret
2443 3498 2456 3536 :
2491 3482 2688 3538 Solvite
2718 3483 2978 3554 templum
3003 3483 3125 3551 hoc,
3151 3491 3203 3537 et
3236 3485 3292 3539 in
3326 3484 3501 3539 tribus
3530 3484 3712 3539 diebus
3748 3485 3902 3538 exci-

2194 3573 2322 3628 tabo
2354 3572 2518 3627 illud.
2551 3573 2937 3644 Quadraginta
2981 3581 3033 3628 et
3079 3590 3177 3630 sex
3223 3575 3385 3629 armis
3430 3574 3770 3643 aediﬁcatum
3822 3580 3902 3627 est

2197 3663 2478 3732 templum,
2511 3669 2562 3718 et
2593 3662 2770 3718 triduo
2799 3661 3083 3717 suscitabis
3113 3662 3255 3718 illud
3275 3669 3302 3718 Ρ
3331 3662 3558 3718 Dicebat
3585 3669 3792 3728 autem,
3825 3663 3902 3716 ait

2197 3753 2580 3825 Evangelista,
2611 3752 2676 3809 de
2708 3753 2905 3824 templo
2944 3755 3192 3824 corporis
3239 3752 3348 3808 sui.
3411 3752 3477 3807 Et
3524 3752 3902 3807 manifestum

2198 3848 2306 3910 est,
2356 3841 2614 3897 occisum
2658 3840 2942 3896 Dominus
2988 3844 3121 3911 post
3169 3840 3430 3896 triduum
3488 3838 3900 3895 resurrexisse.

2199 3933 2316 3986 Hoc
2347 3931 2518 3985 modo
2551 3930 2825 3985 omnibus
2857 3929 3027 3985 nobis
3061 3934 3262 3985 notum
3295 3933 3383 3985 est
3417 3945 3429 3984 :
3483 3933 3541 3983 et
3591 3928 3640 3984 si
3689 3929 3906 3984 ludeis

2199 4021 2462 4076 clausum
2497 4023 2605 4084 est,
2640 4019 2779 4091 quia
2812 4019 2952 4075 foris
2983 4023 3177 4084 stant;
3218 4017 3386 4073 nobis
3408 4021 3603 4073 tamen
3635 4021 3901 4088 apertum

2198 4115 2305 4177 est,
2332 4109 2466 4180 quia
2489 4109 2757 4165 novimus
2777 4109 2835 4164 in
2855 4123 3029 4180 quem
3053 4107 3364 4163 credimus.
3392 4105 3797 4177 Ipsiustempli
3822 4123 3904 4161 so-

2199 4201 2481 4256 lutionem
2498 4206 2548 4255 et
2565 4198 2730 4254 resedi
2743 4198 3090 4265 ﬁcationem,
3116 4196 3513 4253 anniversaria
3529 4195 3905 4252 solemnitate

2198 4289 2542 4347 celebraturi
2565 4305 2770 4345 sumus
2797 4306 2809 4343 :
2837 4289 2906 4342 ad
2931 4304 3107 4360 quam
3135 4305 3236 4341 vos
3254 4286 3646 4353 exhortamur,
3672 4291 3736 4341 ut
3761 4304 3902 4357 pras-

2197 4379 2410 4453 paretis
2441 4395 2560 4446 vos,
2604 4377 2654 4432 si
2697 4378 2797 4448 qui
2849 4377 2990 4432 estis
3036 4375 3460 4445 catechumeni,
3504 4380 3568 4431 ut
3599 4375 3908 4448 accipiatis

2197 4470 2441 4543 gratiam
2469 4469 2616 4539 ;jam
2643 4484 2797 4523 nunc
2825 4473 3059 4538 tempus
3077 4468 3329 4537 est,jam
3354 4482 3506 4521 nunc
3541 4465 3906 4536 parturiatur

2195 4559 2343 4630 quod
2379 4563 2515 4613 tunc
2549 4561 2844 4612 nascatur.
2875 4556 3020 4628 Ergo
3054 4555 3195 4611 illud
3233 4555 3520 4611 novimus.

2271 4649 2353 4704 11.
2386 4646 2493 4702 Sed
2519 4645 2663 4704 forte
2712 4645 2820 4702 hoc
2869 4644 3119 4717 exigitur
3149 4663 3178 4700 a
3226 4644 3414 4714 nobis,
3447 4649 3645 4700 utrum
3695 4643 3910 4699 habeat

2196 4737 2425 4809 aliquod
2447 4738 2879 4791 sacramentum
2910 4734 3298 4806 quadraginta
3316 4751 3415 4790 sex
3447 4733 3619 4788 annis
3651 4732 3910 4789 aediﬁca-

2196 4833 2319 4884 tum
2351 4827 2655 4898 templum.
2684 4826 2832 4881 Sunt
2856 4825 3092 4898 quidem
3122 4824 3304 4880 multa
3326 4841 3446 4894 quae
3479 4823 3615 4880 hinc
3639 4823 3753 4879 dici
3774 4841 3906 4894 pos-

2195 4919 2336 4988 sint;
2363 4919 2464 4975 sed
2502 4918 2650 4990 quod
2697 4916 2949 4972 breviter
2980 4914 3090 4969 dici
3124 4920 3313 4986 potest
3345 4920 3402 4970 et
3432 4913 3600 4972 facile
3631 4913 3905 4983 intelligi,

2193 5008 2301 5064 hoc
2318 5005 2840 5063 interimdicimus.
2857 5005 3109 5073 Fratres,
3127 5005 3537 5076 diximusjam,
3559 5002 3672 5060 nisi
3710 5002 3912 5072 fallor,

2196 5099 2463 5154 hesterno
2487 5096 2599 5162 die,
2623 5095 2808 5150 Adam
2855 5111 3036 5150 unum
3061 5093 3361 5151 hominem
3389 5095 3586 5164 fuisse,
3605 5102 3660 5150 et
3701 5095 3908 5165 ipsum

2192 5205 2318 5244 esse
2341 5191 2524 5243 totum
2554 5200 2734 5258 genus
2758 5183 3108 5240 humanum.
3136 5183 3280 5240 Nam
3301 5184 3377 5240 ita
3399 5183 3673 5251 diximus,
3700 5183 3754 5238 si
3782 5199 3909 5238 me—

2194 5277 2447 5336 ministis
2472 5278 2552 5347 (In
2584 5276 2859 5346 superiori
2899 5275 3192 5346 Tractatu).
3228 5273 3405 5338 Quasi
3458 5275 3676 5330 fractus
3710 5276 3816 5339 est,
3855 5276 3915 5328 et

2193 5382 2433 5439 sparsus
2455 5364 2765 5438 colligitur,
2800 5368 2856 5420 et
2897 5363 3066 5435 quasi
3116 5364 3401 5418 conﬂatur
3445 5364 3502 5416 in
3569 5379 3751 5417 unum
3815 5379 3915 5418 so-

2193 5459 2398 5517 cietate
2429 5461 2603 5529 atque
2634 5455 2942 5512 concordia
2989 5453 3280 5526 spirituali
3314 5457 3355 5509 ί.
3406 5454 3476 5509 Et
3519 5453 3699 5525 gemit
3749 5469 3912 5508 unus

2261 5562 2272 5595 ³
2299 5558 2385 5609 Sic
2414 5556 2634 5619 Mss.1At
2656 5555 2801 5621 editi,
2827 5556 2882 5606 in
2903 5569 3066 5606 unum
3093 5553 3382 5605 societate»:
3406 5561 3559 5617 atque
3574 5550 3904 5603 concordiam
