4170 6188
208 257 364 319 M73

204 419 423 476 pauper
456 403 636 460 modo
668 404 795 476 ipse
825 405 1037 473 Adam,
1069 404 1172 461 sed
1198 405 1256 460 in
1286 404 1516 461 Christo
1568 404 1915 461 innovatur:

204 496 329 566 quia
358 496 490 551 sine
510 498 753 565 peccato
773 495 936 551 venit
951 496 1156 564 Adam,
1192 501 1258 551 ut
1278 500 1575 567 peccatum
1601 496 1682 551 Ad
1692 512 1784 551 am
1799 496 1919 551 sol-

204 589 348 641 veret
372 586 432 639 in
460 600 643 640 carne
666 602 799 655 sua,
833 590 891 640 et
917 590 977 641 ut
998 586 1421 657 redintegraret
1442 586 1551 641 sibi
1574 586 1757 641 Adam
1775 586 1915 642 ima-

202 680 388 749 ginem
429 680 444 712 ί
487 677 609 732 Dei.
644 676 727 732 De
761 678 944 733 Adam
974 693 1109 749 ergo
1141 694 1273 734 caro
1315 676 1573 733 Christi:
1616 677 1686 732 de
1732 677 1913 733 Adam

203 784 329 839 ergo
360 768 665 839 templum
692 769 850 840 quod
873 769 1286 825 destruxerunt
1300 767 1507 835 Judaei,
1530 768 1916 824 etresuscita-

202 858 271 911 vit
299 856 605 913 Dominus
627 857 845 913 triduo.
863 857 1249 914 Resuscitavit
1268 856 1424 914 enim
1448 872 1680 913 carnem
1714 870 1909 911 suam:

204 949 408 1011 videte.
438 948 587 1020 quia
614 947 769 1006 Deus
800 952 923 1005 erat
952 948 1194 1020 aqualis
1225 947 1399 1004 Patri.
1424 950 1649 1004 Fratres
1674 946 1914 1015 mei,di—

200 1037 269 1094 cit
299 1036 657 1109 Apostolus,
692 1038 803 1106 Qui
832 1053 958 1093 eum
986 1037 1303 1094 excitavita
1326 1039 1581 1093 mortuis.
1607 1036 1910 1106 Dequodi-

200 1124 309 1181 citi
331 1126 421 1181 De
456 1126 632 1182 Patre
664 1143 678 1181 :
705 1147 729 1178 ι
746 1128 978 1194 Factus,
999 1148 1025 1175 »ι
1041 1126 1253 1199 inquit,
1271 1150 1299 1177 ‹‹
1325 1126 1599 1183 obediens
1631 1140 1817 1197 usque
1837 1125 1909 1181 ad

199 1222 473 1285 mortem,
495 1222 747 1273 mortem
771 1225 963 1273 autem
987 1218 1174 1275 crucis
1197 1222 1462 1289 :propter
1498 1217 1649 1288 quod
1673 1220 1731 1272 et
1756 1216 1910 1273 Deus

199 1308 361 1363 illum
386 1306 721 1363 excitavita
741 1308 990 1364 mortuis
1010 1308 1049 1374 ⁸,
1075 1312 1131 1364 et
1151 1308 1312 1363 dedit
1336 1307 1388 1363 ei
1413 1322 1621 1363 nomen
1646 1306 1800 1377 quod
1824 1308 1913 1361 est

199 1414 375 1470 super
407 1414 592 1455 omne
623 1414 827 1456 nomen
850 1422 879 1449 n
913 1398 1184 1471 (Philipp.
1219 1415 1283 1468 ιι,
1315 1399 1369 1465 8,
1399 1396 1478 1469 9).
1513 1397 1909 1453 Besusoitatus

200 1494 251 1543 et
271 1487 571 1544 exaltatus
603 1492 695 1544 est
721 1488 1023 1543 Dominus.
1042 1485 1908 1557 Resuscitaviteum,quis?Pa-

210 1586 307 1641 ter.
338 1578 437 1633 cui
473 1576 628 1633 dixit
658 1578 716 1632 in
748 1577 1022 1648 Psalmis,
1066 1580 1253 1634 Eccita
1284 1594 1393 1645 me,
1423 1581 1474 1633 et
1503 1575 1728 1633 reddam
1770 1575 1905 1633 illis.

202 1670 366 1737 thsat.
400 1684 499 1735 ιι,
534 1668 647 1738 il).
683 1667 830 1739 Ergo
865 1666 1031 1723 Pater
1058 1684 1189 1724 eum
1228 1667 1609 1724 resuscitavit.
1665 1667 1796 1723 Non
1850 1683 1909 1722 se

201 1760 313 1827 ipse
341 1757 370 1813 ?
400 1757 556 1821 Quid
584 1762 780 1813 autem
814 1757 951 1813 facit
980 1762 1149 1815 Pater
1179 1760 1306 1814 sine
1334 1757 1521 1813 Verbo
1551 1758 1579 1811 ?
1609 1756 1745 1828 quid
1774 1756 1910 1811 facit

204 1846 364 1902 Pater
397 1847 531 1902 sine
568 1845 748 1901 Unico
772 1848 919 1903 suo?
956 1847 1097 1903 Nam
1141 1847 1277 1903 audi
1317 1848 1457 1918 quia
1504 1850 1561 1900 et
1599 1847 1723 1917 ipse
1753 1845 1908 1900 Deus

202 1941 317 1991 erat
351 1956 363 1990 :
398 1936 616 1993 Solvite
645 1937 914 2009 templum
944 1938 1060 2005 hoc,
1083 1942 1135 1994 et
1155 1940 1218 1993 in
1237 1937 1414 1992 tribus
1443 1937 1631 1991 diebus
1654 1934 1909 1991 excitabo

204 2026 356 2081 illud.
381 2026 865 2098 Numquiddixit,
889 2026 1100 2083 Solvite
1112 2026 1395 2099 templum
1411 2027 1586 2099 ,quod
1602 2026 1791 2081 triduo
1809 2025 1909 2081 Pa-

208 2125 283 2171 ter
302 2114 785 2171 resuscitet‘tSed
809 2117 1100 2187 quomodo
1112 2133 1246 2172 cum
1266 2118 1435 2171 Pater
1457 2115 1722 2181 suscitat,
1739 2119 1795 2169 et
1808 2113 1908 2170 Fi-

204 2204 609 2269 liussusoitat;
637 2204 720 2259 sic
732 2220 867 2260 cum
896 2204 1073 2261 Filius
1085 2206 1424 2274 suscitat,et
1446 2205 1609 2261 Pater
1632 2203 1903 2260 suscitat:

201 2296 328 2366 quia
360 2293 925 2364 Filiusdixit,Egoet
957 2296 1122 2351 Pater
1141 2312 1312 2350 unum
1332 2310 1519 2350 sumus
1541 2291 1908 2365 (Joan.x,30).

267 2386 353 2437 12.
387 2383 549 2447 Quid
583 2398 723 2454 ergo
770 2382 883 2438 sibi
931 2382 1047 2439 vult
1086 2400 1371 2441 numerus
1418 2380 1911 2455 quadragenarius

203 2474 467 2529 senarius
500 2473 532 2528 ?
557 2471 797 2528 lnterim
831 2473 958 2545 ipse
986 2474 1167 2530 Adam
1199 2475 1337 2547 quia
1362 2490 1465 2546 per
1484 2478 1671 2529 totum
1703 2474 1904 2529 orbem

200 2570 485 2619 terrarum
512 2566 629 2629 est,
660 2562 906 2618 audistis
917 2563 1041 2633 jam
1058 2563 1329 2619 hesterno
1347 2563 1438 2619 die
1461 2563 1520 2619 in
1545 2567 1793 2635 quatuor
1815 2562 1907 2617 lit-

199 2654 329 2708 teris
362 2652 581 2725 grrecis
613 2656 866 2724 quatuor
915 2652 1221 2710 verborum
1265 2669 1607 2724 gracorum.
1640 2652 1701 2708 Si
1751 2651 1907 2708 enim

198 2744 295 2798 ista
324 2742 512 2798 verba
535 2747 793 2813 quatuor
806 2742 1028 2797 scribas
1049 2743 1157 2797 sub
1180 2742 1514 2810 invicem,ld
1545 2746 1654 2807 est,
1673 2741 1911 2797 nomina

200 2838 446 2902 quatuor
467 2831 725 2903 partium
748 2831 972 2899 mundi,
993 2831 1268 2897 Orientis,
1289 2832 1641 2892 Occidentis.
1671 2830 1911 2902 Aquilo-

201 2925 282 2979 nis
300 2929 361 2979 et
393 2922 731 2987 Meridiani,
766 2922 919 2994 quod
953 2926 1042 2977 est
1071 2926 1227 2977 totus
1258 2922 1414 2978 orbis
1440 2923 1624 2989 ;unde
1638 2921 1780 2976 dicit
1800 2920 1912 2976 Do-

204 3015 399 3068 minus
428 3028 461 3067 a
494 3016 754 3082 quatuor
781 3011 968 3066 ventis
996 3010 1373 3067 collecturum
1416 3027 1477 3066 se
1497 3010 1713 3067 electos
1747 3024 1910 3077 suos,

207 3118 333 3158 cum
367 3100 602 3157 venerit
627 3101 697 3155 ad
723 3100 1013 3169 judicium
1038 3099 1231 3171 (Marc.
1264 3117 1390 3166 xm,
1414 3100 1545 3172 27):
1581 3099 1630 3155 si
1661 3099 1817 3155 enim
1839 3098 1916 3153 fa-

206 3194 318 3247 cias
360 3192 480 3247 ista
514 3194 770 3261 quatuor
799 3189 1039 3246 nomina
1077 3206 1281 3263 graeca,
1310 3187 1570 3257 ἀνατολὴ,
1621 3189 1778 3261 quod
1827 3192 1917 3244 est

210 3281 408 3337 Oriens
436 3298 451 3348 ;
487 3276 665 3346 δύσις,
698 3280 852 3350 quod
883 3284 974 3335 est
1003 3279 1285 3337 Occidens
1313 3296 1326 3347 ;
1387 3275 1586 3352 ἄρκτος
1638 3278 1790 3350 quod
1830 3281 1917 3332 est

209 3370 576 3444 Septentrio;
615 3362 951 3442 μεσημϐρία,
987 3370 1140 3442 quod
1173 3374 1262 3426 est
1294 3370 1563 3426 Meridies
1599 3387 1612 3425 τ
1648 3370 1915 3438 Anatole,

206 3460 377 3531 dysis,
412 3464 634 3524 arctos,
664 3457 1034 3524 mesembria,
1065 3458 1257 3530 capita
1276 3459 1585 3514 verborum
1610 3459 1790 3513 Adam
1815 3459 1917 3513 ha-

212 3550 365 3605 bent.
401 3548 709 3613 Quomodo
731 3562 867 3618 ergo
904 3546 981 3601 ibi
1021 3546 1350 3602 invenimus
1400 3552 1459 3603 et
1516 3548 1915 3619 quadragena-

206 3638 353 3693 rium
376 3636 683 3694 senarium
720 3652 1028 3691 numerum
1054 3634 1082 3690 ?
1110 3635 1216 3701 Qui
1245 3652 1377 3691 caro
1400 3635 1610 3692 Christi
1644 3637 1714 3693 de
1744 3639 1916 3693 Adam

208 3733 345 3783 erat.
385 3727 469 3781 Ad
499 3726 725 3781 litteras
751 3740 1020 3780 numeros
1037 3729 1381 3796 computant
1401 3724 1601 3780 Graeci.
1635 3727 1795 3791 Quod
1817 3742 1919 3782 nos

210 3816 450 3873 facimus
471 3833 509 3872 α
542 3814 819 3883 litteram,
842 3814 955 3885 ipsi
978 3813 1178 3887 lingua
1199 3830 1306 3870 sua
1329 3819 1555 3887 ponunt
1586 3815 1758 3885 alpha
1780 3835 1833 3885 at,
1866 3821 1920 3871 et

215 3910 443 3963 vocatur
471 3904 651 3976 alpha
680 3919 947 3959 a-unum.
986 3902 1092 3959 Ubi
1124 3911 1316 3959 autem
1364 3906 1421 3960 in
1464 3906 1727 3960 numeris
1774 3906 1919 3961 scri-

214 3996 352 4051 bunt
380 3998 522 4051 beta
554 3993 610 4065 β,
638 3994 792 4064 quod
825 3997 911 4049 est
943 3993 971 4046 b
994 3994 1281 4064 ipsorum,
1315 3998 1551 4050 vocatur
1576 3993 1632 4049 in
1658 3995 1918 4051 numeris

216 4088 342 4142 duo.
374 4085 486 4141 Ubi
506 4082 774 4139 scribunt
792 4098 1031 4154 gamma
1047 4102 1102 4154 γ,
1134 4087 1367 4139 vocatur
1392 4084 1446 4137 in
1474 4085 1736 4139 numeris
1767 4084 1919 4156 ipso-

217 4191 340 4230 rum
371 4173 502 4229 tria.
540 4171 646 4228 Ubi
677 4170 947 4228 scribunt
977 4170 1128 4227 delta
1178 4167 1229 4238 δ,
1276 4175 1514 4229 vocatur
1553 4172 1609 4227 in
1661 4174 1922 4229 numeris

215 4266 470 4336 ipsorum
504 4270 760 4333 quatuor
791 4278 805 4318 :
837 4266 895 4317 et
912 4262 996 4317 sic
1016 4277 1116 4333 per
1140 4278 1347 4317 omnes
1380 4260 1601 4317 litteras
1644 4278 1922 4319 numeros

218 4354 441 4411 habent.
481 4357 563 4419 Μ,
586 4353 741 4423 quod
760 4368 867 4408 nos
886 4350 1154 4419 dicimus,
1178 4355 1235 4406 et
1254 4350 1338 4407 illi
1360 4350 1669 4424 dicuntmy
1692 4373 1751 4423 μ,
1777 4370 1923 4423 qua-

217 4445 479 4515 draginta
511 4441 835 4514 signiﬁcat:
872 4440 1072 4496 dicunt
1093 4441 1249 4498 enim
1297 4457 1392 4510 my
1427 4461 1467 4511 μ
1503 4441 1919 4513 τεσσαράκοντα.

214 4536 331 4591 Jam
362 4536 555 4589 videte
584 4532 712 4587 ista:
744 4530 949 4587 litteris
980 4546 1151 4601 quem
1185 4545 1498 4585 numerum
1540 4531 1817 4601 habeant;
1867 4538 1924 4589 et

219 4624 291 4678 ibi
322 4623 631 4680 invenietis
663 4620 1049 4693 quadraginta
1080 4636 1177 4676 sex
1210 4620 1381 4675 annis
1404 4619 1750 4676 aedificatum
1775 4627 1924 4678 tem-

218 4715 392 4785 plum.
429 4712 613 4770 Habet
642 4712 799 4769 enim
830 4711 1013 4766 Adam
1030 4710 1205 4781 alpha
1222 4711 1448 4781 a,quod
1467 4714 1554 4766 est
1578 4726 1787 4768 unum:
1825 4713 1926 4769 ha-

222 4804 470 4861 betdelta
486 4798 692 4873 8,quod
708 4805 1131 4871 suntquatuor;
1149 4800 1325 4855 habes
1341 4799 1601 4871 quinque
1621 4801 1815 4858 :habet
1828 4804 1927 4859 ite-

220 4908 342 4948 rum
376 4893 553 4964 alpha
585 4892 807 4962 a,quod
840 4897 925 4945 est
956 4889 1375 4956 unum;habes
1398 4905 1537 4945 sex:
1564 4890 1925 4964 babetetmy

224 4983 447 5053 p,quod
463 4986 555 5037 est
570 4979 989 5052 quadraginta;
1023 4979 1203 5035 habes
1240 4978 1920 5050 quadragintasex.Ha3c,

222 5070 421 5127 fratres
436 5071 545 5128 mei
558 5070 757 5137 ,etiam
773 5070 845 5125 ab
861 5068 1257 5125 anterioribus
1274 5067 1477 5139 majori
1489 5068 1597 5124 bus
1612 5069 1825 5125 nostris
1840 5070 1925 5126 di-

222 5164 309 5215 cta
322 5164 545 5227 sunt,et
568 5160 844 5215 inventus
856 5165 943 5215 est
956 5158 1065 5214 iste
1082 5173 1359 5213 numerus
1374 5158 1431 5213 in
1447 5157 1653 5215 litteris
1670 5161 1922 5230 quadra-

222 5253 484 5319 genarius
513 5250 788 5308 senarius
818 5250 919 5323 (a).
953 5249 1022 5304 Et
1052 5250 1188 5320 quia
1208 5248 1494 5305 Dominus
1524 5255 1719 5305 noster
1746 5251 1919 5307 Jesus

220 5360 300 5421 ιιρί
307 5360 573 5411 ritualem.

284 5428 297 5457 ³
329 5422 419 5484 Ms.
447 5423 801 5479 Fossatensis,
843 5423 895 5471 in
931 5420 1236 5484 imaginem.

281 5484 301 5518 ²
326 5483 445 5536 Tres
472 5487 622 5543 Μία..
652 5484 922 5536 exultavit
942 5500 976 5533 a
1007 5483 1246 5537 mortuis.

286 5548 353 5609 (α)
382 5549 494 5600 Vid.
526 5549 622 5600 lib.
659 5550 726 5598 de
756 5548 1034 5599 montibus
1061 5547 1186 5599 Sina
1217 5552 1271 5599 et
1301 5547 1430 5599 Sion
1463 5552 1652 5600 contra
1680 5548 1919 5612 Judmos,

234 5614 345 5659 nter
371 5613 618 5677 Cypriani
657 5624 844 5676 opera.

1463 255 1923 320 TRACTATUS
1966 260 2070 321 XI.
2117 258 2375 322 CAPUT
2416 262 2493 322 ΙΙ.

3578 271 3734 331 14⁵74

2026 396 2292 456 Christus
2324 403 2395 457 de
2422 405 2604 459 Adam
2636 421 2847 477 corpus
2871 408 3111 480 accepit,
3134 424 3247 465 non
3281 411 3352 465 de
3382 412 3565 466 Adam
3591 428 3725 483 pec-

2026 493 2221 545 eatum
2245 494 2453 562 traxit;
2477 495 2761 567 templum
2786 514 3129 569 corporeum
3152 500 3285 556 inde
3309 504 3586 572 sumpsit,
3612 520 3724 557 non

2024 574 2392 649 iniquitatem
2408 600 2536 655 quae
2549 586 2618 641 de
2646 587 2861 659 templo
2879 587 3148 659 pellenda
3170 593 3260 645 est
3279 607 3291 644 :
3316 591 3505 661 ipsam
3530 596 3725 647 autem

2026 680 2257 724 carnem
2293 686 2470 742 quam
2498 676 2756 731 traxitde
2782 678 2961 732 Adam
2984 678 3187 747 (Maria
3211 680 3367 735 enim
3408 680 3479 735 de
3528 681 3726 745 Adam,

2024 760 2076 809 et
2116 756 2349 815 Domini
2380 777 2514 817 caro
2537 764 2608 818 de
2639 765 2858 835 Maria),
2890 765 3077 822 Judaei
3101 768 3730 835 cruciﬁxerunt;etille

2023 846 2479 905 resuscitaturus
2512 858 2630 908 erat
2662 855 2847 923 ipsam
2904 872 3137 912 carnem
3181 858 3239 913 in
3288 858 3504 920 triduo,
3549 874 3723 929 quam

2022 932 2107 988 illi
2138 934 2197 989 in
2230 951 2400 994 cruce
2420 949 2580 996 erant
2618 943 2908 1001 occisuri:
2960 944 3047 1000 illi
3098 946 3395 1003 solverunt
3442 948 3724 1017 templum

2023 1023 2412 1095 quadraginta
2442 1044 2541 1083 sex
2573 1031 2743 1087 annis
2780 1032 3148 1100 tedificatum,
3184 1040 3242 1089 et
3291 1034 3385 1091 ille
3427 1035 3487 1091 in
3534 1037 3729 1092 triduo

2022 1112 2387 1169 resuscitavit
2419 1116 2585 1172 illud.

2092 1201 2176 1254 13.
2208 1203 2609 1262 Benedioimus
2641 1210 2884 1265 Domino
2916 1210 3031 1267 Deo
3064 1216 3283 1278 nostro,
3325 1215 3421 1284 qui
3464 1215 3531 1268 ad
3584 1214 3729 1268 laeti-

2018 1289 2160 1345 tiam
2180 1291 2543 1361 spiritualem
2568 1298 3071 1367 congregavitnos.
3092 1301 3288 1356 Simus
3310 1301 3368 1355 in
3384 1301 3716 1358 humilitate

2019 1379 2208 1434 cordis
2241 1396 2489 1453 semper,
2512 1389 2569 1440 et
2598 1387 2867 1457 gaudium
2898 1397 3154 1444 nostrum
3186 1406 3362 1461 penes
3398 1391 3590 1461 ipsum
3622 1392 3719 1448 sit.

2016 1469 2143 1524 Non
2176 1471 2246 1525 de
2280 1474 2655 1545 prosperitate
2676 1475 2871 1549 aliqua
2886 1479 3063 1549 hujus
3080 1478 3274 1536 saeculi
3302 1480 3714 1542 intlemur,sed

2017 1559 2350 1616 noverimus
2383 1562 2715 1621 felicitatem
2741 1572 3001 1623 nostram
3029 1586 3141 1623 non
3173 1584 3297 1624 esse
3321 1569 3431 1624 nisi
3455 1586 3589 1625 cum
3614 1570 3724 1626 ista

2015 1649 2556 1708 transierint.Modo
2587 1655 2867 1725 gaudium
2906 1665 3192 1725 nostrum,
3241 1659 3451 1715 fratres
3484 1659 3617 1725 mei,
3651 1659 3709 1714 in

2016 1753 2118 1808 spe
2140 1738 2215 1793 sit
2246 1755 2257 1793 ε
2281 1754 2449 1795 nemo
2470 1744 2720 1813 gaudeat
2749 1746 2914 1815 quasi
2933 1748 2990 1801 in
3016 1763 3073 1802 re
3088 1749 3381 1818 praesenti,
3407 1765 3477 1804 ne
3498 1748 3717 1806 haereat

2015 1824 2075 1878 in
2106 1825 2216 1880 via.
2249 1826 2456 1883 Totum
2489 1831 2764 1899 gaudium
2791 1834 2859 1887 de
2881 1850 2984 1905 spe
3007 1835 3193 1890 futura
3219 1836 3315 1901 sit,
3339 1840 3528 1891 totum
3555 1838 3713 1893 desi-

2013 1917 2237 1973 derium
2259 1920 2384 1975 vitae
2406 1930 2628 1977 aeternas
2652 1924 2747 1979 sit.
2768 1924 2978 1981 Omnia
3001 1926 3251 1997 suspiria
3271 1926 3502 1983 Christo
3523 1929 3709 1983 anhe-

2011 2003 2137 2065 lent
2169 2024 2184 2063 :
2216 2008 2313 2065 ille
2345 2028 2498 2067 unus
2530 2012 2982 2083 pulcherrimus,
3015 2016 3114 2086 qui
3154 2020 3208 2071 et
3242 2016 3416 2072 fasdos
3442 2016 3717 2073 dilexitut

2018 2096 2294 2169 pulchros
2328 2100 2560 2170 faceret,
2583 2103 2973 2170 desideretur;
3005 2103 3079 2160 ad
3111 2102 3275 2159 illum
3301 2121 3483 2161 unum
3515 2122 3715 2162 curra-

2018 2189 2133 2253 tur,
2158 2187 2241 2242 illi
2276 2189 2692 2260 ingemiscatur
2725 2199 2815 2258 ;et
2853 2193 3039 2248 dicant
3077 2209 3303 2264 semper,
3349 2194 3718 2265 Magniﬁcetur

2022 2278 2299 2343 Dominus,
2333 2280 2433 2347 qui
2460 2280 2645 2336 volunt
2672 2295 2859 2351 pacem
2886 2284 3030 2337 servi
3048 2284 3187 2349 eius.

2591 2404 3013 2461 TRACTATUS
3040 2404 3131 2461 Xl.

2018 2506 2095 2564 Ab
2125 2526 2184 2565 eo
2213 2510 2353 2583 quod
2382 2516 2644 2584 scriptum
2674 2521 2773 2581 est,
2795 2514 2937 2570 Cum
2962 2523 3150 2570 autem
3175 2523 3322 2569 esset
3345 2515 3718 2587 Jerosolymis

2092 2601 2147 2654 in
2181 2604 2405 2658 Pascha
2435 2602 2492 2657 in
2527 2603 2801 2670 diefesto,
2834 2604 3457 2661 multicredideruntin
3482 2607 3718 2663 nomine

2090 2692 2252 2763 ejus;
2288 2710 2454 2765 usque
2482 2694 2551 2750 ad
2581 2695 2656 2761 id,
2691 2695 2815 2751 Nisi
2851 2696 2987 2767 quis
3012 2700 3247 2753 renatus
3274 2695 3448 2751 fuerit
3478 2712 3546 2751 ex
3567 2714 3721 2767 aqua

2030 2794 2033 2795 '
2091 2785 2148 2835 et
2174 2782 2415 2852 Spiritu,
2440 2800 2552 2838 non
2578 2784 3013 2856 potestintroire
3031 2786 3087 2840 in
3110 2801 3351 2855 regnum
3373 2786 3495 2841 Dei.
3516 2784 3721 2856 Capm,

2094 2870 2145 2923 Ῡ.
2178 2870 2371 2939 23-25,
2401 2877 2453 2927 et
2480 2888 2597 2943 cap.
2632 2889 2714 2940 ιιι,
2740 2873 2792 2940 in
2830 2874 2941 2927 l-5.

2095 2994 2143 3047 1.
2178 2992 2515 3065 Opportune
2544 2995 2713 3050 nobis
2745 2996 3028 3051 Dominus
3082 2998 3414 3067 procuravit
3445 2997 3727 3053 hodierno

2024 3081 2116 3137 die
2176 3083 2437 3138 lectionis
2487 3084 2659 3154 hujus
2708 3082 2970 3139 ordinem
3008 3101 3020 3140 :
3059 3101 3190 3140 nam
3237 3085 3376 3155 quia
3413 3102 3481 3141 ex
3526 3087 3728 3143 ordine

2023 3171 2400 3243 Evangelium
2432 3174 2757 3229 secundum
2801 3174 3090 3229 Joannem
3142 3175 3513 3231 considerare
3556 3181 3731 3247 atque

2024 3266 2266 3318 tractare
2296 3264 2687 3334 suscepimus,
2713 3264 2882 3319 credo
2903 3263 3054 3335 quod
3101 3263 3416 3319 adverterit
3462 3263 3729 3319 Charitas

2023 3356 2229 3408 vestra.
2260 3352 2593 3424 Opportune
2614 3367 2750 3423 ergo
2779 3352 3002 3407 occurit
3042 3355 3107 3407 ut
3146 3352 3315 3407 hodie
3352 3352 3633 3408 audiretis
3665 3369 3731 3406 ex

2027 3442 2352 3513 Evangelia,
2382 3442 2521 3513 quia
2551 3442 2671 3496 Nisi
2698 3441 2821 3513 quis
2838 3446 3064 3495 renatus
3092 3442 3343 3508 fueritex
3359 3456 3504 3509 aqua
3524 3445 3575 3493 et
3600 3442 3725 3509 Spi-

2026 3535 2161 3597 ritu,
2192 3546 2298 3585 non
2340 3530 2537 3585 videbit
2559 3546 2789 3597 regnum
2812 3531 2925 3582 Dei.
2958 3533 3211 3597 Tempus
3240 3531 3328 3581 est
3350 3529 3501 3581 enim
3535 3530 3599 3579 ut
3629 3543 3728 3581 vos

2026 3621 2417 3685 exhortamur,
2471 3619 2568 3690 qui
2619 3618 2807 3673 adhuc
2844 3618 2979 3672 estis
3026 3614 3463 3672 catechumeni:
3497 3616 3595 3686 qui
3646 3618 3728 3671 sic

2026 3708 2354 3779 credidistis
2387 3708 2442 3763 in
2473 3706 2788 3773 Christum,
2813 3709 2877 3760 ut
2906 3704 3097 3761 adhuc
3131 3713 3317 3759 vestra
3340 3713 3569 3773 peccata
3593 3721 3725 3777 por-

2028 3800 2185 3856 tetis.
2214 3796 2418 3856 Nullus
2443 3800 2635 3852 autem
2660 3810 2906 3866 regnum
2929 3793 3204 3849 caelorum
3226 3791 3727 3849 videbitoneratus

2028 3888 2278 3963 peccatis
2314 3905 2327 3957 ;
2361 3888 2500 3960 quia
2530 3884 2639 3942 nisi
2663 3886 2754 3941 cui
2776 3884 3017 3939 dimissa
3040 3882 3274 3950 fuerint,
3308 3899 3424 3940 non
3457 3885 3726 3954 regnabit

2030 3997 2164 4037 cum
2195 3978 2420 4034 Christo
2455 3993 2468 4031 :
2504 3976 2717 4031 dimitti
2748 3980 2941 4031 autem
2960 3990 3071 4029 non
3101 3976 3358 4043 possunt,
3394 3972 3507 4027 nisi
3539 3974 3589 4027 ei
3627 3973 3728 4043 qui

2032 4073 2269 4125 renatus
2298 4068 2472 4123 fuerit
2497 4081 2563 4121 ex
2596 4083 2745 4136 aqua
2778 4070 2835 4119 et
2866 4063 3082 4133 Spiritu
3117 4066 3337 4117 sancto.
3373 4061 3480 4116 Sed
3533 4062 3733 4117 omnia

2030 4161 2204 4215 verba
2234 4157 2729 4230 quemadmodum
2762 4171 2824 4209 se
2846 4154 3095 4208 habeant
3117 4152 3507 4217 advertamus,
3544 4154 3603 4204 ut
3638 4150 3732 4206 hic

2032 4249 2329 4305 inveniant
2350 4248 2448 4318 qui
2478 4245 2627 4317 pigri
2659 4249 2819 4310 sunt,
2853 4247 3071 4314 quanta
3093 4240 3491 4296 sollicitudine
3513 4239 3624 4294 sibi
3652 4240 3730 4295 fe-

2032 4339 2375 4397 stinandum
2399 4337 2476 4391 sit
2506 4335 2578 4389 ad
2610 4350 2757 4389 onus
2788 4331 3215 4403 deponendum.
3259 4328 3405 4392 Quia
3435 4329 3484 4383 si
3515 4329 3730 4383 ferrent

2032 4430 2287 4500 aliquam
2314 4425 2597 4480 sarcinam
2621 4436 2873 4493 gravem,
2916 4422 3016 4472 aut
3040 4416 3271 4488 lapidis,
3303 4419 3401 4471 aut
3433 4415 3598 4486 ligni,
3631 4420 3734 4470 aut

2032 4518 2281 4587 alicujus
2310 4515 2481 4571 etiam
2518 4511 2681 4577 lucri,
2717 4510 2763 4564 si
2798 4509 3153 4563 frumentum
3205 4509 3516 4576 portarent,
3552 4504 3599 4559 si
3649 4506 3731 4558 vi-

2034 4624 2197 4675 num,
2230 4605 2279 4661 si
2316 4601 2645 4676 pecuniam,
2676 4602 2977 4655 currerent
3014 4600 3079 4651 ut
3124 4596 3483 4667 deponerent
3520 4610 3733 4651 onera:

2034 4700 2269 4769 portant
2299 4694 2589 4750 sarcinam
2625 4694 3015 4763 peccatorum,
3038 4691 3096 4742 et
3127 4686 3275 4758 pigri
3307 4690 3446 4740 sunt
3477 4700 3733 4740 currere.

2033 4787 2392 4845 Currendum
2423 4788 2510 4840 est
2542 4786 2602 4839 ut
2631 4780 2951 4852 deponatur
2984 4778 3100 4834 haec
3121 4776 3353 4833 sarcina
3378 4792 3391 4845 ;
3414 4776 3653 4847 premit,
3676 4781 3733 4830 et

2033 4878 2263 4949 mergit.

2102 4969 2156 5022 2.
2216 4966 2356 5021 Ecce
2396 4962 2640 5019 audistis
2683 4960 2821 5031 quia
2862 4975 2985 5014 cum
3042 4963 3175 5012 esset
3222 4954 3506 5009 Dominus
3556 4950 3730 5004 Jesus

2031 5055 2297 5112 Christus
2327 5052 2673 5123 Jerosolymis
2695 5051 2753 5104 in
2778 5048 2987 5104 Pascha
3012 5048 3073 5100 in
3114 5044 3202 5098 die
3228 5044 3384 5111 festo,
3420 5036 3583 5091 multi
3612 5050 3729 5090 cre-

2028 5147 2287 5202 diderunt
2316 5144 2375 5197 in
2405 5142 2627 5197 nomine
2654 5140 2774 5211 ejus
2795 5137 3037 5193 videntes
3066 5136 3221 5203 signa
3250 5129 3370 5198 ejus
3398 5138 3523 5195 quae
3553 5126 3729 5194 [acie-

2034 5236 2138 5291 bat.
2174 5230 2331 5287 Multi
2358 5230 2709 5287 crediderunt
2738 5230 2796 5282 in
2828 5227 3047 5280 nomine
3075 5221 3227 5289 ejus:
3266 5220 3323 5270 et
3352 5213 3491 5284 quid
3525 5213 3727 5283 sequi-

2032 5330 2123 5382 tur
2143 5324 2172 5380 ?
2199 5328 2319 5395 Ipse
2346 5328 2532 5378 autem
2560 5321 2709 5376 Iesus
2748 5332 2857 5371 non
2910 5310 3169 5367 credebat
3231 5308 3584 5375 semetipsum
3627 5308 3726 5362 eis.

2030 5417 2177 5485 Quid
2209 5414 2319 5471 sibi
2352 5427 2486 5483 ergo
2509 5411 2615 5465 hoc
2630 5406 2771 5471 vult,
2808 5404 2893 5460 Illi
2924 5395 3309 5457 credebantin
3334 5396 3556 5451 nomine
3571 5396 3717 5462 eius;

2029 5512 2105 5574 ct,
2139 5508 2257 5575 Ipse
2275 5507 2435 5558 Iesus
2464 5515 2574 5556 non
2602 5495 2848 5552 credebat
2876 5493 3226 5563 semetipsum
3256 5489 3331 5545 eis
3360 5490 3386 5543 .9
3440 5489 3525 5541 An
3578 5485 3719 5543 forte

2029 5612 2143 5654 non
2175 5591 2537 5649 crediderant
2566 5586 2639 5656 ei,
2672 5590 2728 5642 et
2757 5585 3056 5657 ﬁngebant
3085 5599 3148 5641 se
3166 5580 3503 5645 credidisse,
3524 5579 3579 5633 et
3600 5590 3725 5646 pro-
