4170 6188
373 270 524 331 H75

374 418 569 481 pterea
598 407 769 461 Jesus
792 416 904 457 non
939 413 999 455 sc
1045 394 1318 452 credebat
1338 390 1459 446 eis:
1524 386 1633 441 Sed
1687 400 1801 439 non
1851 380 2070 435 diceret

375 496 764 570 Evangelista,
797 492 949 548 Multi
977 487 1318 545 crediderunt
1351 484 1406 536 in
1429 479 1650 536 nomine
1680 476 1815 543 eius,
1848 469 1960 527 nisi
1982 484 2070 523 ve-

378 605 503 643 rum
533 561 649 640 illis
680 561 1081 639 testimonium
1115 572 1457 646 perhiberet.
1490 569 1695 636 Magna
1716 576 1852 633 ergo
1881 575 1993 622 ras,
2017 561 2074 611 et

380 679 529 732 mira
559 692 649 729 res
684 692 695 728 :
728 671 973 727 credunt
1003 661 1345 721 hominesin
1372 657 1688 719 Christum,
1719 656 1776 706 et
1809 649 2071 704 Christus

380 784 494 822 non
526 781 586 820 se
618 764 801 818 credit
838 756 1190 814 hominibus.
1242 747 1561 806 Prasertim
1599 742 1737 813 quia
1767 739 1949 795 Filius
1973 736 2073 791 Dei

383 862 493 922 est,
526 854 724 921 utique
753 850 951 905 volens
987 858 1195 915 passus
1213 844 1337 903 est;
1370 842 1426 891 et
1457 836 1503 890 si
1532 832 1731 897 nollet,
1778 839 2076 895 nunquam

382 950 713 1019 pateretur;
746 939 845 1010 qui
871 938 916 992 si
940 913 1139 999 nollet,
1171 944 1272 985 nec
1295 922 1733 983 nascereturzsi
1757 926 1943 973 autem
1969 913 2078 968 hoc

382 1012 565 1090 solum
592 1030 780 1097 vellet,
803 1032 867 1080 ut
891 1025 1225 1079 nasceretur
1248 1021 1493 1080 tantum,
1511 1018 1567 1067 at
1589 1026 1701 1065 non
1739 1012 2075 1067 moreretur,

380 1130 436 1180 et
467 1092 976 1194 quidquid'vellet,
1000 1113 1244 1177 faceret;
1280 1105 1415 1178 quia
1446 1096 1861 1171 omnipotentis
1895 1092 2079 1194 Pa‘tris

383 1180 558 1269 Filius
590 1180 954 1278 omnipotens
985 1210 1091 1258 est.
1114 1204 1193 1255 Ex
1222 1197 1369 1268 ipsis
1382 1195 1557 1249 rebus
1580 1190 1914 1261 probemus.
1934 1180 2081 1278 Quia

383 1319 514 1357 cum
546 1298 866 1355 voluissent
897 1309 1029 1348 eum
1053 1297 1268 1357 tenere,
1291 1283 1560 1341 discessit
1582 1280 1653 1335 ab
1674 1278 1757 1333 eis
1782 1296 1796 1343 ;
1829 1272 2084 1344 loquitur

380 1389 767 1462 Evangelium
807 1400 819 1440 :
853 1386 915 1439 Et
936 1398 1057 1438 cum
1089 1380 1388 1434 voluissent
1408 1389 1529 1429 eum
1560 1370 1622 1424 de
1652 1369 1848 1424 vertice
1881 1359 2084 1418 mantis

385 1450 750 1552 praecipitare,
791 1475 1038 1530 discessit
1067 1472 1134 1526 ab
1164 1473 1240 1525 eis
1286 1468 1491 1523 illaesus
1530 1464 1682 1552 (,Luc.
1715 1474 1805 1552 ινὶ
1840 1455 1929 1521 29,
1966 1450 2080 1552 βο).

386 1573 450 1626 Et
488 1569 721 1641 quando
755 1566 1033 1620 venerunt
1054 1561 1126 1615 ad
1148 1576 1276 1614 eum
1309 1542 2082 1625 comprehendendum,jam

388 1636 683 1716 venditum
718 1675 746 1710 a
777 1654 928 1710 Juda
957 1651 1256 1714 traditore,
1291 1662 1421 1702 cum
1446 1643 1541 1696 ille
1572 1640 1802 1711 putaret
1832 1636 1889 1689 in
1924 1639 2083 1702 pote-

388 1756 532 1805 state
582 1764 643 1802 se
690 1746 919 1811 habere,
976 1740 1200 1795 tradere
1259 1736 1601 1805 magistrum
1662 1732 1719 1782 at
1775 1722 2086 1780 Dominum

389 1855 558 1895 suum
596 1854 609 1905 ;
642 1844 695 1890 et
736 1835 812 1889 ibi
840 1828 1394 1887 ostenditDominus
1425 1822 1793 1877 voluntatcsa
1809 1813 1949 1886 pati,
1974 1825 2085 1864 non

390 1928 751 1984 necessitate.
786 1924 929 1978 Nam
953 1936 1084 1977 cum
1109 1935 1239 1975 eum
1271 1910 1759 1985 comprehendere
1780 1903 1968 1961 Juda'i
1989 1914 2088 1953 vo-

389 2020 659 2081 luissent,
708 2014 855 2069 dixit
886 2012 997 2066 illis
1025 2026 1043 2064 :
1077 2009 1243 2063 Euem
1264 2002 1514 2078 qumritis
1539 2000 1567 2052 ?
1596 1999 1668 2051 At
1690 1996 1777 2049 illi
1795 1995 2091 2049 dixerunt:

391 2112 577 2164 Jesum
608 2106 984 2160 Nazarenam.
1014 2100 1077 2153 Et
1109 2099 1206 2153 ille
1234 2112 1253 2151 :
1285 2097 1394 2165 Ego
1424 2108 1563 2150 sum.
1596 2090 1699 2143 Hoc
1718 2101 1846 2141 voce
1864 2083 2091 2137 audita:

394 2197 676 2252 redierunt
702 2204 867 2257 retro,
897 2199 947 2246 et
981 2187 1291 2245 ceciderunt
1319 2183 1497 2255 (Joan.
1542 2194 1700 2242 xvm,
1751 2176 1893 2246 4-6).
1936 2173 1997 2227 In
2026 2187 2093 2227 eo

396 2289 549 2359 quod
573 2302 671 2340 eos
693 2280 1052 2353 respondens
1075 2276 1304 2347 dejacit,
1330 2270 1589 2329 ostendit
1627 2270 1996 2339 potestatem;
2031 2264 2097 2316 ut

395 2357 451 2430 in
485 2392 550 2431 eo
581 2373 735 2445 quod
771 2371 844 2427 ab
883 2370 968 2425 eis
998 2365 1458 2437 comprehensus
1490 2368 1595 2425 est,
1629 2357 1965 2412 ostenderet
1993 2368 2094 2407 vo-

397 2441 701 2519 luntatem.
735 2461 880 2531 Ergo
912 2456 1066 2528 quod
1100 2470 1309 2525 passus
1350 2454 1457 2519 est,
1514 2444 1919 2501 misericordias
1967 2441 2096 2497 fuit.

393 2555 666 2610 Traditus
695 2556 784 2608 est
804 2550 953 2607 enim
974 2552 1209 2619 propter
1239 2542 1450 2598 delicta
1473 2544 1690 2605 nostra,
1714 2542 1769 2592 et
1787 2535 2097 2591 resurrexit

398 2639 1129 2716 propterjustiﬁcationem
1162 2639 1418 2689 nostram
1453 2630 1626 2700 (Rom.
1661 2644 1735 2695 ιν,
1784 2628 1897 2697 25).
1943 2623 2097 2679 Audi

397 2734 568 2790 verba
600 2731 787 2802 ipsius
814 2744 827 2782 :
852 2729 1167 2782 Potestatem
1191 2718 1608 2791 habeoponendi
1629 2718 1867 2771 animam
1892 2730 2095 2783 meum,

397 2834 447 2879 et
488 2828 805 2894 potestatem
844 2818 1012 2872 habeo
1043 2818 1244 2869 iterum
1281 2810 1531 2868 sumendi
1553 2824 1668 2864 eam
1703 2825 1722 2863 :
1772 2821 1925 2861 nemo
1956 2805 2099 2860 tollit

398 2929 516 2968 eam
544 2929 575 2966 a
597 2926 700 2977 me,
722 2908 809 2962 sed
826 2922 921 2975 ego
937 2920 1073 2975 pono
1096 2902 1255 2956 illam
1277 2918 1308 2956 a
1328 2903 1548 2971 meipso,
1582 2902 1639 2952 ut
1663 2902 1864 2953 iterum
1882 2910 2099 2949 sumam

400 3018 522 3059 eam
551 3002 732 3071 (Joan.
766 3015 819 3065 x,
850 2995 956 3068 18).
982 2995 1120 3049 Cum
1155 3007 1286 3063 ergo
1319 2991 1556 3044 haberet
1588 2992 1810 3042 tantam
1855 2986 2100 3056 potesta-

401 3097 539 3160 tam,
573 3105 703 3145 cum
735 3102 861 3143 eam
896 3085 1067 3139 dictis
1113 3082 1468 3152 praedicaret,
1521 3078 1687 3132 factis
1734 3077 2096 3137 ostenderet;

404 3181 539 3253 quid
564 3179 673 3236 sibi
705 3176 829 3233 vult
859 3176 1006 3245 quod
1043 3190 1154 3228 non
1189 3188 1250 3225 se
1273 3170 1545 3225 credebat
1589 3168 1672 3221 eis
1703 3166 1895 3229 Jesus,
1938 3161 2101 3233 quasi

407 3251 623 3342 aliquid
656 3266 871 3324 nolenti
904 3262 1205 3329 nocituris,
1231 3265 1332 3316 aut
1363 3258 1577 3329 aliquid
1606 3256 1817 3311 nolenti
1846 3251 2098 3312 iacturis,

416 3359 736 3433 praesertim
770 3355 900 3427 quia
926 3355 1047 3424 jam
1083 3351 1449 3407 crediderant
1479 3348 1535 3402 in
1568 3346 1805 3401 nomine
1836 3343 2008 3415 ejus?
2040 3342 2106 3395 Et

410 3454 480 3507 da
510 3450 656 3523 ipsis
687 3448 823 3503 dicit
854 3441 1243 3515 Evangelista,
1278 3438 1637 3494 Crediderunt
1665 3438 1720 3490 in
1752 3436 1973 3491 nomine
1992 3434 2107 3503 ejus

411 3543 480 3597 de
509 3539 722 3611 quibus
755 3536 916 3603 dicit,
952 3535 1064 3605 Ipse
1094 3542 1274 3588 autem
1299 3531 1449 3587 Jesus
1478 3544 1585 3583 non
1616 3526 1865 3582 credebat
1913 3524 2107 3579 semet-

410 3636 587 3705 ipsum
618 3632 715 3686 eis.
747 3630 931 3693 Quare
954 3625 981 3681 ‘i
1010 3624 1161 3689 Quod
1183 3624 1293 3695 ipse
1322 3626 1501 3677 nosset
1524 3623 1784 3684 omnes,et
1816 3618 1946 3688 quia
1974 3628 2109 3685 opus

413 3725 463 3777 ei
491 3738 602 3778 non
627 3725 746 3774 erat
776 3725 837 3771 ut
868 3714 989 3786 quis
1016 3712 1386 3770 testimonium
1416 3709 1722 3781 perhiberet
1752 3707 1816 3762 de
1847 3707 2111 3770 homine;

414 3812 527 3879 ipse
547 3812 695 3864 enim
722 3808 918 3860 sciebat
939 3804 1068 3875 quid
1100 3812 1231 3858 esset
1252 3804 1310 3857 in
1335 3801 1568 3854 homine.
1606 3797 1738 3852 Plus
1760 3802 1993 3851 noverat
2016 3810 2106 3849 ar-

412 3900 549 3954 tifex
579 3895 719 3967 quid
752 3898 905 3949 esset
934 3894 991 3946 in
1024 3907 1191 3962 opere
1224 3906 1346 3953 suo,
1380 3905 1550 3958 quam
1578 3888 1768 3958 ipsum
1802 3902 1945 3957 opus
1969 3882 2113 3955 quid

419 3989 570 4043 esset
596 3986 652 4038 in
672 3982 1004 4051 semetipso.
1023 3976 1519 4035 Creatorhominis
1543 3980 1782 4030 noverat
1803 3976 1938 4044 quid
1962 3976 2114 4029 esset

420 4077 478 4131 in
494 4072 753 4138 homine,
768 4070 921 4143 quod
938 4069 1061 4141 ipse
1075 4075 1300 4125 creatus
1321 4066 1495 4120 homo
1515 4081 1625 4119 non
1642 4070 1896 4119 noverat.
1912 4062 2113 4117 Nonne

418 4166 527 4221 hoc
558 4162 873 4236 probamus
904 4160 973 4215 de
1002 4158 1187 4225 Petro,
1224 4156 1359 4229 quia
1402 4171 1517 4210 non
1565 4157 1805 4209 noverat
1860 4153 1994 4224 quid
2054 4153 2112 4206 in

419 4256 547 4328 ipso
579 4256 753 4316 esset,
785 4250 1017 4322 quando
1051 4249 1216 4315 dixit,
1274 4248 1460 4301 Tecum
1502 4259 1667 4315 usque
1710 4242 1779 4297 ad
1834 4246 2062 4297 mortem
2090 4243 2115 4293 9

418 4344 567 4401 Audi
600 4340 1027 4413 quiaDominus
1050 4340 1289 4394 noverat
1307 4335 1445 4406 quid
1479 4338 1632 4389 esset
1654 4333 1710 4387 in
1745 4330 2006 4386 homine:
2031 4330 2115 4384 Tu

422 4451 649 4493 meeum
665 4447 845 4503 usque
861 4432 927 4488 ad
947 4435 1191 4487 mortem
1216 4428 1244 4482 ‘l
1259 4429 1448 4496 Amen,
1471 4441 1631 4481 anien
1655 4421 1895 4488 dicotibi,
1930 4420 2118 4493 prius-

424 4544 583 4599 quam
616 4523 797 4594 gallus
822 4525 1016 4588 cantet,
1048 4529 1128 4577 ter
1184 4535 1267 4574 me
1318 4518 1545 4588 negabis
1582 4514 1790 4586 (Matth.
1843 4528 1994 4578 XXVI,
2027 4511 2117 4576 33,

423 4618 512 4680 34,
546 4624 595 4671 et
630 4619 753 4671 Luc.
779 4630 915 4679 χχιι,
946 4612 1039 4678 33,
1071 4611 1181 4682 34).
1218 4608 1396 4665 llomo
1447 4622 1582 4678 ergo
1632 4602 1930 4660 nesciebat
1979 4601 2117 4673 quid

424 4710 579 4760 esset
610 4704 668 4759 in
701 4720 761 4758 se
796 4721 809 4771 ;
844 4702 943 4756 sed
966 4702 1198 4756 Crantor
1232 4696 1483 4753 hominis
1515 4699 1750 4750 noverat
1791 4694 1927 4764 quid
1971 4699 2120 4747 esset

426 4794 481 4848 in
517 4794 771 4849 homine.
806 4789 1397 4845 Cradidarunttamen
1423 4785 1480 4839 in
1514 4784 1749 4838 nomine
1770 4784 1897 4850 ejus
1930 4781 2120 4847 multi,

424 4890 479 4939 et
506 4884 631 4955 ipse
661 4880 830 4937 Jesus
867 4894 979 4932 non
1013 4893 1074 4932 se
1104 4876 1373 4930 credebat
1398 4873 1502 4929 eis.
1538 4870 1683 4934 Quid
1699 4871 1977 4938 dicimus,
2008 4872 2123 4924 fra-

428 4980 546 5031 tres
576 4971 603 5029 ἲ
635 4975 797 5028 Forte
828 4967 1240 5039 consequentia
1272 4964 1614 5019 indicabunt
1646 4960 1817 5016 nobis
1845 4962 1982 5032 quid
2012 4958 2123 5013 sibi

424 5065 546 5121 vult
577 5060 915 5132 mysterium
950 5058 1256 5112 verborum
1286 5053 1551 5107 istorum.
1586 5051 1731 5116 Quia
1760 5050 2127 5106 crediderant

428 5157 484 5211 in
508 5171 640 5210 eum
672 5151 964 5217 homines,
997 5146 1374 5205 manifestum
1407 5145 1513 5211 est,
1548 5158 1752 5197 verum
1789 5145 1909 5196 est:
1957 5156 2127 5195 nemo

429 5243 670 5306 dubitat,
697 5234 1357 5312 Evangeliumloquitur,
1375 5248 1545 5288 verax
1569 5228 1929 5300 Evangelista
1954 5231 2131 5283 testa-

427 5333 544 5384 tur.
567 5329 706 5384 ltam
741 5332 877 5401 quia
907 5331 1028 5401 ipse
1059 5329 1231 5385 Jesus
1262 5340 1375 5380 non
1427 5320 1697 5379 credebat
1745 5320 2128 5391 semetipsum

430 5416 565 5483 illis,
589 5418 777 5472 ethoc
809 5421 1182 5475 manifestum
1215 5420 1322 5487 est,
1349 5418 1404 5469 et
1429 5411 1625 5469 nullus
1646 5410 1999 5467 Christianus
2024 5412 2131 5469 du-

432 5505 575 5563 bitat
608 5519 623 5560 :
659 5505 794 5574 quia
825 5511 880 5560 et
904 5506 1011 5561 hoc
1029 5507 1397 5577 Evangelium
1425 5502 1701 5575 loquitur,
1723 5501 1941 5557 etidem
1960 5518 2130 5560 verax

434 5591 792 5663 Evangelista
819 5596 1083 5650 testatur.
1115 5598 1303 5659 Quare
1334 5609 1471 5664 ergo
1513 5592 1883 5649 crediderunt
1942 5592 2021 5647 illi
2073 5594 2130 5649 in

1309 253 1383 313 IN
1429 244 1761 311 JOANNIS
1807 237 2347 311 EVANGELIUM,
2393 240 2457 300 S.
2508 238 2929 301 AUGUSTlNI

3729 230 3886 293 14⁸16

2181 376 2415 432 nomine
2445 377 2593 445 ejus,
2620 380 2675 430 at
2701 377 2870 429 Jesus
2903 387 3016 428 non
3040 370 3309 426 credebat
3331 373 3709 439 semetipsum
3735 370 3889 424 illis?

2182 466 2497 537 Sequentia
2523 466 2848 521 videamus.

2256 558 2307 613 3.
2343 559 2472 612 Erat
2499 561 2683 612 autem
2739 556 2895 609 homo
2944 569 3015 609 ex
3073 550 3395 619 Pharisaeis,
3428 549 3745 607 Nicodemus
3793 566 3890 605 no.

2182 650 2352 721 mine,
2384 649 2639 721 princeps
2674 647 2995 705 Judworum
3025 663 3044 700 :
3078 645 3167 701 hic
3191 646 3347 700 venit
3376 643 3447 699 ad
3477 660 3600 699 eum
3621 648 3793 707 nocte,
3844 649 3897 700 et

2185 741 2329 796 dixit
2356 740 2427 808 ei,
2464 740 2655 795 Rabbi.
2687 740 2819 795 Jam
2862 738 2969 793 hoc
3002 736 3202 801 nostis,
3237 736 3373 806 quia
3398 736 3581 790 Rabbi
3613 736 3897 806 magister

2185 831 2417 885 dicitur.
2452 830 2663 884 Scimus
2694 827 2827 898 quia
2850 844 2882 881 a
2905 828 3006 881 Deo
3029 823 3499 895 venistimagister
3521 844 3540 879 .-
3563 840 3718 879 nemo
3742 826 3895 879 enim

2184 923 2355 991 potest
2386 921 2497 975 hxc
2524 921 2688 990 signa
2716 921 2901 987 facere
2930 933 3046 987 qum
3091 924 3150 970 tu
3191 914 3357 983 facis,
3389 915 3505 968 nisi
3548 915 3720 982 fuerit
3762 915 3900 970 Deus

2186 1026 2309 1065 cum
2330 1027 2411 1067 eo.
2444 1012 2589 1081 Ergo
2617 1010 2729 1065 iste
2760 1008 3110 1063 Nicodamus
3142 1022 3209 1061 ex
3241 1004 3331 1060 his
3362 1010 3488 1060 erat
3512 1005 3612 1075 qui
3634 1006 3899 1061 credide-

2188 1104 2321 1155 rant
2349 1100 2409 1155 in
2432 1099 2667 1155 nomine
2697 1098 2845 1168 ejus,
2877 1096 3142 1151 videntes
3172 1095 3344 1165 signa
3373 1097 3431 1150 at
3472 1093 3730 1165 prodigia
3768 1110 3898 1165 quae

2188 1188 2454 1243 faciebat.
2489 1187 2771 1259 Superius
2805 1186 2959 1241 enim
2994 1185 3101 1241 hoc
3130 1183 3276 1239 dixit
3309 1199 3322 1238 :
3356 1183 3492 1239 Cum
3540 1188 3724 1240 autem
3759 1191 3900 1239 esset

2187 1280 2558 1351 Jerosolymis,
2580 1281 2641 1334 in
2673 1277 2886 1333 Pascha
2916 1275 3072 1331 indie
3100 1277 3257 1343 festo,
3284 1275 3448 1331 multi
3467 1275 3815 1330 crediderunt
3835 1275 3897 1330 in

2189 1370 2411 1426 nomine
2438 1371 2573 1439 eius.
2602 1369 2787 1434 Quare
2816 1366 3225 1424 crediderunt?
3258 1366 3523 1437 sequitur
3541 1369 3600 1421 et
3619 1366 3781 1430 dicit,
3815 1369 3896 1420 vi-

2191 1458 2377 1515 dentes
2401 1461 2556 1531 signa
2584 1458 2703 1527 eius
2735 1473 2852 1528 qua:
2880 1454 3137 1526 faciebat.
3160 1454 3231 1509 Et
3278 1454 3347 1509 de
3386 1452 3702 1509 Nicodemo
3753 1452 3895 1523 quid

2194 1549 2334 1605 dicit
2366 1549 2391 1603 ‘2
2422 1550 2553 1603 Erat
2575 1549 2829 1619 princeps
2877 1545 3217 1610 Iudaeorum,
3257 1544 3481 1598 nomine
3520 1541 3844 1597 Nicodamus
3878 1556 3892 1595 :

2195 1637 2283 1693 hic
2304 1638 2450 1693 venit
2489 1638 2568 1693 ad
2598 1653 2722 1692 eum
2752 1640 2923 1704 nocte,
2956 1638 3005 1689 et
3036 1633 3117 1688 ait
3140 1632 3249 1697 illi,
3275 1631 3464 1699 Rahbi,
3484 1632 3693 1686 scimus
3714 1633 3845 1701 quia
3867 1638 3901 1676 α

2195 1729 2300 1784 Deo
2318 1728 2511 1784 veniin
2527 1726 2810 1798 magister.
2834 1726 2893 1780 Et
2920 1724 3029 1780 ista
3049 1740 3184 1793 ergo
3224 1721 3552 1777 crediderat
3593 1721 3650 1776 in
3668 1722 3905 1775 nomine

2199 1818 2342 1886 ejus.
2379 1817 2589 1888 Etipse
2620 1817 2774 1871 unde
2805 1812 3130 1869 crediderat
3158 1809 3185 1865 ‘t?
3231 1810 3530 1881 Sequitur,
3563 1810 3726 1865 Nemo
3756 1810 3907 1864 enim

2196 1917 2365 1979 potest
2397 1909 2509 1963 haec
2557 1910 2723 1980 signa
2752 1906 2939 1978 facere
2970 1920 3088 1975 quae
3123 1909 3178 1958 tu
3219 1900 3381 1972 facis,
3412 1902 3525 1955 nisi
3548 1901 3723 1969 fuerit
3764 1900 3908 1953 Deus

2196 1999 2640 2069 cumeo.Siargo
2660 1997 3011 2051 Nicodamus
3027 1991 3445 2048 deillismultis
3472 1998 3593 2046 erat
3628 1990 3727 2062 qui
3768 2004 3895 2042 cre-

2201 2089 2469 2143 diderant
2490 2088 2547 2141 in
2581 2087 2817 2143 nomine
2841 2087 2991 2155 ejus,
3020 2085 3137 2152 jam
3164 2083 3223 2137 in
3246 2082 3357 2138 isto
3377 2080 3687 2135 Nicodamo
3718 2083 3908 2132 atten-

2202 2178 2405 2232 damus
2444 2191 2625 2247 quara
2674 2191 2786 2229 non
2839 2190 2899 2227 se
2965 2171 3240 2227 credebat
3296 2173 3398 2225 eis.
3469 2165 3759 2238 Respondit
3812 2166 3906 2221 Je-

2202 2284 2313 2334 sus,
2338 2274 2391 2323 et
2420 2266 2570 2322 dixit
2601 2266 2652 2320 ei
2677 2282 2695 2319 :
2728 2267 2917 2329 Amen,
2951 2276 3111 2317 amen
3140 2260 3257 2315 dico
3287 2260 3412 2326 tibi,
3460 2257 3571 2313 nisi
3600 2257 3721 2329 quis
3742 2260 3909 2309 natus

2202 2360 2369 2429 fuerit
2399 2358 2597 2422 denuo,
2628 2372 2740 2409 non
2773 2357 2940 2425 potest
2963 2353 3146 2407 videre
3174 2364 3405 2418 regnum
3436 2346 3551 2402 Dei.
3596 2346 3735 2418 ipsis
3772 2360 3908 2415 ergo

2203 2463 2265 2505 se
2287 2448 2465 2502 credit
2501 2450 2689 2512 Jesus,
2725 2443 2826 2515 qui
2857 2442 2977 2498 nati
3020 2440 3234 2495 fuerint
3263 2441 3473 2494 denuo.
3500 2437 3642 2492 Ecce
3671 2433 3756 2489 illi
3788 2449 3914 2489 cra-

2205 2537 2474 2591 didarant
2502 2536 2559 2590 in
2594 2551 2747 2601 eum,
2780 2538 2836 2589 at
2865 2532 3036 2588 Jesus
3058 2546 3173 2587 non
3206 2546 3268 2585 se
3301 2529 3576 2585 credebat
3611 2527 3711 2583 eis.
3740 2524 3913 2581 Tales

2205 2632 2344 2682 sunt
2360 2641 2562 2682 omnes
2585 2624 3020 2681 catachumani:
3054 2621 3163 2692 ipsi
3181 2621 3305 2691 jam
3327 2618 3573 2675 credunt
3590 2618 3649 2672 in
3670 2616 3911 2672 nomine

2205 2724 2435 2789 Christi,
2472 2723 2573 2779 sed
2602 2724 2772 2778 Jesus
2804 2738 2919 2778 non
2946 2735 3006 2776 se
3037 2718 3219 2774 credit
3241 2716 3345 2773 eis.
3383 2716 3653 2771 Intendat
3674 2713 3909 2770 etintel-

2204 2812 2346 2883 ligat
2376 2812 2639 2867 Charitas
2659 2816 2869 2866 vestra.
2895 2809 2952 2864 Si
2978 2805 3296 2862 dixerimus
3320 2803 3758 2863 catechumeno,
3785 2800 3917 2857 Cre-

2208 2902 2297 2958 dis
2330 2903 2387 2956 in
2421 2900 2707 2955 Christum
2730 2900 2758 2953 ‘t
2782 2897 3114 2969 respondet,
3137 2897 3340 2965 Credo,
3366 2901 3419 2949 et
3451 2894 3642 2964 signat
3673 2907 3765 2947 se:
3790 2890 3916 2960 jam

2210 3009 2438 3048 crucem
2471 2991 2685 3047 Christi
2720 2996 2909 3061 portat
2940 2989 2999 3041 in
3032 2988 3220 3041 fronte
3253 2984 3269 3017 ¹
3302 2990 3358 3041 at
3393 3001 3501 3038 non
3536 2981 3824 3039 erubescit
3846 2987 3917 3037 de

2210 3098 2377 3138 cruce
2413 3082 2635 3137 Domini
2660 3080 2768 3134 sui.
2804 3080 2943 3135 Ecce
2965 3074 3208 3131 credidit
3238 3075 3296 3129 in
3314 3074 3547 3129 nomine
3571 3076 3723 3143 ejus.
3745 3069 3922 3125 Inter-

2213 3186 2649 3241 rogcmuseum,
2675 3169 2993 3223 Manducas
3017 3179 3250 3221 carnem
3282 3162 3406 3217 Filii
3432 3161 3713 3226 hominis,
3748 3162 3804 3213 et
3844 3157 3923 3212 bi-

2212 3259 2300 3315 bis
2315 3260 2658 3330 sanguinem
2683 3257 2807 3314 Filii
2825 3254 3119 3312 hominis?
3136 3254 3313 3309 nescit
3331 3252 3470 3323 quid
3488 3251 3760 3308 dicimus,
3778 3248 3923 3320 quia

2212 3351 2385 3407 Jesus
2413 3366 2524 3405 non
2559 3366 2618 3405 se
2642 3347 2889 3403 credidit
2917 3346 2990 3401 ei.

2285 3441 2336 3494 4.
2370 3441 2508 3495 Cum
2542 3456 2675 3510 ergo
2707 3454 2774 3493 ex
2804 3452 2868 3493 eo
2901 3449 3145 3490 numero
3176 3432 3524 3488 Nicodamus
3563 3432 3731 3495 esset,
3766 3426 3924 3483 venit

2216 3530 2285 3585 ad
2319 3528 2631 3584 Dominum
2665 3546 2678 3583 :
2716 3527 2814 3581 sed
2840 3529 3007 3580 nocte
3036 3523 3187 3579 venit
3223 3538 3235 3580 :
3267 3530 3320 3577 et
3352 3522 3461 3576 hoc
3494 3519 3637 3574 forte
3668 3518 3739 3572 ad
3794 3532 3917 3572 rem

2218 3620 2484 3692 pertinet.
2507 3617 2591 3671 Ad
2613 3616 2925 3672 Dominum
2947 3612 3120 3679 venit,
3148 3616 3203 3666 et
3226 3620 3389 3666 nocte
3420 3608 3606 3664 venit:
3633 3606 3706 3662 ad
3729 3606 3919 3660 lucem

2216 3709 2394 3777 venit,
2418 3714 2474 3764 at
2505 3708 2563 3762 in
2598 3706 2853 3762 tenebris
2883 3704 3056 3759 venit.
3089 3700 3291 3758 Benati
3322 3704 3517 3755 autem
3547 3715 3615 3754 ex
3656 3713 3811 3768 aqua
3868 3698 3928 3749 at

2220 3800 2460 3872 Spiritu,
2494 3798 2627 3870 quid
2662 3797 2911 3851 audiunt
2940 3795 3010 3850 ab
3033 3792 3304 3865 Apostolo
3336 3790 3362 3845 ‘2
3390 3788 3593 3844 Fuistis
3614 3786 3929 3858 aliquando

2220 3891 2455 3945 tenebrw
2484 3908 2505 3957 ;
2536 3905 2682 3943 nunc
2712 3892 2893 3942 autem
2926 3886 3015 3938 tuc
3046 3885 3104 3938 in
3140 3882 3365 3936 Domino
3397 3896 3414 3935 :
3459 3877 3602 3933 sicut
3639 3876 3749 3947 ﬁlii
3791 3876 3934 3930 lueis

2222 3980 2508 4037 ambulate
2578 3979 2790 4049 (Ephes.
2851 3994 2903 4042 v,
2955 3975 3050 4042 8):
3093 3981 3145 4028 et
3197 3972 3425 4037 iterum,
3469 3970 3572 4025 Nos
3603 3973 3785 4023 autem
3835 3970 3938 4039 qui

2220 4074 2331 4130 diei
2362 4086 2572 4135 sumus,
2604 4067 2775 4124 sobrii
2801 4066 2975 4121 simus
3002 4066 3048 4133 (Ι
3074 4062 3243 4117 Thess.
3278 4076 3332 4127 v,
3367 4060 3442 4131 8).
3487 4058 3591 4121 Qui
3643 4074 3781 4128 ergo
3834 4072 3931 4112 re-

2226 4161 2346 4216 nati
2381 4164 2538 4227 sunt,
2573 4156 2757 4213 noctis
2789 4156 3044 4218 fuerunt,
3077 4157 3131 4206 et
3163 4150 3432 4205 dieisunt
3465 4163 3478 4202 :
3522 4148 3774 4202 tenebras
3807 4146 3933 4201 fue-

2228 4255 2387 4316 runt,
2420 4254 2474 4305 at
2495 4248 2690 4303 lumen
2716 4249 2869 4301 sunt.
2903 4243 3032 4298 Jam
3055 4240 3242 4297 credit
3264 4255 3325 4293 se
3356 4237 3471 4292 illis
3494 4236 3691 4301 Jesus,
3724 4240 3783 4290 et
3815 4250 3936 4290 non

2227 4346 2392 4398 nocte
2431 4341 2669 4395 veniunt
2700 4338 2767 4393 ad
2800 4334 2999 4391 Jesum
3031 4332 3182 4387 sicut
3212 4330 3592 4390 Nicodamus,
3619 4324 3814 4382 nonin
3851 4331 3941 4379 te-

2227 4434 2423 4492 nebris
2449 4434 2722 4504 quaerunt
2750 4427 2925 4483 diem.
2956 4425 3125 4481 Tales
3165 4422 3321 4477 enim
3361 4420 3486 4491 jam
3533 4418 3707 4473 etiam
3761 4416 3944 4488 proti-

2231 4532 2419 4581 tentur
2454 4538 2464 4576 :
2500 4519 2744 4576 accessit
2775 4518 2842 4572 ad
2876 4515 3007 4570 illos
3030 4513 3223 4577 Jesus,
3258 4510 3392 4566 fecit
3424 4507 3619 4564 inillis
3642 4506 3893 4562 salutem
3926 4522 3943 4560 :

2230 4615 2366 4687 quia
2392 4614 2517 4684 ipsa
2548 4611 2729 4665 dixit:
2762 4608 2881 4663 Nisi
2910 4608 3030 4677 quis
3058 4602 3469 4659 manducauerit
3499 4612 3719 4653 carnem
3755 4612 3949 4651 meam

2232 4686 2283 4763 et
2319 4705 2512 4760 biberit
2543 4701 2869 4768 sanguinem
2898 4712 3097 4759 meum,
3141 4706 3247 4747 non
3301 4689 3516 4744 habebit
3556 4686 3614 4742 in
3661 4702 3715 4741 se
3770 4687 3946 4740 vitam

2234 4798 2411 4865 (Joan.
2461 4809 2539 4859 v1,
2596 4791 2705 4860 54).
2756 4787 2822 4843 Et
2876 4785 3029 4857 quod
3091 4782 3327 4852 signum
3378 4776 3570 4833 crucis
3618 4775 3839 4830 habent
3880 4774 3948 4828 in

2235 4864 2421 4940 fronte
2452 4876 2877 4945 catechumani,
2906 4876 3029 4944 jam
3061 4872 3132 4927 de
3162 4870 3334 4925 domo
3367 4883 3582 4938 magna
3620 4868 3784 4931 sunt;
3837 4864 3950 4918 sed

2236 4975 2376 5029 {iant
2404 4988 2471 5027 ex
2501 4969 2683 5026 servis
2717 4966 2839 5022 lilii.
2874 4964 2997 5022 Non
3032 4963 3186 5018 enim
3219 4957 3366 5014 nihil
3397 4960 3535 5012 sunt
3571 4955 3671 5025 qui
3720 4954 3839 5023 iam
3866 4954 3951 5008 ad

2234 5065 2473 5119 domum
2515 5072 2783 5129 magnam
2822 5054 3126 5125 pertinent.
3178 5047 3421 5112 Quando
3470 5048 3666 5100 autem
3724 5057 3961 5097 manna

2238 5148 2611 5207 manducavit
2633 5144 2879 5216 populus
2900 5138 3078 5196 Israel
3110 5136 3295 5194 ?Cum
3318 5132 3632 5189 transisset
3660 5144 3819 5184 mare
3844 5145 3915 5184 ru
3935 5160 3963 5172 «-

2237 5246 2431 5300 brum.
2465 5239 2615 5294 Mare
2648 5240 2839 5291 autem
2865 5232 3104 5288 rubrum
3133 5228 3271 5299 quid
3296 5223 3604 5295 signiﬁcet,
3630 5220 3766 5275 audi
3789 5222 3963 5292 Apo-

2238 5333 2449 5391 stolum
2486 5346 2501 5385 :
2534 5328 2666 5385 Nolo
2696 5329 2881 5381 autem
2900 5338 2987 5378 vos
3016 5324 3291 5392 ignorare,
3323 5317 3551 5387 fratres,
3591 5313 3726 5382 quia
3757 5326 3968 5368 omnes

2309 5478 2323 5510 ί
2352 5473 2433 5521 Sic
2465 5468 2705 5533 plerique
2751 5464 3061 5533 Mssupuin.
3086 5456 3245 5533 editis
3270 5452 3407 5533 ‘Bat‘i:
3446 5447 3968 5533 §$_§_I}J.:nél-‘E‘l;._n8t

2244 5510 2848 5595 LovZ-sighat—‘secruee
2865 5510 3079 5580 Christi,
3108 5524 3303 5581 portat,
3327 5520 3424 5564 etc.
3454 5510 3713 5563 Nonnulli
3745 5524 3772 5559 s
3800 5511 3967 5574 Μαι,

2240 5601 2471 5657 portans.
