4170 6188
254 267 408 326 14³1⁷1

248 411 431 473 patres
476 400 659 455 nostri
708 397 808 453 sub
842 395 985 451 nube
1035 394 1292 465 fuerunt,
1340 402 1391 450 et
1442 410 1629 450 omnes
1662 410 1763 466 per
1810 410 1963 452 mare

253 489 619 547 transierunt.
652 486 871 559 thuid
894 500 992 558 per
1022 499 1177 540 mare
1199 482 1586 551 transierunt,
1611 485 1780 556 quasi
1804 502 1960 557 quaa-

255 596 407 636 reres
436 578 511 635 ab
537 578 709 646 illos;
738 579 971 633 secutus
1000 573 1103 640 ait,
1127 574 1190 629 Et
1208 588 1393 629 omnes
1413 589 1509 644 per
1539 576 1750 647 Moysen
1779 573 1966 646 bapti-

251 672 363 726 ιιιιί
408 675 541 725 sunt
589 669 651 722 in
680 665 824 722 nube
850 668 903 721 et
950 666 1009 719 in
1038 664 1185 719 mari
1220 663 1269 733 (Ι
1301 661 1422 732 Cor,
1454 681 1509 731 x,
1550 664 1593 731 ί,
1622 665 1697 735 2).
1731 664 1791 719 Si
1828 680 1964 735 ergo

252 759 439 831 ﬁgura
460 756 886 813 mariatantum
909 752 1337 825 valuit,species
1378 753 1655 824 Baptismi
1683 762 1964 824 quantum

251 846 509 903 valebit?
527 846 586 902 Si
627 845 787 917 quod
816 848 1046 916 gestum
1085 846 1174 897 est
1203 843 1264 898 in
1296 842 1500 911 ﬁgura.
1536 843 1839 912 trajectum
1865 859 1966 914 po-

254 936 457 1011 pulum
473 935 548 993 ad
570 952 791 991 manna
812 932 1106 1004 perduxit;
1127 932 1267 1004 quid
1307 931 1605 989 exhibebit
1623 932 1891 989 Christus
1912 933 1969 988 in

254 1029 498 1084 veritate
530 1024 806 1096 baptismi
848 1024 959 1091 sui,
988 1024 1231 1093 trajecta
1260 1038 1365 1095 per
1398 1038 1531 1079 eum
1566 1021 1780 1095 populo
1821 1022 1972 1079 suo?

253 1119 357 1175 Per
390 1116 753 1188 baptismum
778 1130 949 1170 suum
974 1112 1191 1184 trajicit
1210 1113 1532 1181 credentes,
1556 1113 1763 1171 occisis
1784 1111 1972 1169 omni-

252 1210 361 1266 bus
381 1206 655 1279 peccatis,
681 1212 963 1275 tanquam
984 1202 1258 1260 hostibus
1276 1203 1792 1273 consequentibus,
1814 1202 1969 1260 sicut

250 1300 307 1355 in
336 1296 443 1354 illo
474 1295 625 1352 mari
653 1310 860 1351 omnes
889 1292 1137 1366 [Egyptii
1186 1293 1503 1363 perierunt.
1548 1296 1670 1357 Quo
1728 1293 1966 1363 trajicit,

254 1391 466 1447 fratres
498 1386 614 1443 mei
633 1386 661 1442 ‘2
680 1401 796 1458 quo
823 1384 1039 1455 trajicit
1057 1399 1160 1455 per
1182 1384 1547 1455 Baptismum
1580 1384 1609 1440 J
1618 1400 1772 1451 esus,
1797 1384 1964 1454 cujus

252 1481 507 1552 ﬁguram
539 1483 677 1534 tunc
697 1475 935 1549 gerebat
963 1474 1213 1546 Moyses,
1246 1474 1348 1547 qui
1388 1491 1490 1546 per
1521 1490 1680 1531 mare
1710 1474 1966 1544 trajicie-

254 1570 402 1626 bat?
430 1584 547 1639 quo
589 1566 848 1637 trajicit‘
879 1565 907 1621 ?
936 1564 1020 1619 Ad
1070 1579 1308 1620 manna.
1358 1563 1520 1628 Quod
1568 1568 1657 1622 est
1708 1565 1968 1621 manna?

255 1662 362 1728 Ego
405 1674 551 1725 sum,
593 1656 807 1728 inquit,
854 1654 1016 1726 panis
1064 1654 1238 1723 vivus,
1292 1653 1391 1725 qui
1432 1654 1495 1711 de
1540 1656 1671 1711 calo
1720 1654 1967 1711 descendi

254 1750 429 1818 (toan.
462 1763 545 1812 tv,
577 1746 689 1815 51).
721 1744 932 1799 Manna
976 1743 1276 1815 accipiunt
1324 1740 1544 1813 ﬁdeles,
1569 1744 1694 1813 jam
1738 1743 1966 1815 trajecti

258 1855 357 1909 per
390 1852 549 1891 mare
584 1834 824 1890 rubrum
855 1834 882 1888 ‘t
913 1833 1100 1897 Quare
1130 1848 1291 1888 mare
1316 1832 1599 1888 rubrum?
1624 1834 1748 1903 jam
1784 1848 1964 1901 mare,

261 1942 437 1997 quare
468 1931 525 1980 et
546 1924 783 1980 rubrum
809 1922 836 1977 ?
856 1921 1230 1992 Significabat
1246 1937 1408 1977 mare
1428 1920 1575 1977 illud
1604 1922 1844 1977 rubrum
1863 1922 1965 1978 ba-

262 2019 544 2087 ptismum
583 2012 995 2071 Christi.Unde
1035 2014 1205 2069 rubet
1237 2012 1561 2083 baptismus
1602 2013 1832 2084 Christi,
1856 2012 1967 2069 nisi

259 2108 475 2164 Christi
498 2105 786 2176 sanguine
805 2107 1179 2160 consecratus
1199 2100 1363 2167 iQuo
1385 2118 1520 2173 ergo
1544 2102 1810 2174 perducit
1830 2119 1965 2160 cre-

260 2202 461 2257 dentes
492 2202 553 2254 et
585 2197 906 2268 baptizatos
927 2196 953 2250 ?
980 2195 1063 2250 Ad
1096 2210 1332 2251 manna.
1370 2194 1510 2250 Ecce
1544 2196 1673 2250 dico
1706 2211 1962 2253 manna:

260 2294 462 2346 notum
494 2293 587 2344 est
611 2288 751 2358 quid
770 2286 1093 2357 acceperint
1120 2285 1327 2351 Judaei,
1356 2284 1605 2356 populus
1634 2284 1740 2340 ista
1764 2286 1963 2356 Israel,

260 2384 460 2434 notum
493 2380 584 2433 est
614 2375 755 2447 quid
788 2374 904 2431 illis
952 2373 1197 2447 ptuisset
1240 2379 1394 2430 Deus
1443 2374 1514 2431 de
1552 2375 1696 2432 coelo
1725 2401 1739 2445 ;
1771 2380 1830 2432 et
1862 2393 1965 2433 ne-

256 2470 451 2525 sciunt
481 2464 885 2522 catechumeni
909 2464 1048 2536 quid
1070 2463 1362 2535 accipiant
1378 2463 1718 2522 Christiani.
1746 2466 1963 2523 Erube-

257 2562 420 2614 scant
434 2573 597 2628 ergo,
613 2556 748 2626 quia
771 2554 1032 2611 nesciunt
1051 2572 1067 2623 ;
1084 2558 1389 2610 transeant
1406 2570 1508 2627 per
1524 2571 1682 2611 mare
1699 2556 1966 2626 rubrum,

259 2650 615 2704 manducent
646 2663 861 2701 manna
894 2661 907 2701 :
944 2650 1008 2701 ut
1036 2645 1328 2716 quomodo
1356 2645 1731 2703 crediderunt
1763 2647 1820 2703 in
1852 2664 1966 2703 no-

260 2740 415 2793 mine
443 2738 611 2805 Jesu,
646 2736 729 2792 sic
760 2752 822 2791 sa
862 2735 1007 2806 ipsis
1039 2738 1234 2791 credat
1260 2737 1458 2792 Jesus.

325 2831 380 2881 5.
417 2828 551 2883 Ideo
584 2825 893 2890 intendite,
917 2826 1121 2880 fratres
1152 2826 1288 2892 mei,
1320 2825 1458 2896 quid
1492 2828 1838 2896 respondeat
1861 2828 1969 2883 ista

261 2919 357 2990 qui
392 2921 565 2973 nocte
590 2917 749 2971 venit
771 2915 841 2970 ad
868 2914 1088 2970 Jesum.
1112 2916 1387 2980 Quamvis
1408 2915 1480 2970 ad
1507 2915 1707 2970 Jesum
1729 2917 1968 2986 venerit,

261 3017 457 3066 tamen
488 3007 631 3077 quia
654 3010 822 3061 nocte
842 3005 1019 3070 venit,
1044 3004 1234 3060 adhuc
1264 3005 1336 3059 da
1359 3005 1613 3061 tenebris
1636 3006 1830 3061 carnis
1852 3023 1970 3062 sum

262 3098 548 3169 loquitur.
585 3095 711 3152 Non
763 3093 1037 3165 intelligit
1084 3095 1235 3164 quod
1284 3093 1450 3149 audit
1497 3113 1528 3148 a
1560 3095 1826 3163 Domino,
1853 3111 1969 3151 non

262 3188 537 3259 intelligit
562 3184 720 3257 quod
742 3183 955 3240 audita
976 3182 1126 3251 luce,
1151 3200 1279 3254 quas
1302 3182 1596 3239 illuminat
1618 3200 1846 3241 omnem
1873 3190 1975 3241 ho-

266 3278 482 3333 minem
521 3274 847 3330 venientem
881 3273 942 3329 in
975 3272 1130 3329 hunc
1160 3274 1447 3328 mundum
1472 3272 1573 3345 (Id.
1609 3291 1648 3341 ι,
1681 3274 1756 3346 9).
1777 3275 1897 3331 Jam
1922 3279 1974 3333 ei

266 3365 547 3422 Dominus
578 3363 742 3430 dixit,
775 3362 894 3418 Nisi
922 3364 1043 3433 quis
1073 3370 1236 3419 natus
1263 3362 1435 3432 fuerit
1462 3362 1661 3433 denuo,
1684 3381 1793 3420 non
1825 3367 1975 3426 vitle'

266 3458 338 3511 bit
383 3471 617 3527 regnum
666 3453 786 3508 Dei.
835 3452 978 3507 Dicit
1026 3452 1097 3507 ad
1133 3468 1260 3508 eum
1300 3451 1625 3508 Nicodemus
1654 3470 1673 3510 :
1705 3454 1975 3522 Quomodo

262 3555 432 3618 potest
453 3546 623 3601 homo
639 3543 799 3599 nasci
814 3559 938 3598 cum
963 3544 1035 3597 sit
1053 3558 1218 3598 senex
1249 3544 1278 3595 ?
1299 3542 1551 3614 Spiritus
1590 3544 1640 3600 ei
1663 3544 1917 3615 loquitur
1932 3548 1974 3614 ²,

265 3643 318 3692 et
342 3636 439 3691 ille
462 3650 699 3691 carnem
724 3634 896 3705 sapit.
930 3633 1176 3689 Carnem
1200 3648 1369 3689 suam
1391 3634 1565 3705 sapit,
1589 3634 1722 3706 quia
1743 3652 1973 3692 carnem

267 3726 481 3781 Christi
518 3725 780 3780 nondum
828 3723 1002 3794 sapit.
1033 3722 1177 3780 Cum
1218 3723 1375 3779 enim
1426 3724 1663 3781 dixisset
1693 3725 1976 3783 Dominus

267 3819 458 3882 Jesus,
492 3815 611 3870 Nisi
637 3813 760 3885 quis
785 3812 1207 3868 manducauerit
1232 3828 1453 3869 carnem
1480 3830 1677 3885 meam,
1706 3819 1758 3870 et
1781 3815 1980 3873 biberit

270 3908 599 3975 sanguinem
630 3918 835 3971 meum,
864 3919 969 3959 non
1001 3902 1220 3958 habebit
1249 3902 1310 3958 in
1348 3919 1405 3959 se
1444 3904 1615 3960 vitam
1641 3918 1655 3971 ;
1690 3906 1977 3961 scandali-

270 3998 379 4054 zati
411 4000 555 4053 sunt
582 3995 819 4066 quidam
853 3995 954 4064 qui
994 4008 1129 4049 eum
1170 3996 1582 4064 sequebantur,
1614 4000 1672 4050 et
1713 3996 1982 4055 dixerunt

272 4088 425 4161 apud
459 4084 828 4158 semetipsos,
854 4085 1028 4139 Durus
1055 4093 1131 4139 est
1160 4084 1252 4140 hic
1277 4099 1495 4149 sermo;
1526 4084 1649 4157 quis
1665 4093 1836 4157 potest
1858 4104 1983 4144 eum

274 4178 465 4234 audire
486 4179 511 4231 Ρ
540 4177 826 4232 Putabant
856 4174 1013 4231 enim
1044 4174 1154 4229 hoc
1183 4174 1376 4231 dicere
1406 4175 1632 4243 Jesum,
1657 4178 1809 4246 quod
1845 4194 1980 4235 eum

276 4272 512 4339 possent
543 4266 845 4325 concisum
879 4265 1033 4321 sicut
1079 4280 1299 4336 agnum
1350 4281 1616 4336 coquere,
1648 4270 1704 4321 et
1735 4267 1982 4323 mandu-

276 4374 402 4413 care
434 4373 449 4412 :
481 4356 870 4413 abhorrentes
898 4372 929 4409 a
953 4354 1143 4410 verbis
1172 4353 1324 4424 ejus,
1356 4359 1743 4425 recesserunt,
1767 4359 1823 4411 et
1854 4372 1980 4412 am-

278 4446 427 4516 plius
456 4461 598 4502 eum
632 4462 745 4501 non
780 4448 922 4500 sunt
948 4442 1152 4499 secuti.
1173 4442 1269 4498 Sic
1302 4443 1664 4515 Evangelista
1684 4444 1978 4517 loquitur:

281 4538 336 4591 Et
382 4538 649 4592 Dominus
706 4538 820 4606 ipse
856 4536 1130 4590 remansit
1172 4549 1295 4588 cum
1336 4533 1613 4591 duodecim
1645 4553 1665 4591 :
1695 4540 1746 4592 et
1787 4536 1875 4591 illi
1913 4538 1983 4592 ad

280 4642 416 4693 eum,
450 4627 701 4690 Domine,
740 4640 861 4680 ecce
911 4624 1003 4680 illi
1056 4624 1386 4679 dimiserunt
1434 4632 1528 4680 te:
1565 4630 1617 4681 et
1646 4625 1760 4694 ille,
1804 4627 1982 4682 Num-

279 4715 405 4784 quid
431 4721 485 4770 et
515 4730 608 4768 vos
635 4712 798 4769 vultis
825 4712 978 4768 abire
1006 4712 1028 4746 ³
1048 4712 1075 4767 ‘l
1107 4711 1427 4768 Ostendere
1458 4712 1651 4769 volens
1692 4714 1831 4785 quia
1859 4715 1985 4785 ipse

281 4805 373 4860 ille
402 4808 527 4860 erat
558 4803 940 4869 necessarius,
966 4819 1080 4858 non
1099 4801 1183 4856 illi
1209 4806 1376 4857 erant
1395 4801 1625 4858 Christo
1646 4805 1980 4861 necessarii.

280 4892 359 4948 Ne
387 4894 522 4966 quis
556 4896 766 4949 terreat
786 4892 1109 4959 Christum,
1142 4892 1373 4962 quando
1404 4891 1615 4947 dicitur
1637 4896 1702 4947 ut
1730 4892 1808 4948 sit
1839 4893 1986 4949 chri-

282 4984 541 5049 stianus;
575 4983 746 5053 quasi
770 4980 988 5037 beatior
1007 4979 1117 5036 erit
1141 4978 1435 5050 Christus,
1466 4981 1516 5037 si
1551 4984 1612 5036 tu
1647 4981 1823 5037 fueris
1838 4982 1984 5037 chri-

282 5072 521 5129 stianos.
554 5074 785 5129 Bonum
816 5076 907 5129 est
935 5071 1062 5142 tibi,
1098 5075 1163 5127 ut
1206 5071 1289 5127 sis
1327 5071 1682 5129 christianus
1717 5088 1731 5128 :
1772 5089 1907 5128 nam
1938 5074 1987 5129 si

285 5177 390 5217 non
438 5163 643 5223 fueris.
696 5162 912 5219 malum
970 5161 1199 5217 Christo
1243 5178 1357 5217 non
1403 5162 1531 5219 erit.
1583 5163 1733 5219 Audi
1792 5179 1987 5221 vocem

285 5250 487 5309 Psalmi
514 5270 529 5311 :
562 5255 717 5310 Dixit
746 5255 993 5321 Domino,
1016 5254 1157 5309 Deus
1174 5268 1323 5310 meus
1353 5270 1406 5310 es
1436 5262 1517 5323 tu,
1538 5256 1801 5326 quoniam
1831 5255 1991 5312 bono-

288 5360 403 5401 rum
427 5361 676 5401 meorum
706 5361 816 5401 non
843 5360 962 5415 eges
991 5346 1169 5413 (PsaI.
1190 5362 1281 5416 xv,
1303 5346 1381 5418 2).
1416 5347 1544 5402 Ideo
1581 5350 1726 5402 Deus
1764 5362 1915 5403 meus
1935 5362 1993 5403 es

351 5512 366 5574 ξ
398 5510 553 5574 Editi,
590 5509 913 5574 (reficiebat.
950 5512 1018 5561 At
1044 5511 1446 5574 Mss.,trajicit.

350 5572 373 5639 ξ
401 5573 643 5639 Quatuor
676 5571 1081 5639 Mss.._Chrislu_s
1114 5576 1165 5623 ei
1194 5571 1442 5639 loquitur.

354 5634 373 5667 ³
401 5637 519 5685 Mss.
554 5636 641 5683 hic
676 5639 729 5685 et
760 5635 901 5685 intra
928 5637 1089 5686 vultis
1120 5641 1213 5686 tre.

1501 258 1967 320 TRACTATUS
2010 257 2114 319 XI.
2162 259 2411 324 CAPUT
2452 263 2531 323 lI.

3625 276 3780 336 M78

2073 400 2153 464 tu,
2184 400 2445 469 quoniam
2476 402 2742 457 bonorum
2779 416 3022 457 meorum
3044 416 3153 458 non
3183 419 3332 476 eges.
3358 406 3416 462 Si
3449 406 3627 465 fueris
3648 412 3777 468 sine

2077 488 2209 556 Deo,
2241 489 2433 546 minor
2454 488 2608 559 aris;
2643 490 2693 547 si
2723 491 2900 548 fueris
2927 507 3061 549 cum
3094 496 3225 560 Deo,
3260 496 3450 566 major
3479 497 3630 555 Deus
3662 517 3776 556 non

2074 577 2202 633 erit.
2252 577 2378 635 Non
2422 596 2490 635 ex
2534 584 2589 635 te
2636 579 2733 636 ille
2777 581 2982 652 major,
3011 582 3111 639 sed
3163 589 3223 637 tu
3255 583 3384 639 sine
3426 584 3523 641 illo
3566 587 3774 643 minor.

2075 667 2273 724 Cresae
2322 684 2457 740 ergo
2490 670 2546 725 in
2581 669 2697 739 illo,
2733 671 2851 727 noli
2901 677 2957 728 te
3005 673 3369 742 subtrahere,
3398 679 3460 730 ut
3490 678 3652 747 quasi
3686 678 3780 733 ille

2078 760 2328 816 deﬁciat.
2363 761 2681 831 Reficieris,
2707 762 2756 818 si
2789 765 3137 833 accesseris;
3174 765 3425 834 deﬁcias,
3459 767 3504 823 si
3539 784 3781 824 recesse-

2079 850 2180 906 ris.
2222 852 2447 921 Integar
2487 858 2683 908 manet
2714 857 2768 909 ta
2800 854 3131 921 accedente,
3156 855 3383 928 integer
3410 863 3607 914 manet
3637 865 3693 915 et
3721 864 3779 914 te

2079 940 2339 997 cadente.
2392 940 2532 997 Cum
2576 958 2712 1014 ergo
2761 942 3001 999 dixisset
3050 944 3368 1016 discipulis,
3402 948 3678 1019 Numquid
3729 958 3782 1004 et

2078 1045 2167 1085 vos
2188 1030 2356 1085 vultis
2377 1030 2530 1085 abire
2549 1034 2573 1083 .9
2595 1032 2889 1103 respondit
2912 1032 3133 1100 Petrus,
3160 1041 3322 1105 petra
3343 1035 3462 1104 illa,
3486 1054 3621 1094 voce
3651 1056 3779 1094 om-

2078 1122 2266 1186 nium,
2299 1121 2549 1188 Domine,
2580 1122 2650 1178 ad
2686 1138 2845 1195 quem
2894 1124 3139 1179 ibimus?
3173 1124 3341 1181 Verba
3392 1128 3519 1182 vita
3557 1137 3779 1184 mternz

2076 1211 2262 1267 habes.
2297 1212 2449 1268 Bene
2478 1211 2674 1285 sapuit
2702 1213 2762 1268 in
2793 1230 2890 1270 ore
2930 1214 3114 1284 ipsius
3144 1231 3274 1271 caro
3304 1216 3554 1273 Domini.
3580 1216 3783 1272 Domi-

2078 1318 2189 1357 nus
2220 1306 2415 1357 autem
2447 1303 2716 1372 exposuit
2746 1304 2850 1370 eis,
2882 1308 2939 1360 et
2968 1303 3132 1373 dixit,
3155 1304 3393 1374 Spiritus
3423 1313 3502 1361 est
3531 1309 3627 1378 qui
3647 1309 3781 1363 vivi-

2078 1390 2239 1449 ﬁcat:
2271 1406 2403 1446 cum
2452 1391 2715 1459 dixisset,
2746 1393 2860 1447 Nisi
2917 1392 3041 1463 quis
3080 1394 3502 1451 manducauerit
3555 1412 3781 1452 carnem

2074 1495 2273 1544 meam,
2298 1483 2349 1535 et
2392 1479 2588 1536 biberit
2632 1483 2957 1552 sanguinem
2998 1499 3198 1553 meum,
3231 1499 3339 1539 non
3368 1482 3588 1540 habebit
3636 1487 3696 1541 in
3726 1503 3783 1543 se

2074 1570 2283 1631 vitam;
2329 1586 2400 1625 ne
2449 1570 2761 1627 carnaliter
2806 1571 3218 1644 intelligerent,
3269 1573 3511 1643 Spiritus
3555 1584 3651 1643 est,
3687 1576 3782 1630 in-

2075 1660 2224 1730 quit,
2257 1660 2352 1730 qui
2384 1661 2640 1731 viviﬁcat,
2671 1678 2796 1718 caro
2816 1669 3003 1718 autem
3019 1661 3165 1718 nihil
3184 1663 3399 1734 prodest
3429 1680 3451 1722 .·
3470 1665 3632 1721 verba
3653 1681 3780 1737 quae

2077 1750 2289 1804 locutus
2345 1766 2465 1805 sum
2527 1751 2695 1818 vobis,
2752 1751 2975 1821 spiritus
3033 1762 3114 1807 est
3170 1758 3225 1807 et
3288 1755 3403 1809 vita
3461 1754 3636 1823 (Joan.
3699 1771 3780 1820 vr,

2072 1839 2286 1907 54-69).

2146 1930 2196 1981 6.
2250 1928 2415 1984 Hunc
2446 1929 2716 2000 spiritum
2751 1933 2807 1984 et
2860 1929 3010 1985 hanc
3036 1932 3211 1986 vitam
3241 1947 3357 1989 non
3388 1932 3640 2003 sapiebat
3671 1933 3778 1989 ista

2077 2018 2449 2087 Nicodamus,
2484 2019 2583 2089 qui
2624 2024 2791 2075 nocte
2831 2023 3065 2075 venerat
3111 2021 3183 2076 ad
3214 2021 3430 2076 Iesum.
3468 2021 3559 2076 Ait
3597 2021 3646 2077 ei
3679 2023 3780 2077 Je-

2076 2123 2211 2164 sus:
2241 2108 2362 2163 Nisi
2392 2109 2513 2179 quis
2544 2117 2705 2164 natus
2743 2110 2913 2178 fuerit
2943 2108 3139 2178 denuo,
3170 2126 3278 2166 non
3312 2110 3517 2166 videbit
3550 2126 3779 2180 regnum

2075 2200 2197 2254 Dei.
2224 2197 2289 2251 Et
2319 2198 2416 2252 ille
2446 2213 2680 2253 carnem
2715 2214 2881 2252 suam
2914 2198 3173 2268 sapiens,
3206 2200 3263 2253 in
3305 2200 3475 2269 cujus
3502 2216 3597 2255 ore
3630 2217 3779 2255 non-

2075 2289 2216 2343 dum
2262 2286 2526 2358 sapiebat
2559 2303 2693 2343 caro
2723 2286 2939 2344 Christi
2974 2305 2986 2342 :
3022 2289 3316 2355 Quomodo,
3351 2289 3563 2360 inquit,
3606 2296 3781 2360 potest

2075 2376 2254 2441 homo,
2283 2392 2409 2431 cum
2446 2378 2520 2431 sit
2553 2392 2741 2445 senex,
2775 2378 2972 2431 iterum
3000 2375 3202 2431 nasci?
3222 2377 3506 2447 Numquid
3535 2380 3706 2447 potest
3728 2378 3783 2432 id

2075 2473 2313 2522 ventrem
2346 2468 2542 2521 matris
2567 2482 2680 2521 suae
2706 2468 2907 2521 iterum
2934 2465 3190 2531 introire,
3209 2469 3257 2521 et
3288 2465 3490 2521 nasci?
3520 2466 3644 2522 Non
3681 2482 3784 2521 no-

2076 2560 2237 2612 verat
2267 2554 2379 2611 iste
2409 2555 2521 2610 nisi
2556 2571 2734 2611 unam
2760 2553 3118 2610 nativitatem
3151 2570 3217 2611 ex
3248 2556 3430 2610 Adam
3453 2559 3509 2610 et
3540 2556 3776 2622 Eva;ex

2077 2649 2194 2704 Deo
2242 2653 2299 2704 at
2341 2646 2601 2704 Ecclesia
2646 2646 2900 2702 nondum
2939 2650 3175 2702 noverat
3208 2662 3362 2701 :non
3396 2648 3630 2702 noverat
3675 2646 3790 2702 nisi

2078 2754 2177 2794 eos
2209 2744 2471 2809 parentes
2490 2736 2589 2808 qui
2614 2739 2894 2807 generant
2916 2735 2987 2791 ad
3025 2740 3266 2791 mortem
3291 2753 3305 2803 ;
3341 2735 3596 2790 nondum
3621 2750 3786 2789 nove-

2080 2834 2169 2883 rat
2189 2845 2289 2884 eos
2324 2831 2589 2901 parentes
2621 2826 2721 2895 qui
2754 2830 3034 2895 generant
3057 2826 3125 2880 ad
3158 2826 3333 2879 vitam
3363 2842 3375 2878 :
3400 2841 3513 2879 non
3551 2829 3787 2879 noverat

2079 2919 2191 2975 nisi
2222 2935 2322 2973 eos
2352 2921 2620 2989 parentes
2652 2916 2753 2987 qui
2785 2919 3066 2985 generant
3080 2931 3459 2971 successuros
3483 2932 3495 2981 ;
3522 2915 3781 2970 nondum

2083 3013 2317 3065 noverat
2344 3024 2440 3063 eos
2470 3007 2572 3079 qui
2602 3021 2829 3076 semper
2860 3005 3113 3059 viventes
3136 3009 3416 3076 generant
3447 3020 3789 3075 permansu-

2083 3118 2199 3156 ros.
2232 3101 2374 3155 Cum
2401 3113 2534 3169 ergo
2566 3095 2687 3153 sint
2708 3097 2835 3149 duae
2868 3094 3222 3164 nativitates,
3244 3094 3340 3150 ille
3371 3110 3545 3149 unam
3568 3094 3789 3149 intelli-

2083 3189 2274 3261 gebat.
2305 3186 2431 3242 Una
2479 3191 2567 3242 est
2614 3186 2685 3240 de
2732 3187 2910 3254 terra,
2942 3182 3059 3239 alia
3104 3185 3172 3239 de
3214 3184 3398 3251 cmlo;
3434 3200 3548 3239 una
3578 3187 3667 3239 est
3715 3183 3787 3238 de

2083 3293 2276 3344 carne,
2308 3276 2420 3331 alia
2451 3275 2522 3329 de
2551 3272 2767 3345 Spiritu
2795 3288 2942 3343 ;una
2972 3276 3063 3327 est
3091 3272 3161 3327 de
3186 3271 3560 3336 mortalitate,
3584 3270 3696 3327 alia
3720 3270 3791 3324 de

2085 3366 2432 3432 eternitate;
2466 3380 2580 3419 una
2608 3365 2697 3418 est
2714 3362 2785 3417 de
2817 3359 3075 3417 masculo
3097 3364 3153 3415 et
3174 3360 3411 3427 femina,
3433 3358 3544 3415 alia
3569 3360 3641 3413 de
3671 3360 3787 3413 Deo

2086 3462 2142 3514 et
2173 3455 2445 3511 Ecclesia.
2475 3452 2582 3507 Sed
2616 3452 2755 3522 ipsae
2796 3452 2921 3505 duas
2949 3449 3193 3521 singulae
3226 3452 3397 3513 sunt;
3420 3463 3522 3502 nec
3554 3446 3652 3501 illa
3684 3464 3787 3516 po-

2086 3553 2200 3605 test
2230 3544 2424 3616 repeti,
2458 3558 2562 3598 nec
2592 3540 2710 3595 illa.
2746 3539 2915 3594 Recte
2944 3535 3225 3593 intellexit
3254 3535 3602 3591 Nicodamus
3636 3535 3785 3589 nati-

2086 3638 2323 3694 vitatem
2339 3632 2535 3689 carnis
2555 3648 2567 3684 :
2584 3630 2667 3685 sic
2687 3633 2744 3683 et
2759 3632 2818 3683 tu
2836 3626 3093 3697 intelligis
3116 3624 3475 3679 nativitatem
3520 3623 3784 3693 spiritus,

2090 3724 2379 3799 quomodo
2422 3718 2706 3776 intellexit
2753 3714 3099 3770 Nicodamus
3155 3711 3513 3768 nativitatem
3573 3714 3786 3767 carnis.

2088 3815 2238 3882 Quid
2301 3810 2648 3867 Nicodamus
2694 3802 3034 3861 intellexit?
3078 3802 3356 3873 Numquid
3406 3808 3583 3870 potest
3634 3801 3791 3858 homo

2089 3908 2266 3961 denuo
2294 3902 2352 3957 in
2404 3903 2646 3957 ventrem
2681 3894 2875 3950 matris
2913 3910 3026 3948 suae
3075 3895 3310 3957 intrare,
3351 3896 3404 3947 et
3448 3894 3647 3948 nasci?
3676 3892 3792 3955 Sic.

2092 3997 2449 4070 quicumque
2472 3989 2577 4045 tibi
2602 3986 2809 4042 dixerit
2840 3990 2903 4039 ut
2934 3982 3315 4053 spiritualiter
3346 3983 3556 4039 iterum
3592 3999 3797 4039 nascu-

2093 4088 2195 4154 ris,
2230 4082 2515 4155 responde
2545 4078 2699 4149 quod
2743 4074 2884 4131 dixit
2915 4072 3281 4138 Nicodamus,
3315 4071 3589 4144 Numquid
3616 4076 3791 4143 potest

2092 4179 2247 4232 homo
2277 4177 2480 4228 iterum
2511 4171 2571 4224 in
2602 4169 2844 4222 ventrem
2878 4165 3072 4218 matris
3108 4178 3219 4217 suae
3247 4164 3480 4229 intrare,
3513 4166 3561 4217 et
3596 4162 3748 4215 nasci
3770 4161 3797 4213 ?

2090 4266 2219 4321 Jam
2249 4266 2421 4318 natus
2444 4273 2575 4316 sum
2599 4257 2669 4311 da
2691 4255 2895 4323 Adam,
2924 4268 3039 4307 non
3065 4266 3156 4306 me
3180 4254 3365 4319 potest
3384 4250 3595 4305 iterum
3622 4264 3793 4319 gene-

2093 4373 2221 4413 rare
2250 4354 2435 4409 Adam
2468 4366 2481 4404 :
2510 4350 2633 4420 jam
2665 4354 2836 4399 natus
2870 4359 3000 4398 sum
3040 4342 3111 4396 de
3137 4339 3384 4404 Christo,
3425 4355 3539 4394 non
3575 4354 3665 4391 me
3689 4354 3794 4407 po-

2092 4452 2204 4501 test
2236 4446 2441 4499 iterum
2477 4449 2750 4509 generare
2790 4430 3078 4485 Christus.
3111 4428 3406 4490 Quomodo
3447 4429 3639 4481 uterus
3681 4438 3796 4480 non

2094 4538 2283 4609 potest
2322 4528 2524 4601 repeti,
2549 4525 2632 4580 sic
2662 4537 2765 4577 nec
2797 4519 3147 4609 Baptismus.

2163 4627 2217 4679 7.
2251 4620 2359 4686 Qui
2392 4616 2650 4673 nascitur
2679 4613 2749 4668 de
2781 4606 3037 4665 Ecclesia
3081 4605 3387 4675 catholica,
3422 4608 3699 4676 tanquam
3729 4604 3799 4659 de

2094 4718 2232 4771 Sara
2264 4708 2582 4772 'nascitur,
2615 4702 2685 4759 de
2725 4700 2907 4756 libera
2945 4696 3209 4753 nascitur
3243 4712 3256 4752 :
3291 4695 3391 4767 qui
3440 4694 3701 4751 nascitur
3732 4694 3803 4749 de

2094 4803 2320 4869 haeresi,
2352 4808 2623 4869 tanquam
2674 4794 2744 4847 de
2773 4787 2987 4847 ancilla
3027 4785 3311 4855 nascitur,
3335 4785 3437 4842 sed
3482 4801 3549 4841 ex
3579 4782 3801 4841 semine

2095 4893 2407 4951 Abraham.
2432 4888 2701 4943 Advertat
2720 4877 2985 4936 Charitas
3007 4880 3195 4934 vestra
3215 4892 3389 4948 quam
3416 4888 3691 4945 magnum
3710 4887 3803 4925 sa-

2098 4984 2483 5043 cramentum.
2539 4975 2807 5030 Testatur
2854 4972 3026 5035 Deus,
3060 4970 3117 5021 et
3164 4964 3324 5031 dicit,
3354 4963 3462 5032 Ego
3500 4976 3619 5014 sum
3661 4959 3799 5012 Deus

2098 5076 2392 5140 Abraham,
2423 5072 2478 5123 et
2509 5066 2645 5121 Deus
2674 5063 2845 5125 Isaac,
2877 5062 2929 5115 et
2960 5060 3101 5112 Deus
3138 5053 3327 5112 Iacob.
3351 5051 3475 5140 Non
3507 5054 3678 5140 erant
3704 5044 3805 5101 alii

2100 5135 2487 5239 patriarchae?
2515 5172 2632 5213 non
2665 5154 2787 5209 erat
2816 5154 2950 5206 ante
2982 5146 3126 5201 istos
3154 5144 3391 5239 sanctus
3423 5135 3558 5202 Noe,
3588 5136 3680 5207 qui
3711 5152 3804 5239 so:

2100 5224 2194 5311 lus
2221 5254 2279 5310 in
2311 5254 2429 5307 toto
2452 5260 2661 5321 genere
2694 5243 2954 5297 humana
2975 5248 3105 5290 cum
3132 5236 3249 5321 tota
3271 5230 3444 5321 domo
3463 5241 3582 5321 sua
3599 5224 3807 5321 meruit

2100 5347 2171 5401 de
2199 5341 2414 5400 diluvio
2436 5316 2695 5398 liberari,
2725 5330 2786 5385 in
2817 5341 2928 5397 quo
2959 5326 3016 5378 et
3046 5321 3105 5375 in
3130 5317 3266 5373 ﬁliis
3294 5317 3422 5386 ejus
3455 5316 3705 5388 figurata
3720 5321 3807 5369 est

2100 5430 2378 5491 Ecclesia?
2393 5430 2572 5499 Ligno
2587 5422 2846 5495 portante
2860 5412 3112 5471 evadunt
3124 5407 3340 5464 diluviu
3352 5424 3404 5462 m
3420 5406 3574 5481 (Gen.
3599 5423 3699 5499 vn,
3722 5406 3801 5499 7).

2100 5525 2319 5583 Deinde
2346 5496 2548 5593 postea
2566 5510 2755 5584 magni
2775 5522 2922 5579 quos
2944 5501 3235 5569 novimus,
3255 5515 3402 5572 quos
3422 5503 3624 5557 sancta
3645 5496 3803 5555 Seri-

2168 5632 2183 5662 ι
2222 5626 2275 5672 In
2308 5620 2428 5668 Mss.
2462 5617 2546 5666 hic
2576 5616 2629 5663 et
2658 5608 2780 5661 alibi
2810 5606 3139 5665 constanter,
3164 5601 3342 5660 Sarra,
3367 5598 3701 5663 cumduplici
3725 5609 3805 5648 rr.
