4146 6186
368 247 525 310 1479

372 394 541 462 ptura
573 383 965 449 commendat,
1000 380 1229 451 Moyses
1261 373 1449 430 ﬁdelis
1481 374 1542 428 in
1576 375 1695 425 tota
1743 369 1912 423 domo
1942 365 2071 434 ejus

368 453 553 547 (Nam.
584 492 682 541 xu,
718 476 794 546 7).
820 473 887 526 Et
908 470 1025 526 illis
1046 474 1163 523 tres
1196 463 1597 526 nominantur,
1621 456 1785 527 quasi
1807 470 1940 510 eum
1963 453 2069 509 soli

373 565 817 641 promeruerint,
857 563 964 630 Ego
993 576 1115 614 sum
1145 559 1281 611 Deus
1313 552 1626 617 Abrabam,,
1650 552 1702 603 et
1731 548 1867 602 Deus
1898 546 2067 607 Isaac,

372 632 422 713 et
454 659 588 712 Deus
614 654 778 709 Jacob
812 670 828 707 :
863 651 960 705 hoc
986 648 1124 703 mihi
1152 660 1349 701 nomen
1375 645 1453 698 est
1480 644 1539 695 in
1564 642 1841 695 aeternum
1869 632 2071 705 (Exod.

371 765 455 813 ιιι,
487 749 543 815 6,
578 747 681 813 15).
718 744 1152 798 Sacramentum
1205 730 1458 803 grande!
1493 730 1701 783 Potens
1739 730 1825 779 est
1872 722 2068 777 Domi-

377 854 485 893 nus
516 841 570 891 et
600 811 700 889 ora
749 835 948 885 nostra
979 825 1221 898 aperire,
1254 828 1311 876 et
1339 820 1513 875 corda
1542 820 1752 880 vestra,
1788 820 1850 866 ut
1881 811 2071 866 dicere

376 926 671 999 possimus
702 921 854 976 sicut
884 896 1134 972 revelare
1156 913 1427 981 dignatus
1450 909 1632 971 est,et
1650 916 1854 973 capere
1884 896 2075 972 possi-

376 1018 450 1072 tis
482 1016 632 1070 sicut
662 1010 895 1081 expedit
920 1005 1101 1061 vobis.

446 1109 498 1162 8.
531 1106 670 1160 Tres
718 1116 852 1171 ergo
896 1095 995 1151 isti
1035 1091 1391 1164 patriarchae,
1430 1085 1742 1152 Abraham,
1790 1085 1969 1145 Isaac,
2022 1084 2079 1135 et

410 1193 576 1249 acob.
606 1190 737 1246 Jam
773 1187 957 1242 nostis
980 1182 1083 1237 filii
1111 1179 1292 1236 Jacob
1325 1177 1460 1249 quia
1490 1173 1796 1230 duodecim
1820 1172 2075 1236 fuerunt,

376 1293 427 1339 et
460 1281 594 1337 inde
625 1275 868 1349 populus
901 1270 1072 1328 Israel
1099 1287 1111 1325 :
1143 1269 1282 1341 quia
1310 1268 1435 1337 ipse
1461 1264 1643 1320 Jacob
1676 1260 1874 1326 Israel,
1896 1264 1954 1314 et
1978 1273 2077 1349 po-

379 1373 551 1445 pulus
582 1348 754 1425 Israel
788 1365 978 1420 tribus
1007 1358 1334 1425 duodecim,
1368 1357 1721 1427 pertinentes
1757 1350 1831 1407 ad
1860 1348 2080 1405 duode-

379 1439 492 1518 cim
526 1459 677 1514 ﬁlios
711 1454 905 1511 Israel.
949 1449 1259 1511 Abraham,
1298 1447 1477 1510 Isaac,
1512 1448 1569 1499 et
1596 1439 1801 1507 Jacob,
1833 1448 1948 1493 tres
1979 1454 2079 1508 pa-

380 1561 514 1620 tres,
539 1554 596 1607 et
630 1545 878 1619 populus
912 1558 1063 1597 unus
1094 1540 1132 1595 ί.
1165 1538 1303 1594 Tres
1327 1542 1518 1607 patres
1548 1540 1827 1603 tanquam
1852 1530 1907 1584 in
1931 1529 2084 1599 prin-

380 1640 531 1713 cipio
564 1634 760 1710 populi
787 1649 799 1700 ;
828 1639 942 1687 tres
969 1635 1161 1701 patres
1194 1628 1250 1680 in
1284 1624 1500 1697 quibus
1521 1621 1878 1693 figurabatur
1900 1633 2082 1689 pepu-

378 1705 475 1785 lu.s
494 1748 506 1785 :
528 1705 584 1783 et
607 1705 850 1797 populus
868 1722 995 1791 ipse
1018 1720 1194 1790 prior,
1214 1730 1464 1788 praesens
1488 1708 1757 1783 populus.
1784 1711 1846 1763 In
1872 1705 2081 1779 populo

383 1820 537 1876 enim
564 1817 896 1872 Juhteorum
921 1810 1200 1879 ﬁguratus
1216 1810 1304 1861 est
1326 1801 1575 1876 populus
1595 1797 2081 1855 Christianorum.

383 1909 466 1963 lbi
516 1907 720 1976 ﬁgura,
766 1901 861 1956 hic
901 1898 1152 1953 veritas:
1212 1895 1290 1949 ibi
1342 1894 1569 1955 umbra,
1602 1889 1696 1943 hic
1730 1904 1965 1959 corpus,
1990 1885 2085 1941 di-

383 2002 549 2054 cente
588 1991 883 2064 Apostolo,
915 1989 1043 2044 Haec
1081 1990 1264 2039 autem
1294 1983 1355 2037 in
1384 1982 1562 2051 ﬁgura
1600 1977 1983 2049 contingebant
2014 1976 2086 2030 il-

384 2090 471 2143 lis.
525 2086 646 2142 Vox
678 2088 765 2138 est
810 2078 1068 2151 Apostoli
1104 2092 1118 2131 :
1164 2074 1384 2146 Scripta
1431 2077 1582 2139 sunt,
1633 2069 1840 2140 inquit,
1870 2073 2088 2138 propter

386 2194 502 2246 nos,
544 2176 603 2231 id
648 2188 780 2244 quos
826 2172 951 2240 ﬁnis
991 2166 1315 2223 saeculorum
1359 2164 1574 2219 obvenit
1619 2159 1666 2227 (ι
1711 2158 1831 2213 Cor.
1872 2175 1930 2219 ι,
1977 2158 2087 2225 11).

385 2269 664 2323 Recurrat
694 2277 851 2316 nunc
880 2258 1112 2314 animus
1142 2259 1333 2311 vester
1356 2253 1427 2308 ad
1468 2249 1785 2315 Abraham,
1815 2252 1997 2313 Isaac,
2032 2252 2091 2300 et

383 2357 580 2413 Jacob.
608 2355 665 2409 ln
700 2353 826 2407 istis
850 2346 1389 2405 tribusinvenimus
1413 2357 1614 2415 parere
1634 2340 1866 2405 liberas,
1888 2351 2089 2409 parere

385 2452 441 2502 et
470 2443 712 2501 ancillas
747 2458 759 2495 :
792 2437 1124 2495 invenimus
1146 2435 1224 2489 ibi
1259 2442 1455 2505 partus
1490 2432 1832 2496 liberarum,
1863 2424 2090 2481 inveni-

391 2552 518 2590 mus
550 2533 627 2587 ibi
661 2534 717 2586 et
762 2536 954 2599 partus
999 2523 1363 2580 ancillarum.
1394 2519 1621 2574 Ancilla
1659 2516 1804 2571 nihil
1844 2514 1978 2569 boni
2004 2513 2090 2568 si-

388 2623 671 2694 gniﬁcat:
720 2616 863 2684 Eiice
913 2613 1196 2679 ancillam,
1231 2608 1438 2678 inquit,
1470 2615 1521 2662 et
1568 2607 1749 2674 ﬁlium
1796 2604 1953 2673 ejus;
1982 2616 2089 2655 non

390 2715 535 2768 enim
566 2708 736 2763 heres
758 2708 865 2760 erit
894 2704 1042 2772 ﬁlius
1072 2700 1295 2755 ancillae
1317 2711 1440 2751 cum
1459 2697 1579 2765 ﬁlio
1610 2694 1821 2750 liberae.
1854 2696 2091 2760 Aposto-

389 2800 485 2855 lus
502 2799 612 2853 hoc
642 2794 1063 2850 commemorat
1087 2807 1102 2852 ;
1125 2797 1179 2843 et
1201 2787 1259 2841 in
1286 2786 1404 2841 illis
1425 2785 1649 2839 duobus
1672 2784 1806 2838 liliis
1829 2781 2092 2848 Abrahae,

392 2888 533 2944 dicit
564 2882 855 2957 apostolus
887 2880 1071 2935 fuisse
1121 2880 1363 2946 ligurem
1414 2876 1663 2930 duorum
1695 2874 2092 2928 Testamento-

392 2994 545 3042 rum,
580 2975 802 3029 Veteris
832 2976 888 3026 et
916 2970 1080 3025 Novi.
1117 2969 1198 3022 Ad
1233 2966 1411 3022 Vetus
1442 2966 1881 3021 Testamentum
1916 2962 2094 3034 perti-

396 3071 538 3123 nent
585 3062 895 3118 dilectores
941 3056 1373 3128 temporalium,
1403 3056 1710 3109 dilectores
1751 3052 1947 3108 saeculi
1980 3068 1992 3105 :
2022 3052 2093 3107 ad

393 3155 616 3211 Novum
636 3155 1071 3207 Testamentum
1097 3146 1403 3199 dilectores
1424 3142 1551 3198 vitae
1575 3152 1818 3197 aeternae.
1848 3139 1977 3195 Ideo
1999 3139 2098 3194 illa

393 3241 717 3299 Jerusalem
750 3238 807 3292 in
856 3246 1027 3301 terra,
1062 3235 1271 3289 umbra
1315 3239 1436 3287 erat
1482 3230 1734 3287 celestis
1774 3228 2096 3285 Jerusalem

397 3331 600 3387 matris
642 3328 908 3385 omnium
960 3328 1250 3389 nostrum,
1282 3338 1408 3393 quae
1451 3325 1541 3375 est
1570 3320 1627 3374 in
1660 3319 1800 3374 coelo
1835 3335 1847 3373 ε
1877 3323 1933 3373 et
1976 3318 2098 3373 haec

395 3419 654 3494 Apostoli
702 3417 872 3472 verba
915 3418 1054 3471 sunt
1082 3412 1237 3484 (Gen.
1270 3429 1386 3477 χχι,
1420 3411 1523 3475 1Ο;
1567 3409 1740 3465 Galat.
1775 3426 1849 3474 1v,
1881 3406 2097 3477 22-30).

397 3515 467 3569 Et
494 3513 563 3568 de
593 3510 706 3565 ista
736 3508 962 3561 civitate
996 3505 1145 3559 unde
1177 3502 1635 3574 peregrinamur,
1673 3498 1857 3554 multo
1888 3498 2098 3566 nostis,

401 3602 584 3659 multa
610 3600 735 3669 jam
764 3595 1034 3652 audistis.
1072 3593 1407 3648 Invenimus
1438 3596 1631 3647 autem
1656 3605 1777 3645 rem
1806 3586 2010 3642 miram
2042 3587 2100 3641 in

401 3690 529 3747 istis
554 3687 918 3761 partubus,id
940 3691 1025 3739 est
1057 3685 1113 3737 in
1145 3683 1275 3739 istis
1298 3681 1605 3747 fetibus,in
1630 3679 1760 3735 istis
1774 3676 2104 3751 generatio-

402 3779 575 3835 nibus
597 3777 910 3831 liberarum
934 3778 990 3827 et
1009 3771 1636 3839 ancillarum,quatuor
1657 3767 1878 3823 scilicet
1898 3781 2106 3836 genera

403 3866 705 3923 hominum
745 3881 756 3918 :
789 3863 848 3918 in
877 3863 1093 3932 quibus
1140 3864 1392 3929 quatuor
1415 3858 1748 3928 generibus,
1783 3856 2108 3926 completur

404 3958 592 4029 figura
624 3953 803 4009 futuri
830 3950 1024 4023 populi
1055 3948 1448 4013 christiani,ut
1468 3963 1582 4000 non
1607 3946 1683 4001 sit
1715 3946 1926 4000 mirum
1952 3947 2105 4016 quod

402 4046 461 4100 in
497 4045 614 4100 illis
647 4043 830 4098 tribus
860 4041 1082 4096 dictum
1105 4044 1213 4104 est,
1245 4039 1353 4107 Ego
1391 4051 1514 4089 sum
1556 4037 1693 4089 Deus
1732 4035 2029 4099 Abraham,
2060 4038 2110 4089 et

407 4137 545 4190 Deus
578 4137 758 4199 Isaac,
787 4139 835 4185 et
867 4131 1008 4183 Deus
1036 4128 1225 4183 Iacob.
1260 4127 1323 4180 In
1346 4123 1619 4178 omnibus
1650 4123 1802 4177 enim
1831 4122 2110 4177 Christia-

405 4224 521 4288 nis,
556 4220 764 4275 fratres
790 4215 1095 4281 intendite,
1135 4218 1235 4268 aut
1266 4228 1367 4282 per
1387 4208 1569 4264 malos
1600 4213 1919 4264 nascuntur
1950 4208 2107 4270 boni.

406 4316 508 4368 aut
552 4326 653 4379 per
683 4309 866 4363 bonos
899 4311 1224 4359 nascuntur
1265 4300 1423 4363 mali,
1457 4303 1558 4354 aut
1589 4315 1689 4371 per
1727 4298 1910 4356 bonos
1949 4299 2107 4365 boni,

406 4406 507 4457 aut
539 4415 637 4470 per
658 4394 843 4453 malos
874 4393 1008 4449 mali
1037 4409 1052 4447 :
1085 4391 1341 4464 amplius
1374 4390 1498 4446 istis
1519 4395 1770 4460 quatuor
1798 4392 2112 4462 generibus

410 4506 523 4544 non
551 4486 792 4559 potestis
814 4482 1092 4539 invenire.
1117 4485 1254 4551 Qua!
1280 4483 1489 4538 iterum
1514 4482 2111 4553 repetam,advertite,

411 4577 694 4640 retinete;
726 4573 973 4629 excutite
997 4574 1170 4628 corda
1200 4580 1403 4639 vestra,
1437 4570 1613 4626 nolite
1641 4570 1789 4643 pigri
1818 4588 1942 4628 esse
1973 4587 1988 4628 :
2018 4589 2111 4628 ca-

412 4667 543 4736 pite,
566 4680 635 4718 ne
666 4663 1005 4734 capiamini,
1029 4665 1309 4735 quomodo
1331 4667 1574 4734 quatuor
1591 4678 1805 4733 genera
1834 4668 1975 4718 sunt
1994 4679 2115 4720 om-

412 4756 571 4811 nium
596 4752 1081 4808 Christianorum.
1115 4756 1230 4807 Aut
1260 4770 1361 4823 per
1382 4754 1564 4808 bonos
1601 4756 1925 4807 nascuntur
1956 4754 2111 4820 boni,

411 4850 511 4905 aut
541 4861 644 4918 per
676 4841 862 4898 malos
905 4847 1231 4898 nascuntur
1272 4843 1428 4909 mali,
1462 4846 1564 4897 aut
1595 4857 1697 4911 per
1734 4840 1917 4897 bonos
1958 4842 2116 4912 mali,

414 4942 514 4996 aut
544 4952 640 5007 per
669 4934 856 4989 malos
890 4932 1047 4988 boni.
1074 4933 1215 4988 Puto
1247 4932 1379 5002 quia
1406 4930 1639 5002 planum
1673 4936 1782 4985 est.
1806 4931 1915 4987 Per
1935 4932 2118 4988 honos

414 5027 584 5084 boni:
628 5024 676 5080 si
711 5027 767 5077 et
796 5021 897 5093 qui
930 5022 1248 5094 baptizant,
1267 5019 1400 5074 boni
1423 5022 1595 5086 sunt;
1620 5018 1792 5089 etqui
1816 5019 2118 5090 baptizan-

418 5125 530 5185 tur,
565 5120 717 5173 recte
755 5116 1021 5182 credunt,
1054 5116 1109 5168 et
1157 5113 1216 5167 in
1248 5109 1524 5166 membris
1561 5108 1775 5164 Christi
1819 5117 1977 5168 recte
2008 5130 2123 5168 nu-

420 5212 733 5263 merantur.
768 5206 870 5262 Per
903 5205 1084 5262 malos
1116 5202 1291 5259 mali:
1323 5201 1373 5257 si
1403 5205 1459 5257 et
1501 5201 1597 5271 qui
1630 5200 1945 5271 baptizant,
1983 5202 2118 5256 mali

421 5301 561 5351 sunt
588 5316 603 5364 ;
634 5304 689 5351 et
723 5296 823 5366 qui
856 5296 1249 5367 baptizantur,
1274 5292 1493 5364 duplici
1534 5290 1706 5346 corde
1736 5291 2018 5346 accedunt
2046 5292 2117 5345 ad

424 5384 631 5447 Deum,
664 5388 720 5437 et
750 5399 861 5438 non
896 5388 1095 5441 tenent
1122 5401 1221 5441 eos
1253 5398 1444 5439 mores
1475 5392 1625 5452 quos
1657 5378 1905 5437 audiunt
1933 5378 1991 5434 in
2014 5379 2123 5434 Ec-

490 5509 507 5542 1
540 5508 597 5556 In
634 5507 757 5555 Mss.
790 5506 874 5554 hic
909 5514 1031 5569 post
1062 5524 1263 5572 vocem,
1296 5511 1469 5567 Jacob,
1502 5523 1609 5560 non
1643 5508 1874 5566 additur,
1907 5510 2009 5557 tres
2027 5520 2122 5567 pa-

396 5606 403 5615 .
430 5576 773 5633 trcs;neque,
807 5582 954 5627 unus,
986 5576 1105 5632 post
1133 5586 1304 5632 voces,
1342 5579 1388 5623 et
1418 5574 1654 5637 populus.

1324 233 1399 293 IN
1444 226 1769 293 JOANNIS
1812 220 2336 291 EVANGELIUM,
2382 219 2445 280 S.
2492 215 2915 282 AUGUSTINI

3722 218 3881 279 1480

2182 360 2377 425 clesia,
2411 361 2474 412 ut
2502 373 2612 411 non
2654 356 2731 410 ibi
2768 356 2883 409 sint
2917 351 3099 425 palea,
3132 351 3230 408 sed
3279 352 3659 410 frumentum.
3693 355 3881 418 Quam

2182 450 2336 505 enim
2390 447 2557 502 mulli
2605 446 2739 510 sint,
2773 444 2933 499 novit
2988 442 3251 498 Charitas
3296 452 3505 497 vestra.
3540 442 3643 498 Per
3697 444 3886 499 malos

2182 539 2315 595 boni
2352 555 2364 593 :
2408 536 2725 607 aliquando
2762 532 3016 605 baptizat
3054 531 3305 601 adulter,
3337 537 3395 587 et
3426 532 3527 603 qui
3556 533 3889 604 baptizatur

2175 628 2554 699 justiﬁcatur.
2579 626 2685 681 Per
2704 624 2888 680 bonos
2912 622 3044 678 mali
3069 638 3082 677 :
3108 623 3424 694 aliquando
3445 623 3543 693 qui
3566 624 3886 696 baptizant,

2181 719 2367 774 sancti
2413 721 2586 782 sunt;
2621 716 2720 787 qui
2772 714 3152 786 baptizanlur,
3203 718 3399 769 tenere
3448 715 3600 769 viam
3652 715 3751 771 Dei
3784 732 3888 770 no-

2184 808 2335 863 lunt.

2253 900 2307 954 9.
2342 900 2507 963 Puto,
2543 897 2770 963 fratres,
2804 898 3009 949 notum
3039 908 3168 949 esse
3198 893 3256 948 in
3288 892 3561 957 Ecclesia,
3596 900 3653 950 et
3692 896 3893 966 quoti-

2184 988 2375 1043 dianis
2407 985 2687 1056 exemplis
2720 982 3086 1039 manifestari
3124 998 3189 1037 ea
3218 998 3341 1051 quis
3372 982 3617 1039 dicimus
3650 1001 3664 1040 :
3699 987 3796 1040 sed
3830 985 3891 1040 in

2184 1076 2477 1148 prioribus
2507 1074 2725 1131 nostris
2757 1071 3017 1145 patribus
3048 1087 3115 1126 ea
3140 1070 3603 1140 consideremus,
3627 1074 3765 1144 quia
3793 1074 3894 1129 ha-

2186 1165 2438 1221 buerunt
2465 1169 2522 1221 et
2572 1162 2654 1218 illi
2688 1164 2796 1218 ista
2846 1166 3058 1233 quator
3081 1175 3312 1231 genera.
3345 1160 3448 1217 Per
3487 1162 3671 1218 bonos
3702 1163 3838 1219 boni
3877 1180 3891 1217 :

2187 1254 2443 1311 Ananiae
2490 1252 2734 1309 Paulum
2783 1250 3099 1321 baptizavit
3146 1250 3397 1320 (Acl.1x,
3451 1250 3560 1321 18).
3594 1251 3737 1315 Quid
3791 1269 3896 1323 per

2188 1343 2375 1399 malos
2416 1341 2601 1398 mali?
2636 1340 2789 1398 Dicit
2815 1338 3127 1410 Apostolus
3164 1339 3451 1409 quosdam
3484 1340 3893 1410 praedicatores

2188 1432 2499 1503 Evangelii,
2544 1448 2692 1504 quos
2744 1429 2887 1485 dicit
2936 1445 3049 1485 non
3107 1433 3265 1484 caste
3314 1430 3664 1485 annuntiare
3712 1430 3895 1485 solere

2190 1520 2587 1592 Evangelium,
2615 1534 2763 1590 quos
2813 1517 3019 1573 tolerat
3048 1516 3108 1571 in
3153 1518 3430 1573 societate
3461 1516 3801 1585 christiana,
3835 1523 3895 1574 et

2189 1614 2347 1680 dicit,
2394 1612 2544 1681 Quid
2588 1610 2783 1666 enim?
2839 1608 2969 1662 dum
3011 1610 3160 1662 omni
3205 1607 3382 1673 modo,
3434 1608 3547 1664 sive
3593 1611 3894 1674 occasione,

2191 1704 2304 1757 sive
2324 1702 2559 1757 veritate
2572 1697 2827 1753 Christus
2846 1694 3295 1765 annuntictur,et
3318 1696 3375 1748 in
3396 1700 3496 1751 hoc
3514 1698 3720 1768 gaudeo
3747 1698 3898 1767 (Phi-

2194 1794 2323 1864 lipp.
2350 1809 2389 1861 ι,
2422 1790 2535 1865 18).
2585 1789 2885 1860 Numquid
2946 1786 3263 1842 malevolus
3312 1791 3456 1855 erat,
3491 1792 3548 1843 et
3594 1790 3665 1845 de
3706 1790 3895 1845 alieno

2193 1880 2348 1938 malo
2379 1878 2719 1952 gaudebat?
2749 1877 2857 1933 Sed
2882 1876 3019 1948 quia
3047 1880 3104 1931 et
3132 1892 3234 1946 per
3250 1875 3434 1934 malos
3464 1893 3660 1934 verum
3696 1880 3900 1950 praedi-

2194 1971 2454 2039 cabatur,
2476 1978 2530 2025 et
2561 1985 2663 2040 per
2694 1966 2982 2022 malorum
3006 1982 3105 2019 ora
3136 1965 3393 2021 Christus
3425 1966 3848 2037 praedicabatur
3877 1985 3892 2033 ;

2196 2061 2245 2118 si
2275 2076 2423 2132 quos
2445 2059 2540 2114 isti
2571 2057 2661 2113 sui
2685 2054 2903 2111 similes
2926 2054 3318 2125 baptizabant,
3346 2054 3478 2110 mali
3503 2054 3689 2111 malos
3710 2056 3899 2127 bapti-

2194 2151 2404 2207 zabant
2425 2164 2439 2204 ι
2464 2150 2515 2204 si
2538 2163 2685 2218 quos
2708 2145 2801 2201 isti
2824 2144 3199 2215 baptizabant
3214 2144 3382 2211 tales,
3404 2144 3602 2215 quales
3621 2145 3901 2201 admonet

2196 2240 2476 2297 Dominus
2497 2253 2630 2294 cum
2661 2236 2819 2304 dicit,
2854 2235 2987 2302 Quae
3017 2234 3204 2289 dicunt
3230 2236 3583 2305 facite;qua2
3601 2239 3783 2291 autem
3815 2240 3904 2304 [a-

2195 2330 2370 2395 ciunl,
2390 2331 2571 2399 facere
2607 2325 2778 2380 nolite
2814 2322 3024 2395 (Matth.
3066 2338 3228 2389 χχιιι,
3258 2322 3340 2393 3),
3371 2322 3509 2378 mali
3560 2324 3746 2379 bonos
3794 2323 3901 2378 ba-

2199 2418 2517 2490 ptizabant.
2550 2415 2691 2470 Boni
2724 2413 2909 2468 malos
2946 2413 3345 2482 baptizabant,
3377 2412 3670 2483 quomodo
3702 2429 3735 2467 a
3767 2412 3905 2467 Phi-

2199 2508 2355 2578 lippo
2378 2509 2575 2561 sancto
2596 2503 2798 2558 Simon
2821 2515 3029 2571 magus
3053 2499 3375 2571 baptizatus
3396 2504 3485 2556 est
3497 2501 3635 2570 (Act.
3654 2516 3773 2569 vui,
3792 2500 3904 2570 13).

2199 2597 2345 2652 Nota
2374 2600 2514 2650 sunt
2542 2609 2677 2664 ergo
2711 2593 2824 2648 ista
2854 2594 3060 2662 quator
3088 2605 3321 2661 genera,
3355 2590 3565 2645 fratres
3596 2590 3725 2647 mei.
3760 2590 3907 2645 Ecce

2201 2686 2408 2741 iterum
2440 2700 2504 2739 ea
2535 2686 2755 2754 repeto,
2779 2685 2969 2737 tenete
2998 2679 3119 2739 illa.
3155 2686 3456 2735 numerate
3480 2678 3600 2747 illa,
3623 2679 3906 2735 advertite

2202 2776 2333 2845 illa;
2358 2780 2552 2831 cavete
2574 2790 2699 2844 quae
2723 2772 2878 2827 mala
2899 2780 3056 2841 sunt,
3085 2777 3269 2826 tenete
3294 2787 3423 2841 quas
3448 2771 3597 2826 bona
3618 2775 3769 2825 sunt.
3795 2771 3911 2824 Per

2202 2866 2386 2922 bonos
2430 2866 2567 2921 boni
2613 2866 2958 2927 nascuntur,
2991 2878 3125 2915 cum
3168 2878 3266 2931 per
3313 2870 3548 2917 sanctos
3587 2862 3773 2917 sancti
3803 2861 3908 2916 ba-

2203 2959 2499 3029 ptizantur
2531 2971 2544 3009 :
2580 2969 2677 3025 per
2728 2950 2910 3007 malos
2960 2949 3117 3017 mali,
3149 2966 3280 3005 cum
3314 2954 3370 3005 et
3399 2951 3502 3020 qui
3534 2950 3823 3021 baptizant
3853 2954 3915 3005 et

2205 3045 2303 3117 qui
2348 3045 2735 3116 baptizantur,
2767 3040 2967 3111 inique
3014 3048 3067 3094 et
3100 3040 3279 3111 impie
3321 3040 3555 3108 vivunt;
3592 3056 3693 3111 per
3722 3038 3913 3094 malos

2203 3134 2363 3200 boni,
2396 3148 2527 3187 cum
2570 3130 2709 3185 mali
2740 3133 2878 3185 sunt
2921 3128 3019 3198 qui
3054 3127 3387 3199 baptizant;
3421 3132 3479 3182 et
3509 3126 3644 3182 boni
3677 3127 3776 3197 qui
3807 3127 3916 3182 ba-

2208 3222 2499 3294 ptizantur
2532 3237 2544 3274 :
2581 3234 2680 3291 per
2712 3219 2895 3273 bonos
2926 3215 3082 3281 mali,
3102 3232 3235 3272 cum
3260 3216 3398 3271 boni
3430 3221 3568 3272 sunt
3598 3215 3693 3286 qui
3728 3214 3924 3285 bapti-

2205 3320 2361 3381 zant,
2395 3320 2449 3367 et
2480 3310 2617 3366 mali
2647 3309 2747 3379 qui
2779 3307 3167 3379 baptizantur.

2284 3396 3410 3467 10.0uomodoinvenimusistaintribus
3424 3393 3925 3460 istisnominibus,

2209 3494 2317 3561 Ego
2346 3507 2467 3546 sum
2516 3490 2653 3544 Deus
2694 3489 2993 3555 Abraham,
3024 3487 3160 3542 Deus
3204 3487 3379 3553 Isaac,
3410 3489 3460 3540 et
3511 3488 3653 3541 Deus
3696 3484 3869 3539 Iacob
3896 3486 3927 3538 ἵ

2212 3590 2471 3647 Ancillas
2500 3587 2824 3658 accipimus
2847 3586 2900 3640 in
2937 3584 3131 3653 malis,
3153 3584 3365 3640 liberas
3395 3581 3792 3653 accipimusin
3820 3586 3930 3637 bo-

2213 3682 2343 3737 nis:
2380 3680 2611 3752 pariunt
2640 3678 2833 3732 liberae
2867 3678 3085 3741 bonos;
3117 3678 3278 3731 Sarat
3313 3673 3537 3745 peperit
3569 3673 3728 3728 Isaac
3751 3672 3924 3742 (Gen.

2213 3787 2330 3836 xxx,
2365 3769 2420 3837 3)
2454 3785 2466 3823 :
2503 3767 2734 3838 pariunt
2763 3763 2987 3820 ancillas
3021 3763 3207 3818 malos
3231 3781 3247 3831 ;
3268 3764 3419 3833 Agar
3449 3760 3674 3832 peperit
3703 3763 3931 3817 lsmael

2214 3859 2320 3932 (Ιά.
2370 3874 2486 3922 xvr,
2540 3857 2643 3925 15).
2697 3854 2987 3909 Habemus
3034 3853 3094 3906 in
3146 3868 3260 3907 uno
3318 3849 3611 3905 Abraham
3659 3857 3713 3905 et
3769 3848 3934 3904 illud

2216 3964 2403 4020 genus
2452 3962 2586 4001 cum
2638 3960 2740 4015 per
2769 3943 2953 3998 bonos
2987 3942 3143 4009 boni,
3176 3946 3235 3996 et
3264 3938 3405 3995 illud
3434 3953 3620 4008 genus
3650 3954 3783 3995 cum
3822 3956 3940 4010 per

2217 4036 2395 4092 malos
2432 4033 2589 4090 mali.
2618 4034 2724 4088 Per
2754 4034 2937 4087 bonos
2962 4031 3099 4086 mali
3123 4029 3221 4085 ubi
3251 4028 3488 4099 figurati
3510 4034 3646 4083 sunt
3669 4027 3696 4082 ‘2
3716 4027 3940 4085 Libera

2218 4130 2340 4182 erat
2388 4124 2644 4179 Rebecca
2692 4138 2835 4177 uxor
2882 4121 3089 4177 Isaac:
3135 4119 3329 4190 legite,
3362 4117 3585 4187 peperit
3631 4117 3939 4187 geminos,

2219 4231 2374 4271 unus
2405 4220 2527 4269 erat
2555 4211 2758 4278 bonus,
2791 4210 2936 4265 alter
2965 4208 3177 4264 malus.
3212 4207 3400 4261 Habes
3430 4210 3628 4276 aperte
3659 4205 3944 4276 Scriptu-

2220 4322 2341 4361 ram
2374 4304 2662 4359 dicentem
2697 4301 2794 4356 Dei
2826 4315 2983 4365 voce,
3003 4297 3166 4353 Jacob
3198 4296 3395 4361 dilexi,
3422 4295 3565 4349 Esau
3594 4300 3778 4349 autem
3799 4296 3948 4353 odio

2220 4395 2392 4451 habui
2438 4391 2697 4462 (Malach.
2732 4406 2771 4456 ι,
2803 4391 2859 4457 2,
2889 4389 2962 4450 3;
2994 4389 3144 4443 Rom.
3178 4403 3258 4455 ιχ,
3294 4384 3405 4455 13).
3430 4384 3579 4439 Istos
3626 4384 3776 4440 duos
3828 4401 3946 4457 ge-

2221 4484 2352 4540 nuit
2402 4480 2682 4546 Rebecca,
2738 4477 2915 4533 Jacob
2946 4482 3003 4532 et
3046 4476 3194 4531 Esau
3229 4491 3244 4531 :
3286 4490 3441 4530 unus
3488 4471 3625 4528 inde
3672 4473 3951 4545 eligitur,

2222 4575 2374 4633 alius
2421 4569 2849 4641 reprobatur';
2902 4583 3056 4623 unus
3104 4567 3364 4623 succedit
3411 4564 3471 4619 in
3508 4564 3954 4635 hereditatem,

2222 4664 2367 4721 alter
2394 4659 2811 4718 exhisredatur.
2839 4658 2963 4713 Non
2997 4658 3134 4713 facit
3165 4657 3448 4728 populum
3480 4670 3652 4713 suum
3677 4658 3834 4709 Deus
3872 4656 3957 4710 de

2224 4755 2372 4809 Esau
2400 4771 2414 4819 ;
2448 4750 2546 4807 sed
2579 4749 2718 4804 facit
2746 4748 2815 4803 de
2852 4746 3050 4802 Jacob.
3083 4750 3290 4801 Semen
3341 4763 3548 4813 unum,
3581 4740 3797 4799 diversi
3834 4744 3957 4814 qui

2225 4843 2486 4912 concepti
2537 4842 2680 4894 sunt
2712 4854 2725 4893 :
2759 4843 2957 4892 uterus
3008 4852 3183 4901 unus,
3217 4836 3429 4891 diversi
3479 4835 3581 4907 qui
3611 4830 3734 4889 nati
3766 4836 3958 4887 sunt.

2224 4930 2524 5002 Numquid
2550 4945 2664 4986 non
2698 4928 2878 4983 libera
2901 4924 3119 4998 peperit
3138 4926 3336 4995 Jacob,
3360 4941 3483 4995 quas
3505 4924 3687 4979 libera
3708 4921 3966 4991 peperit

2226 5028 2375 5079 Esau
2396 5021 2424 5076 ?
2454 5019 2846 5075 Luctabantur
2884 5017 2945 5072 in
2976 5020 3175 5072 ventre
3214 5015 3416 5071 matris
3449 5030 3589 5081 suis,
3622 5020 3677 5067 et
3706 5009 3965 5067 dictum

2226 5116 2314 5167 est
2340 5109 2631 5177 Rebeccae,
2654 5123 2785 5163 cum
2815 5105 2894 5161 ibi
2926 5104 3304 5173 luctarentur,
3335 5106 3450 5159 Duo
3480 5101 3674 5174 populi
3702 5107 3846 5155 sunt
3888 5100 3967 5156 in

2204 5210 2381 5256 utero
2412 5204 2504 5252 tuo
2543 5196 2699 5267 (Gen.
2734 5213 2863 5261 xxv,
2889 5194 3105 5264 22-24).
3155 5193 3278 5249 Duo
3328 5191 3612 5258 homines,
3664 5189 3780 5242 duo
3842 5205 3970 5260 po-

2230 5291 2391 5362 puli;
2425 5289 2611 5345 bonus
2642 5286 2913 5358 populus,
2947 5286 3136 5341 malus
3176 5284 3428 5356 populus
3461 5300 3476 5337 :
3509 5281 3610 5338 sed
3644 5284 3852 5334 tamen
3894 5279 3975 5336 in

2232 5397 2348 5436 uno
2380 5383 2581 5435 ventre
2619 5378 2933 5432 luctantur.
2978 5376 3185 5441 Quanti
3217 5374 3355 5431 mali
3387 5376 3527 5429 sunt
3567 5370 3627 5426 in
3657 5367 3975 5443 Ecclesia,

2233 5474 2291 5525 et
2321 5486 2474 5525 unus
2507 5473 2707 5524 uterus
2739 5470 2953 5539 portat,
2992 5467 3173 5523 donec
3203 5466 3258 5521 in
3295 5464 3409 5519 fine
3441 5462 3806 5518 discernatur
3846 5476 3864 5514 :
3907 5466 3982 5518 et

2298 5570 2311 5602 ¹
2346 5568 2490 5628 Μαι,
2522 5567 2864 5631 improbatur.
