4146 6186
264 256 407 317 1481

258 395 383 452 boni
417 398 698 452 adversus
734 395 920 452 malos
951 397 1225 466 clamant,
1248 396 1459 454 etmali
1482 398 1759 455 adversus
1782 400 1963 456 bonos

260 486 590 556 reclamant,
626 492 684 543 et
712 487 772 543 in
806 488 981 543 unius
1025 486 1342 544 visceribus
1374 488 1606 561 utrique
1637 488 1957 547 luctantur.

264 576 542 649 Numquid
558 594 791 649 semper
803 578 1157 635 simulerunt
1174 577 1201 635 ‘I
1218 581 1281 634 In
1297 578 1410 635 ﬁne
1433 580 1623 635 exitur
1650 581 1725 636 ad
1746 580 1956 648 lucem,

265 667 581 723 declaratur
594 668 874 724 nativitas
891 684 1017 739 quae
1031 668 1126 724 hic
1140 669 1198 724 in
1214 673 1572 725 sacramento
1587 670 1885 741 ﬁguratur:
1901 676 1959 726 et

260 764 387 812 tunc
418 757 738 829 apparebit,
771 758 933 813 Jacob
964 757 1156 823 dilexi,
1195 759 1337 813 Esau
1385 766 1570 814 autem
1602 758 1721 814 odio
1763 759 1949 815 habui.

328 848 409 900 li.
442 848 567 901 lam
601 862 737 918 ergo
770 846 1123 916 invenimus,
1148 848 1369 916 fratres,
1393 851 1449 904 et
1476 848 1547 902 de
1569 847 1738 904 bouis
1760 848 1962 917 bonos,

258 937 322 990 de
352 937 540 991 libera
570 939 735 992 Isaac
769 953 783 992 :
818 940 874 991 et
895 937 965 992 de
989 936 1161 992 malis
1184 936 1391 1005 malos,
1415 937 1483 994 de
1499 935 1706 993 ancilla
1724 937 1960 995 Ismael:

253 1030 302 1079 et
334 1026 403 1081 de
436 1025 608 1081 bonis
640 1026 849 1094 malos,
880 1027 1032 1082 Esau
1066 1027 1137 1082 de
1168 1027 1444 1096 Rebecca,
1476 1026 1556 1082 De
1588 1026 1756 1083 malis
1774 1027 1959 1084 bonos

252 1116 339 1169 ubi
377 1116 746 1171 inveniemus
769 1117 796 1171 ‘2
828 1115 1028 1171 Restat
1068 1116 1265 1185 Jacob,
1298 1120 1361 1171 ut
1402 1116 1461 1172 in
1493 1116 1680 1172 tribus
1713 1118 1960 1189 patriar-

252 1205 371 1260 chis
428 1210 683 1277 quatuor
742 1222 1021 1278 generum
1087 1206 1334 1262 istorum
1395 1207 1669 1279 perfectio
1728 1207 1962 1264 conclu-

254 1295 440 1350 datur.
478 1295 688 1351 Habuit
718 1313 924 1352 uxores
941 1296 1370 1366 Jacobliberas,
1396 1297 1597 1353 habuit
1616 1297 1960 1354 ctancillas:

254 1386 493 1455 pariunt
537 1386 753 1453 liberae,
786 1389 1021 1457 pariunt
1049 1391 1106 1441 et
1137 1386 1382 1455 ancillae,
1407 1391 1462 1441 ct
1483 1387 1630 1441 fiunt
1659 1387 1961 1445 duodecim

256 1474 351 1528 lilii
390 1473 565 1529 lsrael
594 1474 746 1545 (Gen.
780 1491 931 1543 xxxx,
957 1491 1087 1544 xxx,
1118 1475 1307 1545 xxxv).
1351 1476 1409 1531 Si
1454 1491 1724 1532 numeres
1762 1493 1966 1533 omnes

249 1566 311 1618 de
343 1564 563 1634 quibus
588 1566 707 1621 nati
731 1571 891 1633 sunt,
915 1582 1027 1622 non
1052 1583 1260 1622 omnes
1282 1567 1351 1623 de
1376 1567 1594 1633 liberis,
1626 1583 1738 1623 non
1762 1584 1967 1626 omnes

254 1654 315 1707 de
342 1654 577 1709 ancillis
612 1670 626 1710 :
659 1656 757 1710 sed
791 1659 985 1711 tamen
1045 1672 1245 1712 omnes
1300 1671 1364 1711 ex
1404 1672 1514 1712 uno
1546 1658 1786 1713 semine.
1821 1658 1965 1725 Quid

252 1758 401 1814 ergo,
434 1744 641 1801 fratres
673 1745 836 1801 mei?
864 1745 1153 1818 numquid
1186 1746 1286 1818 qui
1320 1746 1437 1802 nati
1468 1750 1603 1802 sunt
1625 1747 1695 1803 de
1717 1748 1966 1816 ancillis,

256 1850 360 1887 non
395 1832 575 1888 simul
609 1835 999 1905 possederunt
1029 1840 1242 1891 terram
1279 1835 1682 1907 promissionis
1704 1852 1832 1891 cum
1855 1839 1970 1892 fra-

258 1924 435 1980 tribus
473 1925 602 1979 suis
626 1924 651 1977 ‘2
673 1925 1005 1980 Invenimus
1028 1925 1106 1980 ibi
1130 1927 1313 1981 bonos
1336 1926 1486 1982 ﬁlios
1504 1925 1684 1981 Jacob
1708 1932 1875 1983 natos
1896 1929 1965 1983 de

256 2013 501 2080 ancillis,
534 2018 589 2069 et
621 2014 805 2070 bonos
836 2014 987 2071 ﬁlios
1017 2015 1191 2071 lacob
1225 2021 1389 2070 natos
1439 2016 1509 2071 de
1556 2014 1770 2071 liberis.
1807 2015 1962 2072 Nihil

254 2102 358 2158 illis
390 2103 587 2158 obfuit
620 2103 890 2159 nativitas
920 2104 991 2159 de
1023 2105 1200 2160 uteris
1241 2103 1603 2171 ancillarum,
1638 2105 1870 2177 quando
1901 2105 1959 2161 in

252 2201 403 2264 patre
435 2197 840 2262 cognoverunt
868 2208 1063 2249 semen
1096 2211 1293 2261 suum,
1327 2198 1384 2249 et
1420 2199 1845 2265 consequenter
1875 2211 1962 2251 re-

246 2301 418 2354 gnum
444 2300 581 2340 cum
607 2285 1236 2343 fratribustenuerunt.
1259 2288 1558 2353 Quomodo
1581 2303 1717 2359 ergo
1740 2287 1797 2342 in
1823 2287 1959 2343 ﬁliis

248 2374 418 2430 Jacob
448 2391 567 2430 non
602 2374 791 2430 obfuit
836 2376 951 2431 illis
984 2376 1085 2448 qui
1117 2378 1235 2432 nati
1267 2381 1403 2433 sunt
1431 2377 1501 2432 de
1533 2376 1781 2442 ancillis,
1810 2393 1958 2448 quo-

252 2466 435 2520 minus
468 2469 739 2520 tenerent
771 2481 1033 2536 regnum,
1066 2472 1125 2521 et
1153 2471 1368 2522 terram
1393 2466 1794 2537 promissionis
1826 2482 1957 2522 cum

248 2556 525 2609 fratribus
548 2570 619 2610 ex
650 2570 815 2626 aequo
843 2555 1212 2626 accipereut;
1250 2572 1365 2611 non
1396 2554 1511 2610 illis
1533 2557 1843 2612 obfuerunt
1864 2572 1960 2609 na-

251 2645 388 2699 tales
423 2643 926 2710 ancillarum,sed
948 2644 1246 2715 praevaluit
1273 2660 1468 2701 semen
1493 2650 1799 2715 paternum
1826 2662 1839 2702 :
1874 2644 1960 2700 sic

248 2736 599 2806 quicumque
615 2750 717 2806 per
731 2734 918 2791 malos
934 2735 1319 2806 baptizantur,
1343 2739 1627 2809 tanquam
1642 2737 1710 2792 de
1729 2736 1960 2792 ancillis

244 2826 517 2880 videntur
566 2824 719 2889 nati;
754 2824 853 2878 sed
908 2830 1100 2881 tamen
1150 2825 1287 2896 quia
1325 2840 1394 2879 ex
1414 2825 1636 2881 semine
1656 2825 1957 2888 verbiDei,

246 2915 393 2983 quod
432 2914 795 2986 ﬁguraturin
821 2915 1016 2979 Jacob,
1052 2932 1163 2969 non
1185 2914 1619 2984 contristentur,
1644 2915 1819 2971 simul
1839 2916 1959 2972 hai-

246 3005 554 3059 rcditatem
578 3021 713 3058 cum
735 3004 1013 3060 fratribus
1033 3005 1432 3075 possidebunt.
1455 3004 1704 3060 Securus
1727 3021 1861 3076 ergo
1883 3006 1960 3061 sit

251 3092 340 3160 qui
403 3092 477 3146 de
528 3090 752 3146 semine
784 3092 933 3146 bono
964 3092 1253 3160 nascitur;
1288 3096 1518 3147 tantum
1553 3108 1666 3147 non
1700 3092 1963 3148 imitetur

248 3181 551 3248 ancillam,
587 3180 637 3236 si
670 3181 742 3236 de
774 3182 984 3237 ancilla
1006 3183 1285 3237 nascitur.
1309 3181 1597 3238 Ancillam
1625 3182 1835 3238 malam
1860 3201 1963 3240 su-

248 3272 613 3341 perbientem
649 3270 1049 3327 nonimiteris.
1081 3271 1243 3329 Unde
1264 3272 1419 3328 enim
1438 3272 1535 3325 filii
1561 3274 1738 3328 Jacob
1768 3274 1837 3329 de
1855 3290 1962 3329 an-

246 3360 386 3415 cillis
425 3360 573 3428 nati,
604 3361 990 3432 possederunt
1022 3366 1234 3417 terram
1256 3361 1658 3433 promissionis
1690 3379 1820 3418 cum
1848 3364 1961 3419 fra-

246 3450 451 3518 tribus,
482 3449 696 3503 Ismael
723 3454 918 3504 autem
936 3451 1006 3505 de
1029 3451 1240 3505 ancilla
1264 3455 1457 3520 natus,
1479 3450 1753 3522 expulsus
1770 3456 1858 3508 est
1890 3452 1962 3507 ab

248 3540 633 3595 haereditate?
666 3539 843 3607 Unde,
878 3540 989 3596 nisi
1047 3541 1183 3612 quia
1231 3540 1329 3598 ille
1384 3543 1671 3612 superbus
1703 3546 1845 3608 erat,
1877 3540 1963 3598 illi

250 3629 502 3685 humiles
526 3629 555 3683 ‘2
580 3630 773 3685 Erexit
800 3629 897 3685 ille
927 3633 1226 3697 cervicem,
1250 3636 1305 3688 et
1342 3631 1519 3688 voluit
1549 3633 1823 3689 seducere
1853 3635 1961 3689 fra-

253 3724 391 3775 trem
425 3735 631 3786 suum,
666 3719 871 3775 ludens
903 3736 1033 3775 cum
1067 3720 1187 3776 illo.

320 3812 406 3862 12.
469 3807 751 3879 Magnum
786 3808 861 3863 ibi
921 3814 1371 3867 sacramentum.
1432 3810 1733 3868 Ludebaut
1788 3814 1963 3871 simul

259 3897 459 3952 lsmuel
485 3897 717 3953 etIsaac
734 3897 1046 3963 ;viditillos
1069 3897 1581 3969 Saraludentes,et
1598 3902 1959 3960 aitAbrahie:

260 3991 399 4055 L’n’cc
420 3989 698 4043 ancillam
721 3994 769 4044 el
798 3987 984 4055 ﬁlium
1005 3991 1154 4061 ejus;
1186 4006 1293 4046 non
1316 3992 1461 4046 enim
1488 3990 1663 4069 hmres
1683 3993 1795 4048 erit
1814 3993 1961 4063 ﬁlius

254 4082 468 4135 ancillae
498 4097 625 4135 cum
651 4080 765 4144 ﬁlio
796 4098 916 4136 meo
948 4082 1120 4137 Isaac.
1156 4083 1221 4137 Et
1250 4082 1781 4139 cumcontristatus
1812 4089 1967 4140 esset

249 4172 568 4238 Abraham,
593 4171 962 4227 conﬁrmavit
982 4172 1032 4226 ei
1063 4172 1345 4228 Dominus
1366 4173 1587 4228 dictum
1604 4174 1797 4229 uxoris
1816 4175 1962 4243 ejus.

252 4260 377 4316 Jam
414 4262 510 4316 hic
548 4262 917 4317 manifestum
978 4268 1066 4319 est
1121 4272 1572 4329 sacramentum,
1604 4265 1739 4337 quia
1772 4268 1964 4321 nescio

250 4349 384 4419 quid
419 4350 685 4406 futurum
722 4351 1077 4421 parturiebat
1108 4352 1206 4407 illa
1235 4368 1326 4408 res
1360 4358 1543 4423 gesta.
1571 4353 1853 4408 Ludeutcs
1884 4352 1966 4408 vi-

253 4438 351 4508 dit,
385 4448 439 4495 et
472 4440 622 4495 dicit
656 4456 668 4493 :
708 4441 853 4510 Ejice
904 4440 1163 4496 ancillcm
1216 4449 1269 4497 et
1325 4442 1505 4511 ﬁlium
1533 4444 1669 4513 ejus.
1701 4444 1845 4507 Quid
1877 4445 1966 4498 est

255 4530 376 4593 hoc,
414 4529 631 4584 fratres
657 4528 685 4582 ‘I
713 4528 861 4592 Quid
921 4530 1075 4585 enim
1118 4530 1255 4585 mali
1304 4532 1514 4587 fecerat
1544 4531 1750 4587 Ismael
1786 4548 1962 4603 puero

249 4614 426 4681 lssac,
458 4617 603 4687 quia
663 4617 897 4672 ludebat
943 4634 1076 4672 cum
1129 4617 1269 4674 illo?
1293 4619 1402 4673 Sed
1437 4618 1535 4674 illa
1562 4619 1732 4687 lusio,
1766 4619 1963 4675 illusio

253 4710 373 4760 erat
400 4724 417 4771 ;
448 4706 556 4761 illa
619 4706 773 4761 lusio
810 4707 1208 4777 deceptionem
1251 4707 1641 4778 signiﬁcabat.
1674 4708 1817 4764 Nom
1848 4725 1967 4765 ma-

246 4812 420 4865 guum
452 4804 897 4852 sacramentum
932 4798 1191 4852 attendat
1222 4798 1489 4854 Charitas
1520 4803 1725 4854 vestra.
1762 4799 1964 4857 Perse-

243 4886 547 4941 cutionem
604 4884 765 4940 illam
812 4890 979 4941 vocat
1037 4887 1388 4958 Apostolus;
1433 4887 1619 4959 ipsam
1655 4887 1964 4955 lusionem,

242 4974 438 5043 ipsum
489 4976 692 5031 lusum
754 4975 1211 5044 persecutionem
1254 4982 1458 5033 vocat:
1511 4978 1594 5033 ait
1633 4977 1811 5043 enim,
1859 4978 1968 5033 Sed

244 5068 381 5119 sicut
417 5074 553 5119 tunc
582 5064 679 5118 ille
707 5066 804 5135 qui
831 5065 1139 5121 secundum
1169 5082 1391 5122 carnem
1421 5074 1586 5122 natus
1614 5076 1754 5134 erat,
1784 5082 1968 5138 perse-

245 5157 522 5225 quebatur
543 5172 673 5211 eum
694 5158 793 5227 qui
802 5159 1105 5213 secundum
1119 5158 1402 5230 spiritum,
1417 5161 1492 5214 ita
1508 5165 1559 5214 el
1581 5175 1760 5220 nunc;
1782 5159 1836 5213 id
1855 5161 1967 5224 est,

247 5246 341 5313 qui
397 5246 734 5301 secundum
769 5262 1003 5302 carnem
1048 5247 1167 5302 nati
1216 5251 1375 5318 sunt,
1409 5252 1839 5319 persequuntur
1868 5264 1966 5304 eos

246 5336 698 5403 quisecundum
715 5334 986 5406 spiritum
1004 5336 1124 5392 uati
1159 5337 1442 5402 sunt.Qui
1471 5341 1614 5392 sunt
1644 5337 1964 5393 secundum

249 5435 485 5478 carnem
519 5421 643 5478 nati
677 5422 706 5477 ?
733 5421 1051 5480 Dilectores
1071 5423 1293 5489 mundi,
1325 5428 1613 5479 amatores
1634 5422 1967 5490 saeculi.0ui

249 5520 384 5569 sunt
416 5517 751 5572 secundum
796 5514 1065 5586 spiritum
1116 5516 1286 5573 uati?
1326 5520 1628 5574 Amatores
1659 5515 1822 5589 regni
1851 5530 1966 5572 crs.

251 5603 461 5681 lorum,
526 5613 843 5668 dilectores
900 5610 1135 5683 Christi,
1181 5612 1577 5671 desiderantes
1606 5612 1781 5670 vitam
1807 5616 1967 5689 ceter:

574 5714 850 5774 eraoc.
898 5710 1137 5773 XXXV.

1487 258 1949 325 TRAGTATUS
1996 265 2103 327 ΧΙ.
2150 266 2436 333 CAPUT.
2486 273 2566 333 II.

3628 285 3783 346 1482

2078 422 2230 475 nam,
2264 412 2442 479 gratis
2463 412 2711 468 colentes
2733 411 2934 469 Deum.
2972 414 3225 481 Ludunt,
3251 420 3305 471 et
3323 418 3782 493 dicitApostolus

2074 503 2557 568 persecutionem.
2602 504 2744 561 Nam
2795 511 3173 577 posteaquam
3228 509 3371 565 dixit
3429 511 3551 567 haec
3610 518 3784 573 verba

2071 591 2398 659 Apostolus,
2436 595 2497 648 Et
2529 594 2671 649 sicut
2704 601 2834 651 tunc
2857 597 2955 650 ille
2983 597 3077 667 qui
3101 597 3403 654 secundum
3432 616 3652 659 carnem
3672 622 3777 661 na-

2066 688 2155 738 tus
2184 685 2323 746 erat,
2350 686 2774 755 persequebatur
2801 700 2927 740 eum
2954 685 3051 756 qui
3070 688 3369 744 secundum
3388 693 3673 761 spiritum,
3706 696 3787 749 ita

2072 772 2122 821 el
2148 785 2297 824 nunc
2315 787 2336 831 ;
2365 778 2600 829 secutus
2631 780 2737 842 est,
2771 780 2828 831 et
2859 776 3111 831 ostendit
3152 778 3219 833 de
3244 795 3357 849 qua
3380 783 3786 851 persecutione

2076 856 2291 913 diceret
2321 876 2333 913 :
2370 861 2473 915 Sed
2527 864 2657 934 quid
2699 865 2835 920 dicit
2883 864 3167 937 Scriptura
3191 870 3217 920 !
3248 868 3403 939 Ejice
3442 872 3708 928 ancillam
3736 882 3787 928 et

2071 944 2253 1014 filium
2282 948 2399 1019 ejus
2416 966 2437 1011 ;
2468 967 2577 1006 non
2600 952 2747 1008 enim
2778 954 2952 1009 haeres
2980 957 3084 1010 erit
3105 955 3256 1023 ﬁlius
3276 958 3501 1014 ancillae
3525 975 3649 1015 cum
3669 960 3785 1030 ﬁlio

2066 1050 2185 1091 meo
2242 1038 2396 1094 Isaac
2443 1040 2595 1108 (Gen.
2633 1058 2749 1109 xxI,
2783 1042 2950 1109 9-12;
2982 1042 3155 1100 Galal.
3204 1061 3282 1113 1v,
3313 1046 3404 1113 29,
3458 1048 3568 1117 30).
3620 1051 3785 1113 Qua:-

2070 1123 2256 1180 rimus
2287 1126 2386 1181 ubi
2419 1127 2528 1183 hoc
2559 1129 2709 1185 dicat
2756 1131 3074 1203 Scriptura,
3127 1136 3191 1187 ut
3233 1134 3534 1191 videamus
3586 1140 3780 1194 utrum

2070 1212 2266 1283 aliqua
2296 1219 2620 1285 persecutio
2663 1212 3022 1290 praecesserit
3071 1221 3331 1277 Ismaelis
3380 1223 3438 1276 in
3483 1223 3648 1280 Isaac
3681 1242 3695 1281 :
3730 1231 3787 1281 et

2073 1300 2398 1359 invenimus
2431 1304 2539 1361 hoc
2571 1307 2791 1363 dictum
2826 1325 2953 1364 esse
2984 1326 3017 1365 a
3040 1313 3201 1380 Sara,
3224 1312 3458 1382 quando
3476 1312 3619 1369 vidit
3640 1330 3786 1385 pue-

2076 1406 2170 1446 ros
2204 1391 2466 1451 ludentes
2514 1397 2711 1454 simul.
2772 1400 2953 1464 Quam
2996 1398 3285 1455 lusionem
3322 1401 3461 1457 dicit
3488 1401 3786 1475 Scriptura

2073 1480 2289 1539 vidisse
2317 1484 2537 1554 Saram,
2572 1486 2718 1542 hanc
2778 1489 3236 1559 persecutionem
3276 1490 3418 1545 dicit
3448 1493 3785 1563 Apostolus.

2077 1570 2214 1626 Plus
2245 1586 2379 1644 ergo
2413 1590 2513 1630 vos
2546 1579 2977 1648 persequuntur
3006 1577 3106 1648 qui
3137 1594 3238 1634 vos
3268 1578 3569 1637 illudendo
3602 1583 3785 1638 sedu-

2076 1669 2215 1716 cunt
2246 1678 2259 1716 :
2295 1663 2463 1733 Veni,
2520 1666 2647 1721 veni
2682 1682 2695 1731 ;
2729 1666 3021 1737 baptizare
3063 1666 3175 1737 hic,
3227 1667 3323 1724 hic
3371 1667 3554 1725 habes
3583 1685 3784 1728 verum

2079 1750 2456 1822 baptismum.
2510 1753 2637 1809 Noli
2680 1754 2898 1821 ludere,
2951 1771 3101 1812 unus
3138 1760 3225 1812 est
3254 1773 3457 1826 verus;
3492 1757 3588 1814 ille
3618 1757 3784 1817 lusus

2078 1843 2164 1895 est
2197 1856 2210 1894 :
2240 1842 2536 1897 seduceris
2566 1842 2608 1912 ί,
2641 1848 2697 1899 et
2753 1844 2865 1901 ista
2919 1846 3245 1916 persecutio
3300 1846 3490 1919 gravis
3518 1848 3622 1903 tibi
3654 1850 3783 1906 erit.

2075 1927 2277 1984 Melius
2301 1930 2406 1985 tibi
2429 1934 2553 1986 erat
2571 1935 2635 1987 ut
2656 1931 2960 1989 Ismaelem
2984 1938 3044 1989 tu
3066 1932 3377 1991 lucrareris
3397 1938 3468 1991 ad
3489 1951 3735 2008 regnum
3764 1955 3778 2003 ;

2072 2019 2173 2075 sed
2206 2035 2320 2076 non
2352 2020 2472 2076 vult
2500 2020 2730 2088 Ismael,
2759 2023 2895 2094 quia
2923 2023 3124 2079 ludere
3150 2024 3291 2079 vult.
3325 2025 3483 2081 Tene
3506 2030 3567 2081 tu
3601 2025 3782 2082 here-

2069 2108 2311 2164 ditatem
2345 2111 2545 2181 patris,
2579 2116 2636 2167 et
2667 2112 2805 2168 audi
2839 2128 2854 2169 :
2889 2113 3033 2183 Ejice
3056 2112 3326 2170 ancillam
3348 2118 3400 2170 et
3428 2116 3611 2185 ﬁlium
3632 2116 3785 2185 eius;

2068 2214 2177 2254 non
2203 2200 2354 2254 enim
2392 2200 2567 2257 haeres
2598 2201 2705 2255 erit
2735 2202 2887 2271 ﬁlius
2914 2204 3139 2259 ancillae
3154 2218 3275 2258 cum
3308 2202 3431 2271 ﬁlio
3454 2219 3568 2259 meo
3600 2206 3781 2261 Isaac.

2144 2289 2228 2344 13.
2266 2288 2367 2343 Isti
2399 2290 2575 2345 etiam
2606 2290 2826 2346 audent
2854 2290 3042 2347 dicere
3064 2293 3198 2361 quia
3217 2293 3675 2363 persecutionem
3695 2310 3787 2351 so-

2070 2378 2189 2434 lent
2218 2378 2335 2449 pati
2368 2395 2402 2434 a
2430 2379 2733 2435 catholicis
2762 2380 3018 2451 regibus,
3050 2388 3148 2435 aut
3179 2397 3213 2436 a
3243 2380 3544 2436 catholicis
3576 2383 3789 2453 princi-

2072 2468 2263 2539 pibus.
2316 2467 2500 2531 Quam
2562 2471 3024 2541 persecutionem
3077 2468 3370 2526 tolerant?
3390 2470 3781 2528 Afflictionem

2070 2558 2424 2628 corporiszsi
2450 2563 2641 2615 tamen
2664 2560 2981 2635 aliquando
3005 2561 3160 2633 passi
3182 2564 3339 2629 sunt,
3364 2566 3462 2618 aut
3488 2564 3783 2633 quomodo

2071 2647 2229 2720 passi
2290 2652 2449 2715 sunt,
2483 2648 2595 2721 ipsi
2652 2649 2859 2717 sciant,
2920 2653 2976 2704 et
3033 2649 3383 2706 conveniant
3438 2650 3790 2709 conscientia

2069 2753 2207 2792 suas
2236 2751 2250 2803 ;
2283 2740 2474 2792 tamen
2508 2737 2881 2793 afﬁictiouem
2902 2738 3163 2810 corporis
3194 2738 3352 2810 passi
3384 2743 3519 2794 sunt
3550 2755 3565 2795 :
3600 2756 3789 2812 perse-

2072 2826 2226 2881 cutio
2258 2841 2431 2896 quam
2467 2826 2685 2881 faciunt
2710 2827 2941 2898 gravior
2969 2832 3082 2883 est.
3107 2825 3253 2882 Cave
3277 2828 3509 2897 quando
3544 2829 3670 2884 vult
3699 2828 3788 2884 lu-

2073 2913 2205 2969 dere
2226 2914 2430 2969 lsmael
2452 2930 2583 2970 cum
2607 2902 2788 2983 Isaac,
2815 2914 3050 2987 quando
3075 2914 3177 2970 tibi
3207 2914 3522 2982 blanditur,
3549 2920 3784 2988 quando

2072 3003 2237 3059 offert
2266 3002 2505 3058 alterum
2538 3004 2892 3074 baptismum
2927 3020 2940 3058 :
2978 3004 3281 3075 responde,
3307 3004 3494 3062 Habeo
3520 3007 3641 3075 jam
3676 3007 3785 3063 Ba-

2072 3088 2382 3160 ptismum.
2414 3090 2469 3143 Si
2502 3088 2659 3143 enim
2690 3106 2859 3146 verus
2888 3094 2977 3145 est
3018 3090 3127 3145 iste
3158 3090 3507 3161 baptismus,
3541 3092 3644 3162 qui
3675 3094 3784 3148 tibi

2070 3180 2188 3235 vult
2219 3179 2355 3234 dare
2386 3179 2642 3248 alterum,
2679 3178 2922 3234 illudere
2955 3182 3009 3235 tc
3040 3178 3205 3235 vultt.
3239 3182 3385 3235 Cave
3432 3181 3639 3236 anima:
3664 3197 3784 3251 per-

2074 3275 2418 3327 secutorem.
2452 3270 2597 3325 Nam
2637 3269 2685 3325 si
2728 3286 2762 3324 a
2810 3269 3174 3341 principibus
3227 3269 3527 3326 catholicis
3559 3271 3783 3343 aliquid

2074 3377 2249 3433 passa
2281 3370 2362 3417 est
2396 3378 2530 3433 pars
2590 3360 2794 3417 Donati
2843 3359 3179 3433 aliquando,
3212 3362 3536 3417 secundum
3570 3377 3785 3432 corpus

2072 3468 2246 3522 passa
2277 3456 2385 3517 est,
2419 3468 2535 3506 non
2568 3451 2887 3507 secundum
2919 3449 3247 3505 illusionem
3273 3449 3535 3520 spiritus.
3571 3449 3788 3503 Audite

2073 3547 2130 3598 et
2160 3540 2343 3597 videte
2373 3543 2431 3596 in
2463 3541 2607 3611 ipsis
2653 3539 2944 3595 veteribus
2993 3537 3179 3604 factis,
3232 3536 3423 3592 omnia
3456 3538 3786 3593 futurarum

2072 3646 2264 3687 rerum
2300 3629 2468 3701 signa
2497 3634 2554 3685 et
2582 3627 2815 3683 iudicia.
2843 3626 3134 3682 Invenitur
3162 3626 3299 3681 Sara
3329 3624 3605 3681 afflixisse
3635 3628 3788 3697 Agar

2073 3718 2343 3776 ancillam
2380 3734 2393 3774 :
2428 3719 2567 3774 Sara
2625 3717 2806 3773 libera
2860 3720 2996 3772 est:
3058 3718 3435 3787 posteaquam
3484 3713 3787 3786 superbire

2074 3808 2247 3882 cmpit
2278 3807 2508 3875 ancilla,
2541 3810 2747 3878 questa
2773 3810 2863 3862 est
2892 3805 3138 3862 Abrahm
3165 3804 3328 3873 Sara,
3362 3808 3419 3859 et
3448 3803 3615 3871 dixit,
3642 3802 3788 3875 Ejice

2072 3899 2340 3957 ancillam
2368 3915 2389 3960 ,·
2419 3900 2595 3953 erexit
2625 3896 2911 3953 aduersum
2944 3912 3027 3952 me
3045 3897 3307 3952 cervicem
3325 3911 3502 3951 suam.
3529 3894 3597 3950 Et
3619 3894 3788 3965 quasi

2075 3992 2146 4048 ab
2186 3989 2480 4047 Abraham
2515 3990 2696 4056 ﬁeret,
2749 3990 2819 4045 de
2868 3986 3158 4043 Abraham
3193 3990 3399 4059 questa
3428 3990 3516 4043 est
3548 3985 3780 4042 mulier.

2076 4080 2366 4136 Abraham
2398 4096 2531 4136 vero
2562 4078 2659 4151 qui
2702 4094 2814 4133 non
2876 4079 2933 4133 in
2993 4075 3203 4132 ancilla
3234 4076 3473 4131 libidine
3504 4076 3785 4133 abuteudi

2076 4170 2401 4235 tenebatur,
2431 4169 2530 4225 sed
2564 4167 2751 4224 officio
2783 4165 3122 4238 generandi,
3147 4166 3421 4236 quoniam
3448 4164 3592 4219 Sara
3612 4164 3663 4219 ei
3688 4166 3782 4219 de-

2076 4261 2239 4316 derat
2296 4258 2450 4315 uude
2500 4257 2718 4329 prolem
2769 4256 3113 4327 susciperet,
3174 4254 3250 4309 ait
3284 4253 3335 4309 ei
3369 4257 3542 4308 :Ecce
3574 4253 3781 4307 ancilla

2074 4352 2187 4414 tua,
2223 4357 2374 4402 utere
2403 4363 2466 4403 ea
2496 4347 2637 4401 sicut
2664 4347 2767 4400 vis.
2801 4344 2869 4398 Et
2891 4341 3094 4399 afflixit
3114 4356 3241 4396 eam
3265 4340 3514 4411 graviter
3539 4340 3701 4404 Sara,
3722 4345 3781 4395 et

2076 4437 2226 4508 fugit
2255 4454 2288 4492 a
2320 4435 2463 4491 facie
2485 4435 2634 4504 ejus.
2667 4433 2807 4488 Ecce
2832 4429 3229 4486 liberaafflixit
3250 4427 3544 4493 ancillam,
3578 4431 3636 4482 et
3663 4442 3776 4482 non

2075 4526 2235 4582 illam
2268 4527 2432 4580 vocat
2483 4521 2943 4594 persecutionem
2997 4516 3348 4589 Apostolus;
3402 4514 3547 4571 ludit
3577 4531 3777 4571 servus

2074 4632 2208 4673 cum
2260 4612 2513 4681 domino,
2549 4614 2604 4666 et
2646 4608 3104 4681 persecutionem
3149 4610 3316 4662 vocat
3349 4621 3362 4660 :
3397 4605 3634 4661 afﬂictio
3667 4606 3777 4662 ista

2074 4721 2189 4761 non
2221 4705 2459 4759 vocatur
2506 4698 2853 4773 persecutio,
2885 4703 2943 4753 et
3002 4696 3151 4752 lusio
3200 4696 3304 4752 illa
3325 4702 3561 4752 vocatur
3581 4710 3779 4768 perse-

2074 4796 2246 4852 cutio.
2282 4793 2429 4860 Quid
2459 4791 2621 4847 vobis
2652 4790 2901 4857 videtur,
2939 4788 3142 4844 fratres
3164 4786 3192 4842 σε
3223 4789 3423 4844 Nonne
3454 4786 3780 4859 intelligitls

2075 4885 2210 4957 quid
2244 4882 2633 4955 significatum
2656 4879 2779 4935 sit?
2805 4878 2899 4934 Sic
2920 4894 3056 4949 ergo
3079 4877 3307 4949 quando
3325 4875 3448 4933 vult
3469 4875 3621 4934 Deus
3642 4891 3778 4931 con-

2077 4975 2249 5031 citare
2282 4975 2592 5045 potestates
2641 4970 2922 5025 adversus
2972 4968 3293 5035 haereticos,
3322 4968 3592 5022 adversus
3624 4964 3778 5018 schi-

2076 5062 2373 5130 smaticos,
2414 5062 2688 5116 adversus
2737 5059 3121 5130 dissipatorcs
3172 5055 3453 5120 Ecclesiae,
3503 5054 3778 5108 adversus

2076 5151 2471 5210 exsufﬂatores
2524 5149 2759 5217 Christi,
2802 5150 3073 5204 adversus
3123 5142 3619 5214 blasphematores
3667 5142 3779 5198 Ba-

2077 5242 2299 5315 ptismi,
2328 5257 2438 5297 non
2475 5240 2800 5304 mirentur;
2834 5236 2968 5309 quia
3006 5234 3158 5289 Deus
3189 5229 3459 5299 concitat,
3485 5234 3548 5286 ut
3574 5247 3609 5287 a
3637 5231 3777 5288 Sara

2074 5336 2407 5393 verberetur
2458 5334 2623 5401 Agar.
2692 5329 3014 5398 Cognoscat
3076 5339 3136 5378 se
3199 5324 3369 5393 Agar,
3427 5326 3603 5393 ponat
3660 5339 3779 5380 cer.

2076 5425 2257 5483 vicem
2292 5440 2307 5479 :
2341 5420 2478 5494 quia
2502 5436 2633 5475 cum
2665 5414 2974 5471 bumiliala
3005 5412 3327 5469 discederet
3347 5410 3627 5469 adomina
3649 5428 3776 5483 sua,

2076 5516 2325 5573 occurrit
2367 5511 2417 5567 ei
2475 5505 2733 5580 angelus.
2766 5508 2823 5561 et
2876 5502 3037 5572 dixit,
3094 5501 3239 5574 Quid
3267 5506 3370 5569 est,
3402 5502 3546 5573 Agar
3573 5502 3776 5557 ancilla

2144 5615 2159 5647 ί
2193 5613 2251 5662 In
2290 5608 2460 5659 tribus
2487 5605 2631 5665 Mss.,
2662 5603 2808 5654 lusus
2838 5605 2911 5657 est
2938 5601 3197 5654 seducens.
3230 5601 3287 5651 lo
3311 5615 3437 5663 uno,
3463 5600 3713 5651 seductor.

2918 5692 3463 5777 tQuarante—sept.)
