4146 6186
346 275 501 334 1483

348 410 496 465 Sara:
517 412 545 463 ?
575 423 707 463 cum
739 411 1050 477 conquesta
1081 407 1233 460 esset
1259 404 1328 459 de
1367 404 1613 470 domina,
1648 404 1783 474 quid
1828 401 2046 458 audivit

344 501 416 555 ab
446 496 662 570 Angelo
682 497 710 551 ‘I
744 499 1025 553 Revertere
1040 495 1109 550 ait
1128 494 1407 549 dominam
1429 498 1582 550 tuam
1602 494 1755 564 (Gen.
1780 491 2044 560 xvr,5—9).

343 589 420 645 Ad
454 588 561 645 hoc
606 602 737 657 ergo
794 585 1095 657 affligitur,
1128 588 1193 639 ut
1222 588 1557 639 revertatur.
1610 590 1796 654 Atque
1827 580 2046 637 utinam

345 681 683 745 reveretur;
718 674 855 747 quia
902 673 1089 745 proles
1138 674 1288 745 ejus,
1329 673 1481 729 sicut
1538 672 1639 728 filii
1687 672 1883 741 Jacob,
1916 684 2046 725 cum

346 765 623 823 fratribus
653 763 1044 822 hereditatem
1076 762 1317 817 tenebit.

421 856 506 911 14.
543 854 826 910 Mirantur
856 855 1049 909 autem
1104 851 1241 922 quia
1271 854 1703 906 commoventur
1738 851 2047 920 potestates

345 945 413 1001 ch
425 946 675 1002 ristianae
691 945 966 999 adversus
981 942 1353 997 detestandos
1369 941 1745 1012 dissipatores
1760 938 2047 995 Ecclesiae.

345 1034 469 1090 Non
526 1049 660 1105 ergo
720 1031 1138 1088 moverentur?
1167 1031 1234 1085 Et
1292 1031 1584 1101 quomodo
1616 1029 1923 1084 redderent
1954 1044 2050 1084 ra-

346 1124 558 1178 tionem
590 1124 658 1178 de
688 1120 931 1192 imperio
963 1135 1070 1175 suo
1099 1118 1262 1175 Deo?
1296 1120 1561 1177 Intendat
1580 1119 1840 1175 Charitas
1864 1122 2050 1175 vestra

345 1213 484 1283 quid
530 1212 739 1278 dicam,
774 1210 913 1283 quia
954 1210 1203 1282 pertinet
1232 1209 1338 1265 hoc
1371 1211 1441 1265 ad
1478 1225 1639 1281 reges
1670 1208 1861 1266 saeculi
1895 1208 2047 1264 chri-

346 1300 592 1369 stianos,
649 1304 714 1357 ut
762 1300 1125 1373 temporibus
1148 1299 1271 1355 suis
1303 1306 1557 1372 pacatam
1591 1300 1763 1355 velint
1797 1304 2043 1355 matrem

340 1410 508 1448 suam
526 1392 780 1448 Ecclesie
794 1408 841 1446 m
858 1434 871 1459 ,
887 1391 1041 1447 unde
1055 1390 1432 1463 spiritualiter
1453 1392 1568 1446 nati
1592 1394 1749 1447 sunt.
1778 1390 2050 1460 Legimus

345 1480 601 1538 Danielis
632 1481 883 1537 visiones
917 1484 971 1536 et
1012 1484 1177 1551 gesta
1228 1479 1582 1551 prophetica.
1627 1480 1767 1535 Tres
1796 1478 1952 1549 pueri
1989 1479 2045 1533 in

341 1574 475 1645 igne
506 1571 888 1628 laudaverunt
922 1569 1234 1626 Dominum
1272 1585 1284 1625 :
1324 1570 1569 1626 miratus
1615 1574 1703 1626 est
1731 1569 2047 1625 Nabucho-

343 1662 597 1717 donosor
646 1677 743 1717 rex
798 1661 1099 1716 laudantes
1146 1664 1321 1715 Deum
1383 1676 1614 1731 pueros,
1646 1663 1700 1716 et
1748 1660 1899 1714 circa
1948 1676 2045 1715 eos

346 1753 541 1824 ignem
586 1752 997 1808 innocentem1
1030 1775 1042 1819 ;
1074 1753 1130 1805 et
1178 1766 1303 1805 cum
1335 1750 1657 1806 admiratus
1704 1758 1869 1815 esset,
1905 1750 2042 1821 quid

341 1845 418 1899 ait
448 1841 985 1899 Nabuchodonosor
1014 1856 1131 1909 rex,
1167 1858 1279 1897 non
1310 1840 1653 1896 velJudaeus
1685 1841 1770 1897 vel
1802 1842 2047 1898 circum-

343 1934 523 2000 cisus,
556 1932 651 1989 ille
684 1933 778 2004 qui
811 1936 1065 1989 statuam
1093 1947 1259 1987 suam
1292 1935 1639 1999 erexerat,et
1659 1932 1723 1987 ad
1748 1948 1873 1987 eam
1903 1933 2044 1987 ado-

342 2024 587 2080 randam
620 2040 822 2080 omnes
852 2029 1141 2095 coegerat;
1176 2027 1370 2078 tamen
1395 2022 1670 2077 laudibus
1694 2021 1868 2076 trium
1905 2038 2044 2093 pue-

337 2129 537 2169 rorum
562 2117 905 2182 commotus,
928 2111 1023 2167 ubi
1053 2112 1195 2167 vidit
1226 2112 1588 2181 majestatem
1622 2112 1719 2167 Dei
1752 2112 2047 2183 praesentis

336 2205 396 2259 in
428 2204 577 2277 igne,
612 2203 747 2275 quid
780 2205 861 2259 ait
885 2203 952 2257 ?«r
981 2201 1163 2273 Etego
1179 2217 1497 2272 proponam
1526 2202 1822 2255 decretum
1851 2200 2048 2256 omni—

332 2295 729 2351 bustribubus
745 2299 799 2351 et
815 2294 1033 2365 linguis
1048 2293 1102 2347 in
1120 2293 1279 2349 omni
1296 2297 1463 2348 terra.
1484 2314 1510 2341 ››
1531 2292 2047 2356 Qualedecretum‘l

337 2407 361 2436 cr
398 2386 763 2456 Quicumque
796 2385 1049 2440 dixerint
1075 2382 1499 2455 blasphemiam
1526 2382 1582 2437 in
1617 2384 1792 2437 Deum
1821 2382 2045 2447 Sidrac,

337 2476 534 2546 Misac,
570 2479 625 2531 et
676 2475 1010 2545 Abdenago,
1046 2474 1101 2527 in
1160 2473 1457 2529 interitum
1520 2477 1712 2537 erunt,
1748 2482 1802 2527 ct
1834 2474 2043 2527 domus

335 2581 533 2621 eorum
591 2564 649 2618 in
711 2564 1091 2635 perditionem
1131 2582 1155 2612 ι
1190 2562 1354 2633 (Dan.
1420 2563 1527 2632 ni).
1562 2561 1705 2617 Ecce
1752 2561 2042 2631 quomodo

332 2655 493 2709 sznvit
550 2669 647 2707 rex
696 2652 1040 2723 alienigena,
1077 2668 1147 2707 ne
1194 2651 1623 2719 blaSphemetur
1655 2650 1808 2705 Deus
1843 2649 2041 2719 Israel,

332 2743 471 2813 quia
511 2730 701 2813 patuit
750 2746 865 2797 tres
903 2757 1109 2812 pueros
1148 2740 1217 2795 de
1270 2740 1401 2810 igne
1443 2738 1689 2795 liberare
1724 2740 2044 2795 :etnolunt

330 2840 391 2888 ut
420 2832 663 2887 suaviant
693 2847 855 2902 reges
879 2830 1207 2899 christiani,
1242 2830 1375 2900 quia
1397 2830 1652 2886 Christus
1675 2831 2037 2901 exsui‘ilatur,

327 2939 360 2976 a
392 2938 505 2993 quo
565 2938 680 2977 non
719 2926 837 2977 tres
884 2920 1067 2991 pueri.
1102 2921 1195 2976 sed
1231 2919 1388 2976 orbis
1422 2923 1705 2975 terrarum
1741 2936 1872 2975 cum
1897 2920 2039 2991 ipsis

326 3012 553 3081 regibus
588 3029 618 3066 a
676 3010 1072 3081 gehenuarum
1105 3009 1235 3081 igne
1268 3008 1592 3066 liberatur?
1627 3009 1771 3065 Nam
1810 3014 1925 3065 tres
1956 3008 2040 3063 illi

330 3099 517 3171 pueri,
556 3100 759 3156 fratres
816 3100 946 3171 mei,
981 3099 1209 3155 liberati
1270 3102 1408 3155 sunt
1434 3099 1507 3154 ab
1540 3100 1673 3169 igne
1710 3099 2035 3170 temporali.

332 3190 629 3263 Numquid
666 3208 777 3246 non
820 3191 943 3261 ipse
982 3194 1071 3246 est
1116 3190 1269 3245 Deus
1303 3188 1784 3257 Machabazorum,
1819 3190 1921 3260 qui
1952 3194 2040 3244 est

332 3280 507 3336 trium
543 3279 897 3351 puerorum?
933 3278 1063 3335 lllos
1096 3280 1166 3335 ab
1202 3279 1333 3349 igne
1386 3279 1646 3334 liberavit
1678 3295 1690 3333 :
1727 3279 1805 3334 illi
1835 3279 1892 3334 in
1918 3283 2040 3334 tor-

334 3369 546 3426 mentis
605 3369 790 3440 igneis
842 3385 1077 3441 corpore
1137 3369 1617 3434 defecerunt,sed
1671 3369 1725 3422 in
1761 3368 2038 3440 legitimis

331 3458 623 3516 mandatis
668 3459 862 3514 animo
916 3463 1383 3531 permanserunt.
1421 3458 1506 3513 Illi
1564 3463 1758 3529 aperte
1808 3458 2037 3514 liberati

327 3554 482 3617 sunt,
516 3548 600 3605 illi
631 3548 852 3607 occulte
883 3549 1139 3606 coronati
1188 3553 1326 3604 sunt
1368 3549 1438 3620 (ll
1473 3548 1713 3603 Mar/tab.
1748 3552 1865 3617 vn).
1903 3549 2038 3604 Plus

328 3645 417 3696 est
446 3639 677 3696 liberari
706 3640 774 3695 de
806 3640 1038 3695 ﬂamma
1066 3639 1481 3711 gehennarum,
1509 3656 1681 3711 quam
1716 3640 1784 3693 de
1809 3640 2038 3696 fornace

330 3730 631 3801 potestatis
663 3730 952 3785 humanm.
988 3729 1045 3783 Si
1080 3745 1213 3799 ergo
1247 3729 1781 3785 Nabuchodonosor
1806 3745 1901 3783 rex
1926 3728 2037 3783 lau-

334 3820 489 3875 davit
521 3824 575 3875 et
606 3820 933 3893 praedicavit
974 3825 1029 3876 et
1068 3819 1310 3891 gloriam
1356 3818 1512 3874 dedit
1560 3818 1695 3885 Deo,
1731 3819 1866 3891 quia
1898 3820 2038 3874 libe—

332 3910 480 3965 ravit
510 3910 580 3965 de
611 3910 742 3981 igne
777 3914 888 3965 tres
922 3926 1151 3980 pueros,
1185 3914 1237 3963 et
1270 3912 1490 3964 tantam
1513 3907 1755 3979 gloriam
1782 3910 2038 3974 dedit,ut

330 4006 625 4056 decretum
641 4000 898 4055 mitteret
921 4016 1021 4071 per
1039 4016 1275 4069 regnum
1302 4016 1495 4066 suum,
1524 4000 2037 4070 Quicumqucdixe—

321 4094 439 4160 rint
499 4090 889 4163 blasphemiam
952 4089 1008 4144 in
1068 4091 1232 4144 Deum
1293 4089 1511 4157 Sidrac,
1564 4091 1825 4155 Misae,ct
1871 4091 2036 4146 Abde-

318 4196 481 4252 nago,
514 4180 574 4235 in
606 4179 893 4235 interitum
926 4184 1113 4247 erant,
1141 4186 1191 4234 et
1215 4180 1407 4233 domus
1451 4195 1639 4234 corum
1683 4182 1737 4233 in
1777 4181 2037 4251 perditio-

320 4289 445 4329 nem
480 4289 496 4326 :
531 4272 824 4342 quomodo
873 4270 971 4325 isti
1022 4285 1183 4338 reges
1233 4286 1344 4324 non
1390 4277 1749 4337 moveantur,
1792 4271 1885 4340 qui
1918 4289 2031 4327 non

321 4370 439 4419 tres
490 4378 700 4435 pueros
743 4362 1052 4418 attendunt
1101 4360 1374 4417 liberatos
1422 4362 1491 4415 de
1524 4362 1783 4428 flamma,
1818 4364 1915 4419 sed
1950 4380 2033 4419 se-

322 4455 479 4527 ipsos
500 4453 773 4509 liberatos
789 4452 857 4507 de
883 4451 1170 4523 gehenna,
1202 4452 1434 4523 quando
1452 4451 1645 4506 videat
1665 4451 1983 4521 Christum,
2000 4471 2031 4509 a

321 4560 436 4614 quo
484 4542 713 4598 liberati
766 4547 923 4607 sunt,
958 4542 1252 4598 exsuttlari
1307 4541 1363 4596 in
1397 4541 1760 4610 Christianis,
1795 4546 2029 4613 quando

321 4631 568 4687 audiunt
595 4632 709 4686 dici
743 4633 1083 4703 christiano,
1118 4632 1217 4687 Dic
1251 4636 1303 4686 te
1324 4648 1433 4686 non
1460 4649 1579 4687 esse
1606 4632 1987 4688 christianum
2003 4635 2029 4688 τ

315 4719 473 4777 Talia
507 4720 689 4775 facere
723 4721 940 4787 volunt,
975 4726 1029 4776 et
1061 4720 1268 4775 saltem
1307 4722 1440 4775 talia
1474 4722 1587 4789 pati
1626 4722 1846 4779 nolunt.

398 4806 481 4861 13.
510 4804 654 4861 Nam
687 4804 870 4858 videte
895 4804 1084 4874 qualia
1118 4805 1354 4873 faciunt,
1389 4809 1443 4859 et
1473 4804 1666 4874 qualia
1700 4807 2019 4876 patiuntur.

313 4897 602 4955 Occidunt
633 4894 875 4963 animus,
909 4892 1254 4963 afﬂiguntur
1301 4893 1357 4947 in
1402 4909 1641 4964 corpore
1678 4912 1689 4947 :
1725 4898 2026 4967 sempiter-

314 5005 422 5045 nas
455 4991 672 5043 mortes
697 4984 934 5051 faciunt,
968 4987 1025 5038 et
1057 4982 1401 5054 temporales
1435 5000 1494 5038 se
1524 4985 1739 5055 perpeti
1772 5002 2024 5057 conque-

314 5086 547 5138 ruutur.
582 5080 647 5135 Et
690 5082 886 5133 tamen
951 5093 1098 5149 quas
1132 5076 1438 5146 patiuntur
1464 5076 1491 5129 ?
1522 5076 1823 5133 Proferunt
1856 5080 2024 5136 nobis

315 5173 511 5228 nescio
569 5187 714 5243 quos
770 5170 829 5226 in
891 5167 1289 5241 persecutione
1346 5183 1485 5222 suos
1537 5173 1836 5238 martyres.
1885 5174 2025 5228 Ecce

308 5262 604 5316 Mareulus
650 5262 721 5316 de
780 5266 942 5333 petra
1000 5258 1391 5332 praecipitatus
1442 5263 1530 5314 est
1562 5275 1574 5312 :
1611 5275 1740 5315 ecce
1769 5264 2026 5319 Donatus

311 5350 640 5419 Bagaiensis
672 5352 728 5404 in
764 5358 996 5420 puteum
1033 5352 1251 5407 missus
1298 5355 1403 5406 est.
1440 5351 1677 5416 Quando
1710 5355 2024 5423 potestates

312 5437 586 5496 Romanis
636 5439 775 5494 talia
820 5442 1107 5513 supplicia
1164 5444 1563 5509 decreverunt,
1602 5447 1662 5498 ut
1697 5443 2021 5516 praecipita-

312 5532 516 5586 rentur
546 5528 803 5584 homines
822 5533 849 5583 ?
878 5534 1231 5595 Quidautem
1256 5536 1607 5607 respondent
1629 5537 1810 5594 nostri
1832 5538 1857 5591 ?
1875 5536 2020 5604 Quid

378 5630 397 5664 ί
429 5626 589 5687 Editi,
618 5640 720 5678 non
742 5631 1021 5680 nocentem.
1057 5632 1200 5691 Mss.,
1237 5634 1581 5686 innocentem.

1290 269 1364 326 IN
1410 266 1735 327 JOANNlS
1782 261 2329 336 EVANGELIUM,
2374 267 2438 326 s.
2486 244 2917 327 AUGUSTINI

3712 257 3873 321 1484

2156 401 2230 457 sit
2254 406 2479 472 gestum
2515 399 2706 456 nescio
2733 415 2746 454 :
2776 403 2965 454 tamen
3011 396 3149 468 quid
3198 397 3434 451 tradunt
3464 396 3648 452 nostri
3675 398 3703 451 ‘P
3732 397 3876 465 Quia

2157 491 2265 562 ipsi
2300 506 2361 546 se
2414 490 2931 561 praecipitaverunt,
2969 494 3021 543 et
3066 488 3385 558 potestates
3424 486 3871 543 infamaverunt.

2159 579 2550 636 Recordemur
2575 577 3053 636 consuetudinem
3078 580 3430 648 potestatum
3456 576 3872 643 Romanarum,

2160 674 2216 726 et
2240 669 2541 726 videamus
2573 668 2663 725 cui
2688 667 3039 725 credendum
3073 667 3167 722 sit.
3203 666 3416 721 Dicunt
3439 666 3619 722 nostri
3652 667 3782 722 illos
3816 683 3875 722 so

2163 759 2544 832 praecipitasse
2578 775 2593 815 :
2644 759 2690 816 si
2726 774 2839 814 non
2873 760 3011 813 sunt
3039 755 3149 827 ipsi
3183 754 3455 827 discipuli
3488 755 3746 827 ipsorum
3772 757 3873 828 qui

2161 865 2218 907 se
2240 850 2411 906 modo
2442 851 2509 906 de
2549 849 2703 906 saxis
2736 847 2899 903 nullo
2932 853 3310 919 persequente
3343 846 3722 917 praecipitant,
3756 865 3871 903 non

2162 942 2460 998 credamus
2494 957 2509 999 :
2544 939 2685 1012 quid
2707 940 2941 1007 mirum,
2976 938 3022 993 si
3053 938 3311 994 fecerunt
3340 936 3423 992 illi
3452 939 3604 1008 quod
3639 939 3874 995 solent?

2167 1030 2309 1088 Nam
2344 1034 2659 1103 potestates
2692 1030 2968 1086 Romanas
2999 1044 3299 1099 nunquam
3328 1027 3539 1083 talibus
3570 1028 3873 1101 suppliciis

2164 1138 2287 1179 usae
2316 1129 2470 1179 sunt.
2501 1121 2653 1177 Num
2678 1121 2834 1178 enim
2882 1135 2997 1178 non
3047 1121 3309 1190 poterant
3340 1118 3601 1175 occidere
3631 1122 3825 1190 aperte
3845 1118 3874 1174 ἲ

2165 1212 2269 1268 Sed
2303 1211 2388 1267 illi
2420 1212 2516 1283 qui
2559 1227 2620 1268 se
2668 1216 2928 1269 mortuos
2976 1207 3085 1265 coli
3132 1208 3457 1274 voluerunt,
3503 1208 3871 1265 famosiorem

2167 1309 2410 1358 mortem
2434 1319 2547 1359 non
2571 1301 2936 1358 invenerunt.
2959 1299 3255 1355 Postremo
3295 1298 3575 1369 quidquid
3598 1298 3735 1354 illud
3761 1304 3869 1367 est,

2164 1410 2277 1448 non
2304 1392 2456 1450 novi.
2489 1392 2628 1448 Etsi
2677 1408 2848 1464 passa
2886 1407 2970 1458 es,
3002 1407 3034 1447 o
3058 1405 3191 1461 pars
3236 1388 3465 1455 Donati,
3515 1389 3871 1462 corporalem

2160 1482 2535 1539 afflictionem
2588 1482 2657 1538 ab
2703 1480 2959 1538 Ecclesia
3000 1478 3307 1549 catholica,
3340 1497 3371 1534 a
3401 1481 3537 1535 Sara
3587 1497 3761 1551 passa
3809 1496 3870 1536 es

2160 1579 2313 1645 Agar
2343 1592 2356 1642 ;
2388 1573 2507 1630 redi
2532 1575 2603 1629 ad
2624 1572 2903 1629 dominam
2924 1580 3097 1628 tuam.
3133 1571 3319 1627 Locus
3336 1571 3571 1643 quidem
3596 1588 3867 1627 necessa-

2156 1664 2276 1719 rius
2327 1664 2623 1735 aliquanto
2672 1663 2895 1719 diutius
2936 1679 3043 1719 nos
3082 1661 3295 1730 tenuit,
3322 1669 3380 1717 ut
3424 1664 3643 1718 textum
3676 1665 3863 1718 totum

2155 1754 2496 1826 evangelicae
2547 1754 2809 1810 lectionis
2877 1768 3161 1825 exponere
3219 1752 3462 1808 minime
3518 1751 3865 1809 valeremus.

2156 1846 2406 1912 Fratres,
2431 1844 2686 1900 sufficiat
2707 1842 2936 1900 interim
2961 1841 3246 1899 Charitati
3263 1849 3483 1911 vestrae,
3509 1858 3578 1897 ne
3594 1840 3716 1896 haec
3739 1858 3865 1912 qua:

2158 1938 2312 1993 dicta
2367 1940 2526 1999 sunt,
2587 1935 2827 1991 dicendo
2886 1934 3017 2002 alia,
3049 1932 3431 1990 excludantur
3477 1933 3545 1988 de
3596 1932 3868 1989 cordibus

2156 2028 2384 2084 vestris.
2445 2027 2575 2082 Haec
2629 2032 2832 2091 tenete,
2878 2024 3018 2081 talia
3065 2023 3258 2093 dicite,
3312 2023 3669 2079 flammantes
3727 2022 3867 2076 illuc

2160 2117 2473 2189 procedite,
2508 2116 2798 2171 accendite
2832 2115 3088 2185 frigidos.

2724 2238 3143 2294 ’I‘ItACTA'l‘US
3182 2238 3301 2295 XII.

2155 2352 2231 2405 Ab
2255 2368 2313 2406 ρο
2347 2350 2635 2422 Evangelii
2669 2351 2800 2415 loco,
2834 2348 2996 2413 Quod
3040 2351 3241 2403 natum
3276 2351 3360 2402 est
3400 2346 3467 2400 de
3509 2361 3702 2413 carne,
3735 2361 3871 2400 caro

2227 2446 2335 2507 est,
2367 2446 2493 2507 etc.,
2528 2456 2697 2510 usque
2726 2439 2795 2495 ait
2847 2438 2921 2504 id,
2977 2438 3083 2503 Qui
3136 2441 3331 2492 autem
3366 2435 3503 2491 facit
3538 2435 3873 2504 veritatem,

2225 2530 2387 2585 venit
2458 2530 2526 2585 ad
2602 2529 2811 2595 lucem,
2865 2531 2929 2582 ut
2987 2526 3428 2583 manifestentur
3484 2526 3610 2595 ejus
3669 2540 3871 2597 opera,

2226 2623 2361 2693 quia
2395 2621 2447 2674 id
2480 2622 2592 2675 Deo
2622 2623 2761 2674 sunt
2793 2620 2955 2674 facta.
2992 2618 3121 2689 Cap.
3146 2634 3230 2687 tu,
3264 2617 3292 2686 ᾗ
3327 2618 3485 2671 6-21.

2225 2750 2273 2804 1.
2309 2749 2385 2803 Ex
2416 2765 2480 2803 eo
2509 2747 2663 2819 quod
2697 2746 2967 2802 hesterno
2992 2746 3085 2802 die
3126 2745 3407 2800 intentam
3441 2744 3687 2799 fecimus
3712 2743 3862 2800 Cha-

2153 2838 2381 2893 ritatcm
2410 2844 2685 2905 vestram,
2720 2835 3101 2905 intelligimus
3150 2850 3244 2891 vos
3286 2834 3538 2890 alacrius
3569 2839 3626 2889 et
3656 2850 3865 2889 nume-

2150 2930 2341 2985 rosius
2374 2928 2716 2985 convenisse
2746 2945 2758 2983 :
2787 2929 2884 2983 sed
2916 2925 3145 2982 interim
3172 2926 3401 2981 lectioni
3429 2926 3772 2997 evangelicae
3797 2940 3866 2981 ex

2149 3021 2353 3076 ordine
2427 3035 2750 3076 sermonem
2808 3018 3063 3073 debitum
3117 3016 3453 3082 reddamus,
3514 3017 3563 3070 si
3626 3015 3861 3087 placet;

2148 3111 2356 3167 deinde
2404 3110 2599 3165 audiet
2647 3107 2909 3164 Charitas
2956 3110 3143 3162 vestra
3190 3107 3258 3161 de
3308 3123 3442 3177 pace
3476 3105 3743 3161 Ecclesiae
3777 3106 3863 3161 vel

2147 3202 2284 3272 quid
2321 3201 2628 3271 egerimus,
2662 3198 2747 3253 vel
2795 3197 2929 3268 quid
2963 3197 3150 3251 adhuc
3199 3197 3487 3267 agendum
3540 3212 3861 3267 speremus.

2146 3291 2311 3346 Nunc
2336 3305 2471 3361 ergo
2490 3292 2601 3343 tota
2636 3288 2879 3344 intentio
2910 3286 3103 3341 cordis
3130 3285 3199 3340 ad
3223 3284 3596 3355 Evangelium
3622 3285 3864 3354 feratur,

2147 3396 2316 3436 nemo
2374 3378 2606 3434 aliunde
2664 3378 2885 3449 cogitet.
2919 3377 2979 3432 Si
3037 3376 3191 3431 enim
3226 3375 3322 3446 qui
3359 3380 3518 3431 totus
3553 3376 3737 3443 adest,
3774 3376 3863 3430 vix

2147 3470 2332 3542 capit;
2367 3468 2461 3540 qui
2493 3484 2552 3524 se
2581 3485 2678 3540 per
2709 3467 3087 3539 cogitationes
3119 3466 3376 3521 diversas
3409 3465 3633 3530 dividit,
3668 3482 3863 3521 nonne

2146 3562 2201 3613 et
2232 3556 2384 3629 quod
2420 3561 2644 3625 ceperat
2677 3552 2884 3608 fundi?
2932 3551 3198 3607 Meminit
3239 3555 3433 3606 autem
3467 3549 3732 3607 Charitas
3762 3564 3861 3603 ve-

2147 3652 2271 3702 stra
2304 3644 2600 3701 Dominico
2626 3641 2934 3714 praeterito,
2969 3643 3249 3712 quantum
3285 3639 3563 3697 Dominus
3581 3639 3861 3708 adjuvare

2146 3737 2419 3808 dignatus
2451 3741 2559 3804 est,
2590 3732 2941 3790 disseruisse
2973 3748 3078 3787 nos
3136 3731 3206 3786 de
3233 3729 3521 3802 spirituali
3555 3744 3854 3798 regenera-

2145 3827 2298 3881 tione
2356 3826 2442 3899 (In
2471 3821 2743 3895 superiori
2775 3822 3044 3892 Tractatu)
3079 3837 3090 3875 :
3126 3836 3299 3891 quam
3360 3818 3661 3874 lectionem
3695 3815 3863 3871 vobis

2143 3915 2354 3971 iterum
2412 3915 2519 3983 legi
2563 3912 2827 3981 fecimus,
2852 3915 2911 3967 ut
2941 3927 3062 3982 qua:
3097 3918 3230 3965 tunc
3262 3926 3376 3965 non
3411 3908 3565 3965 dicta
3595 3909 3764 3979 :sunt,
3800 3906 3861 3961 in

2147 4004 2360 4061 Christi
2392 4003 2626 4059 nomine
2659 4001 3072 4072 adjuvantibus
3103 3998 3466 4055 orationibus
3507 3994 3718 4053 vestris
3752 3996 3863 4050 im-

2149 4094 2433 4167 pleamus.

2213 4186 2265 4239 2.
2302 4184 2676 4255 Regeneratio
2727 4180 3049 4254 spiritualis
3100 4198 3215 4237 una
3244 4184 3351 4247 est,
3385 4178 3537 4235 sicut
3565 4176 3863 4249 generatio

2142 4274 2391 4332 carnalis
2423 4290 2533 4329 una
2565 4278 2671 4329 est.
2706 4273 2775 4327 Et
2807 4274 2956 4343 quod
2992 4272 3339 4329 Nicodemus
3377 4269 3619 4325 Domino
3651 4269 3750 4335 ait,
3778 4284 3865 4321 ve-

2143 4383 2267 4421 rum
2291 4365 2454 4433 dixit,
2482 4367 2618 4436 quia
2643 4381 2756 4419 non
2782 4367 2967 4434 potest
2988 4362 3162 4417 homo
3186 4377 3313 4416 cum
3340 4359 3416 4415 sit
3439 4375 3638 4425 senex,
3669 4358 3865 4413 redire

2142 4472 2375 4511 rursum
2409 4455 2463 4509 in
2500 4459 2732 4509 uterum
2784 4453 2985 4507 matris
3020 4469 3161 4516 suae,
3193 4456 3248 4506 et
3281 4450 3461 4505 nasci.
3502 4448 3598 4503 ille
3618 4448 3857 4519 quidem

2140 4545 2304 4607 dixit,
2368 4545 2507 4616 quia
2563 4544 2735 4599 homo
2794 4558 2924 4597 cum
2984 4542 3061 4597 sit
3119 4557 3312 4607 senex,
3343 4540 3452 4595 hoc
3499 4556 3610 4593 non
3647 4542 3863 4608 potest,

2139 4635 2327 4706 quasi,
2365 4642 2417 4690 et
2449 4635 2496 4689 si
2540 4633 2729 4689 infans
2774 4636 2950 4700 esset,
2987 4635 3199 4703 posset.
3234 4630 3487 4685 Omnino
3537 4628 3693 4683 enim
3741 4644 3861 4682 non

2139 4729 2347 4795 potest,
2384 4724 2500 4779 sive
2535 4740 2730 4779 recens
2764 4723 2835 4778 ab
2879 4724 3064 4787 utero,
3098 4724 3215 4775 sive
3262 4735 3484 4774 annosa
3508 4718 3635 4787 jam
3666 4722 3862 4784 relate,

2138 4816 2323 4869 redire
2356 4831 2588 4869 rursum
2616 4814 2673 4868 in
2700 4817 2963 4868 materna
2982 4811 3217 4874 viscera,
3253 4812 3309 4864 et
3341 4808 3524 4864 nasci.
3560 4808 3666 4863 Sed
3702 4807 3867 4864 sicut

2136 4906 2203 4961 ad
2240 4906 2599 4961 nativitatem
2634 4904 2926 4959 carnalem
2976 4902 3166 4958 valent
3197 4899 3503 4955 muliebria
3532 4900 3756 4954 viscera
3787 4900 3859 4954 ad

2136 4998 2309 5051 semel
2362 4996 2745 5067 pariendum;
2782 4994 2863 5049 sic
2897 4994 2964 5048 ad
2989 4991 3343 5047 nativitatem
3373 4988 3736 5061 spiritualem
3770 5006 3870 5044 va-

2132 5086 2253 5142 lent
2309 5088 2524 5142 viscera
2581 5084 2868 5150 l'lcclesire,
2924 5088 2987 5138 ut
3019 5081 3196 5138 semel
3231 5080 3481 5151 quisque
3510 5079 3864 5150 baptizetur.

2134 5178 2441 5248 Propterea
2499 5194 2567 5232 ne
2599 5175 2729 5246 quis
2763 5175 2905 5230 forte
2928 5174 3104 5241 dicat,
3136 5172 3248 5228 Sed
3294 5170 3402 5226 iste
3424 5170 3481 5225 in
3510 5169 3717 5224 haeresi
3752 5188 3871 5225 na—

2133 5271 2227 5321 tus
2269 5275 2372 5329 est,
2408 5275 2458 5321 et
2492 5267 2598 5321 iste
2630 5266 2686 5320 in
2719 5263 3029 5319 schismate
3060 5266 3231 5318 natus
3261 5265 3384 5329 est;
3418 5263 3873 5331 amputatasunt

2132 5357 2402 5423 omnia,si
2448 5355 2821 5423 meministis,
2855 5371 2980 5427 qua
3002 5353 3164 5409 vobis
3187 5352 3483 5424 disputata
3502 5354 3640 5407 sunt
3662 5352 3730 5405 de
3756 5352 3869 5406 tri-

2136 5448 2247 5501 bus
2283 5447 2540 5517 patribus
2574 5445 2808 5511 nostris,
2844 5460 3090 5516 quorum
3144 5443 3296 5499 Deus
3360 5443 3472 5498 dici
3508 5440 3708 5507 voluit,
3744 5458 3867 5497 non

2133 5535 2272 5607 quia
2304 5535 2409 5591 soli
2442 5541 2625 5603 erant,
2650 5536 2747 5591 sed
2769 5534 2908 5606 quia
2946 5535 3003 5591 in
3028 5534 3164 5590 solis
3186 5531 3416 5604 expleta
3440 5537 3528 5588 est
3554 5531 3870 5601 integritas

2133 5626 2496 5697 significandi
2530 5624 2727 5698 populi
2760 5625 2958 5683 futuri.
2994 5625 3333 5682 invenimus
3364 5622 3519 5683 enim
3553 5628 3755 5678 natum
3789 5620 3870 5677 de
