4146 6186
533 66 632 168 /

320 295 482 354 1485

320 431 541 487 ancilla
580 431 1032 497 ethredatum,
1084 432 1285 486 natum
1329 429 1399 485 de
1446 428 1628 485 libera
1686 429 1972 488 heredem
2012 447 2028 488 :

312 540 549 580 rursum
600 524 933 582 invenimus
993 526 1196 580 natum
1236 522 1308 578 de
1356 520 1536 577 libera
1575 523 2024 595 exhaeredatum,

310 620 525 671 natum
558 615 629 671 de
660 614 871 673 ancilla
900 613 1208 670 heredem.
1242 611 1423 669 Natus
1454 612 1525 669 de
1548 611 1760 669 ancilla
1789 612 2027 669 exheere-

310 705 491 761 datus
538 705 749 761 Ismael
796 703 951 777 (Gen.
1001 720 1117 771 χχι,
1171 704 1282 772 10),
1334 709 1505 759 natus
1537 702 1608 758 de
1636 702 1816 758 libera
1844 703 2025 759 haeres

306 797 473 851 Isaac
535 795 636 867 (Id.
674 813 801 865 xxv,
860 796 960 866 5);
1029 798 1200 849 natus
1259 794 1331 848 de
1386 792 1570 849 libera
1625 791 2027 848 exheredatus

308 884 470 941 Esau
502 885 603 955 (1d.
637 901 812 946 xxvu,
844 884 955 955 35),
985 884 1108 940 nati
1142 884 1212 939 de
1241 881 1469 938 ancillis
1503 882 1759 938 haeredes
1791 881 1899 938 ﬁlii
1925 882 2026 937 Ja-

306 976 420 1029 cob
482 975 586 1046 (Id.
646 974 820 1046 3th).
896 975 956 1029 In
1027 972 1145 1027 illis
1210 972 1406 1044 itaque
1478 972 1665 1027 tribus
1741 971 2020 1043 patribus,

308 1062 512 1118 omnis
541 1062 719 1118 futuri
754 1060 953 1134 populi
988 1060 1173 1132 ﬁgura
1194 1063 1495 1132 perspecta
1523 1063 1650 1115 est:
1684 1073 1788 1114 nec
1818 1058 2024 1113 imme-

302 1152 421 1206 rito
467 1152 621 1208 Deus
663 1151 876 1224 inquit,
933 1153 1041 1221 Ego
1088 1166 1211 1206 sum
1258 1152 1394 1205 Deus
1441 1149 1735 1218 Abraham,
1788 1155 1837 1204 et
1883 1146 2023 1204 Deus

302 1243 480 1308 Isaac,
514 1250 564 1296 et
595 1242 734 1297 Deus
779 1241 984 1297 Jacob:
1029 1239 1133 1297 hoc
1178 1240 1338 1308 mihi,
1390 1238 1604 1311 inquit,
1634 1254 1833 1295 nomen
1862 1240 2022 1293 estin

299 1339 580 1388 meritum
613 1330 802 1401 (Exod.
836 1346 920 1397 ιιι,
950 1331 1006 1396 6,
1042 1331 1151 1402 15).
1195 1329 1380 1401 Magis
1424 1328 1842 1386 memineribus
1882 1327 2020 1399 quid

301 1422 669 1493 promissum
702 1420 780 1477 sit
811 1421 918 1492 ipsi
942 1421 1217 1476 Abrahae:
1255 1419 1361 1475 hoc
1379 1420 1534 1473 enim
1556 1418 1911 1489 promissum
1933 1420 2023 1474 est

306 1511 606 1579 tsaac,hoc
637 1512 989 1584 promissum
1022 1516 1111 1567 est
1141 1516 1197 1565 ct
1240 1511 1440 1566 Jacob.
1467 1510 1611 1573 Quid
1647 1508 2020 1564 invenimus?

305 1606 367 1659 In
400 1605 611 1660 semine
659 1609 749 1659 tuo
796 1604 1181 1660 benedicentur
1223 1618 1406 1658 onmes
1455 1608 1642 1675 gentes
1687 1600 1842 1673 (Gen.
1876 1613 2016 1665 χχιι,

304 1695 417 1765 18).
451 1694 713 1750 Credidit
743 1698 881 1750 tunc
913 1710 1066 1749 unus
1115 1696 1267 1764 quod
1315 1694 1573 1749 nondum
1624 1690 1895 1747 videbat:
1928 1690 2015 1748 vi-

299 1795 446 1849 dent
476 1792 768 1863 homines,
800 1795 857 1849 et
876 1798 1258 1849 exceecantur.
1281 1791 1648 1863 Completum
1683 1789 1855 1846 estin
1878 1805 2014 1860 gen-

297 1884 463 1938 tibus
506 1884 660 1954 quod
695 1883 1052 1954 promissum
1076 1887 1162 1939 est
1185 1882 1318 1937 uni:
1352 1886 1408 1937 et
1427 1885 1770 1952 separantur
1800 1896 1832 1935 a
1856 1894 2013 1935 rom-

294 1973 582 2028 munione
614 1972 899 2043 gentium,
934 1972 1033 2043 qui
1078 1976 1133 2028 et
1182 1972 1335 2043 quod
1367 1970 1682 2043 ,impletum
1706 1978 1790 2026 est
1824 1971 2013 2025 videre

289 2063 529 2119 nolunt.
552 2061 661 2118 Sed
695 2062 832 2133 quid
852 2061 968 2117 illis
1000 2063 1236 2135 prodest
1257 2060 1396 2132 quia
1425 2061 1615 2117 videre
1646 2060 1899 2116 nolunt?
1920 2058 2012 2114 Vi-

289 2153 463 2219 dent,
496 2152 673 2207 velint
706 2151 894 2207 nolint
922 2168 937 2220 ;
977 2157 1173 2224 aperta
1204 2152 1419 2207 veritas
1461 2154 1519 2206 et
1550 2154 1779 2206 clausos
1810 2148 2011 2207 oculos

291 2244 450 2299 ferit.

362 2331 422 2385 3.
460 2331 825 2402 Responsum
876 2336 957 2386 est
1006 2330 1340 2399 Nicodemo,
1389 2329 1487 2400 qui
1534 2345 1601 2384 ex
1645 2329 1728 2384 eis
1760 2334 1877 2384 erat
1909 2327 2009 2399 qui

285 2420 668 2476 crediderant
696 2420 753 2475 in
785 2420 1013 2489 Jesum,
1055 2424 1113 2477 et
1149 2418 1274 2492 ipse
1303 2420 1471 2476 Jesus
1505 2435 1617 2475 non
1651 2435 1712 2474 se
1743 2418 2011 2475 credebat

283 2511 401 2566 eis.
437 2509 803 2574 Quibusdam
855 2510 1011 2566 enim
1057 2526 1167 2567 non
1201 2525 1264 2565 se
1308 2510 1605 2576 credebat,
1634 2525 1763 2564 cum
1788 2509 1912 2578 jam
1946 2507 2003 2562 in

280 2601 462 2657 illum
488 2601 893 2657 credidissent.
916 2601 1008 2657 Sic
1030 2600 1209 2656 habes
1233 2601 1511 2673 scriptum
1541 2617 1552 2653 :
1577 2622 1600 2652 α
1637 2600 1801 2655 Multi
1826 2600 2010 2655 credi-

284 2691 516 2746 derunt
548 2692 605 2746 in
640 2692 874 2748 nomine
902 2691 1053 2761 ejus,
1085 2691 1350 2747 videntes
1380 2692 1548 2763 signa
1578 2706 1705 2761 quae
1740 2689 2005 2745 faciebat.

286 2785 427 2855 Ipse
460 2788 657 2837 autem
690 2782 862 2838 Jesus
891 2796 997 2837 noe
1019 2781 1287 2836 credebat
1310 2781 1693 2851 semetipsum
1717 2779 1855 2835 illis.
1882 2779 2007 2835 Non

288 2874 456 2928 enim
491 2887 639 2942 opus
669 2871 917 2927 habebat
946 2876 1010 2925 ut
1041 2870 1355 2942 quisquam
1391 2868 1784 2925 testimonium
1818 2868 2008 2940 perhi-

282 2964 461 3017 heret
491 2961 563 3017 de
596 2960 833 3016 homine
863 2960 1024 3029 ;ipse
1052 2959 1205 3015 enim
1228 2959 1449 3015 sciebat
1478 2958 1616 3031 quid
1647 2966 1798 3014 esset
1830 2958 1889 3014 in
1915 2958 2012 3015 ho-

284 3053 453 3107 mine
486 3072 518 3102 n
551 3053 730 3121 (Joan.
768 3065 829 3123 ιι,
858 3049 1075 3121 23-25).
1112 3049 1252 3106 Ecce
1288 3049 1410 3119 jam
1459 3048 1545 3104 illi
1593 3047 1905 3104 credebant
1948 3048 2009 3104 in

282 3142 528 3210 Jesum,
562 3145 623 3197 et
672 3142 797 3211 ipse
841 3138 1013 3195 Jesus
1062 3154 1175 3194 non
1220 3154 1283 3195 se
1311 3137 1583 3194 credebat
1630 3138 1734 3193 eis.
1769 3137 1953 3200 Quare
1981 3137 2009 3193 ξ’

285 3239 443 3302 Quia
473 3232 739 3289 nondum
794 3232 961 3285 erant
1008 3228 1189 3285 renati
1220 3245 1289 3284 ex
1318 3245 1472 3299 aqua
1501 3232 1558 3283 et
1585 3226 1826 3300 Spiritu.
1871 3227 2010 3283 Inde

291 3324 522 3383 hortati
555 3337 781 3386 sumus,
814 3324 873 3376 et
907 3319 1207 3374 hortamur
1240 3318 1447 3374 fratres
1478 3323 1706 3374 nostros
1736 3317 2010 3375 catechu-

293 3431 534 3473 menos.
566 3411 629 3468 Si
676 3410 829 3467 enim
884 3409 1205 3481 interroges
1234 3424 1354 3475 eos,
1385 3409 1505 3481 jam
1537 3407 1912 3465 crediderunt
1951 3408 2009 3463 in

288 3509 500 3562 Iesum
529 3520 542 3559 :
575 3501 677 3558 sed
703 3499 841 3573 quia
872 3500 1128 3555 nondum
1161 3515 1392 3554 carnem
1428 3500 1553 3570 ejus
1583 3507 1633 3555 ct
1670 3499 2010 3573 sanguinem

283 3598 616 3667 accipiunt,
648 3592 909 3647 nondum
968 3605 1029 3645 se
1074 3588 1191 3644 illis
1221 3590 1470 3646 credidit
1515 3588 1706 3645 Jesus.
1744 3590 1893 3655 Quid
1926 3589 2013 3646 fa-

283 3690 475 3751 ciant,
511 3688 574 3738 ut
599 3696 661 3737 se
692 3680 810 3736 illis
841 3679 1039 3735 credat
1068 3677 1289 3735 Jesus?
1326 3678 1726 3735 Renascantur
1756 3696 1822 3735 ex
1863 3696 2013 3751 aqua

284 3783 343 3835 et
377 3774 632 3849 Spiritu,
667 3772 918 3845 proferat
951 3768 1207 3826 Ecclesia
1246 3785 1391 3840 quos
1434 3770 1702 3840 parturit.
1734 3769 2009 3841 Concepti

282 3873 451 3935 sunt,
474 3866 724 3922 edantur
746 3864 804 3917 in
828 3861 1015 3917 lucem
1040 3875 1053 3915 :
1079 3859 1289 3915 habent
1312 3859 1490 3916 ubera
1511 3860 1724 3932 quibus
1748 3861 2010 3916 nutrian-

286 3967 413 4025 tur,
462 3973 584 4012 non
638 3953 879 4009 timeant
926 3967 997 4007 ne
1049 3949 1167 4006 nati
1199 3950 1572 4021 suﬁ‘ocentur,
1612 3951 1683 4005 ab
1736 3950 2012 4007 uberibus

287 4046 580 4104 maternis
613 4060 728 4100 non
760 4042 1049 4099 recedant.

372 4139 429 4192 4.
461 4135 672 4191 Nullus
704 4136 891 4206 potest
918 4131 1091 4188 homo
1123 4130 1307 4187 redire
1340 4130 1399 4186 in
1439 4131 1644 4187 matris
1680 4132 1924 4201 viscera,
1956 4136 2013 4189 et

294 4231 518 4285 iterum
554 4224 736 4282 nasci.
770 4223 881 4279 Sed
914 4222 985 4278 de
1029 4219 1242 4277 ancilla
1277 4220 1471 4276 nescio
1501 4220 1634 4292 quis
1666 4224 1836 4278 natus
1868 4225 1956 4278 est
1984 4222 2011 4277 Ἰ

290 4316 600 4388 Numquid
635 4320 771 4369 tunc
804 4312 904 4383 qui
936 4311 1057 4368 nati
1089 4310 1321 4368 suntde
1352 4310 1601 4378 ancillis,
1636 4310 1926 4367 redierunt
1950 4312 2008 4367 in

294 4416 544 4465 uterum
594 4405 937 4468 liberarum,
980 4406 1045 4458 ut
1098 4402 1288 4458 denuo
1335 4402 1758 4457 nascerentur?
1803 4402 2007 4459 Semen

288 4497 596 4555 Abraham
629 4499 685 4550 et
716 4493 773 4548 in
809 4490 1017 4549 Ismael
1049 4508 1062 4559 ;
1094 4498 1147 4547 et
1177 4494 1242 4546 ut
1269 4497 1462 4562 posset
1502 4489 1789 4548 Abraham
1826 4490 2010 4548 l‘accre

286 4591 490 4645 tilium
525 4587 594 4642 de
622 4584 851 4655 ancilla,
901 4600 1042 4639 uxor
1084 4586 1286 4638 auctor
1318 4581 1441 4637 fuit.
1473 4581 1656 4638 Natus
1702 4587 1791 4638 est
1820 4598 1887 4639 ex
1913 4600 2001 4640 sc-

288 4678 463 4735 mine
493 4674 627 4743 viri,
658 4678 717 4731 et
749 4689 861 4729 non
898 4677 1078 4738 utero,
1102 4671 1203 4727 sed
1241 4671 1364 4727 solo
1397 4669 1606 4743 placito
1639 4670 1834 4728 uxoris
1856 4670 2006 4742 (Gen.

282 4784 413 4836 xvi,
454 4766 603 4838 2-4).
656 4761 953 4837 Numquid
995 4761 1136 4834 quia
1182 4762 1253 4819 de
1300 4760 1531 4831 ancilla,
1577 4761 1707 4818 ideo
1753 4761 2005 4819 exhere-

282 4862 475 4916 datus
490 4858 521 4910 ‘?
540 4855 599 4911 Si
623 4858 927 4927 propterea
947 4850 1344 4909 exheredatus
1359 4851 1497 4923 quia
1517 4852 1588 4908 de
1611 4851 1821 4909 ancilla
1841 4856 2010 4909 natus

278 4954 414 5014 est,
447 4944 596 5003 nulli
629 4943 970 5002 ancillarum
1004 4940 1111 4997 ﬁlii
1162 4940 1614 4997 admitterentur
1660 4942 1729 4997 ad
1762 4940 2007 4997 haeredi-

282 5046 505 5097 tatem.
562 5034 692 5091 Filii
734 5034 913 5089 Jacob
962 5031 1203 5088 admissi
1258 5036 1400 5087 sunt
1441 5033 1513 5087 ad
1565 5031 2005 5088 haereditatem:

284 5127 515 5186 Ismael
556 5129 773 5195 autem,
809 5139 922 5179 non
962 5122 1098 5194 quia
1128 5136 1198 5178 ex
1228 5121 1439 5178 ancilla
1470 5126 1665 5191 natus,
1688 5121 2011 5178 exhaareda-

287 5227 418 5287 tus,
442 5217 546 5275 sed
579 5214 717 5288 quia
745 5212 1035 5285 superbus
1067 5211 1261 5280 matri,
1290 5210 1577 5284 superbus
1600 5211 1658 5267 in
1683 5212 1865 5268 ﬁlium
1891 5228 2011 5268 ma-

279 5313 442 5378 tris;
488 5312 676 5364 mater
704 5303 859 5361 enim
893 5303 1019 5374 ejus
1053 5303 1237 5373 magis
1265 5306 1403 5359 Sara
1433 5318 1608 5375 quam
1641 5303 1812 5374 Agar.
1844 5301 2009 5359 Illius

280 5409 497 5458 uterus
532 5394 1037 5464 accommodatus,
1069 5391 1228 5449 illius
1255 5391 1525 5449 voluntas
1556 5391 1801 5448 accessit
1835 5408 1848 5460 ;
1891 5408 2007 5448 non

281 5491 509 5551 faceret
538 5483 840 5543 Abraham
874 5480 1029 5555 quod
1079 5480 1221 5537 Sara
1252 5477 1429 5537 nollet
1458 5495 1472 5535 :
1527 5478 1713 5551 magis
1741 5494 1877 5552 ergo
1909 5478 2009 5536 ille

288 5580 455 5638 ﬁlius
474 5583 652 5636 Suras.
677 5575 791 5632 Sed
819 5571 954 5646 quia
973 5570 1260 5645 superbus
1282 5571 1341 5628 in
1366 5571 1624 5642 fratrem,
1647 5576 1699 5627 et
1721 5570 2008 5643 superbus

288 5672 576 5741 ludendo,
611 5666 753 5739 quia
788 5663 1114 5721 deludendo
1148 5681 1161 5733 ;
1195 5662 1292 5734 qui
1326 5663 1398 5720 ait
1436 5662 1575 5719 Sara
1602 5662 1629 5715 ‘t
1659 5662 1805 5732 Ejire
1831 5663 2008 5717 ancil-

1542 291 2009 355 TRAC'I‘A'I‘US
2053 293 2188 357 XII.
2233 294 2490 361 CAPUT
2529 300 2629 361 IlI.

3688 320 3841 381 1486

2142 432 2254 488 iam
2283 443 2332 490 et
2360 436 2542 505 filium
2574 439 2693 509 ejus
2732 460 2751 506 ;
2792 456 2903 497 non
2931 445 3080 499 enim
3108 444 3278 502 haeres
3318 452 3421 505 erit
3451 452 3599 521 ﬁlius
3626 457 3844 511 ancilla:

2139 536 2263 578 cum
2292 525 2408 595 ﬁlio
2433 543 2552 585 meo
2580 528 2748 584 Isaac
2780 530 2927 602 (Cen.
2960 549 3078 602 xxx,
3110 534 3163 603 9,
3209 537 3316 611 10).
3353 539 3479 597 Non
3509 558 3643 614 ergo
3676 544 3840 600 illum

2134 615 2361 671 viscera
2408 617 2630 674 ancilla
2681 621 2973 693 ojecerunt
3021 624 3197 696 foras,
3240 630 3341 685 sed
3372 631 3561 687 cervix
3591 636 3839 693 servilis.

2134 705 2202 760 Et
2233 704 2284 760 si
2315 706 2461 764 liber
2490 711 2780 783 superbus
2802 714 2897 781 sit,
2923 731 3126 773 servus
3157 722 3246 775 est
3274 722 3331 776 et
3353 723 3504 794 quod
3536 725 3700 795 pejus
3731 730 3839 794 est,

2132 796 2295 852 mala:
2327 800 2595 870 dominae,
2633 802 2820 875 ipsius
2856 809 3164 879 superbiae.
3206 811 3418 884 Itaque,
3466 814 3669 873 fratres
3705 819 3841 885 mei,

2138 888 2482 957 respondete
2516 890 2737 947 homini
2762 910 2877 950 non
2905 912 3073 967 posse
3104 888 3308 957 rursus
3331 902 3488 958 nasci
3513 902 3838 973 hominem;

2136 978 2479 1047 respondete
2509 981 2698 1036 securi
2733 998 2846 1039 non
2876 1002 3045 1057 posse
3076 1005 3282 1045 rursus
3324 993 3482 1049 nasci
3515 994 3836 1051 hominem.

2133 1061 2428 1136 Quidquid
2464 1069 2673 1125 iterum
2701 1070 2784 1140 ﬁt,
2811 1072 3007 1130 illusio
3037 1081 3163 1145 est;
3200 1079 3483 1151 quidquid
3518 1082 3727 1138 iterum
3753 1083 3836 1150 ﬁt,

2132 1152 2299 1209 lusus
2329 1160 2438 1211 est.
2470 1158 2676 1217 Ismael
2712 1160 2883 1231 ludit,
2918 1164 3070 1221 foras
3102 1167 3391 1225 mittatur.
3424 1170 3838 1229 Animadvertit

2131 1240 2285 1297 enim
2318 1259 2414 1300 eos
2443 1245 2582 1303 Sara
2612 1248 2897 1320 ludentes,
2932 1254 3013 1309 ait
3044 1255 3362 1327 Scriptura,
3393 1263 3448 1315 et
3479 1261 3623 1317 dixit
3651 1263 3840 1320 Abra-

2134 1332 2239 1401 hae,
2267 1336 2689 1406 Ejiceancillam
2718 1350 2771 1398 et
2789 1342 2980 1413 ﬁlium
3009 1346 3143 1417 ejus.
3168 1347 3476 1419 Displicuit
3496 1352 3650 1408 Sara:
3673 1353 3837 1410 lusus

2130 1441 2479 1497 puerorum;
2509 1430 2731 1503 aliquid
2765 1449 2975 1495 novum
2997 1437 3607 1507 viditpuerosludere.
3634 1443 3836 1500 Nonne

2127 1520 2334 1586 optant
2364 1517 2471 1575 hoc
2503 1537 2629 1591 quae
2683 1522 2833 1580 ﬁlios
2876 1524 3112 1592 habent,
3163 1528 3357 1584 videre
3387 1528 3654 1587 ludentes
3685 1533 3833 1588 ﬁlios
3886 1592 3889 1595 _

2127 1622 2264 1661 suos
2288 1608 2313 1661 ?
2342 1610 2502 1664 Vidit
2530 1610 2650 1679 illa,
2684 1618 2741 1668 et
2793 1614 3163 1686 improbavit.
3196 1616 3403 1675 Nescio
3435 1619 3570 1691 quid
3606 1620 3746 1676 vidit
3776 1623 3831 1676 in

2125 1694 2260 1751 lusu
2288 1712 2300 1753 :
2338 1697 2669 1757 illusionem
2692 1703 2838 1760 vidit
2858 1704 2917 1761 in
2950 1704 3050 1762 illo
3080 1707 3228 1777 lusu,
3256 1709 3667 1767 animadvertit
3687 1713 3834 1767 servi

2124 1788 2496 1859 superbiam;
2525 1791 2826 1863 displicuit
2847 1794 2953 1865 illi,
2972 1796 3140 1867 ejecit
3160 1797 3333 1855 foras.
3359 1799 3488 1857 Nati
3513 1800 3584 1856 de
3606 1801 3834 1857 ancillis

2122 1873 2373 1946 improbi
2408 1880 2720 1937 mittuntur
2752 1883 2903 1939 foras
2926 1887 2963 1951 ί,
2989 1889 3045 1941 et
3077 1891 3251 1943 natus
3274 1886 3346 1943 de
3375 1888 3552 1944 libera
3579 1889 3835 1945 mittitur

2123 1965 2278 2022 foras
2309 1967 2479 2024 Esau.
2514 1974 2694 2027 Nemo
2723 1989 2860 2045 ergo
2895 1980 3212 2045 prmeumat
3253 1978 3392 2049 quia
3422 1980 3492 2037 de
3524 1979 3691 2036 bonis
3724 1998 3831 2037 na-

2120 2055 2324 2125 scitur,
2361 2074 2530 2115 ncmo
2564 2066 2875 2131 praesumat
2905 2067 3043 2135 quia
3086 2082 3183 2135 per
3222 2071 3453 2123 sanctos
3485 2067 3829 2136 baptizatur.

2121 2145 2227 2212 Qui
2261 2163 2360 2217 per
2390 2152 2622 2206 sanctos
2672 2150 3009 2223 baptizatur,
3059 2155 3249 2211 adhuc
3280 2161 3475 2214 caveat
3504 2174 3579 2214 ne
3607 2175 3720 2214 non
3754 2161 3832 2216 sit

2116 2235 2316 2305 Jacob,
2351 2240 2447 2296 sed
2481 2244 2645 2296 Esau.
2678 2240 2796 2297 Hoc
2827 2259 2980 2314 ergo,
3022 2244 3251 2312 fratres,
3284 2248 3527 2303 dixerim
3562 2263 3577 2304 :
3620 2248 3829 2304 melius

2119 2331 2206 2383 est
2237 2330 2307 2383 ab
2348 2329 2691 2388 hominibus
2722 2348 2831 2387 sua
2862 2334 3260 2404 quaerentibus
3296 2340 3353 2390 et
3384 2338 3666 2392 mundum
3700 2337 3831 2393 dili-

2117 2417 2413 2487 gentibus,
2437 2418 2589 2489 quod
2613 2419 2907 2492 signiﬁcat
2939 2436 3152 2476 nomen
3184 2421 3433 2493 ancillae,
3459 2423 3739 2494 baptizari
3772 2430 3829 2482 et

2117 2506 2501 2577 spiritualiter
2530 2508 2928 2566 haereditatem
2952 2527 3202 2582 quaerere
3233 2511 3471 2579 Christi,
3496 2517 3559 2569 ut
3587 2513 3663 2569 sit
3694 2520 3826 2570 tan-

2120 2612 2293 2666 quam
2336 2597 2491 2654 ﬁlius
2538 2598 2720 2656 Jacob
2770 2600 2840 2656 de
2883 2600 3116 2668 ancilla,
3174 2618 3350 2673 quam
3400 2601 3676 2673 baptizari
3726 2620 3828 2675 per

2118 2692 2353 2745 sanctos
2384 2694 2440 2745 et
2488 2690 2811 2761 superbire,
2856 2696 2920 2747 ut
2952 2692 3026 2748 sit
3078 2693 3228 2749 Esau
3276 2693 3431 2749 foras
3482 2694 3824 2766 mittendus,

2119 2779 2387 2848 quamvis
2421 2783 2591 2835 natus
2633 2796 2701 2837 ex
2753 2780 2956 2837 libera.
3010 2780 3160 2848 Haec,
3194 2782 3421 2851 fratres,
3457 2788 3666 2841 tenete.
3700 2784 3829 2844 Non

2119 2882 2220 2923 vos
2253 2868 2582 2940 patpamus,
2617 2869 2777 2925 nulla
2807 2886 2941 2942 spes
2972 2877 3159 2927 vestra
3180 2871 3241 2928 in
3264 2872 3433 2929 nobis
3454 2874 3567 2929 sit:
3604 2891 3706 2932 nec
3730 2892 3830 2933 n0-

2122 2957 2208 3014 bis
2243 2957 2599 3027 blandimur,
2636 2975 2741 3015 nec
2767 2961 2927 3016 vobis
2960 2978 2973 3030 ;
3008 2962 3414 3033 unusquisque
3445 2980 3608 3020 suam
3643 2966 3829 3020 sarci-

2120 3065 2253 3104 nam
2288 3052 2496 3119 portat.
2531 3050 2798 3105 Nostrum
2830 3054 2915 3105 est
2945 3050 3155 3121 dicere,
3181 3068 3251 3107 ne
3283 3052 3433 3109 male
3455 3053 3825 3124 judicemur:

2118 3142 2373 3193 vestrum
2417 3141 2506 3194 est
2562 3138 2779 3208 audire,
2824 3144 2881 3194 et
2931 3140 3103 3197 corde
3155 3140 3378 3209 audire,
3436 3160 3507 3199 ne
3567 3144 3829 3215 exigatur

2119 3231 2268 3299 quod
2292 3228 2667 3296 damus;imo
2692 3231 2925 3300 quando
2948 3229 3826 3305 exigitur,lucruminveuiatur,

2124 3336 2239 3377 non
2271 3318 2707 3375 detrimentum.

2190 3411 2243 3466 5.
2276 3409 2427 3465 Dicit
2457 3408 2743 3465 Dominus
2768 3408 3102 3477 Nicodemo,
3135 3412 3192 3466 et
3221 3410 3455 3481 exponit
3493 3412 3543 3466 ei
3577 3430 3593 3464 :
3631 3416 3823 3478 Amen,

2118 3516 2279 3556 amen
2312 3501 2438 3555 dico
2460 3498 2583 3567 tibi,
2606 3498 2717 3554 nisi
2747 3501 2868 3569 quis
2895 3504 3113 3555 renatus
3140 3501 3321 3569 fuerit
3350 3516 3420 3556 ea:
3448 3517 3591 3572 aqua
3622 3511 3669 3557 et
3700 3504 3827 3573 Spi-

2120 3591 2254 3659 ritu,
2281 3605 2392 3643 non
2424 3593 2595 3659 potest
2627 3587 2859 3643 introire
2912 3591 2973 3642 in
3025 3603 3263 3657 regnum
3311 3589 3428 3646 Dei.
3461 3591 3567 3657 Tu,
3612 3590 3827 3663 inquit,

2119 3677 2409 3736 carnalem
2462 3676 2897 3749 generationem
2931 3677 3232 3749 intelligis,
3281 3694 3411 3734 cum
3446 3678 3611 3747 dicis,
3644 3681 3824 3735 Num-

2120 3769 2254 3843 quid
2274 3772 2443 3842 potest
2474 3769 2630 3824 homo
2661 3766 2840 3825 redire
2862 3770 2918 3824 in
2940 3770 3150 3826 viscera
3169 3773 3367 3826 matris
3395 3786 3514 3828 suae
3533 3779 3559 3826 Ρ
3589 3786 3656 3827 ex
3676 3789 3830 3844 aqua

2120 3866 2176 3919 et
2202 3861 2422 3933 Spiritu
2457 3864 2686 3931 oportet
2717 3863 2777 3915 ut
2808 3865 3075 3917 nascatur
3104 3865 3340 3934 propter
3356 3878 3598 3935 regnum
3621 3864 3743 3923 Dei.
3768 3866 3828 3922 Si

2121 3960 2351 4025 propter
2367 3950 2756 4007 haereditatem
2773 3951 2953 4024 patris
2974 3952 3619 4026 hominis_temporalem
3644 3957 3833 4013 nasci-

2121 4051 2235 4112 tur,
2268 4046 2539 4100 nascatur
2577 4056 2647 4098 ex
2677 4042 2998 4099 visceribus
3041 4044 3249 4100 matris
3290 4045 3581 4103 carnalis:
3623 4049 3674 4103 si
3706 4064 3831 4119 pro-

2124 4139 2249 4205 pter
2280 4132 2681 4190 htereditatem
2715 4131 2897 4204 patris
2929 4132 3031 4189 Dei
3085 4133 3522 4205 sempiternam,
3555 4142 3832 4193 nascatur

2122 4240 2190 4280 ex
2220 4223 2539 4281 visceribus
2594 4223 2880 4279 Ecclesiae.
2925 4227 3170 4279 Generat
3216 4240 3319 4295 per
3350 4241 3587 4281 uxorem
3637 4226 3824 4281 ﬁlium

2122 4315 2287 4383 pater
2315 4312 2626 4367 moriturus
2659 4326 3071 4365 successurum
3106 4325 3120 4365 :
3156 4315 3395 4381 generat
3426 4316 3579 4367 Deus
3611 4312 3680 4366 de
3715 4312 3827 4367 Ec-

2120 4400 2299 4458 clesia
2332 4400 2480 4457 ﬁlios
2508 4417 2622 4456 non
2674 4415 3069 4469 successuros,
3110 4398 3215 4455 sed
3265 4415 3464 4456 secum
3497 4417 3821 4457 mansuros.

2118 4491 2185 4547 Et
2208 4491 2506 4562 sequitur:
2544 4488 2693 4557 Quod
2714 4495 2907 4543 natum
2936 4488 3099 4544 estde
3116 4504 3303 4557 carne,
3331 4505 3459 4547 caro
3476 4497 3557 4546 est
3579 4508 3595 4545 :
3617 4495 3666 4546 et
3686 4491 3825 4562 quod

2116 4586 2308 4634 natum
2339 4586 2415 4634 est
2452 4579 2527 4634 de
2575 4576 2808 4650 Spiritu,
2864 4578 3088 4649 spiritus
3134 4582 3233 4634 est.
3274 4579 3662 4651 Spiritualiter
3692 4597 3824 4652 ergo

2118 4668 2437 4737 nascimur,
2460 4671 2518 4724 et
2542 4666 2601 4723 iu
2621 4666 2831 4738 spiritu
2857 4666 3156 4723 nascimur
3172 4669 3347 4725 verbo
3367 4676 3421 4727 et
3441 4676 3822 4728 sacramento.

2117 4758 2296 4816 Adest
2326 4757 2597 4831 Spiritus,
2649 4760 2709 4814 ut
2739 4772 3057 4814 nascamur
3096 4773 3113 4817 :
3165 4758 3420 4832 Spiritus
3459 4762 3829 4821 invisibiliter

2117 4851 2281 4907 adest
2312 4849 2466 4906 unde
2496 4846 2777 4919 nasceris,
2802 4847 2940 4920 quia
2968 4853 3028 4905 et
3057 4851 3118 4905 tu
3143 4848 3510 4907 invisibiliter
3540 4852 3818 4908 nasceris.

2119 4940 2395 5013 Sequitur
2425 4939 2605 5007 enim,
2636 4942 2694 4995 et
2724 4938 2899 4995 dicit:
2952 4940 3069 4995 Non
3118 4939 3343 4997 mireris
3388 4942 3520 5012 quia
3548 4941 3674 4995 dixi
3696 4942 3821 5003 tibi,

2118 5034 2322 5103 Oportet
2370 5045 2455 5086 vos
2503 5031 2654 5085 nasci
2703 5028 2921 5085 denuo:
2964 5028 3207 5101 Spiritus
3255 5030 3352 5085 ubi
3398 5029 3514 5084 vult
3549 5033 3747 5099 spirat,
3772 5032 3823 5085 et

2116 5137 2296 5178 vocem
2316 5121 2438 5190 ejus
2467 5122 2643 5188 audis,
2677 5118 2769 5175 sed
2789 5120 2962 5176 nescis
2991 5120 3134 5175 unde
3154 5122 3358 5187 veniat,
3380 5120 3477 5173 aut
3504 5133 3606 5188 quo
3636 5117 3818 5175 vadat.

2116 5213 2297 5269 Nemo
2329 5212 2480 5268 videt
2513 5210 2793 5282 Spiritum
2830 5226 2843 5264 :
2876 5213 2931 5265 et
2976 5207 3268 5279 quomodo
3298 5206 3573 5264 audimus
3619 5224 3818 5266 vocem

2116 5304 2363 5375 Spiritus
2391 5302 2420 5358 Ῥ
2461 5301 2641 5359 Sonat
2688 5298 2977 5366 Psalmus,
3031 5313 3137 5353 vox
3185 5300 3271 5353 est
3313 5296 3604 5368 Spiritus;
3657 5306 3823 5357 sonat

2119 5395 2512 5466 Evangelium,
2543 5409 2651 5449 vox
2680 5393 2768 5448 est
2794 5389 3043 5461 Spiritus
3075 5406 3090 5458 ;
3136 5394 3306 5446 sonat
3344 5405 3532 5447 sermo
3562 5390 3818 5462 divinus,

2115 5502 2220 5543 vox
2254 5488 2343 5541 est
2371 5482 2641 5554 Spiritus.
2683 5481 2865 5537 Vocem
2893 5478 3009 5548 eius
3034 5479 3213 5551 audis,
3246 5486 3298 5537 et
3342 5482 3520 5540 nescis
3549 5482 3701 5540 unde
3732 5500 3819 5539 ve-

2181 5608 2336 5658 I'I‘res
2356 5606 2477 5656 Mss.
2499 5614 2511 5653 :
2534 5603 2661 5655 Nati
2682 5603 2744 5653 de
2768 5603 2990 5654 ancillis
3011 5605 3081 5655 ad
3098 5604 3453 5659 hereditatem
3467 5607 3823 5658 admittuntur

2115 5675 2226 5737 ﬁlii
2245 5668 2417 5732 Iacob,
2456 5673 2503 5718 ei
2534 5672 2686 5718 natus
2718 5669 2780 5716 de
2810 5668 2993 5735 libera,
3028 5678 3126 5721 etc-
