4146 6186
340 314 369 371 1
380 311 493 371 48Ἶ

338 446 479 509 niat,
511 448 559 498 et
593 457 693 514 quo
740 438 921 494 vadat.
966 433 1075 490 Sed
1128 431 1174 487 si
1208 426 1465 483 nasceris
1504 426 1561 479 et
1590 426 1649 475 tu
1686 418 1756 471 de
1797 410 2037 483 Spiritu,

346 539 449 593 hoc
468 503 615 599 eris,
652 536 713 587 ut
743 530 838 585 ille
865 527 963 599 qui
1000 542 1113 582 non
1146 527 1235 579 est
1264 520 1456 575 adhuc
1487 519 1660 570 natus
1696 503 2038 599 de_Spiritu,

343 643 460 683 non
492 626 635 680 sciat
665 623 735 677 de
766 625 821 675 te
872 618 1024 673 unde
1070 612 1283 669 venias.
1317 613 1374 664 et
1422 620 1537 677 quo
1569 617 1688 659 eas.
1741 597 1857 651 Hoc
1888 590 2040 683 enim

344 719 575 773 secutus
604 713 683 768 ait
718 727 732 767 :
764 711 851 766 Sic
879 715 958 764 est
989 711 1037 761 et
1068 705 1243 760 omnis
1275 700 1368 771 qui
1398 703 1561 751 natus
1592 695 1670 747 est
1711 704 1781 743 ex
1810 682 2043 755 Spiritu.

414 809 469 862 6.
532 802 822 867 Respondit
871 796 1211 858 Nicodemus,
1253 794 1300 846 et
1330 790 1469 843 dixit
1500 785 1555 840 ei
1581 800 1599 837 :
1631 775 1902 867 Quomodo
1930 785 2054 867 pos-

346 905 473 953 sunt
503 862 764 965 haec-fieri
794 894 820 946 ?
848 891 917 945 Et
949 901 1143 943 revera
1168 879 1496 944 carnaliter,
1530 888 1642 929 non
1668 862 2047 965 intelligebat.

440 952 753 1042 illoﬁtie'bat
784 979 932 1051 quod
962 977 1184 1032 dixerat
1227 969 1531 1032 Dominus,
1575 974 1769 1018 vocem
1794 952 2055 1051 Spiritus

352 1077 645 1141 audiebat,
678 1076 734 1129 et
767 1043 1058 1127 nesciebat
1099 1064 1252 1120 unde
1292 1060 1524 1115 venerat
1558 1057 1613 1109 et
1644 1043 2055 1141 (μισ-ὡδὶ.βεῖ

348 1132 562 1240 spondit
591 1132 766 1232 Jesus,
799 1162 849 1215 et
876 1158 1016 1213 dixit
1049 1157 1101 1210 ei
1130 1171 1146 1209 :
1181 1154 1251 1207 Tu
1280 1167 1336 1206 es
1365 1146 1623 1218 magister
1664 1142 1723 1195 in
1745 1132 1973 1240 Israel,
2006 1132 2059 1183 et

260 1264 262 1266 '
350 1222 467 1314 fixe
495 1254 780 1326 ignoras?
826 1250 869 1305 Ο
923 1249 1151 1312 fratres,
1212 1241 1376 1314 quid,
1436 1239 1715 1309 putamus
1745 1222 2054 1326 Dominum

352 1346 491 1403 huic
522 1342 796 1410 magistro
841 1339 1181 1395 Judaeorum
1219 1328 1384 1402 quasi
1416 1322 1705 1381 insultare
1757 1313 2011 1372 voluisse
2034 1308 2062 1362 ?

352 1401 596 1493 Noverat
621 1401 908 1488 Dominus
932 1426 1071 1499 quid
1106 1401 1333 1494 agebat,
1354 1416 1582 1473 volebat
1614 1410 1788 1466 illum
1813 1401 2061 1499 nasci-ex

350 1526 587 1599 Spiritu.
608 1523 788 1580 Nemo
813 1536 875 1576 ex
902 1518 1121 1589 Spiritu
1144 1512 1423 1579 nascitur,
1450 1506 1559 1563 nisi
1585 1499 1826 1558 humilis
1850 1492 2019 1550 fuerit
2043 1506 2058 1546 :

358 1583 496 1689 q‘uia
527 1617 654 1686 ipsa
683 1583 987 1668 humilitas
1020 1605 1158 1662 facit
1195 1619 1301 1659 nos
1332 1597 1493 1656 nasci
1525 1597 1595 1650 de
1627 1588 1849 1664 Spiritu
1878 1603 1892 1653 ;
1926 1583 2062 1689 q‘unia

361 1673 670 1780 prope‘est
708 1700 995 1758 Dominus
1040 1693 1268 1751 obtritis
1313 1689 1483 1746 corde
1516 1683 1684 1753 (Psal.
1719 1673 2062 1780 ιιχιιιιιζᾎξ)ἶ

357 1764 457 1853 ille
491 1792 827 1866 magisterio
858 1788 1095 1845 inﬂatus
1125 1788 1267 1852 erat,
1300 1789 1351 1839 et
1379 1776 1623 1846 alicujus
1656 1766 1931 1827 momenti
1958 1764 2062 1864 sibi

363 1852 489 1945 esse
521 1852 844 1951 videbatur,
879 1880 1014 1951 quia
1046 1876 1248 1933 doctor
1277 1874 1400 1929 erat
1426 1868 1757 1925 Judaeorum
1785 1852 2069 1951 :_dep_onit

362 1976 412 2031 ei
446 1973 806 2045 superbiam,
832 1944 916 2025 ut.
956 1966 1140 2039 possit
1187 1961 1349 2019 nasci
1381 1959 1452 2014 de
1480 1954 1701 2026 Spiritu
1738 1967 1771 2045 ε⁸
1802 1944 2067 2045 insultat,

360 2033 643 2137 tanquam
668 2033 901 2116 indocto
925 2033 1077 2125 ;hon
1102 2052 1240 2126 quia
1261 2042 1662 2121 superiorvult
1683 2033 2070 2137 videri-Domi:

362 2170 498 2209 nus.
539 2150 686 2214 Quid
739 2160 1031 2219 magnum,
1083 2142 1238 2197 Deus
1270 2139 1337 2194 ad
1393 2133 1712 2193 hominem,
1763 2124 1967 2180 veritas
1999 2120 2070 2176 ad

366 2211 780 2298 mendacium?
804 2211 981 2305 Major
1003 2211 1267 2288 Christus
1282 2242 1454 2299 quam
1468 2221 1816 2278 Nicodamus
1838 2212 1948 2269 dici
1972 2211 2073 2305 de-

364 2332 480 2397 bet,
514 2328 632 2385 dici
664 2329 873 2399 potest,
893 2300 1281 2393 cogitandum
1309 2313 1439 2371 est?
1482 2311 1539 2367 Si
1569 2309 1860 2366 diceretur
1888 2300 2074 2399 maior

362 2389 631 2475 Christus
663 2389 840 2490 quam
859 2389 1093 2484 'Ang'eii,
1114 2409 1423 2465 ridendum
1457 2408 1575 2458 erat
1603 2415 1615 2457 :
1644 2389 2075 2465 incomparabi-

364 2510 495 2566 liter
526 2510 679 2565 enim
714 2506 900 2576 major
930 2483 1089 2559 omni
1140 2501 1426 2558 creatura,
1479 2506 1576 2564 per
1606 2503 1775 2561 quem
1811 2485 1957 2539 facta
1990 2483 2074 2535 est

366 2600 559 2655 omnis
608 2601 892 2653 creatura.
949 2593 1053 2646 Sed
1118 2588 1365 2656 exagitat
1426 2579 1760 2653 superbiam
1796 2571 2069 2636 hominis,

363 2692 435 2746 Tu
467 2705 520 2743 es
550 2689 810 2755 magister
842 2685 897 2738 in
931 2679 1130 2747 Israel,
1183 2682 1231 2733 et
1283 2677 1399 2731 haec
1438 2673 1662 2741 ignoras
1693 2671 1717 2721 .9
1764 2666 2069 2733 Tanquam

366 2780 589 2842 dicens,
620 2776 765 2832 Ecce
797 2771 938 2828 nihil
973 2768 1149 2835 nosti,
1184 2766 1455 2839 princeps
1487 2758 1794 2831 superbus,
1837 2760 2073 2808 nascere

366 2886 435 2925 ex
466 2866 681 2939 Spiritu
719 2882 732 2921 :
767 2864 817 2919 si
848 2862 1003 2918 enim
1037 2861 1208 2914 natus
1242 2855 1418 2911 fueris
1449 2868 1516 2908 ex
1546 2847 1789 2920 Spiritu,
1819 2844 1944 2899 vias
1976 2840 2070 2895 Dei

370 2930 614 3021 tenebis,
650 2956 715 3008 ut
744 2950 957 3007 Christi
1002 2946 1397 3003 humilitatem
1449 2936 1731 3010 sequaris.
1774 2932 1867 2989 Sic
1916 2930 2069 2986 enim

371 3048 529 3103 altus
559 3048 647 3101 est
692 3058 867 3114 super
895 3054 1096 3097 omnes
1143 3034 1410 3103 Angelos,
1456 3028 1593 3103 quia
1639 3042 1761 3082 cum
1806 3025 1864 3077 in
1895 3026 2074 3093 forma

370 3138 468 3192 Dei
505 3141 661 3203 esset,
692 3113 799 3189 non
831 3131 1081 3202 rapinam
1104 3125 1409 3182 arbitratus
1429 3125 1503 3176 est
1534 3134 1642 3175 esse
1673 3114 1901 3187 azqualis
1933 3113 2034 3167 Deo
2056 3126 2075 3171 ,·

368 3227 460 3282 sed
489 3223 835 3294 semetipsum
867 3216 1183 3276 exinanivil
1223 3216 1463 3284 formam
1503 3209 1649 3263 servi
1681 3203 1983 3272 accipiens,
2017 3200 2073 3253 in

371 3314 793 3373 similitudinem
836 3311 1119 3365 hominum
1162 3307 1362 3375 factus,
1411 3304 1462 3356 et
1510 3298 1699 3353 habitu
1732 3298 1983 3349 inuentus
2018 3297 2077 3344 ut

373 3408 573 3461 homo:
604 3400 919 3457 humiliavit
950 3395 1320 3466 semetipsum,
1346 3393 1524 3461 factus
1545 3386 1797 3444 obediens
1816 3394 1987 3450 usque
2007 3378 2079 3432 ad

374 3502 603 3551 mortem
634 3492 715 3563 (et
767 3506 837 3546 ne
878 3488 1084 3544 mortis
1135 3499 1316 3555 genus
1366 3479 1468 3535 tibi
1518 3475 1752 3547 aliquod
1812 3468 2077 3543 placeat),

375 3589 606 3640 mortem
639 3560 823 3637 autem
876 3577 1054 3634 crucis
1099 3573 1367 3646 (Philipp.
1419 3586 1482 3637 ιι,
1514 3566 1647 3637 6-8).
1684 3561 1995 3629 Pendebat,
2027 3560 2083 3613 et

375 3673 765 3732 insultabatur
812 3668 882 3725 ei.
929 3669 1010 3723 De
1057 3679 1224 3722 cruce
1267 3660 1617 3718 descendere
1662 3655 1930 3727 poterat;
1983 3646 2084 3703 sed

379 3763 701 3829 differebat,
735 3763 797 3815 ut
826 3759 896 3813 de
927 3755 1188 3828 sepulcro
1221 3752 1568 3821 resurgeret.
1606 3742 1849 3800 Pertulit
1878 3754 2087 3829 super—

378 3855 485 3910 bos
517 3868 713 3908 servos
747 3847 1027 3905 Dominus
1056 3860 1069 3913 ;
1123 3843 1386 3898 medicus
1432 3840 1694 3909 aegrotos.
1726 3832 1784 3887 Si
1828 3830 1936 3886 hoc
1967 3828 2086 3894 ille,

384 3943 525 4015 quid
555 3941 635 3997 illi
671 3955 815 4012 quos
832 3939 1061 4009 oportet
1090 3932 1247 3988 nasci
1280 3946 1347 3986 ex
1378 3926 1643 3998 Spiritu?
1673 3922 1719 3978 si
1740 3922 1847 3977 hoc
1877 3919 1974 3973 ille
1996 3934 2088 3972 ve-

386 4050 484 4090 rus
516 4030 798 4103 magister
827 4008 887 4083 in
937 4024 1102 4091 caelo,
1136 4038 1250 4077 non
1283 4017 1589 4073 hominum
1622 4019 1871 4078 tantum,
1904 4008 2001 4063 sed
2036 4010 2125 4089 et.

388 4095 763 4194 Angelorum.
816 4116 871 4172 Si
917 4116 1069 4170 enim
1121 4109 1271 4166 docti
1322 4109 1460 4163 sunt
1506 4100 1730 4174 Angeli,
1772 4098 1959 4153 Verbo
1991 4095 2089 4151 Dei

390 4186 538 4269 (locvti
574 4212 731 4266 sunt.
764 4206 824 4261 Si
871 4205 1055 4260 Verbo
1099 4200 1199 4257 Dei
1250 4197 1399 4254 docti
1449 4196 1609 4262 sunt,
1660 4189 1897 4261 quaerite
1939 4186 2092 4241 unde

390 4302 542 4359 docti
576 4306 709 4355 sunt
741 4317 755 4366 ;
790 4299 847 4352 et
874 4290 1199 4350 invenietis,
1223 4290 1280 4344 In
1306 4284 1582 4359 principio
1608 4285 1725 4336 erat
1762 4277 2017 4344 Verbum,
2042 4280 2091 4328 et

392 4394 621 4452 Verbum
650 4397 771 4446 erat
802 4384 946 4458 apud
974 4384 1162 4449 Deum,
1209 4385 1263 4435 et
1315 4380 1452 4431 Deus
1490 4380 1605 4429 erat
1652 4369 1889 4425 Verbum
1920 4367 2092 4435 (Joan.

390 4498 430 4548 ι,
467 4482 540 4551 1).
572 4478 817 4536 Tollitur
837 4455 1073 4529 homini
1105 4468 1318 4534 cervix,
1352 4465 1453 4521 sed
1498 4476 1707 4532 aspera
1736 4465 1787 4512 et
1835 4455 1999 4519 dura,
2037 4457 2098 4508 ut

392 4547 470 4626 sit
499 4547 648 4624 lenis
681 4564 873 4622 cervix
897 4565 965 4619 ad
992 4558 1340 4634 portandum
1362 4556 1570 4625 jugum
1614 4549 1850 4613 Christi,
1883 4547 1952 4601 de
1984 4560 2097 4615 quo

394 4657 627 4723 dicitur,
658 4658 858 4725 Jugum
902 4667 1083 4707 meum
1133 4648 1251 4703 lene
1297 4653 1395 4707 est,
1447 4646 1501 4696 et
1544 4642 1763 4695 sarcina
1814 4652 1930 4691 mea
1966 4634 2097 4688 levis

390 4751 467 4806 est
499 4744 709 4817 (Matth.
743 4758 821 4809 ιιι,
855 4742 965 4807 30).

460 4838 516 4891 ’7.
542 4834 611 4890 Et
640 4830 903 4903 sequitur
945 4844 957 4884 :
1006 4826 1061 4881 Si
1092 4829 1317 4880 terrena.
1366 4820 1489 4876 dixi
1539 4820 1706 4886 vobis,
1754 4824 1807 4873 ct
1839 4830 1945 4870 non
1977 4827 2097 4868 cre-

392 4927 523 4986 ditis
553 4944 575 4992 ,·
622 4901 906 4996 quomodo,
955 4916 1003 4972 si
1058 4914 1249 4969 dixero
1307 4911 1457 4966 vobis
1522 4907 1782 4974 ccelestia,
1824 4901 2101 4959 credetis?

395 5024 531 5088 Quae
564 4993 792 5074 terrena
819 5010 982 5078 dixit,
1005 5008 1210 5063 fratres
1238 5003 1265 5058 ἓ
1296 5001 1417 5058 Nisi
1446 5002 1568 5072 quis
1596 5008 1764 5055 natus
1806 4997 1981 5069 fuerit
2010 4993 2102 5050 de-

394 5127 527 5179 nuo,
560 5114 848 5165 terrenum
882 5105 971 5158 est
1000 5099 1026 5153 ‘I
1072 5094 1319 5168 Spiritus
1350 5092 1448 5147 ubi
1494 5092 1607 5146 vult
1642 5091 1816 5161 spirat
1843 5091 1892 5144 et
1923 5101 2101 5142 vocem

399 5202 515 5270 ejus
543 5198 724 5264 audis,
757 5202 807 5251 et
835 5189 1014 5248 nescis
1048 5185 1191 5242 unde
1220 5184 1422 5247 veniat,
1456 5188 1509 5237 et
1540 5196 1644 5251 quo
1661 5185 1769 5248 eat,
1802 5182 2101 5233 terrenum

400 5267 485 5343 est
510 5287 538 5341 ‘I
569 5288 628 5341 Si
666 5287 822 5343 enim
855 5284 925 5339 de
958 5282 1065 5337 isto
1098 5280 1263 5335 vento
1293 5274 1529 5338 diceret,
1554 5272 1704 5327 sicut
1732 5267 2104 5325 nonnulliin-

399 5373 747 5430 tellexerunt
776 5373 876 5443 (α),
908 5388 1041 5427 cum
1065 5369 1415 5441 quaereretur
1439 5363 1509 5420 ab
1532 5361 1615 5418 eis
1644 5359 1779 5432 quid
1811 5362 2105 5415 terrenum

467 5528 540 5589 (α)
561 5526 628 5574 De
648 5525 807 5589 vento
824 5526 1141 5589 acceperunt
1163 5520 1404 5589 Cyrinus,
1418 5512 2105 5589 Chrysqsnt.,Tbeopbylact.

406 5576 673 5642 et‘auctor
700 5588 896 5644 Quaest.
928 5576 1045 5633 Vat.
1079 5589 1132 5645 et
1165 5576 1294 5635 Νῦν.
1325 5576 1576 5645 Teuma.
1608 5580 1687 5633 59.
1719 5582 1786 5631 At.
1814 5576 2109 5641 Augustino

405 5652 673 5709 consentit
712 5647 867 5701 Anth.
906 5644 995 5694 lib.
1022 5644 1052 5693 2
1074 5644 1137 5693 de
1168 5645 1309 5701 Fide,
1343 5659 1454 5706 cap.
1487 5643 1535 5693 3.

1299 293 1373 353 IN
1420 283 1751 351 JOANNIS
1797 266 2328 337 EVANGELIUM,
2378 266 2441 323 S.
2488 256 2909 321 AUGUSTINI

3706 234 3867 295 1488

2152 400 2361 455 dixerit
2392 396 2696 460 Dominus,
2730 393 2871 447 dum
2902 389 3001 455 ait,
3054 384 3118 442 Si
3156 392 3375 438 terrena
3427 378 3548 434 diri
3599 379 3775 444 vobis,
3817 390 3869 440 et

2150 506 2261 545 non
2290 486 2555 548 creditis;
2605 482 2882 556 quomodo,
2934 481 2979 535 si
3024 475 3266 533 coelestia
3313 472 3527 536 dixero,
3576 471 3810 526 credetis
3845 472 3873 522 ?

2152 582 2295 637 Cum
2330 595 2463 648 ergo
2522 582 2876 647 quaereretur
2906 587 2937 625 a
2966 567 3341 639 quibusdam,
3392 561 3526 632 quid
3572 564 3867 615 terrenum

2157 668 2363 725 dixerit
2394 666 2699 730 Dominus,
2732 661 3034 733 angustias
3065 655 3220 727 passi
3254 654 3547 717 dixerunt,
3581 651 3741 715 Quod
3768 650 3873 717 ait,

2166 758 2401 825 Spiritus
2451 755 2542 809 ubi
2572 755 2686 810 vult
2723 754 2918 821 spirat,
2962 752 3014 803 et
3044 762 3223 803 vocem
3258 745 3375 814 ejus
3406 741 3583 809 audis,
3617 748 3664 795 et
3695 739 3874 795 nescis

2166 849 2311 904 unde
2353 848 2556 911 veniat,
2608 851 2657 899 et
2705 858 2808 913 quo
2857 845 2963 909 eat,
3016 839 3085 893 de
3133 838 3242 892 isto
3291 839 3458 890 vento
3518 832 3681 886 dixit.
3725 829 3874 893 Quid

2164 940 2315 996 enim
2352 933 2673 992 nominavit
2722 936 3014 988 terrenum
3047 927 3074 982 τί
3121 924 3488 998 Loquebatur
3536 922 3605 977 de
3635 936 3871 991 genera-

2167 1029 2325 1084 tione
2357 1023 2685 1097 spirituali:
2739 1024 2975 1077 secutus
3010 1018 3112 1084 ait,
3153 1016 3243 1071 Sic
3271 1021 3348 1069 est
3377 1014 3555 1069 omnis
3584 1012 3678 1081 qui
3706 1017 3875 1064 natus

2165 1126 2242 1175 est
2286 1134 2353 1173 ea:
2402 1116 2636 1185 Spiritu.
2686 1111 2924 1177 Deinde,
2977 1108 3205 1171 fratres,
3265 1103 3398 1174 quis
3449 1103 3705 1157 nostrum
3759 1115 3873 1155 non

2167 1209 2381 1272 videat,
2433 1203 2586 1259 verbi
2620 1200 2827 1273 gratia,
2861 1202 3127 1253 austrum
3159 1198 3395 1250 euntem
3430 1192 3502 1246 de
3533 1189 3771 1245 meridie
3802 1189 3874 1243 ad

2171 1297 2500 1369 aquilonem
2538 1310 2551 1361 ;
2586 1299 2687 1347 aut
2718 1291 2894 1345 alium
2927 1291 3165 1343 ventum
3196 1283 3527 1340 venientem
3559 1282 3629 1336 ab
3661 1280 3881 1335 oriente

2170 1387 2242 1443 ad
2276 1381 2677 1440 occidentem?
2706 1379 2997 1452 quomodo
3016 1392 3150 1449 ergo
3183 1374 3480 1430 nescimus
3505 1371 3661 1426 unde
3687 1369 3884 1424 veniat

2172 1482 2227 1533 et
2256 1492 2370 1547 quo
2402 1479 2494 1529 eat
2515 1473 2542 1527 ‘i
2574 1471 2719 1539 Quid
2747 1486 2876 1540 ergo
2907 1467 3051 1523 dixit
3080 1470 3401 1530 terrenum,
3435 1461 3590 1533 quod
3629 1477 3741 1516 non
3766 1473 3887 1513 cre-

2174 1566 2390 1623 debant
2431 1562 2697 1619 homines
2724 1561 2753 1614 ‘2
2782 1561 2867 1614 An
2918 1556 3060 1613 illud
3095 1556 3244 1627 quod
3280 1555 3351 1609 de
3385 1551 3603 1623 templo
3635 1548 3880 1605 resusci-

2175 1656 2347 1713 tando
2370 1654 2592 1709 dixerat
2608 1654 2635 1706 ‘i
2656 1651 2874 1719 Corpus
2894 1649 3050 1706 enim
3074 1660 3248 1702 suum
3277 1644 3348 1700 de
3370 1647 3523 1699 terra
3556 1642 3882 1711 acceperat,

2176 1750 2232 1802 et
2264 1745 2445 1815 ipsam
2479 1747 2695 1797 terram
2730 1740 2802 1795 de
2831 1742 3055 1794 terreno
3085 1748 3328 1805 corpore
3357 1734 3691 1802 susceptam
3726 1745 3885 1800 para-

2177 1836 2273 1891 bat
2306 1833 2603 1889 suscitare.
2626 1830 2753 1885 Non
2774 1827 2826 1884 ei
2846 1826 3134 1883 creditum
3162 1828 3253 1880 est
3271 1826 3484 1878 terram
3509 1822 3882 1876 suscitaturo.

2178 1925 2238 1981 Si
2270 1924 2576 1992 terrestria,
2631 1919 2844 1990 inquit,
2875 1917 2995 1973 dixi
3025 1916 3173 1971 vobis
3205 1919 3253 1970 et
3296 1928 3407 1967 non
3436 1910 3662 1967 creditis
3695 1930 3714 1964 .·
3761 1924 3891 1980 quo-

2179 2017 2352 2084 modo,
2384 2017 2432 2070 si
2480 2014 2713 2069 creteslia
2745 2010 2965 2075 dixero,
3006 2006 3229 2065 creditis
3258 2007 3286 2059 ?
3328 2004 3445 2059 Hoc
3502 2006 3611 2065 est,
3660 2000 3707 2055 si
3773 2016 3888 2054 non

2181 2106 2413 2164 creditis
2444 2104 2581 2175 quia
2610 2100 2890 2172 templum
2926 2113 3166 2171 possum
3191 2093 3529 2151 resuscitare
3550 2092 3835 2162 dejectum
3857 2105 3891 2142 a

2182 2197 2345 2253 vobis
2380 2214 2394 2261 ;
2426 2194 2715 2265 quomodo
2749 2190 2998 2246 credetis
3033 2187 3170 2259 quia
3223 2201 3323 2256 per
3350 2181 3622 2254 Spiritum
3660 2177 3891 2252 possint

2182 2286 2449 2342 homines
2483 2281 2801 2353 rcgenerari
2823 2281 2851 2334 ?

2253 2380 2307 2431 8.
2358 2378 2422 2431 Et
2470 2373 2783 2445 sequitur:
2836 2373 2899 2426 Et
2950 2383 3103 2425 nemo
3149 2364 3390 2421 ascendit
3440 2364 3501 2418 in
3530 2361 3752 2425 acetiam,
3782 2357 3897 2414 nisi

2182 2471 2277 2541 qui
2306 2465 2573 2521 descendit
2605 2464 2670 2518 de
2711 2463 2863 2530 caelo,
2926 2460 3093 2514 Filius
3141 2457 3377 2512 hominis
3407 2455 3500 2525 qui
3524 2461 3606 2509 est
3647 2454 3707 2507 in
3737 2449 3893 2506 caelo.

2183 2560 2323 2615 Ecce
2356 2556 2447 2611 hic
2493 2558 2638 2621 erat,
2672 2558 2727 2607 et
2773 2554 2828 2606 in
2876 2549 3019 2607 coelo
3067 2551 3236 2604 erat:
3284 2546 3378 2600 hic
3424 2547 3547 2599 erat
3593 2556 3785 2606 carne,
3832 2540 3895 2594 in

2183 2646 2320 2702 cmlo
2353 2652 2469 2700 erat
2503 2644 2847 2709 divinitate;
2901 2641 3045 2707 imo,
3092 2637 3305 2707 ubique
3346 2632 3668 2690 divinitate.
3713 2630 3895 2686 Natus

2182 2737 2253 2791 de
2312 2740 2515 2801 matre,
2579 2749 2691 2788 non
2745 2730 3081 2787 recedensa
3148 2726 3331 2782 Patre.
3381 2729 3517 2780 Duce
3565 2719 3896 2777 nativitates

2182 2825 2395 2881 Christi
2430 2822 2833 2893 intelliguntur
2867 2834 2880 2885 ;
2935 2834 3044 2874 una
3093 2815 3305 2881 divina,
3364 2812 3544 2868 altera
3586 2812 3845 2865 humana
3880 2827 3894 2865 :

2184 2930 2301 2970 una
2334 2931 2433 2987 per
2464 2929 2637 2984 quam
2670 2911 3051 2973 etticeremur,
3085 2905 3263 2961 altera
3297 2918 3397 2975 per
3427 2916 3603 2972 quam
3636 2899 3901 2954 reticere-

2185 3021 2365 3059 mur:
2414 3002 2592 3058 ambae
2640 2998 2985 3064 mirabiles;
3036 2995 3139 3051 illa
3196 2994 3321 3048 sine
3371 2996 3567 3056 matre,
3612 2988 3723 3044 ista
3769 2986 3899 3043 sine

2187 3097 2367 3165 patre.
2418 3092 2527 3147 Sed
2580 3088 2709 3161 quia
2759 3089 2828 3143 de
2892 3086 3074 3141 Adam
3133 3097 3343 3153 corpus
3390 3081 3708 3149 acceperat,
3761 3074 3901 3146 quia

2186 3182 2363 3237 Maria
2394 3183 2462 3235 de
2492 3181 2698 3244 Adam,
2732 3179 3046 3248 ipsumque
3077 3188 3289 3243 corpus
3320 3168 3707 3225 suscitaturus
3738 3168 3897 3219 erat:

2186 3276 2481 3327 terrenum
2505 3269 2784 3340 quiddam
2808 3265 3047 3327 dixerat,
3069 3262 3275 3318 Solvite
3304 3258 3572 3329 templum
3604 3255 3718 3324 hoc,
3760 3262 3811 3308 et
3842 3257 3900 3306 in

2188 3362 2365 3415 tribus
2393 3361 2586 3417 diebus
2612 3356 2881 3413 suscitabo
2913 3352 3054 3408 illud
3086 3353 3260 3421 (Joan.
3296 3366 3358 3419 ιι,
3396 3348 3502 3417 19).
3524 3344 3768 3402 leeste
3798 3360 3905 3398 au-

2193 3463 2299 3511 tem
2334 3450 2609 3523 quiddam
2644 3447 2808 3514 dixit,
2842 3445 2960 3500 Nisi
2990 3444 3111 3514 quis
3141 3444 3366 3496 renatus
3394 3436 3574 3507 fuerit
3595 3452 3665 3490 ea:
3684 3450 3830 3505 aqua
3850 3444 3907 3490 et

2191 3544 2429 3614 Spiritu,
2460 3556 2573 3593 non
2600 3536 2804 3593 videbit
2835 3549 3064 3604 regnum
3112 3530 3210 3587 Dei
3249 3529 3352 3601 (Id.
3397 3544 3484 3597 ιιι,
3516 3526 3592 3594 5).
3628 3525 3746 3590 Eia,
3780 3524 3913 3578 fra—

2195 3613 2334 3700 tres,
2397 3634 2548 3685 Deus
2593 3627 2776 3683 voluit
2832 3640 2958 3680 esse
3011 3622 3164 3678 ﬁlius
3204 3618 3482 3685 hominis,
3508 3621 3565 3672 et
3611 3613 3910 3677 homines,

2197 3720 2374 3778 voluit
2404 3735 2528 3776 esse
2562 3718 2709 3773 ﬁlios
2740 3714 2861 3771 Dei.
2886 3717 3016 3784 Ipse
3046 3710 3348 3766 descendit
3378 3708 3611 3779 propter
3642 3720 3767 3765 nos,
3794 3718 3914 3758 nos

2200 3809 2584 3867 ascendamus
2617 3808 2847 3877 propter
2876 3802 3090 3873 ipsum.
3122 3798 3291 3854 Solus
3323 3796 3477 3853 enim
3510 3792 3816 3850 descendit
3858 3800 3919 3847 et

2200 3898 2480 3965 ascendit,
2532 3897 2628 3967 qui
2663 3895 2768 3950 hoc
2818 3892 2919 3958 ait,
2970 3892 3135 3947 Nemo
3169 3886 3410 3943 ascendit
3438 3888 3496 3939 in
3543 3883 3758 3949 cielum,
3798 3882 3921 3937 nisi

2200 3992 2295 4061 qui
2333 3985 2601 4042 descendit
2658 3983 2722 4038 de
2753 3982 2903 4037 oculo.
2956 3979 3081 4035 Non
3128 3992 3264 4047 ergo
3316 3973 3612 4031 ascensuri
3660 3979 3795 4026 sunt
3852 3971 3918 4026 in

2201 4060 2408 4137 ccelum
2441 4091 2583 4147 quos
2615 4073 2748 4129 facit
2778 4070 2929 4126 filios
2962 4069 3061 4125 Dei
3093 4068 3120 4124 ‘2
3158 4065 3465 4123 Ascensuri
3518 4063 3690 4136 plane
3725 4076 3739 4117 :
3782 4060 3921 4115 haec

2206 4170 2367 4227 nobis
2392 4164 2699 4239 promissio
2720 4167 2827 4231 est,
2853 4164 3025 4217 Erunt
3045 4158 3287 4230 aequales
3317 4155 3533 4227 Angelis
3564 4155 3660 4209 Dei
3689 4151 3917 4225 (Matth.

2204 4280 2341 4330 xxu,
2374 4262 2487 4331 30).
2522 4257 2822 4324 Quomodo
2854 4269 2989 4324 ergo
3021 4266 3188 4306 nemo
3221 4247 3500 4314 ascendit,
3537 4243 3648 4301 nisi
3679 4242 3776 4314 qui
3810 4244 3928 4298 de-

2208 4352 2430 4408 scendit
2460 4350 2487 4403 ?
2517 4347 2661 4411 Quia
2694 4362 2846 4401 unus
2870 4341 3187 4408 descendit,
3239 4354 3394 4394 unus
3443 4334 3727 4390 ascendit.
3755 4334 3918 4397 Quid

2206 4447 2274 4498 de
2315 4440 2536 4496 caeteris
2558 4438 2585 4491 ‘l
2616 4434 2757 4507 quid
2807 4431 3265 4501 intelligendum,
3320 4426 3434 4481 nisi
3478 4423 3616 4495 quia
3647 4422 3934 4478 membra

2207 4533 2333 4603 ejus
2362 4532 2552 4594 erunt,
2596 4533 2655 4582 ut
2707 4540 2856 4580 unus
2890 4519 3221 4578 ascendat?
3269 4518 3577 4586 Propterea
3624 4512 3932 4583 sequitur,

2206 4623 2367 4677 Nemo
2408 4616 2645 4675 ascendit
2696 4616 2751 4670 in
2794 4611 3011 4680 coelum,
3056 4607 3165 4664 nisi
3206 4607 3302 4679 qui
3341 4605 3406 4660 de
3443 4604 3572 4659 cwlo
3611 4602 3932 4669 descendit,

2209 4712 2389 4768 Filius
2421 4709 2661 4767 hominis
2693 4706 2787 4778 qui
2813 4708 2890 4759 est
2916 4701 2973 4757 in
2995 4700 3144 4756 creto.
3171 4696 3392 4752 Miraris
3419 4695 3556 4765 quia
3586 4700 3640 4748 et
3670 4690 3762 4745 hic
3793 4697 3944 4749 erat

2209 4810 2260 4856 et
2290 4800 2348 4854 in
2382 4799 2523 4856 casto
2554 4796 2580 4851 ?
2607 4794 2769 4850 Tales
2801 4792 2933 4847 fecit
2963 4784 3279 4859 discipulos
3310 4799 3462 4839 suos.
3497 4779 3743 4835 Paulum
3777 4781 3942 4835 audi

2211 4891 2537 4964 apostolum
2588 4886 2895 4947 dicentem,
2957 4880 3150 4935 Nostra
3212 4881 3401 4929 autem
3461 4871 3797 4927 conversatio
3868 4871 3948 4925 in

2212 4957 2359 5039 cistis
2392 4988 2465 5035 est
2485 4977 2747 5049 (Philipp.
2786 4988 2866 5041 ιιι,
2897 4969 3009 5039 20).
3044 4967 3103 5023 Si
3153 4965 3329 5020 homo
3374 4960 3585 5017 Paulus
3622 4957 3948 5028 apostolus

2215 5046 2625 5129 ambulabatin
2650 5061 2890 5120 carnein
2915 5064 3119 5122 terrra,
3142 5058 3198 5110 et
3212 5048 3734 5109 conversabaturin
3753 5046 3949 5115 coelo,

2215 5167 2368 5218 Deus
2401 5159 2527 5216 coeli
2557 5164 2609 5213 et
2638 5159 2803 5210 terrae
2835 5167 2947 5209 non
2980 5152 3205 5220 poterat
3252 5157 3380 5199 esse
3411 5144 3466 5197 et
3496 5140 3553 5194 in
3585 5136 3730 5196 ccelo
3761 5141 3823 5192 et
3857 5138 3939 5194 in

2217 5269 2369 5319 terra
2398 5260 2424 5315 ?

2288 5354 2342 5408 9.
2377 5353 2435 5408 Si
2467 5366 2602 5422 ergo
2635 5362 2826 5414 nemo,
2861 5341 2973 5401 nisi
3026 5338 3141 5408 ille,
3194 5332 3494 5391 descendit
3539 5336 3593 5387 et
3639 5329 3953 5398 ascendit,

2219 5463 2344 5517 qum
2380 5458 2511 5515 spes
2535 5417 2633 5497 est
2666 5434 2934 5493 calet-is?
2977 5435 3054 5489 Ea
3101 5444 3236 5502 spes
3267 5429 3356 5481 est
3386 5420 3626 5484 caeteris,
3660 5417 3799 5489 quia
3832 5418 3958 5475 ille

2219 5512 2524 5609 prOpterca
2544 5527 2843 5586 descendit
2867 5530 2929 5579 ut
2949 5525 3007 5577 in
3032 5522 3129 5578 illo
3150 5524 3360 5577 etcum
3395 5512 3496 5569 illo
3520 5526 3675 5567 unus
3707 5518 3921 5565 essent
3946 5558 3964 5584 ,

2290 5637 2303 5669 ¹
2340 5630 2495 5690 Erilli,
2529 5642 2706 5679 unum.
2739 5625 2883 5682 Mss,
2915 5634 3067 5669 unus.
