4146 6186
279 242 446 302 1489

277 576 408 629 uno,
442 563 515 616 Et
536 562 748 619 semini
770 571 883 629 tuo,
917 566 1055 638 quod
1084 571 1161 622 est
1193 567 1454 623 Christus.
1487 568 1556 622 Et
1582 566 1852 623 ﬁdelibus
1882 564 1957 619 ait
1984 578 1997 617 :

284 655 375 709 Vos
416 659 603 710 autem
638 654 887 719 Christi;
916 656 967 711 si
986 661 1166 712 autem
1197 658 1427 723 Christi,
1460 673 1586 728 ergo
1606 672 1787 712 semen
1827 656 1999 711 Abra-

280 743 366 800 he
395 744 527 800 estis
555 743 759 815 (Colat.
795 763 879 813 111,
914 746 1001 813 16,
1033 746 1145 819 29).
1189 747 1349 810 Quod
1379 746 1524 802 dixit
1556 761 1758 814 unum,
1786 746 1889 801 hoc
1913 745 1997 800 di-

279 833 358 888 xit
389 849 594 890 omnes
628 851 736 890 nos
762 850 905 891 esse.
932 836 1063 891 Ideo
1097 836 1155 891 in
1187 836 1434 892 Psalmis
1465 835 1779 907 aliquando
1805 838 1995 905 plures

279 927 545 988 cantant,
578 928 645 978 ut
676 924 1021 979 ostendatur
1042 924 1177 994 quia
1198 925 1268 979 de
1293 925 1558 995 pluribus
1583 924 1647 978 ﬁt
1671 939 1824 978 unus
1851 941 1864 989 ;
1889 923 1991 978 ali-

277 1011 514 1082 quando
547 1028 699 1067 unus
728 1016 944 1082 cantat,
964 1018 1028 1069 ut
1054 1013 1396 1070 ostendatur
1420 1014 1559 1085 quid
1592 1013 1692 1068 ﬁat
1720 1013 1791 1066 de
1813 1011 1989 1083 pluri-

279 1098 410 1156 bus.
447 1101 758 1173 Propterea
801 1120 952 1160 unus
986 1104 1304 1159 nauabatur
1348 1104 1404 1159 in
1436 1103 1536 1159 illa
1562 1101 1786 1173 piscina
1818 1103 1992 1171 (toan.

275 1206 328 1257 v,
364 1189 457 1260 4);
494 1194 551 1245 et
580 1191 852 1263 quisquis
883 1191 1034 1248 alius
1064 1192 1472 1261 descendebat,
1506 1208 1620 1248 non
1652 1192 1988 1247 sanabatur.

278 1278 426 1350 Ergo
450 1280 563 1335 iste
582 1296 735 1336 unus
759 1283 1425 1338 commendatunitatcm
1449 1280 1736 1337 Ecclesiae.
1759 1280 1852 1336 Vae
1876 1280 1993 1336 illis

279 1369 380 1440 qui
414 1372 668 1426 oderunt
699 1372 1009 1439 unitatem,
1042 1377 1099 1428 et
1129 1379 1325 1444 partes
1346 1372 1458 1427 sibi
1485 1372 1704 1427 faciunt
1725 1370 1782 1425 in
1802 1371 1986 1426 homi-

279 1459 495 1515 nibus!
530 1462 786 1517 Audient
806 1462 971 1517 illum
998 1461 1099 1534 qui
1131 1462 1354 1518 volebat
1383 1478 1482 1517 eos
1506 1462 1690 1517 facere
1714 1478 1893 1516 unum
1934 1462 1989 1517 in

277 1566 395 1605 uno
416 1552 485 1605 ad
524 1568 737 1606 unum:
773 1552 1016 1608 audiant
1046 1553 1210 1608 illum
1236 1552 1546 1620 dicentem,
1572 1551 1759 1608 Nolite
1789 1569 1889 1607 vos
1918 1553 1992 1607 ta-

277 1653 406 1693 cere
436 1641 657 1694 multos
683 1658 694 1695 :
724 1658 819 1710 ego
836 1642 1107 1713 plantavi,
1142 1641 1333 1713 Apollo
1355 1643 1600 1710 rigavit;
1630 1644 1725 1697 sed
1756 1647 1893 1697 Deus
1912 1644 1990 1695 in-

277 1736 619 1782 crementum
649 1728 843 1783 dedit:
877 1730 965 1785 sed
986 1746 1158 1801 neque
1186 1730 1512 1802 quiplantat
1535 1737 1613 1785 est
1643 1729 1878 1799 aliquid,
1897 1747 1991 1783 nc-

278 1832 379 1887 que
410 1819 508 1887 qui
538 1817 707 1886 rigat,
739 1818 829 1873 sed
858 1818 953 1890 qui
976 1821 1369 1875 incrementum
1391 1820 1484 1875 dat
1505 1821 1642 1875 Deus
1672 1821 1715 1889 (Ι
1750 1820 1869 1874 Cor.
1904 1835 1988 1885 111,

274 1907 327 1971 6,
356 1910 436 1977 7).
474 1907 565 1962 Illi
620 1909 885 1965 dicebant
920 1927 933 1967 :
972 1911 1077 1980 Ego
1124 1927 1243 1966 sum
1285 1913 1474 1975 Pauli,
1515 1925 1608 1981 ego
1656 1911 1865 1978 Apollo,
1897 1926 1990 1979 ego

278 1997 496 2068 Cephea.
533 1998 599 2053 Et
630 1999 724 2055 ille
756 2017 769 2055 :
803 2002 1023 2056 Divisus
1048 2005 1122 2056 est
1154 2000 1396 2055 Christus
1428 1999 1530 2072 (Ill.
1565 2018 1602 2065 1,
1634 2000 1717 2070 12,
1754 2000 1880 2066 t3)?
1926 2000 1991 2055 In

275 2104 388 2142 uno
425 2095 628 2157 estote,
657 2107 839 2145 unum
874 2096 1075 2159 estote,
1112 2108 1265 2148 unus
1295 2095 1515 2147 estote:
1550 2093 1713 2147 Nemo
1744 2092 1990 2147 ascendit

274 2181 326 2231 in
343 2178 573 2247 emtum,
593 2182 700 2235 nisi
721 2182 814 2252 qui
832 2181 900 2236 de
926 2182 1056 2237 casto
1085 2181 1378 2237 descendit.
1408 2182 1551 2237 Ecce
1567 2181 1836 2237 volumus
1859 2198 1986 2238 esse

274 2266 373 2334 lui,
401 2268 675 2325 dicebant
708 2269 902 2325 Paulo.
930 2271 996 2326 Et
1026 2269 1155 2327 ille:
1183 2270 1323 2327 Nolo
1348 2270 1477 2326 sitis
1509 2270 1693 2337 Pauli,
1727 2271 1825 2325 sed
1859 2271 1983 2341 ejus

270 2359 454 2411 estote
486 2358 654 2426 cujus
685 2362 772 2412 est
803 2359 1102 2415 vobiscum
1146 2360 1375 2415 Paulus.

340 2449 429 2502 10.
460 2447 773 2504 Descendit
804 2451 956 2506 enim
1005 2455 1062 2507 et
1093 2455 1357 2506 mortuus
1388 2454 1495 2517 est,
1539 2455 1593 2506 et
1632 2450 1759 2522 ipsa
1804 2456 1983 2506 morte

267 2536 544 2593 liberavit
574 2556 681 2595 nos
712 2558 745 2594 a
776 2544 961 2595 morte
995 2557 1007 2594 :
1041 2545 1225 2597 morte
1264 2540 1516 2608 occisus,
1556 2550 1797 2596 mortem
1829 2541 1981 2596 occi-

266 2626 365 2680 dit.
402 2626 473 2680 Et
504 2628 709 2693 nostis,
746 2628 971 2689 fratres.
998 2630 1135 2700 quia
1158 2646 1316 2685 mors
1339 2629 1450 2685 ista
1481 2645 1582 2700 per
1597 2628 1810 2684 diaboli
1832 2629 1979 2685 invi-

264 2716 422 2770 diam
446 2716 686 2772 intravit
708 2718 762 2773 in
787 2721 964 2774 mund
977 2736 1096 2774 um.
1122 2720 1255 2775 Deus
1276 2725 1504 2776 mortem
1525 2735 1632 2774 non
1647 2717 1801 2789 fecit,
1826 2720 1977 2774 Scri-

264 2808 435 2874 ptura
465 2804 730 2875 loquitur
754 2823 767 2872 ;
793 2823 888 2861 nec
918 2808 1161 2872 testatur,
1187 2806 1393 2878 inquit,
1421 2808 1477 2861 in
1500 2806 1804 2877 perditione
1826 2809 1975 2862 viva-

261 2910 421 2947 rum:
454 2896 663 2950 creavit
694 2898 843 2951 enim
874 2904 933 2950 ut
954 2902 1126 2952 essent
1154 2899 1339 2952 omnia
1358 2896 1504 2967 (Sep.
1539 2914 1575 2966 1,
1612 2897 1696 2962 13,
1734 2898 1838 2965 lli).
1863 2898 1973 2952 Sed

260 2984 399 3052 quid
414 2983 593 3039 ibiait
616 2985 871 3041 ?lnvidia
894 2994 1081 3041 autem
1102 2987 1308 3043 diaboli
1327 2988 1706 3042 morsintravi‘t
1721 2988 1777 3041 in
1792 2987 1974 3043 orbem

258 3078 542 3128 terrarum
573 3074 675 3142 (Id.
710 3092 771 3141 11,
803 3076 912 3145 24).
946 3077 1027 3130 Ad
1075 3084 1309 3132 mortem
1346 3094 1377 3131 a
1436 3075 1665 3131 diabolo
1698 3076 1977 3146 propina-

261 3167 376 3217 tam
400 3180 516 3219 non
533 3165 753 3221 veniret
771 3165 944 3220 homo
963 3166 1015 3220 vi
1041 3166 1329 3221 adductus
1350 3184 1367 3219 :
1395 3182 1507 3220 non
1533 3166 1687 3221 enim
1730 3168 1974 3237 cogendi

261 3253 582 3322 potentiam
618 3254 887 3309 diabolus
919 3254 1185 3318 habebat,
1221 3255 1317 3310 sed
1355 3254 1737 3325 persuadendi
1768 3272 1971 3311 versu-

261 3341 421 3397 tiam.
456 3342 584 3397 Non
620 3343 1001 3410 consentires,
1024 3343 1171 3398 nihil
1193 3345 1481 3399 invexerat
1510 3343 1809 3400 diabolus:
1844 3362 1974 3401 con-

260 3431 452 3487 sensio
485 3436 610 3496 tua,
645 3449 677 3487 o
707 3434 900 3501 homo,
925 3438 979 3488 te
1003 3433 1269 3503 perduxit
1293 3434 1361 3489 ad
1388 3442 1649 3489 mortem.
1676 3436 1717 3488 A
1747 3436 1973 3491 mortali

260 3520 540 3576 mortales
589 3521 734 3588 nati,
785 3539 850 3577 ex
902 3522 1329 3578 immortalibus
1376 3523 1645 3578 mortales
1693 3524 1843 3578 facti.
1888 3526 1971 3579 Ab

254 3610 435 3665 Adam
472 3626 681 3666 omnes
717 3612 980 3667 homines
1014 3611 1283 3668 mortales
1318 3627 1330 3668 :
1371 3611 1538 3667 Jesus
1570 3616 1764 3669 autem
1799 3614 1974 3668 Filius

255 3697 376 3769 Dei,
410 3700 673 3756 Verbum
721 3702 843 3767 Dei,
877 3719 976 3775 per
998 3704 1147 3773 quod
1173 3704 1323 3757 facta
1355 3704 1724 3771 suntomnia,
1763 3704 1971 3759 unicus

252 3790 489 3861 aqualis
522 3792 705 3859 Patri,
743 3794 999 3849 mortalis
1032 3794 1218 3850 factus
1249 3801 1369 3861 est;
1392 3794 1527 3864 quia
1558 3795 1811 3851 Verbum
1839 3813 1970 3851 caro

253 3879 469 3936 factum
506 3886 621 3951 est,
656 3886 712 3938 et
743 3882 1025 3938 habitavit
1056 3884 1113 3938 in
1147 3884 1314 3940 nobis
1344 3884 1523 3954 (Joan.
1571 3901 1610 3952 1,
1647 3886 1729 3951 13,
1768 3886 1875 3957 lli).

322 3971 409 4027 11.
446 3971 602 4043 Ergo
638 3975 882 4028 mortem
913 3972 1188 4045 suscepit,
1222 3977 1277 4028 et
1310 3978 1553 4029 mortem
1587 3976 1889 4044 suspendit
1912 3976 1969 4030 in

250 4076 454 4127 cruce;
488 4065 549 4116 et
570 4061 645 4116 de
674 4061 802 4133 ipsa
834 4068 1017 4117 morte
1041 4062 1362 4119 liberantur
1394 4062 1689 4121 mortales.
1724 4064 1885 4127 Quod
1910 4065 1969 4119 in

248 4140 441 4213 ﬁgura
486 4141 715 4198 factum
747 4146 835 4197 est
863 4144 1013 4214 apud
1053 4143 1345 4214 antiquos,
1380 4149 1797 4200 commemorat
1826 4145 1970 4201 illud

246 4228 541 4285 Dominus
574 4248 587 4286 :
620 4233 684 4286 Et
713 4233 877 4303 sicut,
911 4232 1123 4303 inquit,
1155 4235 1365 4302 Moyses
1386 4231 1652 4287 exultavit
1670 4242 1972 4304 serpentem

249 4320 303 4372 in
333 4334 545 4389 eremo,
577 4320 660 4376 ita
688 4319 928 4376 exaltari
949 4328 1158 4391 aportet
1188 4321 1391 4377 Filium
1413 4321 1684 4387 hominis;
1704 4329 1764 4376 ut
1792 4321 1973 4379 omnis

248 4411 340 4479 qui
357 4407 542 4463 credit
564 4409 627 4463 in
650 4425 776 4464 eum
794 4425 905 4466 non
922 4418 1123 4481 pereat,
1148 4410 1241 4466 sed
1262 4410 1461 4466 habeat
1484 4410 1656 4466 vitam
1679 4416 1967 4472 aeternam.

245 4500 529 4570 Magnum
583 4504 1040 4566 sacramentum,
1086 4506 1139 4554 et
1191 4499 1291 4570 qui
1335 4498 1620 4571 legerunt,
1664 4508 1969 4558 noverunt.

248 4585 465 4643 Deinde
502 4588 749 4642 audiant
778 4588 864 4643 vel
896 4588 997 4659 qui
1028 4605 1145 4645 non
1175 4588 1463 4661 legerunt,
1497 4589 1583 4645 vel
1607 4590 1703 4660 qui
1734 4591 1973 4647 fortele-

248 4682 406 4733 ctum
421 4678 552 4733 sive
570 4676 834 4732 auditum
849 4676 1011 4734 obliti
1032 4681 1190 4735 sunt.
1206 4680 1689 4735 Prosternebatur
1705 4682 1761 4735 in
1776 4697 1970 4738 eremo

249 4766 498 4838 populus
515 4766 700 4822 Israel
716 4766 1009 4823 morsibus
1032 4771 1390 4841 serpentum,
1406 4767 1804 4840 ﬁebatmagna
1822 4773 1971 4826 stra-

248 4873 345 4929 ges
376 4857 707 4914 multarum
744 4858 1021 4914 mortium
1048 4860 1063 4896 ¹
1099 4874 1114 4915 :
1149 4858 1318 4931 plaga
1340 4858 1498 4915 enim
1528 4858 1626 4914 Dei
1649 4863 1771 4916 erat
1790 4860 1971 4917 corri-

250 4946 490 5017 pientis,
514 4955 571 5002 et
603 4944 975 5019 ﬁagellantis,
1006 4951 1069 5003 ut
1088 4947 1362 5005 erudiret.
1385 4948 1861 5006 Demonstratum
1884 4953 1972 5006 est

251 5036 325 5092 ibi
339 5054 631 5112 magnum
649 5041 1078 5095 sacramentum
1094 5039 1176 5095 rei
1198 5041 1429 5110 future,
1454 5042 1580 5113 ipse
1600 5042 1971 5098 Dominuste-

250 5129 514 5184 staturin
540 5127 651 5183 hac
680 5128 1029 5199 lectione,ut
1043 5145 1204 5186 nemo
1227 5131 1579 5201 possitaliud
1603 5131 1971 5203 interpretari

249 5234 418 5287 quam
430 5219 590 5290 quod
608 5218 738 5289 ipsa
750 5218 961 5275 veritas
974 5219 1043 5275 de
1059 5220 1372 5278 seindicat.
1390 5222 1620 5278 Dictum
1635 5226 1719 5278 est
1731 5221 1884 5277 enim
1898 5223 1969 5278 ad

253 5307 488 5382 Moysen
512 5308 811 5365 eDomino
825 5312 891 5365 ut
912 5309 1121 5368 faceret
1141 5326 1366 5369 aeneum
1381 5314 1801 5385 serpentem,et
1820 5311 1971 5369 exal-

251 5403 397 5455 taret
426 5399 489 5455 in
509 5398 674 5471 ligno
706 5398 767 5454 in
781 5412 996 5467 eremo,
1030 5403 1087 5457 et
1116 5402 1454 5459 admoneret
1474 5402 1751 5474 populum
1775 5401 1974 5471 Israel,

255 5490 313 5543 nt
333 5488 385 5545 si
415 5488 556 5560 quis
579 5501 813 5544 morsus
840 5492 993 5545 esset
1013 5505 1046 5544 a
1065 5493 1353 5561 serpente,
1372 5490 1536 5548 illum
1560 5496 1887 5563 serpentem
1911 5491 1971 5547 in

318 5650 337 5685 ι
369 5645 430 5696 In
467 5648 620 5711 Mem,
650 5654 856 5711 strages
891 5648 1174 5700 multorum
1206 5654 1553 5703 mortuorum:

1516 248 1981 309 TRACTATUS
2028 247 2158 309 ΧΙῐ.
2206 254 2464 316 CAPUT
2510 257 2612 317 ΙΙΙ.

277 379 385 451 qui
429 396 527 450 per
561 380 731 437 illum
768 386 1067 441 escensuri
1105 393 1323 443 essent.
1358 389 1480 443 Non
1510 387 1662 453 dicit,
1691 388 1751 441 Et
1771 382 2007 440 semini—

280 471 401 540 bus,
423 470 507 525 ait
539 472 885 541 Apostolus,
915 479 1179 547 tanquam
1198 476 1256 530 in
1282 477 1474 532 multis
1501 476 1630 545 ;sed
1659 485 1919 547 tanquam
1946 475 2003 528 in

3672 259 3699 315 1
3713 254 3826 315 490

2116 384 2271 456 ligno
2304 390 2617 447 exaltatum
2651 393 2989 450 attenderet.
3025 393 3265 451 Factum
3295 394 3385 449 est
3418 409 3432 449 :
3466 391 3824 448 mordeban-

2115 480 2211 532 tur
2240 478 2527 549 homines,
2560 481 2955 553 intuebantur,
2989 487 3044 540 et
3091 484 3453 540 sanabuntur
3486 482 3668 552 (Num.
3702 498 3817 548 xxx,

2110 564 2261 637 6-9).
2305 568 2453 631 Quid
2507 574 2646 625 sunt
2699 576 2999 643 serpentes
3047 573 3382 628 mordentes
3410 570 3437 625 Ἰ
3480 570 3719 626 Peccata
3748 571 3818 625 de

2110 657 2463 715 mortalitate
2494 660 2706 716 carnis.
2741 662 2876 728 Quis
2898 667 2988 717 est
3016 678 3251 733 serpens
3283 660 3566 717 exaltatus
3589 660 3616 713 ‘I
3674 660 3820 712 Mors

2109 744 2336 802 Domini
2360 748 2418 802 in
2448 766 2636 806 cruce.
2663 753 2805 817 Quia
2822 752 2977 808 enim
3002 769 3035 808 a
3064 756 3331 823 serpente
3354 767 3532 817 mors,
3573 765 3675 821 per
3695 763 3819 803 ser-

2102 836 2294 905 pentis
2324 839 2578 910 efﬁgiem
2632 840 2882 912 ﬁgurata
2919 850 3020 897 est.
3054 843 3285 898 Morsus
3325 839 3609 912 serpentis
3637 836 3821 894 letha-

2102 923 2193 991 lis,
2230 942 2385 982 mors
2417 927 2650 983 Domini
2681 929 2891 985 vitalis.
2917 930 3249 986 Attenditur
3280 945 3535 1002 serpens,
3572 931 3637 984 ut
3665 924 3816 986 nihil

2101 1014 2290 1069 valeat
2320 1033 2580 1087 serpens.
2605 1018 2748 1081 Quid
2785 1022 2872 1075 est
2903 1019 3055 1075 hoc?
3085 1019 3421 1075 Attenditur
3443 1034 3621 1085 more,
3648 1022 3711 1072 ut
3730 1015 3816 1073 ni-

2103 1102 2183 1156 hil
2217 1103 2400 1159 valeat
2430 1122 2600 1162 mors.
2642 1108 2752 1163 Sed
2786 1108 2954 1178 cujus
2989 1110 3192 1164 mors?
3222 1113 3372 1164 Mors
3405 1109 3532 1163 vitae
3560 1123 3575 1163 :
3618 1108 3669 1162 si
3698 1105 3819 1161 dici

2103 1196 2312 1262 potest,
2346 1194 2499 1250 Mors
2531 1197 2659 1251 vitae
2693 1212 2707 1263 ;
2743 1198 2858 1253 imo
2910 1200 3047 1269 quia
3078 1197 3192 1253 dici
3224 1202 3434 1269 potest,
3466 1195 3813 1252 mirabiliter

2102 1280 2336 1339 dicitur.
2371 1284 2480 1340 Sed
2513 1288 2798 1358 numquid
2824 1305 2938 1343 non
2963 1290 3071 1343 erit
3094 1289 3404 1344 dicendum
3421 1288 3570 1357 quod
3599 1286 3711 1341 fuit
3733 1286 3814 1341 fa-

2104 1372 2368 1429 ciendum
2394 1377 2420 1429 ?
2443 1377 2556 1448 Ego
2586 1377 2847 1433 dubitem
2882 1379 3072 1434 dicere
3096 1380 3250 1449 quod
3284 1379 3563 1432 Dominus
3594 1393 3696 1449 pro
3722 1392 3814 1431 me

2103 1464 2375 1535 dignatus
2407 1471 2495 1521 est
2528 1468 2712 1522 facere
2738 1470 2765 1522 ?
2800 1469 3002 1524 Nonne
3032 1468 3148 1523 vita
3178 1467 3443 1523 Christus
3472 1468 3500 1521 ‘2
3530 1471 3586 1522 et
3616 1474 3809 1521 tamen

2102 1542 2160 1598 in
2188 1559 2357 1601 cruce
2399 1547 2683 1604 Christus.
2729 1548 2928 1605 Nonne
2968 1548 3085 1604 vita
3131 1547 3391 1603 Christus
3434 1547 3460 1602 ἵ
3510 1551 3566 1603 et
3612 1550 3810 1601 tamen

2104 1637 2369 1688 mortuus
2394 1636 2684 1693 Christus.
2707 1637 2814 1693 Sed
2849 1637 2905 1692 in
2933 1642 3119 1693 morte
3147 1636 3360 1693 Christi
3392 1651 3549 1692 mors
3582 1638 3811 1691 mortua

2100 1726 2189 1779 est
2222 1742 2235 1791 ;
2270 1724 2404 1794 quia
2426 1726 2541 1782 vita
2568 1733 2799 1783 mortua
2830 1728 3039 1784 occidit
3068 1732 3335 1797 mortem,
3360 1725 3662 1798 plenitudo
3685 1726 3813 1780 vitae

2100 1812 2404 1883 dcglutivit
2426 1824 2669 1873 mortem
2703 1834 2715 1869 :
2752 1819 3023 1889 absorpta
3044 1821 3135 1874 est
3167 1832 3319 1873 mors
3348 1816 3410 1872 in
3442 1815 3657 1872 Christi
3678 1829 3815 1871 cor-

2099 1917 2256 1970 pore.
2283 1903 2374 1958 Sic
2395 1909 2451 1960 et
2484 1922 2587 1961 nos
2606 1907 2868 1962 dicemus
2886 1908 2944 1961 in
2963 1907 3403 1973 resurrectione,
3429 1905 3663 1977 quando
3686 1905 3807 1975 jam

2099 1993 2528 2063 triumphantes
2576 1998 2966 2068 cantabimus,
3027 1998 3128 2055 Uti
3173 2004 3274 2063 est,
3318 2012 3489 2066 mors,
3536 1996 3809 2052 contentio

2097 2086 2188 2137 tua
2210 2086 2235 2136 .9
2282 2084 2378 2139 ubi
2405 2089 2502 2153 est,
2534 2103 2702 2157 mors,
2732 2089 2961 2144 aculeus
3004 2092 3129 2143 tuus
3161 2089 3179 2158 (
3214 2088 3233 2142 Ι
3267 2086 3388 2144 Cor.
3420 2104 3509 2155 xv,
3540 2086 3633 2153 54,
3663 2086 3753 2154 55)
3787 2088 3813 2139 2’

2099 2172 2333 2228 Interim
2376 2178 2561 2243 modo,
2614 2178 2840 2244 fratres,
2875 2183 2936 2233 ut
2967 2196 2999 2233 a
3031 2183 3261 2250 peccato
3302 2191 3598 2245 sanemur,
3631 2176 3805 2231 Chri—

2096 2267 2250 2319 stum
2302 2266 2645 2322 cruciﬁxum
2694 2267 3024 2323 intueamur
3056 2287 3071 2337 ;
3105 2268 3243 2339 quia
3283 2267 3423 2323 sicut
3461 2269 3683 2337 Moyses,
3718 2267 3806 2320 in-

2096 2352 2239 2424 quit,
2272 2356 2544 2411 exultavit
2564 2361 2867 2428 serpentem
2896 2356 2957 2412 in
2981 2372 3182 2426 eremo,
3217 2359 3293 2412 ita
3318 2354 3563 2413 exaltari
3597 2359 3806 2426 oportet

2092 2444 2295 2499 Filium
2326 2444 2603 2513 hominis;
2636 2456 2694 2501 ut
2723 2446 2901 2501 omnis
2935 2449 3030 2519 qui
3070 2447 3241 2503 credit
3272 2448 3330 2502 in
3359 2462 3505 2513 eum,
3536 2460 3646 2501 non
3675 2461 3802 2514 per~

2091 2538 2199 2601 eat,
2230 2534 2323 2589 sed
2352 2535 2547 2591 habeat
2580 2538 2747 2591 vitam
2777 2544 3063 2593 aeternam.
3112 2540 3234 2602 Quo
3267 2537 3439 2592 modo
3470 2536 3573 2607 qui
3604 2535 3799 2591 intue-

2091 2622 2301 2678 bantur
2330 2623 2496 2681 illum
2527 2633 2869 2697 serpentem,
2914 2643 3025 2682 non
3061 2626 3328 2698 peribant
3357 2625 3654 2681 morsibus
3682 2641 3807 2680 ser-

2091 2716 2363 2781 pentum;
2384 2714 2466 2769 sic
2490 2716 2589 2784 qui
2612 2714 2913 2771 intuentur
2927 2716 3037 2771 ﬁde
3060 2720 3305 2770 mortem
3330 2714 3563 2774 Christi.
3588 2730 3806 2769 sanan-

2089 2804 2183 2856 tur
2227 2820 2260 2857 a
2313 2805 2604 2861 morsibus
2662 2810 3051 2877 peccatorum.
3106 2806 3212 2861 Sed
3258 2804 3343 2861 illi
3386 2804 3737 2861 sanabuntur
3768 2822 3803 2858 a

2088 2900 2272 2949 morte
2284 2894 2349 2948 ad
2365 2894 2532 2948 vitam
2549 2895 2957 2966 temporalem:
2984 2895 3077 2951 hic
3094 2899 3287 2951 autem
3304 2895 3470 2958 ait,ut
3484 2894 3717 2951 habeant
3735 2895 3803 2948 vi-

2085 2991 2197 3039 tam
2215 2988 2499 3041 aeternam.
2523 2986 2640 3043 Hoc
2661 2986 2817 3042 enim
2839 2987 3080 3043 interest
3100 2988 3254 3043 inter
3269 2987 3570 3057 ﬁguratam
3594 2984 3806 3057 imagi-

2088 3091 2217 3131 ncm
2232 3080 2287 3131 et
2302 3092 2421 3132 rem
2436 3077 2621 3148 ipsam
2643 3078 2861 3148 :ﬁgura
2875 3077 3369 3147 praestabatvitam
3385 3076 3761 3148 temporalem
3790 3095 3803 3142 ;

2086 3182 2175 3221 res
2198 3166 2323 3237 ipsa
2346 3168 2514 3237 cujus
2535 3166 2634 3222 illa
2677 3168 2859 3238 ﬁgura
2882 3171 3026 3235 erat,
3048 3170 3278 3237 praestat
3300 3166 3474 3222 vitam
3498 3170 3796 3222 internum.

2159 3258 2242 3310 12.
2276 3258 2389 3311 Νοη
2422 3258 2571 3311 enim
2600 3258 2747 3312 misit
2795 3258 2935 3311 Deus
2962 3255 3170 3311 Filium
3198 3273 3359 3312 suum
3410 3259 3465 3310 in
3510 3255 3799 3320 mundum,

2087 3355 2144 3399 ut
2175 3345 2373 3413 iudicet
2406 3345 2690 3413 mundum,
2722 3345 2814 3400 sed
2844 3349 2903 3399 ut
2922 3345 3169 3400 salvetur
3195 3344 3432 3400 mundus
3460 3360 3557 3415 per
3586 3344 3788 3414 ipsum.

2086 3434 2232 3505 Ergo
2260 3440 2544 3504 quantum
2578 3435 2636 3489 in
2671 3435 2893 3490 medico
2925 3438 3033 3499 est,
3062 3449 3262 3489 sanare
3287 3432 3445 3487 venit
3485 3435 3788 3501 aagrotum.

2086 3522 2215 3594 Ipse
2246 3540 2307 3578 se
2338 3523 2643 3591 interimit,
2672 3524 2762 3592 qui
2798 3526 3082 3593 praecepta
3114 3521 3318 3577 medici
3351 3521 3653 3576 observare
3677 3536 3791 3576 non

2085 3612 2227 3665 vult.
2263 3611 2430 3666 Venit
2459 3612 2715 3666 Salvator
2737 3612 2804 3665 ad
2841 3611 3127 3666 mundum
3156 3627 3168 3663 :
3205 3625 3383 3680 quare
3411 3608 3670 3665 Salvator
3716 3609 3800 3663 di-

2085 3704 2215 3756 ctus
2246 3704 2334 3755 est
2367 3699 2593 3766 mundi,
2627 3698 2739 3753 nisi
2772 3703 2832 3754 ut
2860 3698 3043 3755 salvet
3081 3699 3386 3765 mundum,
3411 3714 3525 3754 non
3553 3702 3613 3753 ut
3635 3698 3795 3769 judi-

2084 3795 2172 3845 cet
2198 3790 2480 3844 mundum
2504 3789 2530 3843 ?
2551 3788 2768 3843 Salvari
2793 3805 2905 3843 non
2932 3789 3015 3843 vis
3038 3789 3111 3844 ab
3135 3788 3260 3857 ipso
3289 3805 3302 3856 ;
3327 3804 3396 3843 ex
3417 3792 3474 3844 te
3493 3788 3793 3856 judicabe-

2084 3880 2183 3936 ris.
2219 3881 2280 3935 Et
2314 3879 2455 3950 quid
2489 3878 2701 3947 dicam,
2728 3878 3086 3948 judicaberis
3113 3885 3141 3934 't
3196 3877 3336 3933 Vide
3366 3878 3508 3949 quid
3539 3878 3655 3935 ait:
3690 3877 3797 3945 Qui

2082 3968 2257 4024 credit
2298 3970 2355 4023 in
2400 3985 2545 4033 eum,
2588 3984 2696 4022 non
2733 3966 3052 4037 judicatur;
3087 3969 3177 4039 qui
3221 3975 3401 4023 autem
3442 3982 3551 4023 non
3580 3966 3792 4023 credit:

2082 4057 2218 4127 quid
2249 4057 2541 4113 dicturum
2578 4072 2780 4128 speras
2811 4060 2826 4091 ί
2881 4056 3016 4125 nisi,
3050 4057 3346 4128 judicatur
3376 4056 3556 4128 ?jam,
3578 4056 3794 4127 inquit,

2083 4148 2353 4213 iudicatus
2382 4152 2480 4203 est.
2518 4147 2788 4203 Nondum
2813 4147 3412 4219 apparuitjudicium,
3438 4150 3537 4203 sed
3566 4149 3692 4218 jam
3717 4148 3792 4202 fa-

2082 4238 2658 4309 ctumestjudicium.
2684 4236 2853 4292 Novit
2874 4237 3029 4292 enim
3056 4237 3339 4293 Dominus
3355 4237 3453 4307 qui
3482 4240 3616 4291 sunt
3634 4238 3789 4307 ejus:

2082 4328 2240 4384 novit
2261 4328 2359 4399 qui
2384 4330 2757 4399 permaneant
2783 4326 2856 4380 ad
2877 4341 3167 4394 coronam,
3190 4326 3288 4396 qui
3322 4329 3697 4395 permaneant
3725 4327 3798 4380 ad

2084 4418 2379 4473 ﬂammam
2415 4433 2428 4484 ;
2464 4416 2621 4472 novit
2651 4416 2711 4470 in
2737 4431 2869 4470 area
2900 4431 3002 4470 sua
3034 4414 3310 4481 triticum,
3342 4414 3501 4470 novit
3531 4413 3754 4485 paleam
3785 4436 3797 4481 ;

2083 4507 2240 4564 novit
2285 4516 2560 4577 segetem,
2594 4505 2750 4560 novit
2779 4504 3016 4560 zizania.
3063 4505 3196 4560 Jam
3229 4504 3513 4574 iudicatus
3559 4508 3645 4560 est
3693 4507 3792 4578 qui
3824 4572 3829 4575 _

2082 4614 2195 4653 non
2228 4595 2429 4651 credit.
2462 4595 2648 4657 Quare
2691 4594 2987 4665 judicatus
3028 4596 3056 4649 ?
3085 4594 3225 4661 Quia
3263 4608 3372 4650 non
3417 4592 3648 4650 credidit
3678 4594 3699 4629 2
3732 4595 3791 4652 in

2078 4689 2300 4745 nomine
2320 4685 2592 4757 unigeniti
2611 4684 2746 4740 Filii
2776 4686 2886 4741 Dei.

2156 4781 2240 4835 13.
2276 4779 2379 4835 Hoc
2406 4784 2483 4834 est
2509 4785 2688 4833 autem
2708 4776 3005 4850 judicium,
3036 4779 3171 4849 quia
3217 4778 3319 4833 tusc
3364 4777 3509 4833 venit
3540 4780 3595 4833 in
3626 4795 3795 4834 mun-

2078 4869 2229 4938 dum,
2258 4873 2307 4925 et
2327 4868 2644 4924 dilexerunt
2664 4869 2912 4924 homines
2935 4867 3111 4938 magis
3127 4868 3375 4924 tenebras
3396 4883 3560 4939 quam
3584 4867 3792 4922 lucem:

2079 4968 2241 5017 erant
2270 4959 2419 5015 enim
2457 4959 2606 5013 mala
2636 4973 2798 5030 opera
2829 4974 3039 5015 eorum.
3093 4959 3320 5013 Fratres
3370 4956 3507 5019 mei,
3549 4971 3795 5026 quorum

2080 5065 2254 5123 Opera
2282 5048 2435 5104 bona
2465 5046 2690 5103 invenit
2735 5047 3018 5103 Dominus
3048 5047 3075 5100 ’ἲ
3124 5045 3423 5102 Nullorum
3457 5060 3470 5099 :
3531 5044 3797 5100 omnium

2083 5140 2237 5197 mala
2268 5156 2437 5212 opera
2470 5138 2709 5194 invenit.
2751 5138 3043 5203 Quomodo
3092 5152 3226 5206 ergo
3259 5133 3491 5204 quidam
3534 5132 3795 5189 fecerunt

2082 5229 2407 5297 veritatem,
2439 5230 2495 5284 et
2516 5229 2796 5283 venerunt
2819 5226 2888 5281 ad
2914 5225 3101 5280 lucem
3129 5231 3155 5275 ε)
3187 5222 3252 5276 Et
3274 5222 3381 5277 hoc
3411 5220 3566 5276 enim
3598 5222 3794 5294 sequi-

2087 5325 2180 5376 tur
2205 5334 2218 5374 :
2246 5319 2351 5387 Qui
2360 5324 2543 5373 autem
2563 5317 2699 5386 facit
2720 5315 3035 5379 veritatem,
3064 5312 3210 5366 venit
3230 5310 3515 5379 adlucem,
3532 5312 3794 5368 utmani-

2081 5412 2343 5480 testentur
2373 5421 2535 5475 opera
2563 5404 2700 5474 ejus,
2732 5402 2869 5471 quia
2908 5403 2965 5455 in
2998 5402 3101 5457 Deo
3129 5404 3256 5455 sunt
3284 5402 3451 5469 facta.
3496 5399 3792 5465 Quomodo

2152 5530 2166 5561 1
2201 5525 2323 5573 Mss.
2357 5518 2655 5583 duddecim,
2685 5525 2857 5581 putas.
2893 5519 2994 5571 Alii
3026 5522 3149 5578 tres,
3182 5518 3446 5583 sperabas.

2152 5588 2170 5620 2
2202 5588 2285 5633 Sic
2317 5585 2475 5632 etiam
2509 5580 2789 5646 legebatur
2812 5584 2863 5632 in
2896 5583 3132 5646 antiquis
3157 5580 3566 5646 Corbeiensibus
3598 5580 3791 5646 Bibliis.

2084 5652 2239 5713 juxta
2259 5661 2511 5711 grlecum,
2534 5645 2883 5708 poyisteuken.
2912 5648 2975 5697 At
2998 5644 3141 5697 nunc
3163 5645 3219 5697 in
3241 5645 3460 5710 Vulgata
3480 5647 3576 5703 est,
3604 5644 3790 5695 credit.
