4164 6192
358 275 505 334 1491

358 408 595 479 quidam
621 425 767 480 opus
788 409 1010 465 bonum
1041 408 1325 477 fecerunt,
1356 410 1422 464 ut
1448 404 1711 463 venirent
1739 405 1812 462 ad
1840 403 2055 476 lucem,

351 497 406 552 id
449 502 537 552 est
564 498 632 553 ad
664 496 959 553 Christum
988 497 1014 552 (ξ’
1050 501 1106 554 et
1135 496 1421 569 quomodo
1457 494 1697 568 quidam
1731 494 2058 551 dilexerunt

351 586 669 643 tenebras?
694 586 750 642 Si
776 587 930 644 enim
964 603 1167 644 omnes
1198 591 1527 659 peccatores
1559 584 1806 655 invenit,
1838 591 1892 639 et
1931 600 2053 640 om-

352 694 453 733 nes
481 695 512 731 a
534 681 765 747 peccato
789 680 1056 745 sanat,et
1085 692 1321 749 serpens
1343 676 1437 732 ille
1466 674 1526 731 in
1557 690 1670 746 quo
1694 673 1938 743 ﬁgurata
1967 677 2056 730 est

352 782 509 821 mors
540 766 792 834 Domini,
825 781 923 823 eos
947 769 1115 822 sanat
1135 766 1238 838 qui
1259 764 1438 822 mersi
1464 764 1716 834 fuerant,
1745 765 1801 820 et
1820 766 2055 835 propter

348 872 607 913 morsum
655 856 942 930 serpentis
990 859 1214 913 erectus
1262 860 1351 913 est
1379 870 1639 927 serpens,
1689 854 1746 909 id
1777 856 1866 910 est
1896 868 2050 909 more

350 947 602 1017 Domini,
631 951 867 1020 propter
887 947 1162 1003 mortales
1184 944 1473 1014 homines,
1491 960 1639 1017 quos
1661 942 2051 1015 invanitiuju-

347 1043 501 1105 stos;
534 1038 825 1109 quomodo
848 1036 1215 1109 intelligitur,
1242 1040 1357 1092 Hoc
1371 1042 1453 1092 est
1474 1035 1772 1107 judicium,
1796 1034 1927 1108 quia
1951 1034 2052 1089 lux

346 1128 496 1182 venit
528 1128 586 1181 in
613 1126 898 1192 mundum,
920 1134 971 1183 et
998 1125 1313 1183 dilexerunt
1331 1126 1575 1182 homines
1604 1125 1781 1193 magis
1802 1123 2052 1181 tenebras

344 1230 503 1284 quam
531 1215 705 1271 lucem
733 1231 754 1273 :
781 1220 941 1272 erant
960 1216 1110 1273 enim
1139 1215 1292 1271 mala
1324 1230 1491 1286 opera
1518 1230 1705 1271 eorum
1737 1216 1764 1269 ?
1785 1212 1931 1280 Quid
1964 1217 2053 1270 est

345 1304 453 1360 hoc
480 1304 507 1359 ?
537 1321 789 1376 quorum
820 1306 978 1363 enim
1007 1309 1175 1363 erant
1194 1306 1344 1363 bona
1365 1321 1539 1377 opera
1562 1304 1590 1360 ‘l
1620 1303 1821 1360 Nonne
1841 1303 2051 1361 venisti

344 1398 404 1446 ut
427 1391 711 1462 justiﬁces
742 1392 957 1464 impios
986 1393 1014 1449 ‘l
1044 1394 1153 1450 Sed
1176 1392 1517 1461 dilexerunt,
1551 1392 1762 1463 inquit,
1806 1392 2052 1448 tenebras

344 1480 523 1552 magis
554 1499 715 1554 quam
740 1483 933 1539 lucem.
959 1483 1040 1540 Ibi
1066 1482 1259 1555 posuit
1279 1483 1395 1539 vim
1422 1497 1437 1538 :
1461 1481 1632 1538 multi
1654 1481 1808 1538 enim
1834 1481 2050 1539 dilexe-

345 1576 483 1627 runt
498 1576 729 1643 peccata
742 1589 871 1644 sua,
894 1574 1067 1631 multi
1091 1573 1342 1630 confessi
1360 1580 1493 1629 sunt
1509 1574 1742 1645 peccata
1763 1588 1867 1628 sua
1883 1587 1896 1627 :
1913 1573 2051 1644 quia

343 1662 441 1733 qui
463 1662 774 1719 confitetur
795 1667 1167 1736 peecatasua,
1186 1667 1240 1720 et
1258 1667 1513 1731 accusat,
1537 1666 1907 1734 peceataeua,
1922 1663 2049 1734 jam

343 1765 478 1806 cum
510 1750 625 1808 Deo
647 1751 804 1808 facit.
838 1755 1085 1810 Accusat
1113 1752 1264 1809 Deus
1282 1755 1511 1824 peccata
1542 1754 1642 1807 tua
1676 1766 1690 1807 :
1724 1750 1771 1807 si
1793 1756 1851 1808 et
1871 1755 1934 1807 tu
1955 1768 2050 1807 ac-

342 1856 535 1909 cusas,
560 1842 933 1916 conjungeris
963 1844 1097 1900 Deo.
1123 1843 1299 1910 Quasi
1330 1844 1456 1897 duas
1488 1857 1580 1897 res
1610 1845 1764 1911 sunt,
1797 1840 1972 1899 homo
1994 1844 2051 1896 et

342 1935 628 2001 peccator.
670 1932 828 1996 Quod
861 1934 1028 1990 audis
1060 1932 1258 2003 homo,
1304 1931 1458 1989 Deus
1491 1930 1661 1987 fecit:
1696 1931 1849 2003 quod
1879 1930 2048 1985 audis

341 2026 631 2093 peccator,
661 2024 788 2095 ipse
817 2024 988 2081 homo
1020 2024 1173 2081 fecit.
1206 2023 1343 2080 Dele
1369 2022 1520 2094 quod
1556 2021 1760 2087 fecisti,
1792 2024 1855 2077 ut
1893 2021 2048 2077 Deus

340 2114 524 2170 salvat
554 2115 706 2186 quod
742 2115 896 2172 fecit.
928 2118 1169 2186 Oportet
1200 2118 1263 2171 ut
1293 2114 1484 2170 oderis
1511 2111 1570 2167 in
1599 2116 1655 2167 te
1684 2129 1833 2184 opus
1858 2117 2047 2180 tuum,

340 2208 397 2259 et
426 2220 586 2261 ames
617 2206 675 2261 in
706 2211 759 2262 te
788 2223 935 2277 opus
966 2206 1087 2263 Dei.
1121 2205 1267 2261 Cum
1301 2209 1497 2261 autem
1528 2202 1765 2273 ccaperit
1792 2203 1897 2259 tibi
1929 2204 2047 2259 dis-

340 2293 552 2363 plicere
581 2296 735 2365 quod
771 2294 979 2361 fecisti,
1021 2295 1157 2352 inde
1205 2293 1496 2365 incipiunt.
1525 2293 1679 2350 bona
1717 2308 1891 2365 opera
1924 2297 2047 2367 tua,

338 2383 479 2453 quia
504 2399 747 2440 accusas
786 2384 943 2440 mala
974 2400 1145 2457 opera
1174 2388 1293 2441 tua.
1331 2382 1569 2440 Initium
1600 2399 1839 2456 operum
1868 2383 2048 2441 bono-

339 2488 489 2540 rum,
514 2473 799 2530 confessio
822 2478 908 2530 est
928 2488 1170 2546 operum
1202 2472 1512 2530 malorum.
1538 2472 1700 2529 Facis
1721 2473 2045 2544 veritatem,

338 2568 394 2619 et
424 2562 586 2619 venis
617 2564 686 2619 ad
718 2562 932 2620 lucem.
957 2563 1103 2630 Quid
1136 2567 1244 2631 est,
1270 2562 1432 2619 Facis
1462 2561 1765 2621 veritatem
1794 2564 1822 2620 ?
1844 2564 1968 2621 Non
1995 2568 2047 2621 te

335 2652 560 2725 palpas,
589 2669 699 2708 non
724 2652 830 2708 tibi
852 2652 1155 2721 blandiris,
1182 2669 1294 2709 non
1330 2657 1384 2710 te
1419 2652 1627 2709 adulas
1649 2652 1667 2685 ί
1695 2670 1710 2723 ;
1742 2668 1857 2710 non
1876 2653 2042 2721 dicis,

335 2742 542 2799 Justus
572 2758 727 2810 sum,
761 2758 892 2799 cum
916 2743 999 2799 sis
1030 2743 1286 2815 iniquus,
1312 2746 1370 2798 et
1402 2741 1612 2815 incipis
1636 2742 1820 2799 facere
1839 2744 2043 2801 verita-

334 2836 475 2888 tem.
507 2830 686 2887 Vanis
716 2836 905 2889 autem
937 2832 1010 2889 ad
1056 2831 1247 2889 lucem
1291 2839 1348 2888 ut
1396 2830 1843 2888 manifestentur
1870 2848 2045 2905 opera

332 2926 456 2989 tua,
490 2921 707 2993 quiain
740 2925 850 2978 Deo
881 2925 1022 2978 sunt
1052 2922 1197 2978 facta
1220 2939 1233 2990 ;
1260 2921 1399 2993 quia
1418 2924 1476 2978 et
1515 2920 1621 2977 hoc
1660 2921 1855 2994 ipsum
1887 2923 2043 2995 quod

333 3010 440 3067 tibi
470 3009 769 3081 displicuit
818 3018 1120 3083 peccatum
1178 3015 1367 3078 tuum,
1398 3025 1515 3066 non
1544 3008 1650 3065 tibi
1691 3009 2044 3083 displiceret,

334 3098 450 3155 nisi
481 3104 634 3155 Deus
658 3099 762 3155 tibi
793 3100 1031 3168 luceret,
1065 3106 1119 3156 et.
1147 3100 1275 3172 ejus
1306 3100 1519 3155 veritas
1552 3099 1656 3156 tibi
1688 3100 2041 3157 ostenderet.

328 3187 440 3242 Sed
474 3187 575 3259 qui
604 3191 661 3243 et
693 3187 1026 3244 admonitus
1048 3188 1238 3260 diligit
1268 3194 1500 3259 peccata
1531 3204 1658 3256 sua,
1690 3187 1811 3245 odit
1839 3188 2045 3244 admo-

332 3280 568 3333 nentem
598 3276 787 3333 lucem
819 3282 877 3333 et
908 3278 1056 3350 fugit
1102 3293 1251 3343 eam,
1286 3281 1347 3333 ut
1375 3293 1488 3333 non
1521 3280 1845 3349 arguantur
1869 3294 2044 3351 opera

329 3367 459 3435 ejus
482 3365 632 3421 mala
656 3382 779 3437 quae
801 3365 1134 3439 diligit.Qui
1157 3370 1348 3422 autem
1372 3366 1510 3422 facit
1528 3366 1849 3435 veritatem,
1873 3383 2044 3424 accu-

330 3459 422 3510 sat
443 3455 503 3509 in
536 3470 596 3509 se
626 3454 776 3509 mala
806 3471 910 3511 sua
936 3472 949 3522 ;
987 3471 1098 3511 non
1123 3456 1235 3512 sibi
1266 3455 1472 3527 parcit,
1499 3472 1613 3511 non
1637 3455 1753 3512 sibi
1775 3456 2042 3529 ignoscit,

330 3549 394 3600 ut
425 3544 579 3600 Deus
608 3542 877 3616 ignoscat
907 3563 920 3603 :
957 3545 1092 3617 quia
1122 3546 1274 3617 quod
1304 3545 1428 3601 vult
1462 3550 1526 3602 ut
1568 3551 1715 3603 Deus
1762 3548 2044 3621 ignoscat,

329 3636 453 3705 ipse
474 3635 757 3702 agnoscit,
782 3639 837 3690 et
859 3635 1014 3691 venit
1036 3636 1103 3691 ad
1129 3634 1348 3705 lucem;
1374 3634 1466 3691 cui
1489 3637 1707 3708 gratias
1730 3638 1866 3709 agit,
1891 3639 2041 3710 quod

328 3721 412 3777 illi
446 3724 581 3792 quid
614 3726 672 3780 in
694 3741 756 3780 se
778 3725 996 3781 odisset
1018 3725 1358 3782 ostenderit.
1397 3724 1543 3782 Dicit
1566 3730 1700 3797 Deo,
1730 3727 1920 3785 Averte
1954 3732 2046 3798 la-

328 3814 470 3865 ciem
498 3816 650 3867 tuam
678 3830 711 3867 a
737 3816 970 3884 peccatis
1017 3816 1196 3871 meis:
1247 3819 1303 3872 et
1353 3832 1468 3887 qua
1507 3816 1691 3874 fronte
1738 3818 1899 3885 dicit,
1932 3819 2043 3876 nisi

329 3903 544 3955 iterum
576 3899 751 3969 dicat,
784 3904 1047 3970 Quoniam
1084 3905 1305 3973 facinus
1336 3921 1516 3961 meum
1555 3923 1650 3979 ego
1686 3923 1961 3981 cognosco,
1992 3913 2047 3965 et

325 3992 607 4057 peccatum
637 4004 817 4045 meum
845 4006 1031 4047 coram
1064 4008 1148 4048 me
1174 3998 1250 4049 est
1282 4010 1499 4065 semper
1527 3998 1701 4065 (Psat.
1737 4015 1788 4065 L,
1824 4000 1911 4067 11,
1942 3998 2047 4072 5)?

332 4080 391 4135 Si
424 4083 558 4134 ante
588 4083 643 4137 te
680 4081 832 4151 quod
886 4096 999 4137 non
1029 4081 1117 4138 vis
1148 4098 1275 4141 esse
1319 4088 1452 4139 ante
1491 4084 1699 4143 Deum.
1749 4088 1809 4143 Si
1848 4093 2043 4145 autem

337 4171 466 4239 post
504 4171 561 4223 te
610 4168 814 4225 feceris
864 4173 1165 4240 peceatum
1215 4175 1408 4239 tuum,
1444 4176 1737 4245 retorquet
1766 4174 1907 4231 illud
1940 4176 2044 4233 tibi

332 4258 485 4314 Deus
517 4261 648 4315 ante
696 4258 896 4316 oculos
942 4262 1072 4317 tuos
1105 4281 1119 4327 ;
1152 4264 1210 4317 et
1256 4264 1396 4318 tunc
1444 4265 1762 4335 retorquet,
1811 4267 2045 4336 quando

324 4352 446 4421 jam
481 4350 831 4421 poenitentia
864 4349 1088 4408 fructus
1118 4350 1315 4409 nullus
1344 4352 1471 4409 erit.

403 4442 489 4497 14.
523 4441 766 4510 Currite,
798 4458 869 4499 ne
899 4442 1151 4500 tenebras
1196 4460 1300 4502 vos
1335 4444 1833 4517 comprehendant
1854 4449 2043 4515 (Joan.

330 4548 430 4597 xu,
464 4531 572 4601 35),
607 4531 810 4588 fratres
842 4531 954 4588 mei
984 4547 1001 4589 :
1049 4532 1318 4607 evigilata
1347 4535 1417 4591 ad
1466 4532 1718 4594 salutem
1768 4542 2042 4604 vestram,

331 4618 600 4689 evigilata
625 4621 761 4676 dum
793 4625 1020 4694 tempus
1041 4628 1130 4680 est
1153 4644 1167 4693 ;
1202 4625 1403 4683 nullus
1434 4627 1760 4685 retardetur
1778 4644 1811 4683 a
1831 4628 2048 4702 templo

332 4706 456 4774 Dei,
488 4707 686 4764 nullus
722 4710 1043 4768 retardetur
1088 4715 1160 4769 ab
1191 4731 1364 4787 opere
1393 4717 1645 4785 Domini,
1689 4717 1887 4775 nullus
1913 4736 2047 4777 avo-

331 4801 495 4853 cetur
523 4796 594 4852 ab
620 4797 881 4855 oratione
901 4802 1198 4871 continua,
1233 4805 1432 4862 nullus
1462 4823 1493 4860 a
1515 4806 1704 4874 solita,
1744 4808 2048 4867 devotione

332 4889 653 4946 fraudetur.
712 4888 990 4961 Evigilate
1042 4908 1179 4965 ergo
1223 4910 1357 4951 cum
1387 4896 1514 4952 dies
1546 4900 1634 4953 est
1666 4914 1679 4953 :
1719 4897 1868 4955 lucet
1900 4900 2045 4970 dies,

330 4980 597 5038 Christus
628 4982 715 5037 est
735 4977 877 5037 dies.
899 4980 1141 5039 Paratus
1161 4987 1251 5041 est
1272 4984 1586 5056 ignoscere,
1612 4988 1706 5045 sed
1731 5004 2047 5061 agnoscan-

330 5071 486 5128 tihus
514 5089 527 5141 ;
579 5070 785 5143 punire
815 5077 1010 5129 autem
1042 5072 1417 5131 defendentes
1446 5091 1532 5144 se,
1577 5082 1633 5133 et
1653 5078 1842 5148 justos
1872 5097 1931 5137 se
1951 5082 2047 5153 ja-

333 5167 575 5231 ctantes,
599 5168 656 5221 et
676 5168 947 5236 putantes
969 5181 1031 5222 se
1061 5181 1189 5223 esse
1210 5165 1459 5239 aliquid,
1482 5183 1614 5226 cum
1647 5169 1792 5227 nihil
1823 5171 1955 5228 sint.
1983 5175 2043 5230 In

333 5252 639 5311 dilectione
669 5263 863 5314 autem
894 5256 1021 5328 ejus
1053 5257 1189 5314 etin
1222 5256 1623 5316 misericordia
1648 5260 1776 5332 ejus
1797 5262 1895 5333 qui
1926 5279 2048 5319 am-

335 5338 519 5406 bulat,
552 5341 723 5399 etiam
746 5345 1029 5403 liberatus
1050 5346 1122 5404 ab
1145 5345 1265 5405 illis
1288 5344 1606 5407 lethalibus
1636 5351 1693 5405 et
1722 5349 2045 5422 grandibus

337 5426 608 5497 peccatis,
635 5431 831 5499 qualia
851 5439 990 5492 sunt
1011 5436 1286 5506 facinora,
1321 5436 1655 5508 homicidia,
1680 5438 1856 5507 furta,
1880 5439 2046 5498 adul-

337 5514 484 5570 teria
516 5534 528 5584 ;
564 5519 796 5587 propter
826 5519 924 5577 illa
955 5539 1080 5594 quas
1112 5527 1339 5584 minuta
1369 5527 1637 5587 videntur
1663 5544 1789 5589 esse
1810 5533 2045 5602 peccata

406 5634 417 5666 ι
452 5631 535 5682 Sic
565 5633 686 5683 Mss.
722 5632 785 5683 At
825 5634 973 5699 editi,
1002 5640 1097 5688 tibi
1128 5642 1387 5696 attuleris.

1316 273 1395 330 IN
1442 266 1765 330 JOANNIS
1808 268 2337 343 EVANGELIUM,
2384 272 2447 331 S.
2494 269 2921 333 AUGUSTINI

3722 278 3879 338 M92

2169 405 2402 477 lingua,
2435 408 2535 461 aut
2563 404 3006 478 cogitationum,
3039 410 3140 464 aut
3170 406 3675 468 immoderationis
3707 411 3765 469 in
3786 430 3873 469 re-

2168 494 2278 551 bus
2300 494 2615 566 concessis,
2639 495 2778 551 facit
2799 496 3093 554 veritatem
3115 498 3520 570 confessionis,
3543 504 3600 557 et
3625 504 3781 560 venit
3802 504 3877 560 ad

2167 585 2353 644 lucem
2386 587 2446 643 in
2466 587 2737 660 operibus
2758 587 2963 644 bonis:
2991 590 3271 661 quoniam
3298 589 3520 648 minuta
3545 592 3716 664 plura
3735 611 3865 667 pec-

2166 680 2295 732 cata
2323 676 2373 732 si
2396 676 2787 750 negligantur,
2809 678 3101 737 occidunt.
3126 680 3362 737 Minutas
3390 690 3523 738 sunt
3542 687 3723 756 guttae
3744 702 3873 758 qua

2166 768 2409 823 ﬂumina
2456 769 2740 840 implent:
2784 769 3010 826 minuta
3040 776 3178 827 sunt
3205 788 3386 845 grana
3416 791 3606 832 arenae
3638 795 3653 839 ς
3685 779 3788 833 sed
3821 780 3873 833 si

2162 856 2347 913 multa
2377 874 2554 915 arena
2596 859 2952 931 imponatur,
2987 862 3197 932 premit
3228 867 3402 935 atque
3431 864 3726 935 Opprimit.
3751 866 3873 924 Hoc

2160 947 2296 1003 facit
2316 948 2548 1004 sentina
2569 948 2849 1020 neglecta,
2878 950 3030 1022 quod
3055 951 3189 1008 facit
3211 951 3423 1009 fluctus
3442 954 3705 1011 irruens:
3733 973 3872 1028 pau-

2158 1034 2322 1094 latim
2354 1054 2454 1110 per
2484 1038 2772 1096 sentinam
2805 1039 2987 1097 intrat
3018 1060 3033 1110 ;
3067 1041 3167 1097 sed
3214 1040 3314 1098 diu
3357 1043 3632 1100 intrando
3665 1052 3722 1101 et
3754 1064 3870 1103 non

2159 1127 2568 1195 exhauriendo,
2600 1129 2807 1200 mergit
2854 1129 3069 1187 navim.
3104 1130 3251 1194 Quid
3302 1137 3389 1188 est
3419 1138 3617 1191 autem
3646 1136 3869 1191 exhau-

2162 1216 2296 1287 rire,
2329 1216 2441 1273 nisi
2469 1217 2637 1274 bonis
2685 1219 2958 1290 operibus
3006 1235 3176 1292 agere
3220 1236 3290 1277 ne
3320 1222 3575 1279 obruant
3614 1234 3868 1295 peccata,

2161 1307 2468 1379 gemendo,
2484 1307 2827 1378 jejunando,
2850 1307 3186 1378 tribuendo,
3203 1309 3557 1383 ignoscendo
3574 1312 3602 1368 ‘2
3629 1313 3744 1369 Iter
3764 1332 3870 1371 au-

2159 1401 2277 1453 tem
2309 1396 2487 1468 hujus
2518 1397 2716 1454 saeculi
2748 1397 3055 1455 molestum
3078 1402 3182 1465 est,
3216 1399 3452 1471 plenum
3483 1407 3574 1458 est
3592 1405 3869 1460 tentatio—

2161 1486 2338 1544 nibus
2368 1512 2382 1557 ;
2413 1487 2473 1544 in
2497 1488 2667 1545 rebus
2699 1489 2986 1560 prosperis
3010 1505 3081 1546 ne
3103 1490 3358 1558 extollat,
3384 1492 3441 1547 in
3476 1494 3650 1550 rebus
3672 1496 3867 1552 adver-

2160 1577 2239 1634 sis
2273 1593 2343 1634 ne
2374 1577 2620 1648 frangat.
2653 1577 2762 1642 Qui
2785 1576 2888 1632 tibi
2908 1577 3069 1634 dedit
3093 1577 3427 1636 felicitatem
3451 1581 3626 1651 hujus
3645 1584 3865 1653 seaculi,

2160 1669 2231 1724 ad
2265 1667 2723 1724 consolationem
2754 1671 2915 1724 tuam
2947 1669 3119 1737 dedit,
3152 1686 3265 1726 non
3296 1670 3369 1727 ad
3402 1673 3864 1743 corruptionem.

2159 1758 2385 1815 Rursus
2415 1757 2515 1828 qui
2548 1762 2603 1813 te
2634 1756 2881 1829 ﬂagellat
2913 1757 2971 1814 in
2999 1757 3112 1815 isto
3144 1758 3376 1827 emculo,
3408 1761 3480 1816 ad
3514 1763 3867 1820 emendatio-

2160 1863 2315 1916 nem,
2350 1864 2465 1903 non
2497 1847 2569 1903 ad
2618 1847 3052 1903 damnationem
3097 1848 3248 1904 facit.
3283 1850 3450 1906 Ferto
3482 1860 3703 1923 patrem
3735 1868 3863 1909 eru-

2158 1939 2440 2006 dientem,
2472 1953 2544 1994 ne
2565 1936 3055 2009 sentiasjudicem
3078 1938 3436 2010 punientem.
3462 1942 3588 1996 tltec
3611 1943 3868 2014 quotidie

2158 2027 2408 2085 dicimus
2434 2028 2619 2098 vobis,
2652 2030 2708 2083 et
2727 2043 2876 2099 saepe
2902 2026 3144 2084 dicenda
3165 2032 3324 2098 sunt,
3348 2029 3485 2101 quia
3508 2031 3658 2088 bona
3689 2035 3746 2088 et
3766 2050 3860 2090 sa-

2160 2116 2368 2175 lutaria
2398 2120 2558 2174 sunt.

2708 2189 3124 2246 TRACTATUS
3162 2191 3315 2247 Xlll.

2158 2278 2232 2334 Ab
2262 2292 2322 2333 eo
2346 2276 2643 2349 Evangelii
2664 2276 2946 2345 loco,Post
2969 2276 3089 2332 haec
3120 2278 3276 2335 venit
3310 2278 3478 2335 Jesus
3499 2285 3549 2335 et
3582 2280 3859 2353 discipuli

2227 2367 2352 2438 ejus
2383 2367 2441 2422 in
2472 2367 2732 2422 Judaeum
2768 2371 3004 2435 terram,
3036 2373 3165 2436 etc.,
3209 2385 3384 2440 usque
3410 2368 3479 2424 ad
3518 2368 3594 2434 id,
3628 2369 3863 2426 Amicus

2226 2461 2419 2514 autem
2454 2456 2674 2529 sponsi,
2709 2456 2810 2528 qui
2832 2460 2946 2512 stat
2967 2460 3023 2512 et
3055 2458 3218 2513 audit
3238 2475 3396 2526 eum,
3419 2459 3625 2531 gaudio
3650 2460 3864 2531 gaudet

2229 2550 2461 2619 prepter
2491 2561 2683 2602 vocem
2720 2547 2938 2618 sponsi.
2973 2546 3102 2619 Cap.
3143 2564 3226 2609 in,
3260 2555 3309 2614 ᾖ.
3339 2548 3523 2605 22-29.

2230 2655 2279 2709 1.
2311 2652 2462 2710 Ordo
2511 2651 2776 2709 lectionis
2807 2653 3148 2726 evangelica:
3198 2655 3520 2711 secundum
3552 2658 3861 2727 Joannem,

2153 2744 2302 2800 sicut
2333 2742 2573 2814 potestis
2597 2741 2957 2810 meminisse,
2992 2740 3091 2814 qui
3115 2758 3313 2798 curam
3344 2743 3546 2815 geritis
3570 2746 3864 2817 profectus

2152 2831 2352 2901 vestri,
2383 2831 2465 2888 ita
2495 2830 2784 2903 sequitur,
2818 2838 2877 2886 ut
2927 2832 3048 2887 haec
3079 2848 3205 2903 quia
3234 2833 3407 2889 modo
3438 2832 3587 2891 lecta
3616 2838 3728 2903 est,
3758 2834 3862 2891 bo-

2153 2923 2247 2979 die
2279 2921 2445 2978 nobis
2468 2922 2766 2977 tractanda
2788 2926 3166 2994 proponatur.
3190 2922 3271 2978 Ab
3304 2921 3433 2995 ipso
3456 2922 3743 2997 principio
3766 2942 3865 2981 us-

2153 3028 2266 3087 que
2297 3011 2371 3069 ad
2403 3011 2741 3068 hodiernam
2770 3010 3095 3078 lectionem,
3130 3028 3260 3084 qua
3280 3029 3458 3085 supra
3505 3013 3660 3071 dicta
3702 3018 3864 3083 sunt,

2155 3100 2508 3157 meministis
2534 3101 2654 3171 jam
2686 3116 2815 3157 esse
2844 3103 3107 3156 tractata.
3149 3102 3219 3156 Et
3256 3101 3305 3157 si
3342 3102 3483 3157 forte
3512 3101 3649 3158 inde
3683 3101 3869 3159 multa

2153 3191 2296 3247 estis
2317 3189 2502 3257 obliti,
2525 3195 2678 3246 certe
2701 3189 2789 3247 vel
2812 3189 3070 3246 officium
3096 3194 3359 3246 nostrum
3386 3198 3579 3247 manet
3597 3191 3654 3246 in
3676 3197 3868 3248 vestra

2156 3280 2454 3337 memoria.
2470 3282 2607 3347 Quae
2629 3278 3074 3335 hincaudieritis
3089 3279 3159 3335 de
3178 3279 3466 3352 baptismo
3487 3280 3749 3350 Joannis,
3775 3286 3868 3336 et-

2155 3373 2202 3428 si
2236 3388 2351 3428 non
2382 3371 2595 3428 tenetis
2625 3370 2840 3436 omnia,
2864 3370 3098 3426 audisse
3137 3386 3235 3427 vos
3274 3375 3471 3427 tamen
3503 3372 3673 3427 credo
3706 3372 3866 3443 quod

2154 3461 2400 3519 teneatis
2423 3477 2437 3519 :
2464 3477 2588 3533 quae
2612 3460 2766 3516 dicta
2788 3468 2919 3515 sunt
2941 3459 3139 3528 etiam,
3162 3475 3340 3532 quare
3361 3460 3611 3532 Spiritus
3625 3465 3865 3518 sanctus

2155 3553 2215 3609 in
2246 3550 2525 3608 columbae
2546 3550 2736 3621 specie
2758 3550 3131 3621 apparuerit;
3162 3554 3220 3606 et
3242 3550 3532 3622 quomodo
3554 3550 3655 3607 illa
3681 3551 3867 3607 nodo-

2154 3643 2393 3700 sissima
2422 3641 2665 3714 quaestio
2687 3639 2879 3698 soluta
2899 3645 2997 3712 Sit,
3020 3641 3159 3714 quia
3180 3642 3373 3698 nescio
3397 3642 3535 3713 quid
3567 3642 3721 3714 quod
3746 3658 3865 3698 non

2157 3736 2414 3799 noverat,
2447 3731 2656 3788 didicit
2683 3732 2939 3788 Joannes
2988 3730 3047 3788 in
3078 3730 3328 3788 Domino
3374 3747 3473 3803 per
3501 3730 3863 3800 columbam,

2155 3825 2427 3896 cumjam
2450 3839 2581 3880 eum
2605 3826 2821 3888 nosset,
2846 3823 3080 3894 quando
3100 3822 3351 3879 venienti
3367 3826 3431 3878 ut
3455 3823 3865 3894 baptizaretur,

2155 3917 2255 3982 ait,
2291 3917 2397 3986 Ego
2417 3932 2449 3970 a
2469 3917 2522 3971 te
2550 3913 2712 3970 debeo
2734 3913 3029 3985 baptizari,
3051 3917 3105 3969 et
3127 3921 3185 3969 tu
3208 3912 3357 3969 venis
3378 3912 3452 3969 ad
3475 3929 3556 3969 me
3578 3916 3603 3967 ?
3621 3912 3867 3976 Quando

2153 4007 2205 4065 ei
2238 4007 2521 4063 Dominus
2554 4005 2871 4078 respondit,
2905 4004 3032 4061 Sine
3062 4004 3235 4074 modo,
3268 4013 3329 4061 ut
3360 4005 3660 4077 impleatur
3688 4003 3871 4060 omnis

2148 4095 2603 4170 justitia(lla(th.
2639 4113 2722 4164 Ill,
2759 4096 2822 4151 14
2859 4100 2910 4151 et
2944 4095 3052 4164 15).

2223 4190 2277 4241 2.
2313 4186 2478 4243 Nunc
2509 4203 2641 4258 ergo
2671 4187 2742 4241 ad
2775 4186 3046 4243 eumdem
3076 4186 3363 4241 Joannem
3397 4185 3552 4258 cogit
3584 4202 3690 4241 nos
3725 4187 3871 4241 ordo

2154 4276 2421 4334 lectionis
2454 4277 2678 4333 reverti.
2714 4277 2843 4348 Ipse
2872 4284 2958 4333 est
2989 4276 3085 4332 ille
3110 4276 3210 4349 qui
3232 4275 3617 4348 prophetatus
3656 4280 3749 4331 est
3771 4290 3875 4345 per

2158 4366 2382 4433 Isaiam,
2422 4368 2530 4425 Vox
2555 4367 2843 4423 clamantis
2877 4369 2934 4423 in
2964 4382 3165 4435 eremo,
3198 4368 3400 4422 Parate
3430 4368 3577 4422 viam
3621 4367 3873 4436 Domino,

2156 4465 2330 4514 rectas
2366 4459 2529 4528 facile
2574 4456 2796 4513 semitas
2857 4457 2973 4529 ejus
3034 4458 3167 4527 (lsa.
3218 4473 3307 4524 xc,
3378 4456 3458 4528 3).
3506 4454 3646 4512 Tale
3706 4456 3873 4511 testi-

2157 4548 2415 4605 monium
2448 4547 2699 4604 reddidit
2737 4546 2983 4603 Domino
3014 4563 3143 4616 suo,
3175 4551 3232 4603 et
3273 4545 3433 4618 (quia
3464 4544 3564 4602 ille
3593 4545 3874 4615 dignatus

2156 4643 2264 4713 est)
2292 4638 2478 4697 amico
2510 4655 2616 4694 suo
2640 4655 2653 4694 :
2688 4638 3089 4711 Dominueque
3118 4639 3305 4711 ipsius
3335 4641 3392 4693 et
3421 4637 3650 4693 amicus
3679 4636 3877 4709 ipsius

2158 4730 2448 4806 perhibuit
2478 4734 2536 4785 et
2569 4730 2691 4800 ipse
2721 4717 3127 4806 testimonium
3151 4725 3385 4785 Joanni.
3424 4725 3574 4783 Dixit
3608 4726 3763 4783 enim
3797 4729 3875 4785 de

2154 4823 2396 4889 Joanne,
2421 4821 2481 4876 In
2496 4819 2650 4875 natis
2673 4818 2978 4875 mulierum
2997 4811 3114 4895 non'
3128 4818 3444 4874 exsurrexit
3464 4817 3645 4889 major
3664 4819 3877 4875 Joanne

2157 4916 2417 4985 Baptista.
2451 4912 2563 4968 Sed
2595 4910 2733 4982 quia
2762 4909 2843 4965 illi
2876 4908 3288 4982 seprseposuit,
3321 4909 3380 4964 in
3415 4908 3522 4965 hoc
3552 4910 3707 4980 quod
3733 4910 3877 4980 plus

2156 5006 2281 5062 erat
2306 5004 2553 5068 Joanne,
2587 5001 2741 5057 Deus
2770 5004 2915 5057 erat.
2966 5001 3073 5069 Qui
3101 5003 3284 5056 autem
3314 5000 3498 5055 minor
3526 5008 3624 5067 est,
3655 4999 3874 5071 inquit,

2158 5097 2217 5152 in
2232 5094 2688 5165 regnocaelorum,
2710 5091 2888 5159 major
2900 5099 2975 5147 est
2996 5089 3315 5162 illo(latth.
3334 5106 3415 5156 ιι,
3433 5090 3541 5161 11).
3559 5089 3747 5145 Minor
3770 5106 3877 5146 na-

2157 5184 2399 5252 tivitate,
2434 5183 2618 5253 major
2649 5184 2944 5254 potestate,
2978 5180 3159 5251 major
3180 5179 3509 5245 divinitate,
3544 5178 3877 5249 majestate,

2158 5273 2477 5332 charitate:
2511 5277 2789 5344 tanquam
2820 5273 2879 5325 in
2899 5271 3179 5343 principio
3208 5272 3325 5327 erat
3356 5267 3614 5335 Verbum,
3650 5274 3704 5324 et
3741 5268 3881 5327 Ver-

2158 5366 2286 5421 bum
2314 5367 2433 5421 erat
2460 5362 2608 5435 apud
2645 5362 2835 5427 Deum,
2868 5368 2919 5426 et
2955 5362 3091 5417 Deus
3120 5367 3238 5416 erat
3274 5357 3524 5416 Verbum.
3546 5354 3643 5412 Sic
3674 5359 3878 5414 autem

2158 5454 2532 5529 perhibuerat
2548 5453 2607 5508 in
2629 5449 3031 5524 superioribus
3044 5449 3396 5508 lectionibus
3409 5447 3667 5505 Joannes
3683 5444 3882 5504 Domi-

2157 5563 2230 5603 no
2253 5544 2675 5611 testimonium,
2709 5541 2999 5599 utFilium
3018 5540 3119 5598 Dei
3151 5540 3385 5613 quidem
3423 5538 3659 5605 diceret,
3688 5538 3875 5595 Deum

2154 5652 2268 5695 non
2292 5635 2527 5704 diceret,
2561 5648 2665 5690 nec
2691 5640 2883 5690 tamen
2908 5634 3182 5704 negarat:
3210 5631 3475 5688 tacuerat
3507 5626 3716 5697 Deum,
3752 5643 3872 5687 non
