4146 6186
236 280 395 342 1493

239 415 551 487 negaverat
580 412 770 467 Deum
797 430 810 479 ;
843 410 943 466 sed
968 426 1084 466 non
1105 412 1343 469 omnino
1372 415 1554 471 tacuit
1584 420 1761 472 Deum
1789 434 1801 473 :
1840 418 1952 472 for-

236 502 587 560 tassisenim
610 501 942 557 invenimus
967 500 1151 557 hocin
1176 501 1459 560 hodierna
1482 504 1746 561 lectione.
1776 507 1950 561 Dixe-

241 598 329 651 rat
357 593 576 650 Filium
601 591 739 647 Dei:
765 591 864 646 sed
884 590 1023 646 dicti
1045 594 1185 647 sunt
1206 596 1265 648 et
1288 592 1556 650 homines
1577 595 1682 651 lilii
1720 595 1834 652 Dei.
1855 595 1949 650 Di-

236 688 401 741 xerat
446 685 621 739 tantae
671 680 1025 737 excellentiae
1072 679 1239 736 illum
1293 682 1494 754 fuisse,
1536 689 1597 740 ut
1639 701 1753 742 non
1803 688 1951 741 esset

237 776 364 847 ipse
393 774 613 845 dignus
636 770 946 843 corrigiam
970 770 1344 828 calceamenti
1368 774 1494 844 ejus
1520 774 1742 831 solvere
1773 776 1948 844 (Joan.

235 881 273 933 ι,
299 866 352 934 1,
372 863 466 933 34,
488 864 605 935 27).
631 862 760 918 Jam
785 860 1119 932 magnitudo
1144 860 1260 918 ista
1282 863 1529 918 multum
1555 865 1651 919 dat
1682 864 1947 935 intelligi,

237 956 407 1027 cujus
426 970 546 1011 non
566 952 916 1023 eratdignus
952 952 1263 1024 corrigiam
1298 952 1671 1009 calceamenti
1708 954 1949 1020 solvere,

233 1046 332 1103 ille
366 1062 487 1117 quo
523 1059 692 1099 nemo
741 1046 1073 1098 surrexerat
1102 1044 1289 1115 major
1319 1043 1378 1098 in
1412 1044 1565 1100 natis
1612 1044 1947 1099 mulierum.

236 1137 382 1192 Plus
416 1136 577 1191 enim
608 1137 731 1190 erat
761 1132 1035 1189 omnibus
1068 1133 1406 1190 hominibus
1436 1138 1494 1190 et
1511 1135 1770 1207 Angelis.
1806 1134 1949 1189 Nam

235 1227 521 1299 angelum
542 1224 869 1281 invenimus
882 1223 1274 1295 prohibuisse,
1291 1237 1363 1280 ne
1388 1223 1556 1280 homo
1578 1224 1661 1279 illi
1683 1225 1755 1281 ad
1779 1225 1952 1297 pedes

235 1318 500 1375 caderet.
533 1316 674 1371 Cum
715 1313 873 1370 enim
914 1315 1179 1384 quaedam
1223 1314 1281 1368 in
1313 1315 1658 1386 Apocalypsi
1699 1316 1954 1386 Angelus

236 1406 583 1464 ostenderet
612 1403 839 1472 Joanni,
866 1404 964 1474 qui
1002 1403 1238 1473 scripsit
1258 1403 1367 1459 hoc
1390 1404 1789 1477 Evangelium,
1825 1421 1957 1460 con-

237 1495 488 1552 territus
503 1492 905 1565 magnitudine
925 1491 1164 1548 visionis
1180 1493 1439 1549 Joannes
1460 1494 1671 1549 cecidit
1694 1495 1762 1548 ad
1780 1495 1955 1564 pedes

238 1583 472 1655 Angeli.
510 1584 578 1637 Et
610 1582 740 1638 ille:
774 1581 966 1652 Surge,
1010 1582 1131 1637 vide
1160 1597 1227 1637 ne
1254 1581 1450 1653 feceris
1493 1582 1629 1645 hoc;
1659 1584 1837 1639 Deum
1856 1582 1955 1637 ad-

241 1676 365 1729 ora'
400 1690 533 1728 nam
580 1687 676 1741 ego
720 1686 1009 1727 conservus
1056 1675 1184 1726 tuus
1213 1688 1336 1727 sum
1374 1677 1424 1727 et
1452 1673 1692 1742 fratrum
1742 1676 1956 1727 tuorum

244 1764 428 1833 (Apoc.
463 1778 605 1828 XXII,
638 1762 694 1827 8,
723 1762 801 1833 9).
834 1761 1049 1817 Cadere
1096 1777 1232 1833 ergo
1283 1760 1394 1817 sibi
1426 1762 1496 1818 ad
1532 1762 1707 1832 pedes
1759 1760 1957 1815 homi-

246 1870 383 1911 nem
414 1852 659 1923 angelus
692 1851 1007 1924 prohibuit.
1059 1851 1259 1906 Nonne
1295 1851 1671 1907 manifestum
1702 1856 1791 1907 est
1822 1851 1960 1922 quia

244 1959 425 2013 super
455 1957 656 1998 omnes
685 1940 939 2012 Angelos
969 1947 1075 2007 est,
1108 1941 1202 1997 cui
1236 1941 1368 1997 talis
1401 1942 1593 2004 homo,
1629 1957 1741 2011 quo
1775 1943 1962 2011 major

250 2050 421 2090 nemo
454 2032 708 2089 surrexit
741 2033 801 2088 in
835 2033 988 2089 natis
1024 2032 1354 2100 mulierum,
1382 2033 1523 2089 dicit
1556 2032 1863 2103 indignum
1900 2049 1959 2089 se

246 2140 377 2180 esse
411 2122 637 2180 solvere
668 2123 971 2191 corrigiam
1004 2122 1379 2179 calceamenti
1401 2123 1429 2177 ‘l

316 2216 373 2269 3.
410 2214 637 2268 Tamen
679 2212 899 2282 aliquid
950 2211 1274 2267 evidentius
1322 2211 1476 2268 dicat
1520 2212 1796 2278 Joannes,
1831 2213 1965 2282 quia

250 2303 406 2357 Deus
431 2306 529 2357 est
546 2301 831 2357 Dominus
864 2304 1060 2357 noster
1083 2301 1256 2357 Jesus
1278 2300 1570 2357 Christus.
1598 2302 1966 2357 Inveniemus

250 2392 359 2447 hoc
409 2392 469 2445 in
524 2391 792 2462 praesenti
837 2391 1103 2460 lectione,
1151 2391 1289 2461 quia
1338 2392 1479 2447 forte
1506 2394 1563 2447 et
1595 2392 1665 2447 de
1695 2391 1791 2446 illo
1823 2408 1967 2446 can—

249 2481 532 2550 tavimus,
580 2483 849 2552 Regnavit
895 2483 1029 2537 Deus
1076 2498 1235 2553 super
1285 2498 1499 2538 onmem
1548 2490 1798 2538 terram:
1827 2498 1963 2537 con-

247 2576 339 2626 tre
361 2571 527 2643 quod
550 2570 715 2626 surdi
738 2576 891 2639 sunt,
915 2572 1018 2642 qui
1039 2576 1246 2642 putant
1267 2587 1400 2628 eum
1421 2570 1480 2626 in
1502 2571 1693 2626 Africa
1717 2570 1844 2627 sole
1882 2586 1963 2625 re-

244 2677 453 2731 gnare.
488 2660 616 2716 Non
650 2660 801 2716 enim
826 2677 940 2716 non
965 2661 1187 2717 dictum
1211 2665 1298 2716 est
1330 2662 1401 2716 de
1432 2660 1684 2727 Christo,
1717 2676 1850 2717 cum
1875 2660 1965 2715 di-

242 2756 411 2806 ctum
446 2755 558 2818 est,
587 2751 844 2821 Regnavit
866 2755 1007 2806 Deus
1027 2767 1189 2822 super
1208 2766 1424 2806 omnem
1448 2755 1678 2806 terram.
1712 2750 1855 2815 Quid
1879 2754 1968 2807 est

243 2841 408 2896 enim
433 2838 589 2895 alius
613 2855 709 2895 rex
730 2844 940 2901 noster,
962 2840 1069 2896 nisi
1084 2841 1369 2896 Dominus
1392 2844 1588 2896 noster
1605 2840 1777 2896 Jesus
1799 2840 1964 2895 Chri-

244 2936 381 2986 stus
402 2930 431 2983 ‘I
453 2931 589 3001 Ipse
614 2938 695 2987 est
718 2947 814 2986 rex
838 2939 1051 2988 noster.
1068 2931 1288 3003 thuid
1312 2931 1554 2987 audistis
1577 2932 1634 2985 in
1658 2931 1785 3003 ipso
1809 2930 1963 2985 Psal-

243 3036 368 3088 mo,
402 3022 623 3077 recenti
656 3039 819 3077 versu
856 3022 1025 3078 modo
1056 3026 1286 3078 cantato
1306 3022 1334 3077 ‘l
1367 3022 1594 3077 Psallite
1615 3022 1725 3076 Deo
1756 3030 1962 3087 nostra,

240 3110 468 3181 psallite
490 3128 509 3167 :
535 3112 762 3184 psallite
782 3114 896 3184 regi
908 3117 1111 3181 nostro,
1132 3113 1371 3184 psallite.
1396 3115 1576 3178 Quem
1593 3111 1732 3167 dixit
1754 3111 1963 3177 Deum,

242 3200 447 3271 ipsum
472 3200 621 3255 dixit
643 3217 838 3273 regem
863 3205 1128 3257 nostrum
1156 3203 1420 3258 :Psallite
1444 3204 1551 3258 Deo
1589 3203 1791 3262 nostro,
1816 3198 1965 3269 psal-

243 3290 344 3345 lite
364 3307 387 3345 :
406 3291 634 3361 psallite
654 3294 769 3362 regi
786 3298 992 3362 nostra,
1006 3292 1224 3364 psallite
1243 3293 1641 3361 intelligenter.
1662 3295 1745 3347 Ne
1766 3290 1822 3344 in
1848 3306 1965 3345 una

244 3382 412 3450 parte
441 3379 585 3435 velis
614 3380 932 3452 intelligere
953 3383 1046 3437 cui
1070 3381 1303 3453 psallis:
1348 3382 1617 3448 Quoniam
1645 3395 1744 3435 rex
1790 3381 1965 3435 omnis

244 3478 414 3524 terrae
440 3470 583 3524 Deus
617 3470 784 3542 (Psal.
811 3488 958 3542 xcw,
984 3473 1037 3535 3,
1058 3474 1117 3541 7,
1141 3471 1216 3542 8).
1242 3471 1311 3527 Et
1334 3470 1626 3543 quomodo
1659 3477 1744 3525 est
1774 3468 1965 3524 omnis

244 3560 417 3613 terra
452 3573 577 3627 rex,
609 3558 709 3629 qui
742 3560 902 3616 visus
932 3563 1019 3616 est
1041 3559 1101 3614 in
1125 3574 1243 3615 una
1266 3564 1425 3631 parte
1454 3562 1757 3627 terrarum,
1788 3556 1846 3611 in
1877 3556 1966 3611 Je-

246 3646 575 3719 rosolyma,
610 3647 669 3703 in
691 3648 915 3718 Judtea,
942 3649 1251 3705 ambulans
1275 3650 1428 3705 inter
1451 3648 1739 3715 homines,
1772 3650 1961 3713 natus,

243 3753 487 3808 sugens,
522 3752 809 3809 crescens,
861 3740 1245 3808 manducans,
1279 3738 1507 3803 bibens,
1530 3736 1796 3807 vigilans,
1830 3736 1964 3789 dor-

248 3828 466 3894 miens,
520 3827 796 3897 fatigatus
827 3828 902 3884 ad
932 3831 1171 3899 puteum
1222 3828 1450 3896 sedens,
1484 3824 1961 3897 comprehensus,

248 3916 607 3988 ﬂagellatus,
640 3918 829 3989 sputis
858 3917 1061 3988 illitus,
1086 3917 1273 3989 spinis
1304 3918 1638 3983 coronatus,
1663 3914 1820 3987 ligno
1843 3928 1965 3967 sus-

248 4022 498 4078 pensus,
534 4008 728 4063 lancea
756 4023 1090 4079 percussus,
1147 4016 1435 4077 mortuus,
1478 4005 1740 4078 sepultus
1761 4006 1788 4058 ?
1818 4018 1966 4074 quo-

248 4096 430 4153 modo
461 4112 599 4169 ergo
631 4112 730 4152 rex
760 4098 952 4154 omnis
977 4105 1138 4154 terra:
1158 4099 1185 4153 ‘l
1206 4099 1367 4164 Quod
1393 4095 1696 4151 videbatur
1725 4094 1784 4149 in
1818 4094 1963 4163 loco,

246 4202 386 4242 caro
417 4190 585 4242 erat:
621 4185 805 4242 oculis
852 4188 1081 4245 carneis
1129 4204 1261 4245 caro
1295 4184 1649 4258 apparebat;
1702 4185 1759 4239 in
1795 4200 1967 4240 carne

248 4278 490 4335 mortali
523 4279 801 4349 majestes
829 4278 1175 4336 immortalis
1206 4278 1623 4336 occultabatur.
1658 4276 1724 4332 Et
1754 4276 1967 4348 quibus

245 4369 441 4426 oculis
470 4369 744 4440 majestas
776 4368 1119 4425 immortalis
1144 4372 1439 4441 penetrate
1468 4382 1744 4437 compage
1776 4368 1968 4423 carnis

247 4459 472 4532 poterit
504 4458 767 4515 intueri?
798 4462 897 4514 Est
919 4459 1067 4515 alius
1091 4459 1314 4528 oculus,
1348 4464 1437 4515 est
1467 4458 1706 4513 interior
1736 4457 1963 4513 oculus.

248 4549 383 4605 Non
414 4548 573 4605 enim
613 4547 809 4604 nullos
858 4548 1060 4605 oculos
1093 4549 1341 4605 habebat
1371 4551 1428 4604 et
1466 4546 1698 4615 Tobias,
1734 4548 1967 4619 quando

248 4655 447 4695 caecus
511 4638 700 4694 oculis
749 4638 1042 4711 corporeis
1100 4638 1219 4694 filio
1267 4638 1443 4696 debet
1491 4646 1776 4708 praecepta
1838 4637 1966 4694 vitae

244 4729 403 4797 (Tob.
436 4732 536 4795 iv).
570 4725 673 4782 Ille
714 4726 862 4798 patri
913 4742 1148 4781 manum
1202 4727 1451 4791 tenebat,
1485 4729 1550 4781 ut
1573 4724 1816 4796 pedibus
1844 4740 1969 4779 am—

244 4815 521 4871 bularet:
552 4814 648 4871 ille
678 4814 796 4870 ﬁlio
816 4814 1125 4872 consilium
1148 4815 1346 4883 dabat,
1371 4819 1434 4870 ut
1455 4814 1604 4870 viam
1622 4813 1863 4885 justitice
1888 4818 1970 4869 te-

248 4907 446 4961 neret.
492 4903 561 4960 Et
589 4903 700 4959 hac
728 4903 947 4971 oculos
988 4904 1175 4975 video,
1205 4908 1263 4960 et
1294 4904 1401 4960 hac
1452 4901 1652 4959 oculos
1685 4900 1967 4973 intelligo.

247 4995 325 5050 Et
357 4993 633 5051 meliores
662 4994 814 5049 oculi
846 4994 1039 5051 dantis
1069 4995 1198 5051 vitas
1231 4993 1566 5061 consilium,
1606 5008 1781 5065 quam
1817 4991 1970 5047 oculi

250 5084 514 5141 tenentis
575 5099 838 5140 manum.
888 5083 1051 5141 Tales
1099 5084 1299 5141 oculos
1349 5083 1645 5155 quaerebat
1691 5086 1744 5137 et
1776 5080 1968 5147 Jesus,

251 5175 500 5247 quando
530 5174 612 5229 ait
643 5174 933 5245 Philippo,
966 5176 1132 5231 Tanto
1177 5178 1415 5247 tempore
1444 5172 1716 5230 vobiscum
1746 5188 1889 5241 sum,
1922 5176 1973 5227 et

252 5281 371 5320 non
400 5264 734 5333 cognovistis
766 5265 900 5320 me?
927 5262 1096 5321 Tales
1126 5264 1323 5321 oculos
1356 5263 1672 5335 quaerebat,
1708 5277 1839 5315 cum
1870 5260 1970 5316 ait.

249 5354 542 5427 Philippe,
573 5356 670 5427 qui
699 5353 847 5410 videt
887 5371 997 5420 me,
1036 5353 1182 5410 videt
1209 5358 1260 5410 et
1292 5354 1508 5409 Patrem
1530 5354 1715 5423 (Joan.
1747 5367 1861 5417 xxv,
1893 5351 1971 5416 9).

257 5446 365 5501 Isti
389 5444 544 5501 oculi
567 5443 628 5500 in
651 5442 1041 5516 intelligentia
1053 5447 1213 5505 sunt.
1231 5444 1326 5500 isti
1342 5442 1493 5499 oculi
1518 5442 1576 5497 in
1602 5444 1791 5497 mente
1814 5446 1970 5497 sunt.

254 5535 393 5590 Ideo
415 5550 549 5590 cum
572 5533 819 5591 dixisset
843 5532 1139 5601 Psalmus,
1184 5534 1454 5602 Quoniam
1484 5547 1583 5589 rex
1602 5532 1780 5588 omnis
1812 5535 1975 5588 terra?

329 5700 351 5737 ι
380 5697 624 5763 Plerique
642 5695 797 5761 Mem,
832 5694 986 5748 illum
1007 5696 1190 5760 adora,
1220 5696 1314 5747 hoc
1342 5700 1418 5749 est
1445 5697 1629 5745 Deum.

1451 281 1905 344 TRAC'I‘ATUS
1950 282 2107 343 XllI.
2154 284 2403 342 CAPUT
2451 284 2552 345 ΙΙΙ.

3609 288 3764 346 H94

2060 417 2229 482 Deus;
2254 417 2503 486 subiecit
2516 417 2732 485 statim,
2752 418 2982 473 Psaltile
3003 418 3402 486 intelligenter.
3420 420 3501 483 Qu
3514 421 3584 476 od
3608 421 3764 477 enim

2062 508 2209 575 dico,
2245 509 2471 563 Psallite
2501 510 2605 564 Deo
2647 514 2851 573 nostro,
2879 508 3105 573 psallite
3124 526 3144 574 ;
3196 509 3376 564 Deum
3411 510 3538 565 dico
3570 527 3761 582 regem

2064 602 2348 653 nostrum.
2376 600 2481 654 Sed
2513 614 2707 669 regem
2760 602 3028 655 nostrum
3062 600 3213 654 inter
3247 599 3514 656 homines
3547 600 3767 656 vidistis

2062 691 2339 759 tanquam
2364 689 3196 759 hominem,vidistispassum,
3222 689 3592 757 crucifixum,
3617 707 3767 747 mor-

2063 783 2258 833 tuum:
2286 778 2731 848 latebataliquid
2751 779 3124 845 inillacarne,
3143 796 3318 845 quam
3336 780 3519 836 oculis
3541 782 3768 837 carneis

2064 869 2255 923 videre
2288 869 2606 940 potuistis‘.
2640 869 2782 933 Quid
2811 868 2889 923 ibi
2912 868 3125 924 latebat
3147 870 3173 923 ?
3210 871 3432 933 Psaltite
3456 871 3770 939 intelligen-

2066 968 2185 1023 ter;
2216 958 2393 1013 nolite
2423 960 2607 1014 oculis
2657 976 2915 1030 quaerere
2962 961 3110 1029 quod
3161 964 3355 1015 mente
3386 961 3768 1032 conspicitur.

2064 1049 2291 1103 Psallite
2322 1050 2540 1119 lingua,
2573 1050 2707 1118 quia
2729 1049 2876 1104 inter
2900 1066 2997 1104 vos
3020 1064 3150 1104 caro
3178 1067 3189 1116 ;
3233 1052 3333 1104 sed
3365 1050 3499 1122 quia
3542 1052 3769 1107 Verbum

2062 1152 2189 1193 caro
2229 1143 2436 1207 factum
2483 1148 2590 1205 est,
2613 1143 2666 1194 et
2696 1139 2967 1194 habitavit
3000 1140 3057 1192 in
3086 1138 3264 1203 nobis,
3307 1140 3527 1195 reddite
3554 1158 3764 1197 sonum

2065 1229 2244 1297 carni,
2270 1227 2490 1283 reddite
2507 1228 2622 1282 Deo
2647 1227 2857 1283 mentis
2878 1228 3167 1283 obtutum.
3193 1229 3294 1282 Psa
3306 1228 3425 1284 llite
3446 1229 3769 1301 intelligen-

2066 1325 2164 1385 ter,
2197 1322 2254 1372 et
2285 1317 2490 1372 videtis
2521 1319 2654 1387 quia
2686 1317 2909 1373 Verbum
2928 1334 3055 1372 caro
3084 1322 3287 1386 [actum
3308 1321 3406 1387 est,
3430 1323 3479 1373 et
3499 1319 3769 1375 habitavit

2068 1410 2125 1462 in
2157 1407 2331 1461 nobis.

2141 1497 2378 1552 4.Dicat
2419 1499 2476 1551 et
2522 1500 2774 1552 Joannes
2806 1495 3247 1551 testimonium:
3284 1498 3405 1552 Post
3451 1498 3567 1555 hmo
3622 1499 3770 1554 venit

2067 1588 2217 1642 Jesus
2248 1590 2295 1641 et
2325 1586 2582 1655 discipuli
2611 1587 2727 1656 ejus
2758 1587 2813 1639 in
2837 1584 3086 1640 Judteam
3118 1590 3349 1654 terram,
3373 1591 3421 1641 et
3446 1586 3568 1642 illic
3594 1587 3772 1644 demo-

2071 1676 2299 1731 rabatur
2326 1692 2450 1731 cum
2484 1678 2586 1743 eis,
2614 1680 2665 1730 et
2698 1676 3029 1745 baptizabat.
3064 1676 3392 1745 Baptizatus
3422 1676 3771 1747 baptizabat.

2070 1765 2194 1820 Non
2226 1779 2292 1818 eo
2325 1763 2613 1834 baptismo
2647 1762 2982 1834 baptizabat
3021 1778 3134 1833 quo
3168 1762 3495 1834 baptizatus
3525 1768 3633 1820 est.
3666 1764 3777 1822 Dat

2072 1854 2429 1926 biptismum
2484 1851 2763 1907 Dominus
2814 1851 3140 1922 baptizatus
3172 1869 3204 1908 a
3235 1868 3419 1918 servo,
3463 1854 3777 1910 ostendens

2075 1943 2419 2000 humilitatis
2439 1944 2612 2003 viam,
2632 1950 2687 1997 et
2702 1942 3026 2015 perducens
3046 1943 3118 1997 ad
3144 1942 3506 2013 baptismum
3525 1943 3777 2011 Domini,

2074 2036 2180 2090 hoc
2199 2038 2283 2089 est
2300 2033 2654 2103 baptismum
2670 2047 2865 2098 suum,
2886 2033 3195 2103 praebendo
3213 2032 3563 2089 humilitatis
3582 2049 3781 2089 exem-

2076 2126 2258 2197 plum,
2293 2124 2430 2196 quia
2460 2124 2582 2194 ipse
2614 2141 2729 2179 non
2775 2123 2995 2193 respuit
3030 2123 3387 2193 baptismum
3420 2124 3589 2180 servi.
3623 2125 3693 2181 Et
3720 2125 3778 2180 in

2074 2214 2366 2284 baptismo
2389 2213 2538 2268 servi
2564 2213 2655 2268 via
2680 2212 3115 2283 praeparabetur
3135 2212 3401 2277 Domino,
3434 2217 3493 2268 et
3521 2213 3780 2284 baptiza-

2078 2310 2173 2360 tus
2192 2303 2476 2358 Dominus
2499 2302 2646 2356 viam
2674 2316 2733 2356 se
2756 2300 2887 2357 fecit
2912 2301 3278 2356 venientibus
3300 2301 3339 2357 ³.
3367 2303 3563 2372 Ipsum
3586 2303 3783 2358 audia-

2080 2410 2250 2451 mus:
2287 2397 2393 2464 Ego
2416 2408 2536 2447 sum
2564 2394 2669 2461 via,
2704 2392 2907 2447 veritas
2928 2391 3110 2446 ctrita
3141 2392 3317 2459 (Joan.
3352 2406 3466 2459 xxv,
3498 2391 3574 2458 6).
3607 2392 3666 2447 Si
3700 2408 3785 2447 ve-

2080 2487 2309 2541 ritatem
2347 2484 2581 2555 qumris,
2616 2483 2767 2537 viam
2794 2486 2964 2537 tene:
2993 2497 3122 2536 nam
3158 2481 3284 2550 ipsa
3306 2485 3393 2537 est
3422 2481 3516 2537 via
3546 2498 3671 2553 quae
3700 2487 3786 2537 est

2080 2576 2306 2631 veritas.
2345 2574 2475 2645 Ipsa
2495 2576 2584 2628 est
2606 2588 2719 2644 quo
2744 2572 2812 2639 is,
2838 2572 2964 2641 ipsa
2992 2575 3081 2625 est
3101 2586 3217 2642 qua
3240 2571 3288 2626 is
3311 2595 3324 2637 ;
3349 2585 3463 2626 non
3485 2586 3587 2641 per
3616 2569 3774 2626 aliud

2081 2667 2132 2723 is
2163 2667 2234 2722 ad
2267 2664 2441 2730 aliud,
2477 2680 2591 2718 non
2639 2679 2739 2734 per
2786 2662 2944 2717 aliud
2994 2661 3155 2717 venis
3187 2662 3257 2716 ad
3312 2661 3648 2717 Christum:
3681 2677 3784 2733 per

2078 2756 2373 2811 Christum
2401 2755 2473 2809 ad
2497 2753 2788 2809 Christum
2814 2751 2996 2807 venis.
3024 2750 3322 2816 Quomodo
3356 2766 3455 2821 per
3488 2750 3779 2807 Christum

2074 2848 2143 2902 ad
2178 2847 2470 2901 Christum
2494 2845 2520 2899 ?
2549 2846 2654 2899 Per
2696 2843 2988 2898 Christum
3044 2841 3344 2897 hominem
3375 2842 3447 2896 ad
3480 2841 3779 2897 Christum

2073 2937 2258 2993 Deum
2286 2953 2298 2989 :
2324 2952 2425 3005 per
2446 2934 2698 2989 Verbum
2722 2947 2956 2988 carnem
2982 2930 3223 2998 factum,
3250 2932 3319 2986 ad
3344 2930 3599 2987 Verbum
3624 2932 3778 3002 quod

2072 3026 2132 3083 in
2166 3025 2451 3098 principio
2481 3028 2603 3079 erat
2626 3023 2778 3078 Deus
2802 3023 2956 3092 apud
2986 3026 3204 3091 Deum;
3234 3021 3304 3077 ab
3329 3037 3395 3077 eo
3426 3022 3580 3093 quod
3614 3037 3780 3078 men-

2075 3116 2306 3171 ducavit
2336 3115 2531 3177 homo,
2556 3113 2624 3167 ad
2651 3111 2792 3165 illud
2818 3111 2969 3181 quod
2997 3109 3256 3181 quotidie
3280 3111 3636 3165 manducent
3656 3111 3777 3165 An-

2073 3203 2209 3276 geli.
2244 3202 2337 3259 Sic
2358 3202 2508 3256 enim
2534 3200 2815 3270 scriptum
2846 3202 2953 3266 est,
2981 3199 3186 3252 Panem
3215 3197 3339 3251 casti
3365 3197 3511 3254 dedit
3532 3199 3610 3253 eis
3631 3215 3650 3252 :
3677 3214 3779 3268 pa-

2071 3311 2195 3351 nem
2212 3293 2532 3365 Angelorum
2551 3288 2895 3345 manducavit
2910 3287 3064 3342 homo
3082 3288 3254 3357 (l’sal.
3272 3303 3479 3353 LXXVII,
3499 3288 3565 3342 24
3590 3295 3638 3342 et
3662 3288 3774 3355 25).

2072 3385 2207 3451 Quis
2238 3387 2327 3439 est
2362 3382 2526 3452 panis
2552 3380 2910 3451 Angelorum
2933 3379 2960 3431 ?
2981 3376 3048 3432 In
3069 3379 3340 3448 principio
3370 3380 3489 3431 erat
3528 3377 3772 3441 Verbum,

2073 3482 2127 3530 et
2166 3475 2389 3530 Verbum
2418 3475 2534 3527 erat
2565 3469 2710 3541 apud
2736 3470 2923 3533 Deum,
2948 3474 2998 3520 et
3018 3468 3158 3520 Deus
3177 3469 3297 3519 erat
3331 3464 3589 3519 Verbum.
3620 3465 3775 3526 Quo—

2076 3565 2247 3619 modo
2282 3576 2485 3633 panem
2522 3558 2874 3629 Angelorum
2903 3554 3275 3610 manducavit
3298 3552 3517 3608 homo?
3546 3555 3614 3608 Et
3649 3554 3777 3606 Ver-

2076 3655 2203 3709 bum
2223 3667 2348 3708 caro
2368 3654 2574 3722 [artum
2595 3651 2696 3713 est,
2720 3655 2767 3701 et
2790 3643 3053 3701 habitavit
3076 3644 3133 3697 in
3154 3642 3309 3698 nobis
3331 3641 3510 3712 (Joan.
3536 3660 3572 3713 ι,
3599 3641 3772 3710 1,14).

2144 3748 2195 3797 5.
2230 3742 2341 3797 Sed
2374 3738 2513 3811 quia
2543 3736 2795 3791 diximus
2837 3734 3194 3789 manducare
3233 3730 3507 3803 Angelos,
3551 3733 3774 3797 fratres,

2076 3849 2147 3889 ne
2181 3831 2392 3903 putetis
2438 3826 2730 3884 morsibus
2775 3824 2916 3880 fieri.
2953 3825 3097 3879 Nam
3130 3824 3180 3878 si
3210 3821 3318 3877 hoc
3350 3820 3776 3887 intellexeritis,

2077 3921 2244 3995 quasi
2279 3919 2602 3975 dilaniatur
2622 3916 2775 3971 Deus
2800 3930 2969 3986 quem
2995 3914 3352 3968 manducent
3372 3910 3604 3982 Angeli.
3638 3910 3780 3975 Quis

2076 4011 2319 4067 dilaniat
2346 4006 2633 4081 justitiam
2661 4008 2687 4061 ?
2716 4005 2821 4062 Sed
2848 4020 3080 4059 rursum
3107 4001 3251 4057 mihi
3274 3999 3488 4072 aliquis
3511 3998 3689 4056 dicit:
3717 4001 3783 4055 Et

2077 4100 2209 4172 quis
2232 4099 2441 4170 estqui
2469 4092 3085 4164 menducatjustitiam
3110 4089 3136 4144 ‘l
3160 4090 3320 4146 Unde
3342 4088 3664 4160 ergo,Beati
3685 4091 3781 4158 qui

2076 4192 2334 4246 esuriant
2355 4192 2406 4244 et
2426 4188 2628 4243 sitiunt
2644 4185 2947 4257 justitiam,
2968 4181 3231 4253 quoniam
3252 4180 3359 4250 ipsi
3377 4180 3780 4234 saturabantur

2078 4280 2291 4352 (Matth.
2327 4296 2380 4340 ν,
2413 4278 2470 4345 6)
2490 4276 2516 4330 ‘?
2548 4276 2724 4332 Cibus
2756 4290 2928 4345 quem
2960 4271 3277 4326 manducas
3309 4285 3411 4339 per
3440 4282 3692 4329 carnem,
3720 4271 3783 4321 ut

2079 4371 2359 4429 reficiaris
2390 4373 2474 4435 tu,
2508 4368 2607 4421 ille
2639 4365 2870 4431 deﬁcit;
2903 4367 2965 4418 ut
3007 4364 3234 4432 reparet
3265 4363 3341 4428 te,
3374 4355 3777 4414 consumitur:

2079 4463 2367 4518 manduca
2392 4458 2707 4529 justitiam,
2733 4458 2788 4509 et
2811 4458 2872 4509 tu
2896 4451 3173 4519 reticeris,
3199 4457 3252 4504 et
3276 4447 3376 4503 illa
3404 4447 3632 4517 integra
3652 4460 3781 4515 per-

2078 4555 2322 4609 severat.
2356 4546 2656 4613 Quomodo
2706 4543 2952 4599 videndo
2994 4542 3165 4595 istam
3215 4538 3401 4594 lucem
3451 4551 3783 4608 corpoream

2080 4640 2424 4700 reficiuntur
2454 4635 2553 4693 isti
2584 4634 2737 4692 oculi
2787 4631 2993 4697 nostri,
3022 4636 3075 4686 et
3108 4645 3200 4685 res
3230 4633 3319 4684 est
3347 4643 3621 4700 corporea
3660 4643 3785 4699 quae

2079 4732 2312 4788 videtur
2342 4726 2527 4785 oculis
2551 4723 2857 4797 corporeis.
2884 4720 3046 4776 Multi
3069 4719 3225 4776 enim
3249 4735 3383 4775 cum
3409 4718 3624 4775 fuerint
3652 4718 3789 4774 diu-

2080 4822 2201 4878 tius
2230 4820 2289 4876 in
2323 4816 2580 4875 tenebris
2608 4815 2936 4870 infirmatur
2957 4812 3109 4868 acies
3132 4810 3420 4882 ipsorum,
3446 4809 3613 4882 quasi
3637 4810 3791 4880 jeju-

2082 4902 2178 4959 nio
2210 4901 2381 4957 lucis.
2414 4895 2688 4953 Fraudati
2721 4894 2877 4952 oculi
2926 4894 3057 4950 cibo
3104 4907 3209 4947 suo
3242 4890 3395 4964 (luce
3433 4890 3649 4960 quippe
3679 4905 3785 4959 pa-

2082 4990 2368 5060 scuntur),
2403 4985 2801 5057 defetigentur
2830 4982 3048 5055 jejunio
3081 4987 3135 5038 et
3175 4979 3578 5044 debilitantur,
3610 4976 3692 5031 ita
3724 4982 3790 5031 ut

2085 5082 2269 5153 ipsam
2301 5079 2486 5133 lucem
2523 5092 2642 5148 qua
2673 5075 3028 5140 reficiuntur,
3063 5072 3253 5125 videre
3286 5082 3401 5123 non
3432 5064 3692 5136 possint:
3728 5070 3785 5120 et

2086 5173 2135 5227 si
2165 5170 2388 5225 diutius
2420 5165 2694 5233 abfuerit,
2727 5163 3200 5232 exstinguuntur,
3232 5162 3286 5211 et
3315 5159 3591 5223 tanquam
3616 5154 3789 5208 mori-

2085 5265 2181 5316 tur
2215 5260 2272 5314 in
2304 5258 2387 5315 eis
2417 5256 2547 5329 ipsa
2576 5256 2728 5311 acies
2758 5253 2927 5310 lucis.
2962 5247 3113 5314 Quid
3142 5259 3278 5315 ergo
3299 5243 3327 5298 ‘l
3356 5241 3492 5314 quia
3521 5245 3608 5299 tot
3635 5244 3787 5300 oculi

2085 5349 2345 5423 quotidie
2376 5348 2486 5403 ista
2513 5346 2644 5401 luce
2677 5348 3014 5415 pascuntur,
3049 5336 3240 5393 minor
3280 5333 3391 5389 fit?
3420 5335 3489 5389 Et
3526 5332 3613 5389 illi
3652 5336 3793 5391 reli-

2095 5441 2349 5505 ciuntur,
2384 5441 2441 5492 et
2468 5436 2593 5504 ipsa
2624 5435 2844 5502 integra
2878 5428 3195 5501 permanet.
3218 5424 3275 5480 Si
3299 5424 3407 5482 hoc
3428 5424 3620 5498 potuit
3641 5426 3791 5486 Deus

2151 5574 2167 5607 1
2194 5568 2280 5618 Sic
2301 5568 2418 5615 Mss.
2436 5563 2502 5611 At
2522 5562 2667 5618 editi,
2691 5560 2825 5623 quod
2846 5555 3231 5623 oculisearneis
3253 5556 3422 5623 uidere
3433 5557 3788 5623 noerotuisti.

2152 5633 2172 5665 2
2202 5632 2324 5680 Mss.
2358 5629 2606 5689 quatuor,
2641 5618 2781 5689 viam
2813 5622 2936 5689 [eeit
2966 5621 3033 5672 ad
3062 5636 3115 5671 se
3146 5618 3487 5673 venientibus.
3519 5619 3647 5669 Tres
3686 5620 3789 5677 alii,

2090 5695 2227 5746 viam
2251 5706 2303 5741 se
2332 5685 2455 5756 ﬁcit
2488 5687 2558 5737 ad
2586 5702 2638 5736 se
2667 5685 3007 5737 venientibus.
