4146 6186
352 257 502 318 1495

350 396 421 451 de
444 394 570 452 luce
597 412 872 467 corporea
893 397 1188 468 corporeis
1205 398 1388 453 oculis
1406 398 1675 454 exhibere
1697 412 1713 465 ;
1747 413 1861 452 non
1894 395 2050 450 exhi-

353 485 450 540 bet
477 485 711 539 mundis
744 486 1015 541 cordibus
1041 485 1228 541 lucem
1248 485 1409 540 illam
1434 485 1883 558 infatigabilem,
1914 485 2057 540 inte-

354 589 520 645 gram
540 574 1191 645 perseverantem,nulla
1205 591 1270 630 ex
1285 582 1447 647 parte
1465 575 2055 638 deﬁcientem?Quam

355 663 543 718 lucem
566 663 594 717 ‘I
627 664 686 718 In
715 664 994 737 principio
1011 677 1127 721 erat
1162 665 1387 721 Verbum
1416 672 1468 721 et
1504 666 1738 722 Verbum
1762 672 1880 721 erat
1903 664 2056 730 apud

360 755 541 808 Deum.
579 754 894 809 Videamus
927 755 973 808 si
998 755 1095 810 lux
1120 759 1222 810 est.
1250 754 1520 822 Quoniam
1555 756 1705 826 apud
1735 764 1785 811 te
1806 762 1886 810 est
1932 757 2054 823 fons

358 845 504 909 vitae,
528 851 577 900 et
605 847 660 898 in
707 845 918 900 lumine
958 853 1049 900 tuo
1095 845 1401 901 videbimus
1444 843 1630 901 lumen
1682 845 1858 910 (Psat.
1890 861 2054 913 xxxv,

356 934 467 1004 lO).
503 934 564 990 In
596 939 750 991 terra
773 935 927 990 aliud
955 939 1043 989 est
1066 935 1214 1002 fons,
1238 936 1392 990 aliud
1416 933 1634 990 lumen.
1666 935 1876 991 Sitiens
1896 951 2056 1006 quae-

357 1023 437 1078 ris
471 1024 706 1091 fontem,
733 1028 787 1078 et
812 1029 873 1079 ut
897 1024 1197 1094 pervenias
1219 1024 1291 1079 ad
1325 1025 1558 1091 fontem,
1583 1024 1795 1096 quaris
1828 1024 2054 1080 lucem:

356 1115 413 1165 et
441 1111 490 1166 si
521 1112 646 1167 dies
680 1129 793 1168 non
826 1120 935 1180 est,
970 1113 1243 1168 accendis
1283 1112 1600 1179 lucernam,
1637 1118 1701 1168 ut
1732 1114 1804 1169 ad
1836 1115 2054 1170 fontem

357 1201 674 1270 pervenias.
709 1201 860 1257 Fons
906 1202 1023 1270 ille,
1057 1203 1179 1273 ipsa
1228 1207 1318 1258 est
1353 1204 1489 1271 lux;
1542 1203 1758 1258 sitienti
1795 1203 1921 1257 fons
1947 1207 2055 1270 est,

354 1304 501 1343 caeco
533 1288 742 1344 lux'est
765 1307 777 1344 :
804 1292 1140 1361 aperiantur
1161 1291 1311 1346 oculi
1343 1297 1407 1346 ut
1428 1292 1661 1347 videant
1684 1291 1896 1355 lucem,
1922 1308 2057 1362 ape-

355 1377 576 1433 riantur
608 1380 803 1435 fauces
848 1382 1040 1436 cordis
1075 1390 1133 1435 ut
1167 1381 1370 1436 bibant
1410 1383 1621 1436 fontem
1651 1399 1663 1448 ;
1698 1381 1848 1451 quod
1883 1381 2055 1449 bibis,

355 1465 464 1521 hoc
486 1467 665 1534 vides,
691 1468 798 1523 hoc
820 1470 1007 1523 audis.
1024 1470 1230 1524 Totum
1249 1469 1351 1524 tibi
1378 1470 1439 1522 ﬁt
1462 1469 1614 1524 Deus
1639 1485 1652 1535 ;
1677 1469 1816 1539 quia
1852 1469 2057 1523 horum

358 1573 488 1627 quae
519 1557 733 1627 diligis,
767 1560 956 1613 totum
992 1558 1094 1613 tibi
1139 1567 1244 1613 est.
1278 1560 1332 1613 Si
1367 1559 1615 1614 visibilis
1649 1559 1920 1625 attendis,
1957 1574 2058 1614 nec

358 1647 524 1715 panis
551 1655 637 1701 est
667 1647 840 1716 Deus,
895 1665 999 1704 nec
1049 1666 1197 1715 aqua
1227 1654 1314 1704 est
1368 1654 1537 1716 Deus,
1572 1665 1676 1705 nec
1703 1649 1801 1704 lux
1834 1650 1943 1705 ista
1974 1659 2060 1706 est

358 1735 532 1801 Deus,
586 1751 689 1793 nec
734 1737 912 1792 vestis
963 1742 1050 1793 est
1083 1740 1255 1806 Deus,
1325 1755 1428 1796 nec
1486 1740 1695 1795 domus
1738 1744 1827 1795 est
1887 1744 2056 1796 Deus.

359 1825 564 1880 Omnia
594 1826 745 1881 enim
769 1828 889 1882 haec
909 1827 1162 1883 visibilia
1185 1833 1344 1898 sunt,
1367 1833 1421 1884 et
1444 1828 1674 1900 singula
1705 1833 1845 1883 sunt
1869 1846 1880 1882 ε
1906 1831 2055 1899 quod

359 1919 448 1968 est
478 1915 667 1984 panis,
701 1931 818 1970 non
854 1916 958 1972 hoc
990 1922 1078 1971 est
1110 1932 1295 1988 aqua;
1329 1922 1387 1972 et
1417 1920 1570 1989 quod
1605 1924 1692 1972 est
1721 1919 1918 1983 vestis,
1948 1935 2059 1975 non

359 2002 468 2057 hoc
500 2007 586 2057 est
615 2002 862 2068 domus;
895 2010 951 2060 et
980 2007 1132 2076 quod
1159 2010 1294 2061 sunt
1315 2007 1446 2072 ista,
1471 2024 1585 2061 non
1621 2007 1725 2063 hoc
1747 2011 1834 2063 est
1868 2008 2058 2064 Deus:

359 2091 612 2147 visibilis
643 2095 798 2147 enim
832 2099 989 2149 sunt.
1046 2095 1196 2150 Deus
1246 2095 1347 2150 tibi
1399 2100 1581 2151 totum
1614 2104 1734 2152 est:
1769 2099 1816 2152 si
1849 2098 2059 2168 esuris,

360 2180 528 2252 panis
558 2181 662 2235 tibi
696 2186 816 2249 est;
851 2184 896 2237 si
923 2184 1074 2253 sitis,
1105 2201 1254 2255 aqua
1277 2185 1519 2252 Iibiest;
1552 2184 1597 2239 si
1622 2185 1677 2240 in
1703 2187 1954 2243 tenebris
1976 2204 2060 2259 es,

360 2271 553 2325 lumen
588 2269 685 2324 tibi
718 2277 824 2336 est,
857 2272 989 2342 quia
1029 2273 1489 2345 incorruptibilis
1527 2283 1755 2342 manet;
1787 2277 1835 2331 si
1868 2279 2062 2335 nudus

359 2376 441 2427 es,
475 2360 942 2418 immortalitatis
987 2364 1162 2420 vestis
1210 2365 1312 2420 tibi
1362 2369 1468 2434 est,
1503 2381 1634 2420 cum
1683 2371 2062 2441 corruptibile

359 2451 467 2506 hoc
498 2451 751 2507 induerit
775 2453 1290 2524 incorruptionem,
1316 2460 1373 2512 et
1397 2455 1644 2513 mortale
1666 2457 1776 2515 hoc
1808 2461 2063 2518 induerit

362 2540 858 2596 immortalitatem
915 2544 958 2612 (Ι
993 2546 1114 2599 Cor.
1148 2562 1238 2612 xv,
1286 2546 1377 2612 53,
1409 2546 1523 2615 54).
1557 2547 1768 2603 Omnia
1817 2557 2062 2620 possunt

362 2627 475 2680 dici
507 2628 578 2681 de
609 2627 750 2696 Deo,
774 2634 830 2683 et
853 2629 994 2683 nihil
1022 2631 1195 2702 digne
1218 2632 1430 2687 dicitur
1450 2635 1521 2688 de
1547 2634 1682 2689 Deo.
1708 2635 1860 2691 Nihil
1885 2637 2061 2695 latius

361 2715 467 2770 hac
499 2716 717 2786 inopia.
752 2718 975 2781 Quaeris
1018 2736 1340 2792 congruum
1375 2737 1609 2788 nomen,
1644 2741 1759 2780 non
1791 2725 2054 2796 invenis;

357 2805 569 2876 quaeris
599 2821 833 2877 quoquo
865 2809 1037 2864 modo
1085 2809 1294 2879 dicere,
1327 2813 1523 2867 omnia
1553 2813 1799 2872 invenis.
1830 2817 1974 2880 Quid
2008 2820 2057 2875 si

353 2894 510 2961 mile,
535 2911 723 2967 agnus
745 2901 802 2952 et
825 2898 910 2953 leo
931 2899 958 2952 ?
994 2899 1073 2954 De
1095 2900 1324 2956 Christo
1350 2907 1662 2976 utrumque
1683 2907 1902 2962 dictum
1929 2914 2053 2966 est:

344 2984 478 3039 Ecce
522 3000 698 3053 agnus
738 2986 840 3041 Dei
870 2989 1043 3054 (Joan.
1083 3007 1120 3053 ι,
1152 2989 1266 3056 20).
1310 2991 1609 3055 Quomodo
1643 2994 1777 3050 leo?
1813 2997 1944 3052 Vicit
1976 2999 2056 3055 leo

351 3072 415 3127 de
445 3073 592 3128 tribu
619 3072 761 3129 Juda
793 3075 980 3145 (Apoc.
1014 3093 1066 3143 v,
1099 3078 1200 3147 5)).

415 3162 470 3215 6.
504 3161 830 3219 Audiamus
879 3165 1196 3222 Joannem:
1249 3171 1566 3240 Baptizabat
1593 3174 1764 3229 Iesus.
1791 3174 2055 3232 Diximus

350 3250 483 3321 quia
504 3250 832 3322 baptizabat
851 3257 1357 3320 Jesus.Quomodo
1379 3263 1550 3315 Jesus
1571 3262 1597 3315 ?
1629 3266 1920 3333 quomodo
1951 3271 2054 3324 Do-

351 3338 547 3395 minus
568 3340 595 3393 ?
618 3344 905 3410 quomodo
930 3343 1028 3399 Dei
1055 3344 1276 3400 Filius?
1296 3349 1579 3418 quomodo
1602 3350 1855 3408 Verbum
1880 3354 1906 3407 ?
1945 3356 2052 3411 Sed

349 3425 602 3483 Verbum
629 3444 761 3485 caro
784 3430 1002 3486 factum
1036 3436 1143 3488 est.
1169 3433 1300 3490 Erat
1330 3440 1516 3492 autem
1538 3441 1588 3493 et
1608 3439 1842 3496 Joannes
1875 3442 2056 3510 bapti-

350 3533 480 3573 zans
509 3519 569 3573 in
617 3519 793 3574 ΑΞηοη
823 3520 994 3590 juxta
1025 3521 1216 3578 Salim.
1283 3524 1468 3581 Lacus
1516 3526 1755 3598 quidam
1801 3532 1978 3586 Αἳηοη
2009 3532 2049 3587 ί.

352 3606 513 3664 Unde
541 3607 889 3680 intelligitur
917 3611 1052 3682 quia
1100 3611 1263 3670 lacus
1312 3620 1430 3670 erat
1450 3616 1476 3670 ἱ)
1507 3619 1645 3681 Quia
1673 3635 1833 3691 aquae
1865 3624 2057 3680 multa:

355 3702 516 3753 erant
539 3699 636 3762 ibi,
658 3705 712 3752 et
734 3700 1039 3767 veniebant,
1062 3711 1114 3756 et
1137 3703 1576 3773 baptizabantur.
1605 3709 1871 3767 Nondum
1908 3713 2056 3768 enim

357 3788 548 3839 missus
579 3791 698 3840 erat
728 3787 787 3840 in
811 3803 1086 3845 carcerem
1133 3794 1396 3849 Joannes.
1431 3795 1491 3850 Si
1525 3797 1872 3855 meministis
1903 3804 2056 3868 (ecce

359 3874 567 3928 iterum
609 3873 782 3941 dico),
832 3875 944 3930 dixi
995 3894 1174 3948 quare
1215 3879 1545 3952 baptizabat
1591 3887 1884 3944 Joannes:
1919 3892 2056 3961 quia

356 3961 654 4032 oportebat
683 3964 749 4016 ut
780 3963 1058 4021 Dominus
1087 3968 1490 4038 baptizaretur.
1535 3977 1599 4028 Et
1629 3991 1805 4044 quare
1837 3985 2057 4049 oporte-

357 4050 452 4104 bat
472 4053 538 4105 ut
558 4048 839 4138 Dominus
854 4050 1284 4123 baptizaretur?
1306 4058 1450 4123 Quia
1479 4061 1649 4117 multi
1666 4048 1891 4120 contem
1903 4071 2000 4138 ptu
2013 4069 2052 4123 ri

355 4143 517 4195 erant
546 4137 932 4210 Baptismum,
956 4158 1023 4198 eo
1046 4144 1199 4215 quod
1218 4146 1342 4215 jam
1371 4149 1589 4219 majore
1617 4154 1800 4221 gratia
1833 4137 2059 4227 praediti

353 4229 706 4297 viderentur,
732 4245 904 4300 quam
928 4232 1187 4290 viderent
1211 4235 1356 4290 alios
1389 4235 1606 4295 ﬁdeles.
1639 4240 1813 4298 Verbi
1847 4249 2054 4316 gratia,

348 4320 472 4390 jam
506 4318 871 4375 continenter
909 4321 1105 4378 vivens
1147 4324 1629 4398 catechumenus,
1662 4337 2060 4392 contemneret

353 4408 755 4478 conjugatum,
786 4411 844 4462 et
873 4406 1088 4466 diceret
1119 4428 1177 4467 se
1205 4413 1504 4472 meliorem
1539 4433 1715 4489 quam
1750 4419 1847 4476 ille
1879 4421 1950 4477 sit
1989 4423 2058 4477 ﬁ-

353 4495 518 4551 delis.
555 4495 654 4551 Ille
685 4496 1143 4556 catechumenus
1176 4509 1370 4575 posset
1401 4505 1588 4563 dicere
1620 4507 1679 4564 in
1711 4510 1883 4566 corde
1913 4528 2054 4568 suo:

351 4585 499 4649 Quid
530 4586 674 4640 mihi
707 4604 854 4659 opus
886 4598 971 4646 est
1003 4595 1365 4664 Baptismum
1401 4599 1681 4669 accipere,
1720 4606 1783 4656 ut
1815 4602 1923 4659 hoc
1959 4603 2058 4660 ha-

355 4675 522 4766 beam
557 4676 710 4766 quod
743 4680 799 4731 et
829 4678 960 4746 iste,
1013 4698 1128 4752 quo
1171 4685 1293 4754 jam
1345 4687 1549 4744 melior
1598 4706 1727 4746 sum
1753 4691 1780 4745 ‘?
1808 4692 1889 4748 Ne
1921 4710 2056 4766 ergo

355 4761 544 4819 cervix
574 4763 686 4818 ista
717 4767 1102 4837 precipitaret
1142 4774 1429 4842 quosdam
1467 4777 1536 4832 de
1570 4778 1791 4835 meritis
1816 4761 2055 4850 justitia

356 4867 472 4909 suae
520 4851 834 4923 plurimum
896 4854 1098 4928 elatos,
1148 4861 1421 4932 baptizari
1468 4865 1648 4920 voluit
1693 4869 1976 4926 Dominus
2025 4890 2059 4928 a

355 4957 554 5010 servo;
587 4946 867 5014 tanquam
896 4944 1201 5018 alloquens
1234 4951 1386 5007 ﬁlios
1422 4954 1740 5024 capitales:
1778 4957 1925 5022 Quid
1958 4977 2060 5017 vos

358 5033 632 5091 extollitis
654 5033 681 5087 ‘?
703 5034 840 5105 quid
855 5035 1098 5108 erigitis,
1119 5040 1251 5110 quia
1269 5040 1492 5098 habetis
1508 5087 1521 5114 ,
1545 5045 1640 5101 ille
1667 5049 2058 5118 prudentiam,

357 5123 456 5179 ille
501 5126 847 5193 doctrinam,
881 5125 978 5182 ille
1007 5129 1356 5198 castitatem,
1391 5132 1486 5188 ille
1519 5134 1921 5194 fortitudinem
1959 5157 2061 5211 pa-

358 5215 617 5269 tientiae?
648 5216 944 5288 Numquid
976 5222 1202 5276 tantum
1234 5220 1448 5278 habere
1478 5227 1745 5296 potestis,
1780 5235 2060 5300 quantum

363 5318 466 5374 ego
497 5305 593 5392 qui
614 5305 754 5392 dedi
779 5309 807 5360 ‘I
837 5309 905 5364 Et
937 5318 1126 5368 tamen
1159 5328 1260 5386 ego
1292 5313 1618 5386 baptizatus
1641 5333 1768 5375 sum
1803 5337 1836 5376 a
1875 5335 2060 5392 servo,

363 5408 462 5447 vos
510 5390 916 5483 dedignamini
965 5415 999 5454 a
1038 5401 1300 5459 Domino.
1357 5408 1475 5462 Hoc
1522 5414 1630 5475 est,
1677 5408 1739 5464 Ut
1768 5390 2062 5483 impleatur

362 5482 541 5540 omnis
565 5478 787 5548 justitia
810 5485 1020 5549 (Matth.
1047 5508 1136 5557 ιιι,
1173 5491 1279 5564 15).

433 5571 445 5604 I
481 5567 539 5617 In
573 5564 771 5625 aliquot
800 5569 944 5628 Mss,
977 5577 1154 5626 Salim
1177 5583 1317 5630 locus
1354 5587 1586 5647 quidam,
1626 5589 1792 5640 .Enon
1824 5591 1990 5640 lacus.

1292 263 1368 320 lN
1416 262 1744 323 JOANNIS
1792 259 2329 330 EVANGELIUM,
2378 265 2439 322 S.
2493 265 2928 326 AUGUSTINI

3725 270 3877 330 1496

2238 401 2288 450 '7.
2324 396 2431 451 Sed
2466 397 2620 454 dicet
2640 397 2854 470 aliquis
2876 414 2889 453 :
2915 398 3255 455 Suiﬁciebal
3281 414 3416 472 ergo
3450 404 3513 457 ut
3543 403 3872 473 baptizaret

2168 485 2479 540 Dominum
2501 487 2756 544 Joannes
2785 506 2797 554 ;
2821 488 2954 556 quid
2979 505 3127 559 opus
3151 496 3269 544 erat
3293 493 3357 544 ut
3381 490 3476 544 alii
3507 493 3874 561 baptizaren-

2168 575 2262 626 tur
2282 588 2315 626 a
2334 572 2600 628 Joanne?
2625 577 2692 631 Et
2715 575 2823 631 hoc
2845 576 3118 640 diximus,
3147 576 3281 646 quia
3305 581 3353 631 si
3378 577 3538 631 solus
3574 581 3872 647 ;Dominus

2167 662 2557 733 baptizaretur
2583 682 2614 720 a
2642 668 2881 732 Joanne,
2917 681 3030 719 non
3065 664 3292 721 deesset
3321 667 3434 721 ista
3466 670 3739 740 cogitatio
3771 672 3872 727 ho-

2169 750 2449 820 minibus,
2480 756 2633 826 quod
2659 755 2955 811 meliorem
2982 756 3229 811 habebat
3253 757 3598 825 baptismum
3617 760 3875 816 Joannes

2167 857 2338 910 quam
2374 841 2674 899 Dominus.
2710 843 3190 899 Dicercntenim:
3228 844 3417 914 Usque
3450 847 3594 901 adeo
3626 865 3872 916 magnus

2166 928 2290 979 erat
2311 924 2628 996 baptismus
2643 943 2816 998 quem
2835 927 3327 994 habuitJoannes,
3344 934 3407 982 ut
3427 929 3584 984 solus
3607 930 3874 988 Christus

2167 1011 2263 1069 illo
2295 1014 2470 1070 fuerit
2497 1015 2696 1087 dignus
2729 1017 3191 1088 baptizari.Ergo
3225 1021 3286 1071 ut
3317 1019 3718 1075 ostenderetur
3751 1038 3873 1076 me-

2167 1099 2277 1158 lior
2308 1102 2632 1174 baptismus
2681 1123 2854 1177 quem
2904 1105 3149 1162 daturus
3196 1111 3319 1161 erat
3353 1108 3658 1176 Dominus,
3693 1118 3747 1164 et
3779 1111 3877 1166 ille

2167 1195 2445 1263 tanquam
2494 1196 2634 1250 servi
2685 1195 3128 1266 intelligeretur,
3163 1195 3260 1251 ille
3295 1202 3571 1267 tanquam
3622 1199 3876 1268 Domini,

2169 1281 2499 1353 baptizatus
2547 1293 2626 1341 est
2681 1285 2985 1350 Dominus,
3056 1291 3118 1341 ut
3186 1288 3462 1356 praeberet
3536 1288 3878 1346 humilitatis

2167 1376 2492 1439 exemptum
2524 1391 2536 1428 :
2566 1390 2679 1428 non
2703 1374 2862 1429 solus
2887 1381 3082 1429 autem
3106 1375 3433 1446 baptizatus
3469 1382 3556 1430 est
3589 1379 3660 1431 ab
3695 1394 3780 1443 eo,
3809 1397 3878 1434 ne

2167 1460 2492 1530 baptismus
2512 1463 2754 1518 Joannis
2774 1463 2978 1518 melior
2999 1464 3290 1534 baptismo
3310 1464 3542 1519 Domini
3571 1467 3874 1522 videretur.

2168 1550 2250 1603 Ad
2285 1548 2394 1604 hoc
2423 1556 2618 1608 autem
2651 1552 2803 1606 viam
2855 1552 3107 1622 prmbuit
3151 1552 3437 1607 Dominus
3473 1560 3670 1609 noster
3698 1556 3872 1610 Jesus

2168 1637 2453 1699 Christus,
2478 1639 2624 1694 sicut
2648 1640 2916 1701 audistis,
2936 1642 3160 1709 fratres,
3185 1657 3256 1696 ne
3277 1641 3407 1712 quis
3427 1658 3699 1713 arrogans
3723 1646 3870 1712 quod

2168 1725 2380 1782 habent
2410 1730 2825 1785 abundantiam
2854 1730 3104 1800 alicujus
3144 1730 3356 1799 gratiae,
3393 1731 3743 1801 dedignatur
3774 1735 3872 1787 ba-

2171 1816 2369 1887 ptizari
2405 1817 2690 1890 baptismo
2721 1820 2972 1876 Domini.
3017 1825 3565 1890 Quantumcumque
3594 1823 3743 1876 enim
3778 1840 3875 1877 ca-

2171 1907 2556 1963 techumenus
2582 1909 2863 1979 proﬁciat,
2884 1909 3075 1965 adhuc
3097 1909 3382 1965 sarcinam
3403 1910 3733 1980 iniquitatis
3755 1929 3876 1966 sua:

2173 2001 2396 2066 portat:
2433 2014 2548 2052 non
2581 1997 2665 2052 illi
2699 1998 3038 2065 dimittitur,
3089 1997 3203 2054 nisi
3234 2014 3368 2054 cum
3403 2000 3623 2053 venerit
3654 2001 3723 2054 ad
3761 2001 3872 2054 Ba-

2174 2088 2478 2158 ptismum.
2507 2085 2806 2152 Quomodo
2831 2106 2942 2144 non
2969 2089 3156 2145 caruit
3175 2089 3424 2160 populus
3454 2088 3628 2144 Israel
3667 2091 3874 2160 pepulo

2173 2179 2586 2250 Egyptiorum,
2639 2179 2749 2234 nisi
2800 2196 2928 2234 cum
2975 2179 3229 2235 venisset
3275 2180 3342 2234 ad
3395 2195 3553 2234 mare
3604 2178 3869 2233 Rubrum

2176 2267 2340 2323 Exod.
2390 2268 2555 2339 xlv);
2609 2268 2692 2322 sic
2739 2284 3009 2339 pressura
3066 2273 3430 2338 peccatorum
3483 2283 3647 2321 nemo
3693 2272 3869 2332 caret,

2173 2358 2284 2414 nisi
2316 2375 2448 2415 cum
2483 2360 2554 2413 ad
2589 2359 2802 2414 fontem
2841 2359 3121 2429 Baptismi
3155 2359 3394 2413 venerit.

2241 2448 2294 2501 8.
2329 2449 2489 2502 Facta.
2519 2455 2598 2502 est
2629 2464 2755 2516 ergo
2802 2451 3031 2518 quaestio
3062 2464 3130 2503 ea:
3157 2447 3448 2518 discipulis
3494 2448 3720 2502 Joannis
3749 2463 3873 2501 cum

2169 2537 2370 2594 Iudaeis
2398 2537 2464 2591 de
2509 2539 2908 2608 puriﬁcatione.
2936 2538 3264 2608 Baptizabat
3304 2540 3580 2602 Joannes,
3615 2536 3873 2606 baptiza-

2171 2628 2269 2682 bat
2288 2626 2558 2683 Christus
2585 2642 2597 2680 :
2634 2627 2771 2681 moti
2797 2631 2935 2683 sunt
2957 2626 3226 2697 discipuli
3249 2625 3493 2682 Joannis
3520 2645 3532 2690 ;
3569 2642 3874 2680 concurre-

2172 2717 2343 2772 batur
2368 2717 2436 2770 ad
2488 2716 2810 2783 Christum,
2859 2716 3192 2772 veniebatur
3243 2718 3311 2770 ad
3361 2717 3642 2770 Joannem
3673 2719 3709 2771 ¹.
3764 2717 3871 2780 Qui

2169 2805 2322 2860 enim
2357 2806 2666 2860 veniebant
2687 2806 2756 2861 ad
2780 2806 3081 2870 Joannem,
3109 2806 3374 2860 mittebat
3402 2805 3534 2860 illos
3567 2806 3635 2858 ad
3669 2805 3868 2859 Jesum

2171 2893 2443 2964 baptizari
2469 2912 2483 2961 ;
2517 2911 2629 2950 non
2654 2894 3027 2950 mittebantur
3049 2895 3118 2948 ad
3141 2893 3444 2959 Joannem,
3471 2893 3570 2963 qui
3594 2909 3628 2947 a
3648 2893 3874 2948 Christo

2168 2983 2630 3055 baptizabantur.
2657 2986 2891 3040 Turbati
2916 2989 3054 3040 sunt
3079 2984 3354 3055 discipuli
3385 2986 3653 3051 Joannis,
3679 2991 3735 3039 et
3757 3002 3866 3040 cm-

2165 3079 2376 3144 perunt
2424 3076 2803 3145 quaestionem
2854 3079 3099 3129 tractare
3123 3090 3253 3129 cum
3287 3073 3527 3140 Iudaeis,
3577 3075 3868 3144 quomodo

2166 3163 2312 3218 solet
2343 3164 2486 3219 ﬁeri.
2542 3165 2830 3234 lnlelligas
2879 3164 3094 3220 dixisse
3149 3164 3382 3219 Judaaos
3435 3163 3716 3234 majorem
3748 3181 3872 3219 0-55.12

2165 3253 2483 3321 Christum,
2511 3260 2566 3310 et
2597 3258 2664 3310 ad
2697 3257 2824 3325 ejus
2857 3254 3213 3326 baptismum
3236 3255 3445 3310 debere
3467 3256 3756 3311 concurri.
3782 3255 3867 3310 Illi

2167 3345 2425 3400 nondum
2450 3345 2860 3416 intelligentes,
2884 3344 3274 3402 defendebant
3298 3344 3654 3415 baptismum
3685 3347 3829 3398 Joau
3850 3375 3865 3382 -

2164 3433 2275 3488 nis.
2328 3431 2577 3488 Ventum
2627 3439 2716 3489 est
2762 3435 2832 3489 ad
2898 3434 3090 3504 ipsum
3155 3433 3456 3501 Joannem,
3512 3437 3571 3486 ut
3619 3433 3874 3487 solveret

2165 3521 2565 3591 questionem.
2605 3521 2892 3593 Intelligat
2912 3521 3178 3578 Charitas
3201 3526 3406 3578 vestra.
3432 3522 3502 3576 Et
3521 3520 3612 3575 hic
3638 3521 3865 3575 utilitas

2163 3607 2290 3679 ipsa
2334 3609 2678 3666 humilitatis
2726 3611 3078 3683 agnoscitur,
3113 3619 3166 3666 et
3198 3609 3522 3665 ostenditur
3567 3615 3768 3664 utrum
3808 3611 3863 3664 in

2165 3699 2295 3771 ipsa
2323 3701 2635 3771 quaestione
2666 3717 2795 3756 cum
2827 3707 3088 3757 errarent
3116 3701 3405 3768 homines,
3438 3699 3674 3772 gloriari
3706 3701 3862 3770 apud

2166 3804 2228 3847 se
2258 3787 2501 3844 voluerit
2529 3794 2797 3846 Joannes.
2832 3792 3094 3846 Fortasse
3122 3789 3278 3844 enim
3310 3789 3490 3844 dixit:
3525 3789 3737 3844 Verum
3771 3790 3868 3843 di-

2166 3878 2313 3945 citis,
2349 3883 2500 3935 recte
2529 3881 2898 3947 contenditis,
2951 3880 3274 3952 baptismus
3324 3895 3490 3934 meus
3523 3886 3606 3933 est
3641 3878 3851 3933 melior

2167 3966 2305 4020 Nam
2343 3972 2403 4022 ut
2436 3968 2708 4023 noveritis
2740 3969 2893 4040 quod
2943 3968 3272 4040 baptismus
3322 3983 3488 4022 meus
3520 3971 3608 4022 est
3643 3967 3875 4033 melior,

2167 4054 2355 4124 ipsum
2399 4055 2694 4112 Christum
2745 4074 2848 4128 ego
2901 4057 3199 4128 baptizavi.
3252 4057 3479 4111 Poterat
3528 4055 3635 4110 hoc
3680 4056 3880 4111 dicere.

2165 4148 2437 4213 Joannes,
2491 4145 2774 4218 baptizato
2823 4147 3067 4204 Christo.
3120 4147 3437 4212 Quantum,
3491 4161 3554 4201 se
3600 4145 3649 4201 si
3700 4147 3877 4200 vellet

2165 4236 2496 4305 extendere,
2548 4236 2792 4294 habebat
2842 4238 2938 4293 ubi
2990 4255 3051 4292 se
3101 4235 3469 4293 extenderet?
3501 4236 3611 4292 Sed
3660 4236 3878 4290 melius

2167 4330 2406 4381 noverat
2451 4328 2601 4397 apud
2652 4343 2826 4397 quem
2876 4344 2938 4382 se
2988 4327 3372 4382 humiliaret:
3422 4341 3596 4396 quem
3651 4341 3712 4379 se
3769 4342 3875 4378 no-

2168 4419 2324 4468 verat
2351 4416 2641 4470 nascendo
2689 4419 3046 4483 antecedere,
3083 4416 3166 4470 illi
3198 4416 3383 4472 voluit
3414 4414 3736 4470 conﬁtendo
3771 4432 3837 4470 cc
3863 4447 3876 4454 -

2167 4502 2337 4569 dere;
2373 4504 2620 4560 salutem
2652 4521 2818 4561 suam
2843 4506 3200 4578 intelligebat
3221 4506 3279 4561 in
3301 4505 3529 4560 Christo
3560 4520 3708 4560 esse.
3733 4508 3874 4558 Jan.)

2166 4589 2385 4646 dixerat
2432 4593 2724 4663 superius,
2775 4596 2879 4650 Nos
2909 4611 3092 4651 omnes
3123 4595 3186 4650 de
3210 4594 3554 4666 plenitudine
3599 4593 3722 4661 ejus
3776 4611 3877 4647 ac-

2167 4681 2408 4752 cepimus
2458 4683 2634 4754 (Joan.
2686 4701 2724 4750 ι,
2763 4686 2896 4757 16):
2948 4689 3005 4740 et
3052 4685 3159 4741 hoc
3207 4683 3470 4739 conﬁteri
3519 4683 3704 4736 Deum
3758 4689 3877 4738 cst.

2169 4772 2464 4836 Quomodo
2512 4775 2666 4829 enim
2715 4780 2928 4838 omnes!
2950 4774 3216 4832 homines
3246 4775 3316 4829 de
3348 4772 3708 4844 plenitudine
3741 4774 3887 4843 ejus

2167 4861 2482 4932 accipiunt,
2513 4864 2623 4920 nisi
2657 4863 2752 4920 ille
2783 4863 2859 4919 sit
2898 4863 3094 4920 Deus?
3127 4865 3268 4919 Nam
3300 4864 3348 4918 si
3371 4863 3452 4919 sic
3485 4862 3580 4916 iile
3605 4862 3778 4916 homo
3812 4867 3895 4917 ut

2169 4967 2281 5007 non
2316 4952 2488 5021 Deus,
2514 4954 2582 5008 de
2607 4954 2966 5026 plenitudine
2987 4953 3086 5010 Dei
3113 4953 3324 5025 accipit
3343 4952 3514 5008 etiam
3539 4951 3685 5022 ipse,
3711 4955 3770 5005 et
3793 4951 3900 5008 sic

2172 5057 2284 5097 non
2317 5041 2472 5098 Deus
2501 5049 2607 5099 est.
2644 5045 2699 5099 Si
2751 5048 2945 5100 autem
2996 5059 3197 5100 omnes
3230 5043 3498 5099 homines
3529 5043 3598 5096 de
3629 5040 3904 5112 plenitu-

2171 5129 2304 5186 dine
2352 5131 2476 5200 ejus
2525 5132 2838 5203 accipiunt,
2874 5132 2971 5188 ille
3001 5136 3090 5187 est
3131 5134 3278 5201 fons,
3314 5131 3399 5187 illi
3427 5131 3712 5185 bibentes.
3769 5132 3902 5194 Qui

2170 5220 2381 5277 bibunt
2413 5223 2651 5290 fontem,
2685 5229 2742 5278 et
2770 5222 2926 5278 sitire
2957 5227 3200 5295 possunt
3221 5227 3276 5279 et
3299 5223 3493 5277 bibere
3521 5240 3533 5288 ;
3562 5222 3690 5275 fons
3725 5238 3910 5278 nun-

2171 5327 2342 5381 quam
2358 5312 2500 5378 sitit,
2520 5312 2647 5368 fons
2661 5329 2721 5368 se
2743 5314 2868 5384 ipso
2885 5329 2997 5369 non
3015 5322 3162 5385 eget.
3184 5314 3360 5369 Fonte
3377 5318 3544 5384 egent
3569 5310 3856 5368 homines
3886 5335 3904 5383 ;

2172 5402 2348 5457 aridis
2368 5401 2708 5469 visceribus,
2728 5403 2908 5458 aridis
2926 5403 3448 5459 faucibuscurrunt
3471 5401 3542 5456 ad
3567 5401 3788 5455 fontem
3820 5410 3908 5460 ut

2175 5489 2505 5547 reﬁciantur
2534 5506 2545 5546 :
2581 5492 2709 5547 fons
2731 5492 2858 5547 ﬁuit
2891 5497 2954 5546 ut
2985 5491 3203 5547 reﬁciat
3229 5491 3327 5558 ;ita
3359 5491 3638 5548 Dominus
3670 5486 3898 5550 Jesus.

2238 5592 2250 5622 ί
2293 5590 2404 5638 Duo
2434 5588 2577 5648 Mss,
2610 5590 2915 5639 veniebatur
2936 5604 2964 5637 a
2995 5589 3207 5638 Joanne.
