4126 6194
312 249 343 309 1
360 252 477 309 497

383 392 439 444 9.
480 390 795 446 Videamus
816 404 952 460 ergo
1000 388 1139 461 quid
1196 386 1556 461 responderit
1604 387 1899 442 Joannes:
1942 389 2030 441 t'c-

309 487 526 535 nerunt
554 478 626 533 ad
664 480 947 537 Joannem,
1005 487 1057 533 et
1110 478 1376 533 dixerunt
1407 479 1457 533 ei
1485 494 1504 533 :
1538 478 1729 544 Rabbi,
1760 476 1855 549 qui
1911 482 2029 532 erat

309 575 497 624 tecum
527 577 689 624 trans
711 569 1022 632 Iordanem,
1051 572 1143 624 cui
1175 574 1231 623 tu
1273 570 1643 624 testimonium
1674 568 2027 638 perhibuisti,

309 676 431 715 ecce
463 660 556 714 hic
588 661 849 730 baptizari,
880 667 932 713 et
964 674 1149 715 omnes
1176 662 1397 715 veniunt
1427 660 1505 714 ad
1547 658 1707 713 illum
1739 675 1758 713 :
1790 657 1897 713 hoc
1919 661 2026 724 est,

310 749 464 810 Quid
503 749 654 804 dicis
676 750 703 803 Ῥ
733 765 847 804 non
880 752 1019 804 sunt
1050 748 1415 817 prohibendi,
1450 757 1509 803 ut
1539 750 1607 804 ad
1644 755 1695 803 te
1719 746 1910 819 potius
1941 763 2031 803 ve-

312 838 488 893 niant
508 838 538 891 ἲ
570 838 880 906 Respondit,
911 846 961 893 et
990 838 1173 895 dixit:
1202 840 1317 895 Non
1341 844 1514 909 potest
1542 838 1697 894 homo
1727 838 2030 908 quidquam

309 930 588 995 accipere,
622 927 732 983 nisi
761 925 814 983 ei
842 927 1027 984 datum
1052 930 1222 998 fuerit
1252 929 1319 984 de
1345 929 1497 985 caelo.
1530 934 1608 983 De
1647 945 1763 1001 quo
1814 928 2031 1000 putatis

310 1018 427 1073 hoc
459 1018 1038 1075 dixisseJoannem?
1066 1025 1146 1074 De
1194 1020 1383 1089 seipse
1424 1036 1439 1075 :
1493 1020 1667 1085 Quasi
1718 1020 1894 1075 homo
1941 1035 2031 1074 ac-

310 1111 466 1178 cepi,
493 1107 595 1173 ait,
626 1107 696 1163 de
716 1106 880 1164 coelo.
903 1108 1175 1164 Intendat
1194 1108 1457 1164 Charitas
1478 1114 1682 1165 vestra.
1717 1110 1832 1165 Non
1862 1112 2029 1177 potest

310 1197 487 1253 homo
510 1197 809 1268 quidquam
837 1200 1096 1269 accipere,
1124 1199 1235 1253 nisi
1262 1200 1432 1268 fuerit
1460 1201 1515 1255 ei
1534 1198 1723 1253 datum
1769 1198 1835 1252 de
1879 1198 2024 1253 aeto.

309 1290 433 1358 Ipsi
465 1304 555 1343 vos
590 1290 726 1343 mihi
753 1290 1133 1345 testimonium
1160 1290 1454 1357 perhibetis
1481 1289 1618 1361 quod
1639 1289 1897 1353 dixerim,
1924 1290 2028 1358 Ego

310 1393 428 1432 non
459 1394 585 1433 sum
618 1378 881 1433 Christus.
913 1380 1215 1450 Tanquam
1250 1381 1474 1449 dicens,
1498 1379 1631 1450 quid
1669 1394 1769 1435 vos
1792 1377 2030 1434 fallitis?

311 1484 422 1523 vos
453 1467 567 1538 ipsi
592 1467 738 1523 mihi
771 1471 1060 1539 quomodo
1104 1470 1486 1540 proposuistis
1534 1469 1707 1525 istam
1756 1468 2029 1539 quaestio-

313 1573 457 1612 nem
480 1556 507 1610 ‘?
537 1556 689 1622 Quid
714 1556 855 1613 mihi
875 1558 1105 1615 dixistis
1125 1560 1151 1613 ‘t
1172 1559 1363 1626 Rabbi,
1395 1560 1492 1630 qui
1520 1567 1637 1615 erat
1666 1566 1841 1614 tecum
1876 1567 2030 1613 trans

305 1648 651 1712 Iordanem,
680 1650 773 1703 cui
799 1651 860 1703 tu
891 1650 1263 1705 testimonium
1289 1650 1646 1721 perhibuisti.
1676 1650 1869 1705 Nostis
1895 1664 2027 1719 ergo

307 1736 491 1804 quale
514 1738 918 1793 testimonium
940 1738 1026 1793 illi
1050 1740 1314 1811 perhibui
1342 1756 1355 1794 :
1380 1742 1553 1797 modo
1580 1741 1847 1795 dicturus
1892 1754 2026 1793 sum

306 1842 441 1880 non
469 1843 600 1882 esse
628 1826 793 1882 illum
827 1845 1000 1899 quem
1033 1830 1149 1885 dixi
1181 1831 1356 1886 esse?
1384 1834 1534 1899 Ergo
1591 1830 1723 1900 quia
1758 1832 1773 1866 ι
1807 1828 2026 1899 aliquid

307 1916 516 1986 accepi
550 1918 620 1971 de
651 1916 794 1973 coelo
827 1923 890 1973 ut
920 1918 1143 1991 aliquid
1196 1936 1407 1987 essem,
1436 1922 1670 1976 inanem
1720 1937 1812 1975 me
1851 1919 2027 1975 vultis

305 2021 472 2073 esse,
505 2011 567 2060 ut
591 2006 800 2075 toquar
846 2012 1046 2064 contra
1094 2008 1437 2065 veritatem?
1486 2011 1601 2066 Non
1649 2014 1817 2078 potest
1866 2010 2026 2065 homo

299 2090 567 2166 accipere
596 2098 922 2169 quidquam,
952 2099 1064 2155 nisi
1090 2103 1262 2169 fuerit
1302 2102 1390 2157 illi
1427 2102 1615 2157 datum
1643 2101 1707 2155 de
1739 2101 1883 2155 creto.
1919 2101 2027 2170 Ipsi

304 2201 411 2239 vos
441 2188 577 2241 mihi
605 2187 980 2244 testimonium
1006 2190 1309 2260 perhibetis
1341 2194 1481 2263 quod
1501 2191 1765 2257 dixerim,
1790 2192 1895 2261 Ego
1916 2206 2027 2244 non

296 2289 442 2329 sum
475 2276 747 2331 Christus.
780 2277 901 2332 Non
936 2294 998 2333 es
1025 2283 1085 2332 tu
1133 2278 1398 2337 Christus
1423 2298 1436 2336 :
1458 2282 1560 2337 sed
1581 2280 1808 2351 quid,si
1846 2278 2028 2348 major

301 2363 444 2432 illo,
470 2368 608 2436 quia
630 2372 684 2421 tu
708 2367 867 2422 illum
898 2368 1209 2440 haptizasti
1230 2369 1465 2426 Ἱκέτεω
1485 2388 1608 2426 sum
1635 2387 1655 2426 :
1687 2386 1823 2442 ergo
1842 2384 2026 2440 praeco

301 2471 382 2511 su
396 2471 476 2517 m,
514 2454 609 2512 ille
634 2457 814 2525 judex
843 2463 951 2513 est.

394 2547 485 2602 10.
508 2547 576 2602 Et
598 2548 732 2603 audi
752 2548 1149 2606 testimonium
1176 2550 1364 2607 multo
1386 2551 1813 2619 vehementius,
1844 2549 2028 2607 multo

302 2638 678 2707 expressius.
701 2636 900 2693 Videte
920 2641 1016 2710 qui
1044 2641 1352 2697 nobiscum
1386 2641 1613 2714 agitur;
1664 2641 1855 2697 videte
1885 2641 2025 2712 quid

304 2744 526 2784 amare
582 2729 937 2795 debeamus;
994 2730 1181 2786 videte
1239 2732 1376 2802 quia
1426 2732 1681 2803 aliquem
1730 2731 2027 2786 hominem

305 2836 525 2875 amare
549 2837 647 2891 pro
665 2819 917 2887 Christo,
942 2820 1295 2877 adulterium
1332 2827 1435 2878 est.
1479 2822 1662 2885 Quare
1705 2823 1812 2879 hoc
1856 2823 2029 2879 dico?

303 2909 707 2965 Attendamus
740 2926 935 2965 vocem
964 2910 1210 2967 Joannis
1244 2928 1256 2967 :
1292 2916 1516 2983 poterat
1563 2911 1622 2967 in
1674 2910 1774 2968 illo
1822 2912 2026 2980 errari,

304 3003 553 3070 poterat
575 2998 695 3068 ipse
719 3000 909 3071 putari
934 3000 1163 3070 quinon
1187 3006 1347 3067 erat;
1381 3002 1603 3072 respuit
1633 3018 1667 3055 a
1712 3018 1774 3057 se
1813 3000 2026 3056 falsum

308 3091 628 3155 honorem,
661 3096 720 3143 ut
751 3094 940 3145 teneat
978 3090 1224 3145 solidam
1282 3092 1604 3147 veritatem.
1642 3091 1837 3148 Videte
1889 3092 2031 3163 quid

307 3180 477 3235 dicat
498 3178 817 3249 Christum,
842 3180 981 3251 quid
1005 3196 1067 3236 se
1091 3200 1105 3239 :
1141 3180 1283 3250 Quid
1311 3182 1472 3238 habet
1500 3198 1773 3253 sponsam,
1801 3198 2030 3253 sponsus

302 3278 414 3326 est.
441 3270 601 3325 Casti
636 3274 839 3337 estote,
870 3286 1145 3341 sponsum
1179 3276 1387 3327 amate.
1420 3272 1566 3336 Quid
1599 3280 1788 3328 autem
1840 3280 1900 3328 tu
1944 3289 2027 3339 es,

308 3360 425 3431 qui
450 3358 621 3414 nobis
642 3359 810 3425 dicis,
834 3359 939 3426 Qui
969 3360 1130 3415 habet
1157 3376 1434 3433 sponsam,
1468 3378 1696 3433 sponsus
1720 3368 1849 3418 est?
1877 3364 2032 3419 Ami-

306 3464 414 3504 cus
430 3452 615 3503 autem
640 3450 841 3517 sponsi,
874 3451 969 3520 qui
997 3452 1106 3504 διιιι
1133 3453 1184 3504 et
1213 3449 1367 3505 audit
1405 3466 1553 3517 eum,
1584 3451 1785 3522 gaudio
1831 3451 2031 3523 gaudet

308 3543 551 3609 propter
578 3553 756 3593 vocem
786 3542 989 3608 sponsi.
1016 3540 1210 3595 Aderit
1232 3539 1519 3596 Dominus
1538 3541 1690 3598 Deus
1715 3546 1909 3597 noster
1930 3558 2029 3613 pro

314 3634 491 3683 motu
526 3629 715 3684 cordis
748 3632 881 3695 mei,
906 3630 1091 3685 multo
1116 3630 1268 3686 enim
1291 3631 1507 3701 gemitu
1542 3630 1776 3702 plenum
1799 3636 1906 3699 est,
1938 3632 2029 3688 di-

312 3734 456 3774 cere
491 3720 643 3789 quod
674 3720 840 3777 doleo
874 3738 886 3773 :
921 3721 1017 3776 sed
1050 3721 1288 3778 obsecro
1319 3738 1419 3778 vos
1468 3737 1570 3792 per
1615 3722 1809 3793 ipsum
1865 3721 2028 3778 Chri-

315 3813 511 3875 stum,
538 3810 772 3879 utquod
804 3811 990 3866 dicere
1017 3827 1127 3866 non
1152 3819 1413 3882 potuero,
1446 3828 1548 3866 vos
1570 3810 1867 3883 cogitetis;
1900 3812 2032 3867 novi

316 3901 484 3956 enim
506 3899 761 3957 dolorem
785 3918 975 3956 meum
1010 3902 1252 3972 exprimi
1285 3903 1421 3957 satis
1452 3903 1625 3973 digne
1673 3919 1785 3958 non
1837 3919 2029 3975 posse.

320 3992 544 4047 Multos
569 3993 725 4047 enim
749 3992 1047 4049 adulteros
1069 3994 1254 4061 video,
1280 3992 1375 4064 qui
1399 4008 1666 4064 sponsam
1697 3996 1853 4050 tanto
1902 4010 2032 4065 pre-

314 4082 409 4137 tio
450 4085 731 4153 emptam,
767 4089 1013 4137 amatam
1057 4082 1264 4139 fmdarn
1304 4086 1367 4138 ut
1424 4082 1669 4154 pulchra
1718 4083 1899 4150 fieret,
1931 4081 2032 4139 illo

320 4175 616 4242 emptore,
634 4170 733 4225 illo
749 4171 1075 4238 liberatore,
1097 4172 1195 4228 illo
1209 4172 1567 4239 decoratore,
1599 4171 1893 4242 possidere
1933 4188 2029 4227 vo-

320 4262 496 4327 lunt;
529 4265 584 4316 et
605 4261 663 4315 id
694 4266 875 4332 agunt
907 4262 1095 4317 verbis
1122 4262 1270 4331 suis,
1295 4266 1354 4317 ut
1377 4279 1479 4332 pro
1501 4277 1715 4334 sponso
1740 4265 2029 4317 amentur.

319 4354 406 4410 De
437 4351 539 4407 illo
568 4352 791 4407 dictum
816 4355 924 4422 est,
950 4354 1046 4408 Hic
1073 4360 1153 4407 est
1182 4354 1277 4423 qui
1308 4353 1555 4423 baptisat
1596 4353 1776 4423 (Joan.
1831 4369 1869 4415 ι,
1915 4351 2028 4423 33).

319 4444 470 4509 Quis
504 4441 621 4496 huc
648 4441 765 4496 exit
787 4447 842 4497 et
872 4442 1030 4507 dicit,
1059 4442 1172 4513 Ego
1206 4442 1429 4513 baptizo
1451 4443 1477 4496 ?
1507 4443 1638 4512 quis
1672 4441 1786 4496 huc
1823 4440 1939 4495 exit
1980 4448 2035 4496 et

320 4530 490 4597 dicit,
525 4532 642 4603 Ego
682 4532 836 4603 quod
870 4532 1102 4595 dedero,
1137 4532 1245 4587 hoc
1264 4536 1356 4586 est
1386 4531 1703 4587 sanctum?
1734 4532 1870 4601 quis
1917 4530 2032 4586 huc

322 4622 593 4694 procedit
623 4622 721 4692 qui
752 4622 911 4688 dicit,
938 4621 1157 4677 Bonum
1190 4626 1274 4677 est
1304 4620 1405 4676 tibi
1438 4625 1502 4676 ut
1526 4620 1785 4678 nasceris
1806 4636 1873 4675 ex
1903 4620 2035 4675 me?

324 4711 597 4766 Amicum
621 4711 814 4782 sponsi
838 4711 1169 4779 audiamus,
1200 4726 1313 4766 non
1339 4710 1635 4766 adulteros
1655 4709 1853 4779 sponsi
1887 4725 1900 4764 :
1930 4726 2032 4765 au-

322 4800 563 4855 diamus
596 4798 905 4868 zelantem,
940 4802 1038 4854 sed
1076 4817 1189 4855 non
1224 4800 1360 4856 sibi.

404 4892 491 4945 11.
520 4893 766 4960 Fratres,
804 4889 1177 4962 regredimini
1218 4890 1389 4946 corde
1430 4889 1501 4943 ad
1540 4895 1760 4945 vestras
1809 4888 2033 4955 domos,

323 4979 592 5036 carnalia
613 4979 837 5051 loquor,
863 4978 1347 5050 lerrenaloquor;
1383 4978 1705 5034 humanum
1730 4978 1877 5045 dico,
1904 4993 2033 5049 pro-

325 5074 457 5140 pter
490 5069 891 5125 intirmitatem
924 5069 1115 5124 carnis
1142 5074 1344 5124 vestra:
1384 5069 1559 5138 (Rom.
1594 5085 1670 5133 v1,
1708 5068 1815 5138 19).
1872 5067 2033 5123 Multi

325 5159 559 5215 habetis
592 5159 892 5232 conjuges,
918 5158 1085 5214 multi
1118 5158 1326 5214 habere
1356 5156 1553 5224 vultis,
1589 5155 1752 5212 multi
1783 5157 1891 5213 etsi
1921 5173 2034 5213 non

325 5250 528 5315 vultis,
549 5248 841 5305 habuistis
867 5265 880 5315 ;
916 5248 1083 5304 multi
1120 5248 1218 5321 qui
1251 5247 1493 5304 omnino
1524 5248 1800 5318 coniuges
1826 5246 2038 5305 habere

324 5353 445 5392 non
476 5336 679 5406 vultis,
712 5337 784 5392 de
831 5337 1178 5408 conjugibus
1242 5341 1474 5407 patrum
1531 5343 1855 5390 vestrorum
1916 5335 2034 5391 nati

321 5427 470 5481 estis
504 5443 517 5479 :
552 5426 784 5482 nullum
817 5442 914 5482 cor
944 5430 1035 5482 est
1065 5428 1219 5498 quod
1254 5442 1369 5483 non
1401 5426 1510 5482 iste
1531 5427 1735 5495 tangat
1754 5425 2031 5496 ali'ectus;

326 5516 529 5571 nullus
554 5516 611 5570 in
638 5516 811 5571 rebus
834 5516 1109 5571 humanis
1129 5521 1249 5573 tam
1283 5517 1447 5571 avius
1480 5532 1513 5570 a
1541 5529 1749 5584 genere
1781 5514 2035 5573 humano

392 5619 407 5651 ί
444 5614 502 5663 In
535 5614 783 5679 pluribus
813 5614 957 5669 Mss.,
988 5627 1081 5676 ego
1109 5615 1218 5678 qui.

1522 246 1998 309 TRACTATUS
2046 248 2198 311 XIII.
2250 253 2507 315 CAPUT
2552 254 2653 317 III.

3690 276 3846 337 1498

2142 391 2249 455 est,
2283 390 2381 462 qui
2407 394 2561 463 quod
2594 393 2724 450 dico
2757 411 2870 451 non
2903 398 3133 456 sentiat.
3169 402 3371 461 Ponite
3401 406 3657 479 aliquem
3712 428 3842 482 per-

2142 493 2276 549 egre
2312 486 2655 551 profectum,
2691 490 3134 548 commendasse
3187 494 3374 551 amico
3419 514 3525 554 suo
3572 518 3841 570 sponsam

2141 584 2308 624 suam
2342 589 2356 627 :
2402 574 2559 641 Vide,
2592 593 2786 647 quaeso
2810 585 2883 647 te,
2908 580 3096 637 clarus
3135 600 3299 640 meus
3327 602 3407 651 es,
3450 605 3518 644 ne
3558 590 3702 646 forte
3753 610 3844 649 me

2141 657 2378 716 absente
2408 678 2509 733 pro
2543 681 2633 721 me
2662 666 2877 739 aliquis
2908 680 3153 726 ametur.
3179 674 3379 739 Qualis
3416 693 3553 749 ergo
3592 679 3710 743 ille,
3743 682 3843 752 qui

2140 752 2473 810 custodiens
2494 772 2772 828 sponsam
2795 759 2883 816 vel
2908 778 3143 819 uxorem
3169 766 3465 831 amicisui,
3487 770 3582 825 dat
3607 774 3838 842 quidem

2138 855 2373 930 operam
2391 850 2452 899 ut
2467 846 2661 902 nullus
2677 848 2823 905 alius
2837 854 3189 915 ametur,sed
3208 855 3253 910 si
3269 860 3524 914 seamari
3542 876 3643 930 pro
3657 863 3841 918 amico

2143 929 2404 1001 voluerit,
2430 939 2486 989 et
2520 936 2598 991 uti
2632 937 2876 995 voluerit
2906 944 3312 1001 commendata
3343 945 3478 1014 sibi,
3513 929 3688 1020 quam
3740 953 3839 1006 dc-

2143 1021 2450 1078 testandus
2484 1026 2751 1082 universo
2787 1029 3039 1085 humana
3086 1033 3286 1102 generi
3325 1043 3611 1106 apparet?
3644 1038 3845 1094 Videat

2144 1106 2303 1163 illam
2338 1112 2637 1183 aliquanto
2668 1118 3019 1188 petulantius
3050 1138 3151 1191 per
3178 1122 3489 1181 fenestram
3544 1129 3843 1186 attendere

2143 1202 2449 1269 autjocari
2472 1220 2601 1260 cum
2623 1206 2839 1278 aliquo,
2862 1210 3129 1281 prohibet
3152 1217 3426 1285 tanquam
3460 1216 3643 1273 zelet:
3677 1220 3840 1276 video

2142 1288 2441 1360 zelanlem,
2468 1296 2564 1350 sed
2591 1295 2813 1353 videam
2848 1300 2972 1367 cui;
3012 1307 3204 1357 utrum
3250 1304 3435 1362 amico
3481 1307 3731 1374 absenti,
3766 1328 3837 1365 an

2142 1379 2250 1436 sibi
2286 1384 2571 1450 prmscnli.
2611 1386 2804 1443 Putate
2837 1388 2946 1443 hoc
2980 1390 3291 1447 Dominum
3327 1398 3593 1451 nostrum
3635 1401 3835 1455 Jesum

2140 1468 2436 1526 Christum
2473 1472 2694 1530 fecisse.
2729 1478 3174 1535 Commendavit
3205 1482 3389 1537 amico
3421 1500 3524 1539 suo
3565 1503 3837 1557 sponsam

2140 1574 2321 1623 suam,
2356 1578 2589 1633 peregre
2623 1568 2910 1634 profectus
2942 1574 3032 1623 est
3080 1571 3343 1642 accipere
3393 1589 3661 1643 regnum,
3694 1576 3844 1632 sicut

2140 1652 2283 1707 dicit
2314 1651 2433 1722 ipse
2462 1652 2520 1707 in
2556 1654 2863 1727 Evangelia
2894 1659 3045 1725 (Luc.
3078 1676 3193 1726 xxx,
3229 1662 3335 1730 12),
3370 1666 3429 1716 et
3462 1667 3651 1719 tamen
3707 1681 3845 1736 pre-

2141 1756 2275 1796 sens
2307 1746 2394 1796 est
2426 1744 2744 1813 majestate.
2779 1746 3038 1802 Fallatur
3075 1749 3300 1805 amicus
3353 1752 3453 1822 qui
3489 1756 3651 1809 trans
3686 1771 3844 1810 mare

2141 1830 2431 1901 profectus
2462 1838 2588 1901 est;
2620 1840 2677 1890 et
2707 1836 2755 1891 si
2797 1836 3040 1904 fallitur,
3082 1856 3160 1894 va:
3206 1839 3292 1895 illi
3340 1841 3439 1911 qui
3483 1840 3665 1899 fallit!
3701 1844 3839 1916 quid

2138 1919 2318 1975 Deum
2360 1921 2555 1978 fallere
2604 1929 2907 1992 conantur,
2958 1928 3139 1983 Deum
3188 1928 3510 1987 intuentem
3571 1932 3836 1988 omnium

2136 2010 2328 2076 corda,
2361 2014 2417 2065 et
2447 2012 2709 2068 omnium
2742 2019 2962 2071 secreta
2994 2016 3292 2071 rimantem
3324 2020 3352 2072 ?
3382 2019 3586 2074 Existit
3626 2020 3837 2090 aliquis

2137 2097 2465 2166 haereticus,
2496 2110 2547 2156 et
2579 2101 2719 2158 dicit
2752 2119 2766 2158 :
2801 2104 2916 2176 Ego
2947 2106 3162 2177 do,ego
3184 2107 3507 2176 sanetitlco,
3539 2110 3840 2181 egojusti-

2142 2188 2273 2255 ﬁco,
2308 2188 2438 2245 nolo
2464 2206 2561 2245 eas
2592 2194 2661 2246 ad
2708 2192 2867 2248 illam
2928 2200 3166 2251 sectam.
3202 2197 3353 2252 Bene
3384 2197 3618 2269 quidem
3669 2201 3837 2266 zelat,

2140 2281 2237 2335 sed
2270 2280 2396 2333 vide
2425 2280 2536 2336 cui.
2572 2281 2696 2336 Non
2729 2298 2824 2338 eas
2853 2284 2921 2337 ad
2972 2284 3147 2353 idola,
3181 2285 3325 2341 bene
3380 2287 3563 2342 zelat:
3605 2304 3719 2343 non
3771 2291 3841 2343 ad

2139 2368 2461 2440 sortilegos,
2488 2370 2633 2426 bene
2652 2371 2817 2427 zelat.
2846 2372 3152 2429 Videamus
3184 2375 3275 2429 cui
3318 2374 3467 2431 zelat
3500 2393 3513 2429 :
3547 2377 3664 2448 Ego
3687 2378 3840 2447 quod

2139 2459 2213 2514 do
2243 2464 2513 2515 sanctum
2546 2465 2654 2529 est,
2689 2460 2824 2533 quia
2844 2477 2947 2534 ego
2975 2463 3085 2530 do;
3119 2479 3223 2535 ego
3256 2481 3431 2535 quem
3471 2464 3697 2536 baptizo
3743 2467 3843 2522 ba-

2140 2547 2390 2620 ptizatus
2419 2552 2528 2615 est,
2557 2565 2726 2619 quem
2761 2566 2872 2606 non
2908 2550 3129 2621 baptizo
3184 2569 3298 2606 non
3354 2556 3443 2607 est
3491 2553 3837 2624 baptizatus.

2140 2639 2292 2694 Audi
2326 2640 2573 2695 amicum
2616 2642 2834 2709 sponsi,
2867 2640 3024 2697 disce
3074 2642 3259 2697 zelare
3286 2644 3472 2698 amico
3521 2646 3624 2698 tuo
3658 2660 3671 2697 :
3706 2644 3842 2699 audi

2139 2746 2333 2785 vocem
2354 2730 2533 2793 illius.
2558 2730 2655 2786 Hic
2676 2734 2750 2787 est
2772 2733 2872 2803 qui
2901 2732 3165 2803 baptizat.
3200 2735 3389 2799 Quare
3422 2732 3524 2787 tibi
3568 2734 3652 2788 vis
3684 2750 3841 2789 arro-

2140 2834 2276 2890 gare
2299 2821 2452 2889 quod
2490 2826 2655 2875 tuum
2690 2838 2802 2877 non
2836 2823 2970 2877 est?
3001 2821 3195 2893 Usque
3226 2823 3368 2877 adeo
3402 2822 3614 2877 absens
3637 2827 3723 2879 est
3747 2824 3843 2894 qui

2143 2908 2235 2963 hic
2265 2909 2499 2981 reliquit
2529 2927 2805 2982 sponsam
2840 2928 2999 2967 suam
3022 2913 3049 2965 Υ
3087 2911 3283 2967 Nescis
3337 2913 3472 2982 quia
3519 2910 3616 2967 ille
3665 2913 3766 2983 qui
3816 2930 3849 2969 a

2146 3000 2389 3054 mortuis
2405 3001 2733 3068 resurrexit,
2758 3002 2827 3056 ad
2848 3002 3139 3057 dexteram
3165 3002 3349 3056 Patris
3386 3001 3585 3056 sedet?
3620 3001 3677 3057 Si
3711 3018 3847 3058 con-

2145 3092 2655 3158 tempserunteum
2676 3091 2863 3147 Judaei
2888 3092 2945 3146 in
2979 3090 3135 3161 ligno
3184 3090 3557 3162 pendentem,
3590 3095 3651 3146 tu
3702 3107 3842 3148 con-

2144 3178 2355 3233 temnis
2380 3178 2437 3234 in
2488 3179 2629 3236 coelo
2679 3180 3023 3237 sedentem?
3061 3180 3292 3236 Noverit
3340 3179 3604 3236 Charitas
3657 3186 3841 3237 vestra

2143 3282 2413 3337 magnum
2447 3269 2699 3326 dolorem
2737 3286 2828 3325 me
2860 3272 2975 3342 pati
3012 3270 3080 3325 de
3131 3270 3240 3325 hac
3297 3286 3355 3324 re
3389 3285 3401 3323 :
3437 3270 3558 3338 sed,
3594 3274 3657 3324 ut
3703 3270 3841 3335 dixi,

2142 3356 2372 3414 dimitto
2395 3364 2600 3414 caetera
2625 3359 3075 3432 cogitationibus
3108 3358 3332 3414 vestris.
3360 3358 3489 3413 Non
3514 3357 3670 3413 enim
3691 3358 3837 3427 dico,

2143 3446 2190 3502 si
2221 3446 2424 3518 loquar
2454 3454 2568 3505 tota
2598 3450 2718 3517 die;
2757 3450 2804 3505 si
2839 3450 3107 3521 plangam
3139 3453 3259 3503 tota
3290 3448 3401 3516 die,
3429 3463 3541 3502 non
3576 3447 3843 3502 sufficio:

2144 3553 2258 3592 non
2295 3538 2447 3603 dico,
2470 3539 2518 3592 si
2560 3538 2824 3606 habeam,
2849 3538 3003 3594 sicut
3033 3536 3167 3591 dicit
3209 3535 3510 3606 pr0pheta,
3532 3536 3734 3603 [antem
3768 3536 3846 3589 ta-

2140 3642 2463 3699 crymarum
2492 3628 2711 3695 (Jerem.
2748 3645 2821 3694 1x,
2854 3629 2929 3696 1);
2955 3626 3055 3681 sed
3078 3626 3443 3682 siconvertar
3465 3624 3523 3679 in
3562 3623 3845 3694 lacrymas

2141 3718 2197 3771 et
2220 3714 2486 3786 lacrymm
2506 3718 2638 3771 ﬁam
2656 3720 2697 3786 ί,
2713 3717 2770 3771 in
2788 3715 3039 3787 linguas,
3054 3722 3110 3771 et
3128 3714 3335 3785 linguae
3350 3714 3506 3782 fiam,
3523 3730 3723 3786 parum
3736 3721 3843 3770 est.

2214 3805 2297 3859 12.
2328 3804 2669 3874 Redeamus,
2692 3806 2990 3861 videamus
3010 3804 3149 3877 quid
3186 3803 3325 3859 dicit
3365 3804 3514 3858 iste:
3549 3804 3653 3871 Qui
3682 3805 3843 3859 habet

2139 3910 2411 3968 sponsam,
2442 3912 2667 3966 sponsus
2701 3899 2817 3957 est;
2867 3912 2981 3951 non
3024 3901 3115 3951 est
3162 3911 3292 3950 mea
3339 3911 3576 3965 sponsa.
3611 3895 3677 3950 Et
3727 3912 3840 3950 non

2140 3985 2360 4057 gaudes
2391 3986 2449 4040 in
2481 3985 2744 4054 nuptiis?
2774 3988 2890 4042 [mo
2920 3986 3165 4057 gaudeo,
3196 3984 3278 4039 ait
3313 4000 3326 4039 :
3376 3983 3601 4039 Amicus
3657 3992 3841 4041 autem

2139 4074 2346 4145 sponsi,
2375 4074 2469 4147 qui
2490 4080 2597 4129 stat
2628 4085 2677 4131 et
2706 4076 2857 4130 audit
2888 4091 3033 4141 eum,
3064 4072 3272 4144 gaudio
3302 4074 3501 4143 gaudet
3514 4078 3733 4143 prapter
3755 4089 3842 4128 ro-

2139 4179 2252 4219 cem
2272 4166 2477 4235 sponsi.
2503 4164 2650 4232 Non,
2675 4164 2885 4237 inquit,
2909 4164 3132 4235 gaudeo
3154 4167 3393 4235 propter
3410 4178 3604 4216 vocem
3632 4178 3843 4225 meam,

2140 4254 2241 4309 sed
2267 4259 2499 4326 propter
2520 4271 2711 4310 vocem
2737 4254 2935 4325 sponsi
2960 4252 3321 4323 gaudeo.Ego
3344 4266 3477 4305 sum
3513 4251 3569 4303 in
3604 4250 3842 4304 audien-

2139 4343 2232 4411 do,
2264 4343 2363 4400 ille
2386 4344 2736 4399 indicendo:
2775 4359 2875 4415 ego
2908 4359 3038 4397 sum
3071 4341 3226 4396 enim
3266 4337 3714 4403 illuminandus,
3749 4337 3843 4393 illo

2143 4431 2337 4488 lumen
2362 4453 2376 4499 ;
2406 4449 2511 4503 ego
2532 4449 2664 4487 sum
2698 4432 2756 4486 in
2784 4447 2940 4497 aure,
2975 4429 3069 4484 ille
3110 4428 3388 4483 Verbum.
3440 4430 3585 4495 Ergo
3616 4425 3841 4481 amicus

2142 4522 2466 4592 sponsistat
2486 4521 2718 4577 etaudit
2738 4536 2892 4575 eum.
2923 4523 3108 4584 Quare
3147 4514 3471 4577 stat?Quia
3518 4530 3630 4569 non
3664 4514 3840 4568 cadit.

2142 4612 2326 4675 Quare
2350 4628 2461 4666 non
2494 4610 2689 4666 cadit?
2737 4609 2882 4675 Quia
2912 4606 3149 4663 humilis
3180 4609 3287 4660 est.
3322 4604 3467 4659 Vide
3504 4607 3752 4659 stantem
3788 4604 3844 4657 in

2142 4701 2322 4756 solido
2357 4701 2514 4757 :Non
2544 4716 2665 4757 sum
2712 4700 2911 4769 dignus
2956 4696 3262 4769 corrigiam
3319 4693 3679 4750 catceamenti
3729 4695 3841 4765 ejus

2141 4792 2346 4848 solvere
2378 4792 2556 4865 (Joan.
2590 4809 2627 4863 ι,
2658 4792 2769 4863 27).
2830 4795 2982 4845 Bene
3028 4792 3083 4844 te
3125 4786 3426 4854 humilius,
3474 4787 3681 4842 merito
3730 4802 3839 4839 non

2143 4882 2325 4949 cadis,
2362 4882 2566 4938 merito
2596 4886 2740 4950 stas,
2775 4876 2976 4934 merito
3004 4875 3175 4949 audis
3208 4891 3363 4944 eum,
3384 4878 3444 4930 et
3474 4874 3685 4943 gaudio
3708 4888 3841 4939 gau-

2143 4970 2242 5025 des
2277 4976 2507 5043 pr0pter
2530 4986 2729 5026 vocem
2761 4966 2977 5041 sponsi.
3012 4967 3104 5023 Sic
3150 4970 3207 5020 et
3250 4961 3565 5035 Apostolus
3616 4959 3839 5013 amicus

2144 5062 2367 5131 sponsi,
2396 5060 2545 5116 zelat
2569 5065 2625 5116 et
2651 5062 2792 5131 ipse,
2828 5072 2945 5114 non
2975 5056 3107 5123 sibi,
3140 5054 3243 5109 sed
3274 5067 3506 5123 sponso.
3550 5048 3698 5103 Audi
3742 5064 3841 5101 νος

2144 5166 2267 5205 cem
2289 5151 2527 5208 zelantis
2555 5166 2569 5205 :
2609 5151 2733 5206 Zeto
2756 5150 2847 5204 Dei
2878 5162 2968 5202 vos
2996 5146 3137 5209 zelo,
3176 5141 3316 5196 dixit
3345 5157 3359 5208 ;
3396 5154 3508 5194 non
3542 5154 3692 5203 meo,
3727 5154 3837 5192 non

2144 5242 2309 5310 mihi,
2335 5243 2434 5298 sed
2452 5244 2571 5300 zelo
2596 5240 2717 5298 Dei.
2746 5236 2951 5297 Unde?
2981 5232 3316 5307 quomodo?
3341 5245 3513 5295 quam
3546 5226 3722 5293 zelas,
3756 5226 3843 5283 vel

2144 5331 2234 5387 cui
2254 5332 2404 5387 zelas
2427 5333 2454 5388 ‘t
2486 5328 2813 5403 Desponsavi
2841 5327 2991 5383 enim
3020 5338 3108 5379 vos
3137 5321 3239 5376 uni
3273 5320 3415 5387 viro,
3451 5316 3727 5397 virginem
3757 5334 3845 5371 ca-

2141 5426 2282 5479 stam
2311 5421 2567 5479 exhibere
2598 5420 2829 5477 Christo.
2861 5413 3009 5479 Quid
3041 5427 3177 5485 ergo
3213 5406 3431 5467 times?
3456 5424 3633 5481 quare
3656 5407 3845 5464 zelus?

2212 5605 2535 5668 iMss.prope
2549 5610 2735 5651 omnes
2747 5596 3083 5660 omittunt,in
3096 5596 3358 5661 lacrymas
3371 5601 3419 5645 et
3437 5591 3836 5658 lacrynwﬂam.
