4146 6186
319 250 345 309 1
357 252 469 312 499

321 395 349 445 Ἰ
365 391 520 458 imeo,
556 387 766 461 inquit,
799 403 867 443 ne
889 387 1032 442 sicut
1072 401 1294 456 serpens
1340 384 1552 440 seduxit
1601 385 1767 439 Evam
1821 382 2024 439 astutia

316 498 434 547 sua,
462 484 539 537 sic
568 484 617 535 et
651 479 815 534 vestri
836 494 1020 535 sensus
1051 486 1479 548 corrumpantur
1526 492 1558 530 a
1602 477 1854 531 castitate
1904 489 2024 546 quae

320 577 396 628 est
430 571 486 625 in
514 570 816 639 Chrislo(tl
845 572 968 625 Cor.
1003 585 1081 634 ιι,
1132 570 1185 633 2,
1236 568 1313 638 3).
1364 566 1571 623 Omnis
1619 565 1870 621 Ecclesia
1918 564 2021 619 vir-

320 678 390 733 go
420 660 707 731 appellata
737 662 842 714 est.
878 659 1116 715 Diversa
1147 673 1270 712 esse
1301 656 1561 711 membra
1612 656 1900 723 Ecclesiae,
1936 655 2024 711 di-

322 750 502 807 versis
533 752 698 805 donis
731 749 941 820 pollere
973 747 1177 803 videtis
1218 751 1389 818 atque
1438 747 1727 817 gaudere:
1753 744 1849 800 alii
1885 761 2022 801 con-

322 841 535 914 jugnti,
561 841 686 895 alim
710 841 1055 911 conjugatae,
1086 838 1183 891 alii
1216 836 1434 892 viduati
1468 852 1675 891 uxores
1709 834 1861 890 ultra
1908 852 2019 889 non

322 936 607 1001 quaerunt,
642 930 766 984 alia:
798 929 1040 983 viduatae
1075 926 1313 981 maritos
1363 925 1517 980 ultra
1569 941 1680 980 non
1732 930 2021 995 quaerunt,

321 1020 417 1076 alii
449 1021 832 1087 integritatem
884 1018 954 1071 ab
1005 1017 1239 1071 ineunte
1288 1018 1456 1069 estate
1505 1022 1865 1080 conservant,
1900 1014 2023 1069 aliis

320 1111 706 1181 virginitatem
733 1126 897 1165 suam
926 1109 1035 1164 Deo
1070 1110 1384 1172 voverunt;
1418 1107 1639 1162 diversa
1661 1112 1795 1162 sunt
1829 1121 2027 1161 mune—

321 1220 403 1266 ra,
437 1202 536 1257 sed
562 1216 759 1256 omnes
783 1199 875 1255 isti
902 1216 1018 1255 una
1040 1200 1200 1269 virgo
1224 1203 1327 1255 est.
1362 1197 1467 1253 Ubi
1502 1203 1584 1252 est
1631 1197 1745 1252 ista
1788 1197 2023 1267 virgini-

321 1290 456 1345 tas?
485 1306 597 1345 non
627 1290 783 1345 enim
818 1288 874 1343 in
926 1304 1165 1359 corpore
1206 1289 1246 1343 ¹.
1294 1290 1621 1342 Paucarum
1674 1286 2025 1341 feminarum

321 1384 428 1446 cst,
460 1387 512 1436 ct
538 1380 584 1435 si
615 1380 728 1435 dici
764 1378 1065 1449 virginitas
1089 1378 1143 1431 in
1180 1376 1317 1431 viris
1360 1380 1573 1448 potest,
1608 1392 1924 1448 paucorum
1950 1376 2029 1429 vi-

322 1485 516 1525 rorum
540 1474 737 1523 sancta
761 1466 1067 1539 integritas
1089 1466 1260 1521 etiam
1283 1464 1546 1537 corporis
1571 1470 1659 1521 est
1675 1464 1733 1520 in
1753 1464 2025 1531 Ecclesia,

320 1563 377 1613 et
409 1557 799 1613 honorabilius
832 1556 1157 1611 membrum
1192 1558 1279 1611 est
1314 1569 1329 1610 :
1360 1553 1473 1610 alia
1522 1558 1711 1609 autem
1767 1554 2030 1609 membra

320 1652 515 1704 nonin
541 1664 799 1719 corpore,
824 1647 924 1703 sed
950 1646 1228 1701 omniain
1275 1653 1467 1701 mente
1505 1648 1741 1701 servant
1785 1644 2027 1715 virgini-

322 1743 512 1795 tatem.
531 1740 661 1803 Quae
686 1741 774 1793 est
796 1737 1097 1807 virginitas
1121 1735 1334 1792 mentis
1356 1734 1383 1790 ἵ
1422 1737 1656 1806 Integra
1695 1736 1862 1804 ﬁdes,
1894 1734 2029 1790 soli-

322 1832 395 1886 da
435 1846 589 1901 spes,
623 1830 851 1884 sincera
881 1826 1157 1883 cbaritas.
1197 1828 1350 1881 Hanc
1380 1826 1768 1897 virginitatem
1790 1824 2029 1881 timebat

321 1920 438 1989 ille,
472 1918 571 1991 qui
605 1918 823 1975 zelabat
852 1934 1088 1988 sponso,
1123 1933 1156 1971 a
1203 1919 1470 1988 serpente
1518 1916 1836 1986 corrumpi.
1867 1916 2025 1971 Sicut

320 2013 473 2068 enim
502 2010 830 2066 membrum
854 2008 1111 2081 corporis
1132 2007 1386 2063 violatur
1409 2008 1466 2064 in
1491 2008 1742 2079 quodam
1766 2008 1913 2075 loco,
1940 2008 2024 2064 sic

322 2098 811 2170 seductiolinguaa
846 2097 1018 2153 violat
1046 2096 1436 2167 virginitatem
1469 2095 1681 2153 cordis.
1717 2096 1781 2151 In
1832 2100 2023 2151 mente

322 2206 435 2245 non
468 2192 897 2258 corrumpatur,
929 2202 1053 2257 quae
1102 2202 1215 2241 non
1266 2184 1388 2241 vult
1432 2184 1556 2241 sine
1606 2200 1781 2241 causa
1829 2188 2022 2240 tenere

322 2278 579 2347 corporis
612 2275 1027 2345 virginitatem.

395 2365 649 2429 13.Quid
680 2381 812 2435 ergo
845 2363 1060 2431 dicam,
1096 2364 1301 2420 fratres
1325 2364 1353 2420 ?
1385 2363 1451 2419 Et
1500 2362 1753 2419 hmretici
1804 2362 2023 2418 habent

320 2456 596 2527 virgines,
618 2460 673 2511 et
696 2455 891 2510 multae
914 2458 1054 2510 sunt
1078 2454 1325 2525 virgines
1367 2454 1793 2510 hereticorum.
1818 2452 2022 2508 Videa-

320 2562 453 2601 mus
476 2547 524 2600 si
546 2562 826 2615 sponsum
852 2549 1066 2614 amant,
1092 2549 1155 2600 ut
1175 2544 1479 2616 virginitas
1506 2545 1615 2601 ista
1635 2543 2015 2601 custodiatur.

321 2634 424 2688 Cui
455 2633 824 2688 custoditur?
854 2633 1088 2700 Christo,
1114 2633 1322 2704 inquit.
1358 2631 1674 2688 Videamus
1696 2633 1742 2688 si
1765 2631 2015 2699 Christo,

324 2740 437 2779 non
473 2724 690 2778 Donato
723 2740 735 2777 :
769 2724 1069 2778 videamus
1098 2724 1187 2779 cui
1220 2726 1482 2779 servetur
1523 2724 1633 2779 ista
1676 2721 2012 2795 virginitas;

322 2811 432 2867 cito
465 2811 705 2883 probare
731 2812 1005 2883 poteritis.
1053 2812 1191 2867 Ecce
1236 2813 1479 2869 ostendo
1538 2828 1841 2884 sponsum,
1878 2811 2019 2884 quia

321 2902 445 2972 ipse
468 2918 524 2957 se
547 2901 836 2957 ostendit:
862 2902 1123 2973 perbibet
1164 2901 1248 2957 illi
1287 2903 1687 2959 testimonium
1737 2902 2013 2968 Joannes,

321 2990 419 3046 Hic
446 2994 518 3046 est
551 2990 644 3061 qui
674 2989 935 3060 baptizat.
960 2990 1005 3044 0
1027 2996 1087 3045 tu
1118 2992 1298 3062 virgo,
1323 2992 1369 3047 si
1395 3008 1611 3063 sponso
1641 2992 1777 3048 huic
1818 3007 2016 3047 servas

320 3079 708 3150 virginitatem
734 3084 913 3145 tuam,
938 3095 1114 3150 quare
1136 3082 1318 3138 curris
1339 3082 1409 3136 ad
1433 3098 1562 3137 eum
1588 3082 1689 3153 qui
1712 3082 1875 3149 dicit,
1899 3083 2016 3151 Ego

319 3170 733 3243 baptizo;cum
756 3169 979 3225 amicus
1001 3169 1202 3241 sponsi
1229 3171 1307 3226 tui
1332 3172 1506 3240 dicat,
1542 3174 1648 3227 flio
1684 3173 1883 3243 estqui
1915 3172 2019 3225 ba-

316 3260 488 3332 ptimt
508 3268 535 3316 ἒ
566 3259 779 3315 Deinde
800 3274 1052 3330 sponsus
1068 3263 1203 3315 tuus
1220 3264 1397 3315 lotum
1415 3262 1613 3315 urbem
1629 3265 1815 3327 tenet;
1839 3278 2019 3332 quare

317 3359 376 3407 tu
408 3349 465 3405 in
498 3354 659 3421 parte
681 3348 1071 3420 corrumperis
1092 3349 1120 3403 Ἰ
1146 3349 1283 3415 Quis
1307 3354 1397 3405 est
1418 3366 1673 3421 sponsus
1693 3352 1721 3407 ?
1742 3351 2017 3419 Quoniam

317 3457 415 3499 rex
443 3440 619 3497 omnis
650 3447 808 3495 terrae
829 3439 966 3495 Deus
986 3438 1160 3507 (Psat.
1184 3456 1331 3504 va1,
1353 3441 1431 3511 8).
1457 3440 1585 3511 Ipse
1607 3456 1858 3511 sponsus
1882 3448 2017 3495 tuus

316 3536 502 3588 totum
527 3535 705 3600 tenet,
729 3529 863 3601 quia
885 3533 1070 3586 totum
1092 3529 1252 3586 emit.
1278 3530 1423 3586 Vide
1453 3532 1652 3601 quanti
1692 3531 1920 3601 emerit,
1954 3536 2018 3586 ut

317 3620 610 3693 intelligas
632 3619 765 3692 quid
788 3620 1029 3676 emerit:
1064 3620 1219 3692 quod
1252 3620 1505 3691 pretium
1532 3622 1738 3678 dedit?
1773 3620 2020 3694 Sangui-

318 3727 449 3767 nem
480 3709 654 3765 dedit.
689 3708 795 3763 Ubi
828 3708 1007 3775 dedit,
1045 3709 1143 3764 ubi
1174 3708 1322 3765 fudit
1344 3710 1687 3782 sanguinem
1712 3728 1880 3768 suum
1902 3714 1930 3769 ‘t
1954 3715 2015 3769 In

318 3799 608 3872 passione.
640 3797 842 3854 Nonne
872 3816 1086 3870 sponso
1128 3805 1226 3855 tuo
1283 3809 1502 3870 cantas,
1537 3806 1635 3857 aut
1682 3809 1916 3859 cantare
1967 3812 2017 3859 te

316 3889 512 3959 ﬁngis,
545 3886 775 3958 quando
805 3892 1035 3957 emptus
1066 3893 1153 3944 est
1184 3892 1336 3945 totus
1365 3891 1521 3947 orhis
1554 3908 1567 3948 :
1600 3894 1873 3949 Foderunt
1894 3912 2017 3950 ma-

316 3993 418 4032 nus
446 3991 590 4032 meas
620 3981 669 4031 et
688 3975 869 4047 pedes,
893 3976 1387 4035 dinumeraverunt
1407 3982 1595 4037 omnia
1608 3998 1727 4037 ossa
1741 4000 1862 4039 mea
1881 4002 1897 4041 :
1915 3984 2019 4055 ipsi

317 4081 441 4123 vero
487 4064 981 4135 consideraverunt,
1010 4077 1063 4123 et
1106 4078 1507 4139 conspexerunt
1557 4085 1683 4135 me;
1711 4071 2018 4128 diviserunt

316 4152 425 4212 sibi
452 4158 775 4211 vestimenta
805 4162 1022 4224 mea,et
1062 4172 1228 4227 super
1274 4162 1471 4214 vestem
1518 4174 1691 4213 meam
1745 4162 2017 4218 miserunt

315 4251 561 4301 sortem?
589 4244 817 4316 Sponsa
842 4261 921 4312 es,
956 4260 1205 4316 agnosce
1228 4250 1443 4301 vestem
1476 4248 1675 4319 sponsi
1709 4248 1811 4304 tui.
1835 4253 2019 4322 Super

315 4349 488 4406 quam
519 4339 737 4389 vestem
763 4334 943 4389 missa
964 4337 1053 4389 est
1075 4349 1199 4390 sors
1217 4334 1245 4390 ?
1276 4335 1567 4406 Interroga
1600 4336 1973 4409 Evangelium
1998 4356 2013 4409 ;

314 4424 446 4483 vide
476 4423 569 4479 cui
599 4424 947 4494 desponsata
977 4422 1081 4493 sis,
1113 4422 1244 4480 vide
1274 4442 1307 4481 a
1339 4441 1455 4498 quo
1502 4425 1705 4482 arrhas
1741 4428 2013 4501 accipias.

316 4515 615 4585 Interroga
630 4514 998 4587 Evangelium
1018 4535 1032 4585 ;
1051 4515 1181 4572 vide
1203 4516 1342 4588 quid
1368 4517 1470 4573 tibi
1498 4517 1723 4574 dicatid
1746 4521 2016 4592 passione

314 4601 567 4658 Domini.
600 4602 829 4657 Eratibi
875 4606 1064 4661 tunica
1098 4621 1119 4667 :
1159 4606 1460 4663 videamus
1516 4608 1707 4679 qualis
1741 4627 1755 4667 :
1787 4610 2017 4683 desuper

314 4696 487 4745 texta.
520 4688 781 4760 Desuper
801 4694 951 4747 texta
972 4693 1173 4749 tunica
1193 4694 1328 4767 quid
1353 4696 1663 4768 significat,
1689 4699 1802 4755 nisi
1823 4700 2016 4755 chari-

314 4781 489 4835 tatem
511 4776 539 4833 ‘t
570 4776 821 4849 desuper
841 4782 991 4834 texta
1012 4781 1204 4837 tunica
1226 4782 1363 4854 quid
1396 4783 1709 4855 signiﬁcat,
1735 4789 1843 4845 nisi
1887 4789 2016 4845 uni-

312 4870 493 4925 tatem
513 4866 543 4925 7
571 4865 729 4924 Hanc
743 4867 1005 4923 tunicam
1028 4872 1280 4937 attende,
1298 4887 1471 4942 quam
1497 4889 1600 4930 nec
1619 4882 2018 4947 persecutores

314 4955 527 5015 Christi
557 4954 897 5013 diviserunt.
930 4956 1023 5013 Ait
1052 4959 1204 5015 enim
1240 4976 1253 5013 :
1291 4961 1558 5018 Dicerunt
1589 4966 1734 5021 inter
1774 4984 1851 5037 se,
1902 4970 2016 5027 Non

313 5046 623 5104 diuidamus
650 5061 793 5115 eam,
824 5048 917 5104 sed
944 5057 1147 5105 sortem
1176 5066 1341 5121 super
1359 5067 1480 5108 eam
1508 5059 1790 5113 mittamus
1839 5062 2014 5130 (toan.

322 5138 529 5208 xx,23,
560 5138 669 5208 54).
712 5138 855 5196 Ecce
906 5140 1060 5197 unde
1110 5140 1357 5197 audistis
1409 5142 1729 5203 Psalmum.
1782 5148 2015 5208 Vestem

320 5233 716 5295 persecutores
738 5245 851 5288 non
876 5229 1287 5288 consciderunt
1313 5247 1324 5287 :
1351 5231 1655 5291 christiani
1705 5238 2014 5299 Ecclesiam

318 5308 612 5375 dividunt.

370 5466 731 5549 ξ
740 5470 861 5549 Mss.
877 5474 939 5525 At
951 5475 1076 5549 editi
1092 5480 1240 5549 :_Non
1258 5483 1392 5549 enim
1412 5483 1465 5533 in
1491 5498 1721 5548 corpore.
1742 5486 1793 5535 In
1815 5499 2021 5549 corpore

362 5533 955 5612 qgfgtjlttzletufnarum
974 5542 1164 5612 estLEt
1194 5551 1332 5606 post,
1364 5546 1478 5599 loco
1509 5533 1691 5600 sancta
1722 5533 2018 5612 integritas,

368 5591 544 5658 about,
575 5591 844 5659 sanctitas,
880 5591 1176 5661 integritas.

1260 246 1339 305 ΙΝ
1382 244 1719 307 JOANNIS
1766 244 2294 315 EVANGELIUM,
2345 245 2406 306 S.
2454 244 2870 308 AUGUSTINI

3679 253 3839 313 1500

2204 384 2286 439 14.
2324 384 2435 440 Sed
2470 382 2609 455 quid
2642 383 2854 453 dicam,
2881 385 3087 443 fratres
3106 387 3134 440 ἰ)
3154 390 3357 457 Aperte
3380 386 3682 444 videamus
3697 389 3839 461 quid

2130 475 2353 529 emerit.
2384 471 2465 527 Ibi
2486 472 2639 528 enim
2663 473 2824 540 emit,
2847 474 2946 530 ubi
2968 477 2983 510 ¹
3002 474 3253 547 pretium
3276 475 3457 532 dedit.
3484 482 3593 533 Pro
3616 487 3835 550 quanto

2131 561 2335 618 dedit?
2364 562 2422 617 Si
2456 578 2557 634 pro
2580 562 2773 619 Africa
2797 563 2987 633 dedit,
3030 564 3217 621 simus
3270 566 3601 634 Donatistae,
3627 572 3683 623 et
3722 586 3835 625 non

2131 650 2489 723 appellamur
2518 652 2860 718 Donatistae,
2892 654 2992 710 sed
3024 653 3342 712 Christiani
3368 670 3384 725 ;
3407 658 3549 727 quia
3578 657 3842 714 Christus

2132 738 2317 796 solam
2347 740 2602 797 Africam
2635 740 2777 797 emit
2808 758 2822 797 :
2856 759 3187 816 quanquam
3216 752 3269 800 et
3300 743 3397 802 hic
3428 761 3542 801 non
3575 747 3684 802 soli
3726 747 3839 803 Do-

2131 830 2499 886 natistte.Sed
2521 847 2635 887 non
2658 832 2839 888 tacuit
2864 831 2920 887 in
2941 833 3290 889 commercio
3312 850 3419 890 suo
3444 835 3582 906 quid
3612 838 3835 892 emerit.

2133 918 2281 975 Fecit
2304 918 2533 976 tabulas
2567 936 2581 976 :
2617 922 2730 977 Deo
2763 920 2998 992 gratias,
3026 937 3140 979 non
3164 939 3273 978 nos
3289 922 3512 979 fefellit.
3547 926 3707 998 Opus
3755 930 3845 981 est

2134 1007 2412 1063 utaudiat
2441 1008 2539 1063 illa
2570 1025 2806 1080 sponsa,
2830 1013 2887 1065 et
2917 1009 2998 1064 ibi
3038 1008 3327 1083 intelligat
3355 1012 3449 1067 cui
3480 1014 3696 1068 voveril
3737 1013 3849 1069 vir-

2134 1095 2459 1167 ginitatem.
2489 1097 2571 1153 lbi
2596 1098 2653 1152 in
2676 1098 2801 1169 ipso
2824 1098 3046 1171 psalmo
3069 1098 3167 1155 ubi
3196 1100 3417 1157 dictum
3442 1105 3551 1172 est,
3574 1103 3852 1159 Foderunt

2133 1201 2329 1241 manus
2345 1202 2491 1242 meas
2517 1200 2568 1242 et
2578 1187 2761 1260 pedes,
2787 1188 3285 1245 dinumeraverunt
3315 1192 3506 1247 omnia
3533 1206 3658 1248 ossa
3687 1209 3807 1249 mea
3828 1213 3847 1255 ,-

2138 1275 2235 1330 ubi
2252 1276 2443 1348 passio
2465 1279 2694 1335 Domini
2713 1279 3076 1350 apertissime
3089 1280 3444 1338 declaratur:
3468 1283 3568 1354 qui
3585 1282 3848 1353 psalmus

2134 1366 2295 1423 omni
2323 1383 2476 1423 anno
2500 1367 2711 1439 legitur
2740 1369 3055 1425 novissima
3078 1369 3448 1427 hebdomada
3468 1371 3694 1429 intento
3716 1374 3849 1428 uni-

2136 1472 2300 1511 verso
2332 1458 2568 1529 populo,
2611 1460 2955 1515 imminente
3004 1460 3277 1532 passione
3317 1460 3554 1532 Christi,
3587 1466 3643 1518 et
3690 1465 3842 1535 apud

2139 1560 2265 1610 nos,
2288 1550 2344 1599 et
2364 1548 2514 1617 apud
2538 1547 2671 1603 illos
2695 1550 2957 1619 psalmus
2978 1547 3089 1603 iste
3123 1548 3354 1619 legitur.
3380 1551 3691 1621 lntendite,
3730 1554 3845 1607 fra-

2139 1637 2273 1703 tres,
2299 1636 2438 1705 quid
2466 1636 2545 1690 ibi
2566 1636 2706 1692 emit
2730 1662 2743 1705 ;
2765 1637 3076 1693 recitantur
3105 1637 3316 1694 tabula:
3365 1641 3804 1698 commerciales
3831 1660 3845 1709 ;

2138 1723 2280 1793 quid
2313 1725 2391 1779 ibi
2423 1727 2586 1795 emit,
2610 1727 2805 1783 audite
2827 1744 2838 1782 :
2862 1729 3446 1785 Commemorabuntur
3459 1740 3513 1785 et
3532 1736 3848 1789 converten-

2140 1814 2231 1865 tur
2259 1813 2328 1868 ad
2359 1816 2652 1871 Dominum
2674 1817 2919 1872 universi
2949 1818 3082 1887 ﬁnes
3108 1820 3309 1882 terrae;
3348 1821 3402 1873 et
3438 1818 3748 1876 adorabunt
3787 1823 3849 1875 in

2132 1914 2420 1975 conspectu
2448 1906 2565 1977 ejus
2588 1910 2861 1964 universa:
2878 1909 3072 1978 patriar
3093 1909 3658 1982 gentium:quoniam
3674 1911 3851 1982 ipsius

2135 2002 2215 2047 est
2244 2009 2500 2063 regnum,
2535 2006 2585 2052 et
2616 1999 2730 2068 ipse
2778 1998 3162 2054 dominabitur
3208 2001 3458 2068 gentium
3493 2000 3673 2071 (Psat.
3721 2019 3842 2071 χιιι,

2131 2083 2309 2155 29-3).
2328 2085 2467 2141 Ecce
2488 2088 2627 2157 quid
2645 2088 2805 2143 emit.
2833 2090 2963 2145 Ecce
2992 2090 3258 2160 quoniam
3289 2104 3391 2145 rex
3438 2091 3615 2145 omnis
3674 2094 3844 2149 terrae

2137 2172 2273 2227 Deus
2296 2179 2386 2230 est
2412 2192 2662 2246 sponsus
2685 2182 2839 2234 tuus.
2865 2180 3012 2246 Quid
3037 2195 3171 2251 ergo
3192 2180 3260 2234 ad
3287 2180 3605 2252 pannosvis
3623 2179 3833 2237 deduci

2134 2260 2307 2317 talem
2339 2262 2627 2321 divitem?
2671 2267 2973 2337 Agnosco:
3017 2270 3199 2322 totum
3252 2268 3414 2335 emit,
3447 2272 3505 2322 et
3549 2270 3612 2322 tu
3664 2268 3837 2334 dicis,

2130 2349 2360 2406 Partem
2392 2351 2487 2410 hic
2519 2353 2717 2411 babes.
2742 2355 2855 2411 Osi
2878 2356 3130 2423 placeres
3148 2372 3384 2428 sponso,
3418 2373 3451 2413 ο
3482 2356 3532 2413 si
3564 2373 3677 2413 non
3710 2375 3840 2414 cor-

2129 2445 2301 2511 rupta
2331 2442 2669 2515 loquereris,
2700 2449 2758 2501 et
2789 2451 3081 2519 corrupta,
3115 2448 3268 2520 quod
3303 2448 3469 2520 pejus
3499 2452 3608 2514 est,
3653 2450 3852 2523 corde,

2130 2545 2245 2585 non
2281 2534 2555 2604 corpore?
2583 2536 2760 2592 Amas
2792 2536 3087 2593 hominem
3122 2554 3224 2609 pro
3259 2537 3509 2606 Christo,
3543 2556 3708 2595 amas
3749 2541 3839 2594 di-

2129 2628 2372 2684 centem,
2398 2623 2512 2695 Ego
2530 2625 2759 2697 baptizo
2777 2640 2791 2680 :
2810 2628 3062 2683 amicum
3085 2628 3281 2700 sponsi
3302 2645 3415 2684 non
3438 2630 3609 2685 audis
3634 2629 3840 2686 dicen—

2125 2710 2265 2779 tem,
2299 2713 2398 2768 Hic
2412 2715 2873 2787 cstquibaptizat;
2892 2734 3007 2773 non
3030 2718 3197 2774 audis
3219 2718 3530 2788 dicentem,
3546 2721 3651 2789 Qui
3670 2720 3837 2777 habet

2124 2814 2396 2871 sponsam,
2427 2821 2659 2876 sponsus
2687 2814 2782 2863 est.
2814 2808 2931 2880 Ego
2955 2825 3068 2864 non
3095 2808 3275 2866 habeo
3308 2827 3609 2881 sponsam,
3634 2811 3781 2867 dixit
3814 2828 3828 2866 :

2126 2893 2223 2948 sed
2260 2894 2399 2965 quid
2434 2912 2564 2953 sum
2588 2896 2615 2953 ‘t
2639 2899 2859 2955 Amicus
2879 2907 3067 2957 autem
3086 2903 3292 2972 sponsi,
3325 2902 3422 2972 qui
3449 2908 3555 2957 stat
3585 2909 3636 2957 et
3672 2902 3832 2957 audit

2123 3000 2260 3049 eum,
2294 2986 2499 3054 gaudio
2527 2988 2729 3057 gaudet
2757 2994 2981 3062 propter
3011 3007 3188 3048 vocem
3213 2991 3397 3062 sponsi
3425 2992 3571 3062 (Cor.
3604 3009 3730 3061 xui,
3757 2994 3833 3063 1).

2201 3076 2284 3131 15.
2322 3076 2623 3135 Evidenter
2655 3095 2811 3151 ergo,
2845 3082 3054 3137 fratres
3086 3080 3219 3151 mei,
3244 3080 3390 3135 nihil
3418 3082 3652 3152 prodest
3700 3081 3834 3138 istis

2127 3182 2351 3223 servare
2373 3168 2786 3240 virginitatem,
2805 3169 3017 3226 habere
3048 3169 3488 3237 continentiam,
3512 3169 3830 3243 eleemosy-

2129 3272 2233 3311 nas
2256 3256 2425 3325 dare;
2451 3258 2650 3315 omnia
2671 3258 2769 3314 illa
2792 3276 2917 3331 quae
2939 3262 3254 3315 laudantur
3276 3259 3335 3315 in
3372 3258 3650 3325 Ecclesia,
3685 3259 3832 3315 nihil

2126 3343 2242 3400 illis
2266 3352 2549 3416 prosunt:
2577 3349 2715 3421 quia
2736 3349 3127 3405 conscindunt
3148 3348 3457 3417 unitatem,
3473 3348 3526 3403 id
3549 3352 3661 3415 est,
3681 3350 3837 3405 tuni-

2128 3449 2252 3490 cam
2277 3435 2433 3491 illam
2461 3436 2774 3495 charitatis.
2790 3440 2897 3503 Qui
2914 3438 3171 3495 faciunt?
3187 3438 3393 3494 Diserti
3414 3455 3479 3493 su
3492 3442 3552 3493 nt
3565 3438 3731 3494 multi
3750 3440 3838 3494 in-

2130 3522 2387 3592 terillos,
2403 3541 2621 3597 magna:
2642 3527 2874 3600 linguas,
2896 3526 3511 3599 fluminalinguarum.
3536 3527 3831 3598 Numquid

2127 3615 2386 3686 angelice
2411 3616 3030 3688 loquuntur‘tAudiant
3051 3617 3305 3675 amicum
3324 3618 3522 3690 sponsi
3549 3618 3828 3674 zelantem

2127 3720 2363 3775 sponso,
2388 3722 2502 3763 non
2521 3707 2633 3762 sibi
2658 3724 2672 3763 :
2696 3707 2755 3763 Si
2776 3708 2981 3780 tinguis
3004 3708 3289 3764 hominum
3314 3709 3506 3779 loquar
3524 3712 3579 3763 et
3593 3708 3831 3779 Angelo-

2127 3808 2270 3861 rum,
2296 3794 2619 3852 charitatem
2640 3805 2819 3853 autem
2848 3812 2957 3851 non
2980 3796 3227 3866 habeam,
3250 3800 3433 3868 [actus
3458 3812 3575 3852 sum
3596 3806 3653 3853 ut
3672 3812 3829 3855 avra-

2124 3890 2369 3940 mentum
2387 3902 2605 3954 sonans,
2638 3895 2743 3943 aut
2762 3887 3077 3959 cymbalum
3103 3889 3344 3942 tinniens
3375 3888 3420 3957 (Ι
3446 3886 3567 3944 Cor.
3595 3904 3718 3956 xm,
3756 3891 3831 3959 1).

2200 3976 2281 4031 16.
2317 3976 2423 4031 Sed
2452 3976 2588 4046 quid
2611 3976 2862 4033 dicunt?
2884 3977 3173 4033 Habemus
3199 3976 3584 4047 Baptismum.
3610 3976 3829 4046 Habes,

2124 4065 2222 4119 sed
2255 4080 2369 4119 non
2419 4070 2607 4122 tuum.
2666 4066 2833 4122 Aliud
2883 4071 2973 4123 est
3030 4066 3263 4133 habere,
3316 4065 3471 4121 aliud
3512 4066 3824 4124 dominari.

2126 4155 2488 4225 Baptismum
2522 4157 2723 4223 babes,
2756 4158 2892 4229 quia
2922 4156 3193 4228 accepisti
3245 4160 3307 4213 ut
3355 4157 3682 4228 baptizatus
3721 4158 3828 4224 sis,

2124 4245 2396 4316 accepisti
2438 4251 2715 4319 tanquam
2756 4246 3160 4317 illuminatus;
3208 4247 3255 4302 si
3303 4250 3498 4304 tamen
3548 4262 3582 4302 a
3628 4250 3682 4302 te
3708 4263 3824 4303 non

2124 4335 2460 4391 tenebratus
2492 4353 2504 4390 :
2534 4341 2589 4393 et
2632 4336 2862 4407 quando
2906 4337 3031 4403 das,
3081 4336 3345 4392 minister
3375 4336 3501 4402 das,
3544 4351 3658 4391 non
3696 4351 3835 4406 pos-

2126 4440 2349 4493 sessor;
2387 4442 2569 4497 praeco
2603 4426 2839 4496 clamas,
2866 4444 2977 4482 non
3001 4428 3197 4497 judex.
3252 4426 3691 4497 Perprasconem
3739 4426 3829 4482 lo-

2126 4514 2696 4586 quiturjudex,etin
2746 4519 2891 4573 actis
2911 4521 3105 4573 tamen
3132 4532 3249 4572 non
3288 4514 3584 4584 scribitur,
3636 4517 3832 4572 Prreco

2125 4603 2270 4660 dixit
2295 4628 2309 4673 ;
2332 4608 2452 4673 sed,
2475 4606 2664 4663 Judex
2685 4607 2847 4663 dixit.
2884 4608 3131 4664 Proinde
3156 4606 3285 4662 vide
3309 4606 3357 4661 si
3382 4610 3546 4661 tuum
3565 4607 3828 4677 estquod

2127 4693 2253 4764 das,
2268 4696 2841 4768 potestate.Siautem
2863 4697 3158 4768 accepisti,
3176 4696 3452 4753 confitere
3480 4711 3616 4752 cum
3640 4694 3831 4753 amico

2126 4787 2347 4859 sponsi,
2399 4787 2514 4842 Non
2560 4790 2729 4857 potest
2768 4786 2927 4843 homo
2970 4786 3217 4858 accipere
3260 4784 3556 4859 quidquam
3594 4784 3706 4840 nisi
3723 4785 3832 4842 da-

2126 4884 2240 4933 tum
2269 4876 2440 4949 fuerit
2467 4878 2518 4932 ei
2546 4876 2612 4932 de
2640 4876 2791 4932 resto.
2813 4876 3097 4932 Conﬁtere
3119 4891 3250 4932 cum
3273 4873 3459 4930 amico
3480 4873 3703 4945 sponsi,
3723 4874 3832 4943 Qui

2127 4966 2287 5022 habet
2313 4983 2584 5038 sponsam,
2607 4981 2834 5038 sponsus
2869 4970 2989 5027 est;
3010 4964 3224 5021 amicus
3244 4972 3425 5020 autem
3448 4964 3635 5034 sponsi
3652 4966 3760 5018 stat
3777 4972 3832 5020 et

2127 5054 2283 5111 audit
2311 5071 2455 5123 eum,
2488 5056 2598 5112 Sed
2624 5071 2657 5111 ο
2686 5054 2737 5111 si
2766 5062 2947 5110 stares
2976 5057 3033 5110 et
3062 5052 3292 5108 audires
3323 5066 3480 5119 eum,
3511 5054 3568 5106 et
3598 5066 3713 5106 non
3737 5068 3827 5108 ca-

2127 5147 2287 5201 deres
2317 5150 2381 5202 ut
2410 5147 2641 5203 audires
2673 5146 2775 5202 te?
2808 5145 3109 5203 Audienda
3141 5146 3294 5201 enim
3342 5159 3499 5212 eum,
3549 5148 3733 5200 stares
3778 5150 3841 5202 et

2130 5237 2361 5294 audires
2396 5256 2409 5294 :
2445 5254 2577 5294 nam
2611 5236 2886 5309 loqueris,
2921 5241 2977 5293 et
3006 5236 3113 5293 tibi
3144 5238 3321 5308 caput
3350 5234 3537 5289 inflas.
3573 5233 3713 5305 Ego,
3737 5233 3839 5292 in-

2130 5328 2257 5399 quit
2296 5328 2569 5394 Ecclesia,
2618 5327 2665 5383 si
2712 5344 2928 5399 sponsa
2977 5344 3132 5395 sum,
3174 5328 3224 5383 si
3275 5324 3482 5382 arrhas
3528 5324 3749 5396 accepi,
3785 5327 3841 5383 si

2132 5417 2316 5491 pretio
2345 5418 2654 5490 sanguinis
2682 5416 2839 5474 illius
2870 5418 3171 5489 redempta
3198 5431 3354 5485 sum,
3404 5413 3578 5469 audio
3637 5429 3843 5471 vocem

2131 5513 2330 5585 sponsi
2352 5530 2365 5580 ;
2390 5516 2446 5568 et
2468 5528 2661 5570 vocem
2684 5512 2851 5571 amici
2883 5514 3083 5586 sponsi
3117 5516 3256 5570 tunc
3295 5509 3493 5579 audio,
3525 5508 3572 5563 si
3620 5523 3841 5580 sponso

2198 5614 2215 5651 ι
2248 5611 2353 5674 Er.,
2384 5610 2475 5662 ibi.
2540 5612 2610 5664 ιι.
