4146 6186
240 274 397 337 1501
458 366 473 371 μ

238 442 373 482 meo
403 427 498 482 det
529 425 801 498 gloriam,
836 442 947 481 non
982 424 1114 480 sibi.
1150 422 1312 479 Dicat
1359 423 1607 493 amicus,
1662 426 1764 488 Qui
1802 422 1959 478 habet

239 531 518 585 sponsam,
540 532 777 587 sponsus
809 521 887 571 est
908 531 927 569 :
957 513 1168 569 amicus
1198 522 1389 568 autem
1428 515 1614 585 sponsi
1641 516 1752 568 stat
1781 520 1828 567 et
1858 527 1956 565 au-

242 606 323 659 dit
354 621 506 672 eum,
539 610 590 660 et
620 605 824 676 gaudio
853 603 1047 676 gaudet
1077 607 1299 674 propter
1338 618 1517 658 vocem
1564 604 1765 673 sponsi.
1819 601 1959 656 Ecce

245 695 427 751 habes
460 697 855 755 Sacramenta,
888 698 943 749 et
974 709 1080 765 ego
1121 693 1394 748 concedo.
1448 693 1636 748 Habes
1690 693 1957 758 formam,

247 786 347 840 sed
386 788 750 841 sarmentum
787 801 850 840 es
899 784 969 839 de
1020 783 1131 837 vite
1179 781 1535 853 praecisum;
1596 784 1659 836 tu
1712 781 1956 836 formam

247 874 541 940 ostendis,
574 890 680 945 ego
712 873 967 929 radicem
999 888 1191 942 quaero
1225 888 1238 925 :
1273 872 1344 927 de
1376 872 1563 926 forma
1594 872 1810 927 fructus
1843 886 1955 923 non

246 964 390 1028 exit,
422 964 537 1019 nisi
573 964 669 1018 ubi
702 967 790 1019 est
822 962 1022 1031 radix;
1057 961 1155 1017 ubi
1186 965 1379 1017 autem
1401 964 1488 1016 est
1524 961 1705 1030 radix,
1740 959 1847 1013 nisi
1897 958 1957 1013 in

244 1053 577 1109 charitate‘?
609 1054 673 1108 Et
697 1053 832 1108 audi
861 1053 1110 1108 formam
1134 1055 1561 1107 sarmentorum
1590 1069 1603 1118 ;
1641 1048 1853 1105 Paulus
1876 1048 1958 1103 lo-

243 1151 489 1213 quatur:
524 1142 584 1197 Si
610 1142 804 1206 sciam,
830 1140 1620 1213 inquit,omniasacramenta,
1648 1148 1700 1195 et
1733 1138 1959 1193 habeam

239 1248 463 1288 onmem
519 1232 861 1303 prophetiam
931 1238 982 1286 et
1054 1246 1269 1286 omnem
1319 1230 1481 1300 ﬁdem
1544 1232 1625 1300 (et
1680 1236 1959 1301 quantam

244 1322 421 1377 fidem
443 1322 516 1393 ?),
549 1324 623 1376 ita
652 1325 714 1376 ut
764 1329 969 1377 montes
1016 1322 1345 1391 trans/eram
1392 1320 1727 1375 charitatem
1777 1321 1961 1374 autem

246 1438 358 1477 non
392 1421 648 1489 habeam,
674 1420 829 1476 nihil
856 1437 976 1476 sum
1006 1422 1053 1489 (ι
1084 1420 1203 1476 Cor.
1228 1436 1351 1489 xm,
1387 1421 1438 1484 1,
1470 1420 1548 1491 2).

322 1514 409 1568 17.
439 1512 619 1567 Nemo
650 1528 787 1584 ergo
830 1511 993 1567 vobis
1046 1511 1273 1567 fabulas
1322 1510 1550 1566 vendat.
1601 1510 1670 1565 Et
1720 1506 1958 1564 Pontius

246 1603 382 1659 fecit
416 1594 797 1669 miraculum;
830 1610 884 1658 et
915 1601 1177 1657 Donatus
1206 1601 1413 1670 oravit,
1456 1604 1512 1657 et
1559 1599 1862 1672 respondit
1907 1597 1959 1653 ei

248 1693 400 1748 Deus
432 1693 509 1747 de
538 1691 701 1747 ccelo.
737 1691 953 1757 Primo,
983 1696 1085 1747 aut
1112 1690 1397 1745 falluntur
1424 1692 1525 1745 aut
1568 1687 1797 1744 fallunt.
1850 1687 1955 1742 Po-

248 1789 494 1851 stremo,
523 1783 608 1838 fac
629 1782 798 1838 illum
842 1787 1063 1837 montes
1100 1783 1439 1838 transferre:
1485 1782 1815 1838 Charitatem
1858 1797 1957 1835 au-

248 1880 379 1939 tem,
413 1873 630 1940 inquit,
662 1889 773 1927 non
812 1872 1059 1935 habeam,
1092 1871 1398 1926 nihitsum.
1420 1870 1738 1926 Videamus
1760 1872 1955 1924 utrum

250 1961 526 2016 habuerit
565 1961 923 2016 charitalem.
949 1962 1275 2027 Crederem,
1301 1960 1350 2016 si
1378 1976 1491 2015 non
1510 1959 1803 2015 divisisset
1828 1958 1956 2013 uni-

244 2056 449 2106 tatem.
490 2051 630 2106 Nam
658 2053 715 2106 et
746 2055 949 2106 contra
979 2049 1142 2119 istos,
1177 2050 1343 2106 utsic
1372 2049 1599 2121 loquar,
1641 2047 1957 2104 mirabilia-

242 2141 359 2195 rios
392 2144 635 2195 cautum
669 2156 759 2195 me
792 2139 925 2195 fecit
956 2139 1111 2195 Deus
1140 2154 1329 2207 meus,
1362 2138 1563 2195 dicens
1597 2153 1609 2193 :
1645 2141 1707 2194 In
1730 2139 1955 2193 novissi-

240 2230 343 2285 mis
398 2230 733 2301 temporibus
774 2232 1074 2299 exsurgent
1124 2228 1627 2300 pseudoprophetz,
1695 2228 1956 2295 facientes

238 2320 398 2389 signa
418 2322 469 2373 et
491 2317 781 2390 prodigia,
806 2323 861 2372 ut
886 2320 943 2372 in
974 2333 1216 2374 errorem
1240 2317 1526 2388 inducant,
1549 2316 1600 2372 si
1618 2317 1744 2388 ﬁeri
1761 2321 1953 2387 potest,

240 2408 413 2463 ctiam
442 2410 677 2465 electos:
709 2424 827 2464 ecce
854 2408 1090 2479 praedixi
1112 2407 1260 2465 vobis
1314 2408 1500 2478 (Marc.
1534 2424 1656 2475 xm,
1719 2409 1809 2472 22,
1839 2406 1954 2474 23).

247 2500 393 2571 Ergo
408 2503 614 2554 cautos
634 2514 742 2553 nos
758 2499 1181 2570 fecitsponsus,
1209 2498 1346 2570 quia
1368 2502 1425 2554 et
1450 2496 1750 2553 miraculis
1770 2495 1955 2566 decipi

244 2606 359 2645 non
393 2590 704 2645 debemus.
738 2587 1064 2659 Aliquando
1096 2587 1255 2644 enim
1279 2592 1336 2643 et
1352 2589 1611 2643 desertor
1631 2590 1804 2643 terret
1824 2602 1957 2659 pro-

242 2678 559 2734 vincialem
595 2698 611 2746 ς
645 2678 744 2733 sed
778 2682 976 2733 utrum
1008 2677 1067 2733 in
1102 2677 1313 2733 castris
1373 2677 1467 2744 sit,
1520 2682 1579 2733 et
1617 2675 1838 2749 aliquid
1869 2674 1957 2731 illi

242 2768 419 2839 prosit
452 2767 761 2823 character
789 2766 887 2821 ille
918 2766 975 2821 in
1010 2783 1121 2836 quo
1151 2767 1415 2837 signatus
1445 2775 1531 2821 est
1553 2766 1684 2835 hoc,
1707 2766 1955 2823 attendit

244 2858 339 2928 qui
374 2856 582 2913 terreri
616 2861 673 2911 et
706 2856 905 2911 seduci
940 2872 1051 2911 non
1085 2854 1225 2910 vult.
1250 2856 1584 2911 Teneamus
1601 2871 1736 2927 ergo
1761 2857 1959 2913 unita-

243 2948 379 3013 tem,
413 2944 627 2999 fratres
661 2943 773 2997 mei
810 2959 823 2997 :
860 2947 1064 3012 praeter
1094 2943 1399 3010 unitatem,
1429 2946 1489 2997 et
1523 2942 1625 3015 qui
1663 2943 1801 2998 facit
1843 2944 1956 3000 mi-

243 3033 441 3089 racula
476 3032 629 3089 nihil
652 3037 757 3087 est.
786 3032 846 3087 In
882 3033 1121 3100 unitate,
1152 3033 1306 3088 enim
1329 3036 1455 3087 erat
1476 3031 1723 3103 populus
1754 3034 1954 3108 Israel,

246 3128 301 3179 et
318 3140 431 3178 non
457 3121 1039 3178 faciebatmiracula:
1066 3126 1271 3191 praeter
1293 3122 1574 3177 unitatem
1609 3130 1772 3177 erant
1799 3126 1955 3195 magi

246 3212 591 3277 Pharaonis,
624 3216 680 3267 et
714 3211 1000 3266 faciebant
1031 3211 1247 3267 similia
1278 3211 1456 3283 Moysi
1488 3211 1690 3280 (Exod.
1722 3229 1821 3281 vn,
1860 3214 1946 3283 t2,

241 3304 331 3369 22,
362 3310 414 3357 et
455 3316 588 3365 VIII,
620 3304 697 3368 7).
735 3300 987 3372 Populus
1018 3299 1212 3365 Israel,
1238 3305 1302 3355 ut
1344 3298 1486 3368 dixi,
1520 3316 1635 3355 non
1670 3300 1955 3357 faciebat:

244 3393 343 3464 qui
375 3391 870 3461 erantsalviapud
889 3394 1068 3447 Deum
1095 3410 1108 3457 ;
1140 3389 1242 3461 qui
1268 3389 1575 3458 faciebant,
1606 3406 1675 3446 an
1712 3389 1808 3462 qui
1840 3407 1954 3446 non

244 3482 586 3538 faciebant?
635 3482 836 3538 Petrus
882 3483 1184 3552 apostolus
1245 3480 1616 3537 resuscitavit
1665 3488 1959 3536 mortuum

241 3573 378 3641 (Act.
414 3590 498 3640 ix,
528 3572 863 3639 40);Simon
886 3572 1086 3642 Magus
1135 3569 1268 3625 fecit
1314 3568 1500 3625 multa
1529 3570 1635 3641 (Id.
1667 3586 1792 3638 vni,
1825 3570 1958 3641 10):

244 3660 413 3709 erant
443 3652 532 3708 ibi
567 3654 803 3723 quidam
840 3652 1140 3708 christiani
1174 3651 1274 3722 qui
1307 3668 1420 3707 non
1456 3656 1725 3722 poterant
1750 3653 1957 3719 facere,

247 3759 349 3797 nec
381 3743 549 3813 quod
584 3741 831 3797 faciebat
867 3742 1083 3808 Petrus,
1120 3757 1224 3797 nec
1255 3742 1406 3811 quod
1442 3740 1685 3796 faciebat
1725 3741 1957 3797 Simon:

247 3834 343 3887 sed
363 3831 910 3903 undegaudebnnt?
925 3831 1070 3895 Quia
1094 3830 1329 3887 nomina
1350 3846 1546 3887 eorum
1563 3835 1723 3886 erant
1744 3830 1963 3902 scripta

246 3924 302 3977 in
352 3921 525 3978 ccelo.
580 3924 725 3976 Nam
774 3926 832 3977 et
880 3920 1256 3976 redeuntibus
1312 3919 1642 3991 discipulis,
1686 3921 1963 3977 Dominus

248 4017 447 4068 noster
476 4012 658 4066 Jesus
688 4010 954 4066 Christus
989 4019 1221 4083 prepter
1252 4011 1421 4066 fidem
1445 4011 1707 4081 gentium
1738 4010 1960 4070 hocait.

249 4103 540 4159 Dixerunt
567 4102 726 4157 enim
759 4101 1075 4172 gloriantes
1106 4102 1218 4172 ipsi
1248 4101 1522 4173 discipuli
1546 4104 1678 4158 Ecce
1712 4102 1961 4172 Domine,

248 4194 307 4247 in
332 4194 564 4247 nomine
592 4195 685 4245 tuo
702 4190 870 4246 etiam
889 4190 1161 4247 daemonia
1188 4190 1342 4247 nobis
1374 4191 1610 4262 subjecta
1630 4200 1779 4247 sunt.
1812 4197 1963 4249 Bene

246 4282 487 4352 quidem
520 4281 775 4337 confessi
826 4286 987 4348 sunt,
1035 4280 1374 4337 detulerunt
1414 4282 1690 4337 honorem
1742 4281 1961 4339 nomini

245 4370 469 4429 Christi
499 4390 515 4439 ;
547 4376 605 4426 et
636 4374 833 4427 tamen
866 4371 1002 4442 quid
1027 4371 1103 4426 ait
1136 4372 1216 4427 eis
1238 4371 1469 4429 ?NoIite
1497 4374 1553 4427 in
1585 4373 1684 4429 hoc
1709 4372 1963 4443 gloriari,

242 4462 383 4535 quia
426 4461 710 4518 daemonia
758 4460 905 4515 vobis
944 4460 1186 4532 subjecta
1205 4469 1333 4517 sunt
1361 4461 1494 4523 ;.sed
1548 4462 1801 4532 gaudete,
1832 4464 1967 4535 quia

243 4551 477 4605 hemina
503 4555 687 4603 vestra
707 4552 917 4620 scripta
944 4554 1074 4605 sunt
1102 4552 1161 4604 in
1178 4550 1311 4605 caelo
1332 4550 1488 4621 (Luc.
1520 4567 1579 4618 x,
1612 4551 1833 4623 17-20).
1864 4551 1966 4608 Pe-

241 4649 380 4697 trus
437 4637 731 4694 damonis
770 4639 1039 4707 exclusit;
1075 4639 1270 4695 nescio
1322 4654 1450 4710 quae
1495 4639 1724 4697 anicula
1773 4642 1966 4710 vidua,

240 4727 454 4787 nescio
485 4726 623 4798 quis
654 4726 828 4783 homo
860 4728 1304 4800 qualiscumque
1336 4728 1518 4785 laicus
1544 4729 1763 4786 habens
1783 4730 1969 4787 chari-

239 4824 465 4882 tatem,
503 4821 710 4872 tenens
740 4816 1131 4889 integritatem
1168 4817 1320 4883 fidei,
1356 4834 1471 4873 non
1506 4818 1639 4874 facit
1672 4819 1776 4876 hoc
1810 4836 1821 4876 :
1864 4824 1969 4878 Ρο-

236 4917 386 4967 true
421 4905 477 4961 in
513 4920 753 4978 corpore
782 4906 987 4963 oculus
1017 4914 1126 4974 est,
1160 4906 1256 4963 ille
1299 4907 1359 4962 in
1421 4924 1660 4980 corpore
1707 4909 1967 4979 digitus;

233 5000 302 5056 in
345 5013 422 5053 eo
452 5000 649 5053 tamen
688 5013 927 5068 corpore
974 5002 1082 5061 est,
1141 4996 1201 5051 in
1251 5013 1366 5068 quo
1414 5000 1470 5054 et
1520 4997 1763 5066 Petrus;
1807 5003 1865 5057 et
1918 5000 1969 5056 si

234 5089 459 5146 minus
491 5084 644 5141 valet
662 5086 1074 5167 digitusqp’am
1108 5086 1314 5143 oculus
1338 5103 1451 5143 non
1484 5092 1594 5155 est,
1620 5095 1813 5146 tamen
1832 5106 1972 5163 pre-

228 5181 414 5237 cisus
454 5193 488 5232 a
548 5192 803 5245 corpore.
864 5155 1071 5247 Melius
1123 5181 1213 5233 est
1242 5193 1370 5233 esse
1400 5177 1649 5248 digitum
1682 5184 1880 5237 etesse
1908 5182 1969 5237 in

230 5282 527 5340 corpore,
558 5282 737 5336 quam
768 5282 894 5322 esse
924 5267 1163 5324 oculum
1195 5271 1251 5323 ct
1281 5266 1447 5323 evelli
1478 5268 1549 5324 de
1579 5285 1835 5339 corpore.

314 5359 417 5415 18.
452 5355 729 5424 Proinde,
761 5358 968 5416 fratres
1017 5359 1152 5427 mei,
1205 5374 1374 5414 nemo
1406 5375 1507 5415 vos
1554 5359 1739 5429 fallat,
1799 5377 1969 5420 nemo

228 5470 344 5512 vos
386 5450 661 5506 seducet:
694 5456 885 5507 amate
902 5468 1102 5525 pacem
1134 5450 1370 5520 Christi,
1406 5452 1503 5523 qui
1534 5468 1638 5524 pro
1654 5454 1812 5509 vobis
1835 5469 1969 5508 cru-

230 5547 459 5605 ciﬁxus
490 5546 601 5610 est,
638 5559 773 5599 cum
819 5544 967 5601 Deus
1006 5547 1182 5602 esset.
1231 5540 1446 5599 Paulus
1477 5543 1635 5613 dicit,
1667 5544 1848 5617 Neque
1875 5543 1972 5616 qui

227 5635 470 5713 plantat
507 5641 589 5689 est
618 5632 853 5705 aliquid,
888 5650 1057 5706 neque
1087 5632 1184 5705 qui
1212 5633 1385 5703 rigat,
1407 5632 1625 5705 sedjqui
1654 5636 1969 5693 incremen-

1449 272 1916 334 TRACTATUS
1962 272 2113 332 XIV.
2160 273 2414 335 CAPUT
2452 276 2560 337 ΠΙ.

3610 292 3633 349 1
3647 291 3762 350 502

2065 416 2178 464 tum
2199 409 2296 465 dat
2327 411 2464 468 Deus
2487 412 2665 484 (lCor.
2691 432 2774 480 Ill,
2797 416 2874 487 7).
2900 417 2967 473 Et
2987 418 3301 493 quisquam
3327 427 3591 480 nostrum
3621 426 3761 482 dicit

2065 501 2201 571 quia
2232 501 2450 574 aliquid
2483 510 2573 561 est
2601 505 2629 563 (ἓ
2656 506 3188 582 εἰάἰκθιιὶωυετμιίἰ
3210 512 3433 585 aliquid
3452 532 3679 583 sumus,
3704 526 3757 572 et

2068 607 2181 647 non
2223 590 2305 647 illi
2364 593 2605 665 gloriam
2652 597 3005 665 dederimus,
3052 600 3303 657 adulteri
3352 620 3603 671 sumus;
3658 624 3762 663 nos

2067 683 2249 738 amari
2280 684 2571 754 volumus,
2595 703 2709 743 non
2732 705 3035 761 sponsum.
3061 691 3176 748 Vos
3197 693 3493 750 Christum
3518 696 3761 769 diligite,

2067 776 2123 828 et
2153 786 2261 830 nos
2294 774 2348 830 in
2384 774 2501 841 illo,
2535 776 2592 830 in
2626 793 2741 847 quo
2772 782 2829 834 et
2859 795 2957 835 vos
2979 796 3011 835 a
3043 781 3211 837 nobis
3242 782 3578 855 diligimini.
3619 786 3764 841 invi-

2069 878 2191 918 cem
2226 879 2288 919 se
2316 863 2564 935 diligant
2593 868 2873 936 membra,
2923 870 3020 925 sed
3071 872 3265 926 omnia
3303 873 3413 928 sub
3456 875 3641 946 capite
3675 876 3759 930 vi-

2069 962 2219 1009 vant.
2254 955 2458 1011 Dolore
2490 957 2747 1027 quidem,
2784 960 2985 1017 fratres
3006 962 3137 1029 mei,
3166 962 3347 1019 multa
3378 971 3607 1021 coactus
3638 982 3759 1022 sum

2072 1046 2283 1114 dicere,
2312 1051 2367 1104 et
2398 1064 2574 1119 parva
2600 1049 2754 1105 dixi:
2790 1050 3091 1107 lectionem
3146 1052 3312 1108 ﬁnire
3360 1070 3473 1109 non
3526 1056 3684 1126 potui
3721 1060 3759 1122 ί,

2074 1138 2259 1193 aderit
2288 1136 2569 1193 Dominus
2611 1143 2674 1194 ut
2721 1149 3042 1213 opportune
3091 1143 3345 1200 finiatur.
3393 1144 3559 1201 Nolui
3607 1146 3761 1201 enim

2073 1227 2325 1297 amplius
2356 1244 2594 1284 onerare
2625 1232 2798 1285 corda
2820 1234 3027 1299 vestra,
3062 1249 3189 1303 qure
3214 1232 3336 1289 volo
3359 1250 3560 1290 vacare
3582 1236 3763 1305 gemi-

2072 1320 2244 1388 tibus,
2272 1323 2329 1374 et
2359 1320 2717 1377 orationibus
2742 1340 2842 1393 pro
2875 1323 2962 1378 his
2986 1324 3083 1397 qui
3114 1325 3304 1381 adhuc
3337 1326 3497 1381 surdi
3521 1330 3681 1393 sunt,
3711 1332 3764 1380 et

2068 1426 2182 1466 non
2205 1409 2556 1483 intelligunt.

2598 1483 3028 1541 TRACTA'I‘US
3072 1486 3218 1542 XlV.

2071 1574 2144 1630 Ab
2175 1588 2234 1629 eo
2254 1573 2532 1643 Evangelii
2553 1572 2691 1639 loco,
2724 1573 2839 1630 Hoc
2859 1592 2995 1647 ergo
3026 1576 3303 1645 gaudium
3328 1591 3523 1632 meum
3554 1577 3766 1649 impla-

2140 1673 2261 1720 tum
2292 1669 2399 1730 est,
2435 1671 2558 1733 etc,
2595 1680 2761 1737 usque
2788 1665 2859 1721 ad
2888 1667 3085 1733 id,Qui
3109 1666 3653 1724 autemincredulus
3674 1670 3767 1724 est

2140 1754 2305 1823 Filio,
2340 1771 2453 1810 non
2481 1755 2694 1812 videbit
2725 1756 2924 1821 vitam,
2957 1757 3051 1812 setl
3084 1756 3171 1813 ira
3201 1758 3300 1813 Dei
3345 1765 3536 1815 manet
3586 1774 3764 1831 super

2139 1860 2295 1899 eum.
2332 1845 2460 1916 Cap.
2482 1862 2563 1912 nl,
2599 1847 2650 1913 ᾖε.
2685 1846 2875 1903 29-36.

2143 1938 2186 1988 l.
2224 1934 2413 1990 Lectio
2462 1934 2573 1990 ista
2621 1938 2692 1991 de
2745 1940 2944 1992 sancto
2998 1938 3305 2010 Evangelio
3352 1938 3758 1996 excellentiam

2064 2024 2382 2081 divinitatis
2418 2025 2639 2081 Domini
2665 2028 2841 2083 nostri
2866 2028 3001 2083 Jesu
3027 2028 3263 2097 Christi,
3295 2029 3758 2087 ethumilitateni

2065 2116 2322 2172 hominis
2344 2117 2439 2186 qui
2460 2117 2795 2173 meruitdici
2820 2119 3042 2174 amicus
3065 2119 3287 2190 sponsi,
3328 2137 3435 2177 nos
3466 2120 3669 2190 docet;
3694 2126 3761 2178 ut.

2065 2207 2502 2279 distinguamus
2532 2207 2669 2279 quid
2692 2207 2919 2264 intersit
2952 2209 3100 2263 inter
3122 2209 3413 2265 hominem
3438 2210 3762 2277 hominem,

2065 2302 2121 2352 et
2152 2296 2447 2352 hominem
2479 2302 2683 2352 Deum.
2717 2296 2863 2361 Quia
2886 2297 3059 2353 homo
3084 2298 3234 2353 Deus
3258 2298 3538 2355 Dominus
3565 2307 3760 2356 noster

2063 2388 2233 2443 Jesus
2253 2385 2542 2455 Christus,
2574 2387 2727 2443 Deus
2756 2395 2886 2442 ante
2916 2387 3114 2443 omnia
3136 2386 3366 2455 macula,
3408 2394 3464 2445 et
3494 2389 3667 2445 homo
3700 2389 3755 2444 in

2068 2482 2264 2533 nostro
2313 2476 2560 2533 saeculo:
2614 2478 2762 2532 Deus
2801 2478 2872 2531 de
2919 2477 3109 2542 Patre,
3159 2477 3331 2533 homo
3379 2478 3451 2533 de
3497 2476 3752 2551 Virgine,

2068 2583 2221 2621 unus
2254 2570 2444 2621 tamen
2477 2570 2649 2637 atque
2678 2565 2831 2620 idem
2864 2565 3148 2621 Dominus
3181 2571 3236 2621 et
3280 2565 3537 2622 Salvator
3583 2568 3751 2623 .lesui

2066 2657 2349 2725 Christus,
2382 2657 2559 2712 Filius
2607 2655 2728 2727 Dei,
2780 2654 2931 2712 Deus
2979 2661 3035 2711 et
3082 2657 3271 2712 homo.
3318 2657 3572 2713 Joannes
3618 2672 3751 2711 veto

2064 2746 2397 2804 excellentis
2424 2747 2620 2819 gratias
2645 2747 2859 2802 missus
2889 2750 3022 2802 ante
3042 2746 3263 2817 ipsum;
3300 2746 3667 2803 illuminatus
3688 2746 3761 2802 ab

2066 2836 2162 2892 illo
2194 2837 2292 2909 qui
2327 2837 2519 2892 lumen
2553 2842 2658 2893 est.
2696 2840 2769 2890 De
2799 2836 3022 2892 Joanne
3054 2837 3209 2891 enim
3245 2836 3464 2891 dictum
3496 2839 3602 2904 est,
3642 2835 3757 2890 Νοει

2065 2934 2185 2983 erat
2218 2927 2313 2982 ille
2333 2928 2540 2991 tamen,
2565 2927 2654 2981 sed
2669 2934 2729 2980 ut
2749 2927 3123 2981 testimonium
3144 2924 3452 2996 perhiberet
3475 2924 3541 2978 de
3556 2926 3767 2980 lumine

2065 3021 2244 3091 (Joan.
2275 3035 2313 3085 ι,
2344 3018 2420 3088 8).
2456 3017 2649 3071 Potest
2682 3015 2915 3087 quidem
2946 3015 3057 3070 dici
3088 3014 3309 3083 lumen,
3342 3018 3397 3069 et
3436 3015 3580 3071 bene
3618 3013 3761 3070 dici-

2067 3114 2161 3165 tur
2190 3109 2599 3179 etipselumen
2624 3124 2637 3173 ;
2664 3107 2763 3162 sed
2799 3104 3216 3174 illuminatum,
3258 3122 3368 3161 non
3402 3104 3760 3163 illuminans.

2068 3200 2233 3256 Aliud
2267 3204 2356 3255 est
2383 3198 2539 3254 enim
2563 3198 2762 3253 lumen
2793 3197 2947 3268 quod
2972 3196 3282 3266 illuminat,
3317 3202 3373 3253 et
3393 3198 3762 3253 aliudlumen

2068 3291 2219 3363 quod
2261 3290 2656 3345 illuminatur:
2691 3304 2825 3342 nam
2845 3286 3074 3343 etocuIi
3100 3287 3281 3342 nostri
3309 3286 3530 3342 lumina
3568 3287 3769 3345 dicun-

2067 3386 2182 3447 tur,
2206 3387 2259 3437 et
2291 3385 2484 3436 tamen
2511 3379 2564 3434 in
2603 3378 2850 3435 tenebris
2882 3381 3095 3447 patent,
3130 3386 3182 3434 et
3214 3394 3328 3433 non
3381 3378 3598 3436 vident.
3654 3385 3765 3436 [u-

2071 3488 2199 3529 men
2233 3476 2427 3527 autem
2461 3469 2802 3525 illuminans
2833 3486 2864 3523 a
2905 3469 3097 3538 seipse
3159 3467 3353 3521 lumen
3398 3472 3507 3532 est,
3556 3472 3611 3523 et
3654 3470 3763 3524 sibi

2071 3560 2268 3617 lumen
2298 3566 2409 3626 est,
2442 3564 2500 3615 et
2531 3575 2646 3615 non
2680 3557 2899 3626 indiget
2929 3556 3041 3611 alio
3071 3554 3290 3611 lumine
3315 3559 3378 3610 ut
3410 3555 3600 3612 lucere
3634 3574 3762 3628 pos~

2070 3651 2168 3716 sit,
2191 3652 2290 3707 sed
2323 3651 2449 3720 ipso
2479 3648 2740 3720 indigent
2771 3654 2974 3702 caetera
3006 3651 3069 3701 ut
3100 3645 3346 3702 luceant.

2140 3746 2191 3797 2.
2226 3742 2538 3799 Confessus
2568 3744 2656 3795 est
2685 3754 2819 3810 ergo
2850 3740 3117 3806 Joannes,
3143 3738 3293 3793 sicut
3325 3738 3595 3805 audistis,
3630 3741 3765 3812 quia

2071 3848 2204 3890 cum
2235 3830 2550 3901 discipulos
2592 3827 2804 3885 multos
2842 3828 3049 3884 faceret
3087 3828 3276 3895 Jesus,
3312 3832 3369 3884 et
3418 3829 3769 3900 perferretur

2071 3929 2141 3983 ad
2173 3943 2304 3984 eum
2335 3927 2512 3983 veluti
2537 3933 2595 3982 ut
2616 3925 3014 3994 instigaretur;
3046 3922 3215 3997 quasi
3248 3922 3443 3981 invido
3466 3924 3618 3981 enim
3640 3943 3769 3982 nar-

2075 4017 2525 4083 raverunt,Ecce
2556 4015 2651 4071 ille
2684 4015 2816 4071 facit
2842 4013 3031 4083 plures
3069 4013 3386 4084 discipulos
3426 4030 3604 4087 quam
3654 4021 3713 4073 tu
3752 4032 3765 4072 :

2074 4106 2171 4162 ille
2202 4107 2506 4162 confessus
2536 4108 2623 4160 est
2653 4104 2791 4177 quid
2811 4107 2982 4166 esset,
3006 4107 3062 4157 et
3085 4102 3215 4157 inde
3247 4103 3459 4157 meruit
3480 4104 3550 4158 ad
3575 4104 3769 4174 ipsum

2075 4195 2380 4268 pertinere,
2415 4193 2553 4265 quia
2585 4210 2696 4249 non
2728 4196 2817 4248 est
2846 4209 3018 4247 ausus
3041 4208 3103 4246 se
3133 4192 3322 4245 dicere
3354 4193 3505 4261 quol
3540 4200 3623 4246 est
3646 4191 3765 4248 ille.

2076 4286 2192 4343 Hoc
2222 4302 2355 4356 ergo
2385 4285 2525 4339 dixit
2554 4283 2824 4350 Joannes,
2859 4305 2885 4331 «
2920 4281 3043 4336 Non
3077 4283 3263 4352 potest
3305 4279 3474 4334 homo
3507 4279 3766 4356 accipere

2076 4377 2412 4449 quidquam,
2447 4374 2557 4429 nisi
2580 4374 2781 4428 datum
2807 4372 2887 4427 illi
2915 4371 3087 4426 fuerit
3108 4370 3177 4425 de
3197 4368 3356 4423 ccelo.
3394 4389 3421 4416 ››
3440 4366 3765 4438 Ergo’Chri:

2076 4471 2205 4523 stus
2236 4467 2355 4531 dat,
2373 4462 2822 4532 homoaccipit.«
2842 4460 3059 4531 lpsivos
3081 4456 3633 4514 mihitestimonium
3650 4474 3775 4527 per-

2080 4557 2289 4614 hibetis
2319 4556 2468 4627 quod
2509 4552 2776 4619 dixerim,
2826 4552 2941 4622 Ego
3010 4565 3123 4603 non
3183 4564 3310 4603 sum
3347 4547 3634 4619 Christus,
3669 4548 3769 4603 sed

2080 4646 2221 4721 quia
2250 4646 2466 4701 missus
2498 4659 2631 4700 sum
2682 4647 2815 4698 ante
2862 4640 3044 4695 illum.
3097 4637 3203 4704 Qui
3252 4638 3427 4693 habet
3475 4654 3773 4708 sponsam,

2078 4751 2331 4809 sponsus
2360 4738 2450 4790 est
2480 4748 2495 4789 :
2520 4732 2744 4789 amicus
2774 4735 2967 4786 autem
3000 4726 3222 4793 sponsi,
3248 4728 3346 4798 qui
3388 4731 3579 4783 statet
3612 4729 3773 4783 audit

2081 4847 2232 4897 eum,
2263 4827 2472 4900 gaudio
2492 4826 2706 4900 gaudet
2737 4831 2963 4896 propter
3007 4836 3202 4878 vocem
3247 4819 3450 4892 sponsi
3484 4841 3511 4869 ››
3561 4818 3659 4889 (Μ.
3696 4837 3776 4886 ut,

2078 4923 2296 4994 26-29).
2329 4920 2452 4976 Non
2484 4919 2592 4975 sibi
2626 4916 2901 4989 gaudium
2937 4913 3068 4968 fecit
3099 4913 3169 4968 de
3200 4928 3282 4967 se.
3317 4911 3423 4977 Qui
3462 4909 3614 4965 enim
3660 4906 3782 4994 vult

2079 4993 2329 5085 gaudere
2358 5010 2429 5064 de
2458 5023 2541 5076 se,
2565 5006 2747 5062 tristis
2780 5005 2887 5060 erit
2918 5018 2931 5058 :
2985 5002 3084 5073 qui
3137 5004 3334 5057 autem
3388 4998 3459 5052 de
3491 4996 3604 5085 Deo
3653 4993 3776 5048 vult

2080 5101 2353 5177 gaudere,
2380 5110 2612 5168 semper
2648 5095 2961 5168 gaudebit;
3002 5091 3135 5164 quia
3183 5089 3334 5177 Deus
3383 5084 3773 5177 sempiternus

2080 5171 2188 5251 est.
2204 5191 2304 5246 Vis
2321 5189 2526 5245 habere
2546 5183 3265 5259 gaudiumsempiternum
3285 5176 3312 5228 Ἰ
3328 5174 3546 5230 Inhtere
3572 5171 3651 5227 illi
3674 5179 3777 5245 qui

2081 5280 2471 5352 sempiternus
2501 5283 2603 5333 est.
2636 5278 2832 5333 Talem
2855 5291 2913 5330 se
2944 5270 3088 5326 dixit
3115 5266 3389 5322 Joannes.
3420 5265 3649 5318 Praeter
3677 5280 3775 5319 υο-

2080 5392 2192 5432 cem
2227 5376 2411 5446 sponsi
2463 5372 2659 5446 gaudet
2696 5368 2907 5426 amicus
2953 5379 3154 5437 sponsi,
3205 5369 3307 5425 ait,
3377 5375 3490 5415 non
3533 5364 3770 5433 propter

2081 5481 2276 5521 vocem
2308 5479 2478 5519 suam
2512 5479 2525 5517 :
2559 5465 2614 5517 et
2641 5462 2771 5527 stat,
2793 5459 2841 5512 et
2871 5454 3030 5511 audit
3058 5469 3202 5509 eum.
3225 5451 3280 5508 Si
3303 5464 3435 5523 ergo
3455 5450 3627 5519 cadit,
3658 5467 3771 5507 non

2079 5582 2095 5633 ἱ
2146 5584 2164 5618 ί
2193 5578 2419 5692 Sic‘Mss.
2448 5579 2512 5630 At
2541 5573 2690 5633 editi,
2714 5576 2761 5624 et
2774 5587 2941 5639 pauca
2965 5570 3082 5621 dixi
3102 5569 3401 5621 :lectionem
3418 5570 3586 5619 tamen
3615 5568 3777 5631 ﬁnire

2080 5656 2182 5692 non
2207 5656 2271 5692 ne
2298 5655 2369 5692 ut.

2080 5656 2182 5695 non
2205 5655 2369 5707 potui.
