4126 6194
328 250 477 312 1503

325 386 491 442 audit
519 399 650 439 eum
687 399 700 438 :
734 381 803 435 de
827 377 922 434 illo
953 374 1103 433 enim
1129 371 1380 444 quodam
1414 368 1509 440 qui
1543 364 1771 429 cecidit,
1796 363 2019 441 dictum

1275 233 1352 292 IN
1400 228 1722 293 JOANNIS
1767 222 2299 295 EVANGELIUM,
2346 223 2411 283 S.
2457 222 2889 283 AUGUSTINI

3686 218 3842 278 1504

2134 361 2432 417 confessus
2461 364 2547 416 est
2565 359 2856 430 accepisse
2884 375 2966 429 se,
2991 362 3047 414 et
3068 357 3319 430 gaudere
3352 371 3413 413 se
3436 354 3579 411 dixit
3612 361 3844 427 propter

328 480 435 542 est,
468 438 541 531 tEt
559 474 618 528 in
652 472 880 527 veritate
900 482 1009 523 non
1037 438 1188 520 stetit
1208 462 1384 533 (Joan.
1411 438 1531 524 vui,
1561 456 1679 526 44);
1704 455 1773 509 de
1794 438 2026 508 diabolo
2135 466 2333 506 vocem
2376 448 2594 520 sponsi,
2627 452 2684 505 et
2713 448 2813 516 ait,
2849 448 2954 504 Hoc
2981 464 3110 517 ergo
3143 445 3411 519 gaudium
3435 461 3616 501 meum
3648 446 3845 516 imple-

328 567 547 622 dictum
576 566 682 617 est.
720 561 862 629 Ergo
886 563 1041 613 stare
1064 554 1232 609 debet
1254 549 1476 606 amicus
1499 543 2026 618 sponsietfaudire.

331 655 477 722 Quid
510 658 599 708 est
628 656 779 706 stare
806 653 833 702 ‘3
857 652 1191 702 Permanere
1223 642 1279 695 in
1304 639 1487 712 gratia
1506 638 1633 708 ejus
1670 653 1843 707 quam
1866 651 2028 690 acce-

334 746 437 817 pit.
469 745 537 799 Et
564 742 725 798 audit
758 753 956 793 vocem
979 736 1050 790 ad
1084 748 1258 804 quam
1292 729 1561 800 gaudeat.
1595 727 1688 781 Sic
1704 733 1823 781 erat
1852 725 2030 780 Joan-

335 813 463 890 nes:
494 837 726 887 noverat
753 827 909 882 unde
927 823 1233 893 gaudebat,
1268 835 1380 873 non
1412 815 1523 871 sibi
1546 815 1855 886 arrogabat
1876 813 2030 884 quod

334 925 454 995 ipse
486 937 599 975 non
633 922 782 983 erat;
812 912 1029 969 sciebat
1060 908 1452 964 illuminatum
1484 920 1564 973 se,
1598 920 1712 959 non
1747 903 2035 959 illumina-

336 994 535 1072 torem.
558 1012 685 1065 Erat
722 1011 900 1061 autem
933 1004 1115 1058 lumen
1145 1015 1358 1063 verum,
1391 997 1471 1051 ait
1491 995 1872 1066 Evangelista,
1895 994 2037 1067 quod

340 1105 621 1159 illuminat
643 1112 858 1153 omnem
880 1092 1157 1147 hominem
1183 1090 1482 1143 venientem
1508 1087 1570 1141 in
1593 1085 1735 1140 hunc
1767 1084 2035 1140 mundum

356 1194 457 1264 (Id.
493 1210 529 1257 ι,
560 1190 639 1259 ll).
675 1188 728 1241 Si
762 1201 897 1257 ergo
921 1198 1155 1237 omnem
1202 1179 1515 1244 hominem,
1540 1180 1597 1232 et
1626 1176 1820 1248 ipsum
1856 1178 2036 1230 Joan-

342 1262 511 1345 nem;
546 1278 685 1349 quia
720 1281 775 1331 et
804 1276 928 1346 ipse
974 1272 1045 1325 de
1106 1268 1463 1325 hominibus.
1508 1264 1731 1321 Etenim
1774 1262 2039 1334 quamvis

342 1390 513 1430 nemo
545 1365 939 1426 exsurrexerit
970 1364 1156 1432 major
1185 1360 1409 1416 Joanne
1441 1358 1497 1412 in
1532 1356 1685 1413 natis
1726 1354 2037 1411 mulierum

340 1461 552 1535 (Matth.
586 1477 660 1525 ει,
694 1459 804 1524 11).
833 1470 984 1509 unus
1017 1460 1205 1506 tamen
1237 1454 1293 1505 et
1331 1450 1456 1520 ipse
1505 1464 1572 1503 ex
1621 1445 1712 1501 his
1760 1445 1861 1516 qui
1922 1445 2039 1498 nati

344 1532 565 1605 suntex
583 1544 946 1601 mulieribus.
964 1538 1259 1609 Numquid
1286 1536 1717 1608 comparandus
1738 1538 1827 1590 est
1846 1535 1895 1588 ei
1920 1532 2039 1602 qui,

346 1639 481 1711 quia
512 1635 714 1699 voluit,
750 1635 919 1686 natus
949 1634 1069 1695 est;
1094 1631 1149 1683 et
1181 1626 1306 1682 ideo
1338 1642 1483 1681 novo
1516 1627 1708 1696 partu,
1742 1622 1879 1694 quia
1936 1639 2043 1675 no-

347 1709 450 1783 vus
482 1728 653 1781 natus
676 1724 702 1777 ‘2
732 1720 926 1776 Ambae
959 1718 1113 1773 enim
1155 1714 1556 1787 generationes
1609 1711 1831 1768 Domini
1864 1709 2045 1764 inusi-

351 1822 477 1875 tatae
511 1818 666 1877 sunt,
700 1817 757 1867 et
796 1810 988 1866 divina
1021 1812 1077 1863 et
1126 1808 1379 1861 humana
1413 1822 1425 1860 :
1475 1804 1669 1859 divina
1718 1818 1833 1857 non
1875 1800 2047 1855 habet

350 1913 617 1971 matrem,
652 1905 909 1959 humana
942 1916 1055 1955 non
1089 1898 1264 1953 habet
1294 1900 1536 1968 patrem.
1589 1895 1737 1965 Ergo
1773 1908 1926 1949 unus
1981 1892 2051 1945 de

350 1997 565 2056 caeteris
595 1996 871 2060 Joannes,
914 1990 1013 2045 sed
1044 1992 1239 2043 tamen
1274 1985 1515 2057 majoris
1537 1983 1755 2056 gratias,
1788 1983 1871 2038 ita
1902 1986 1963 2037 ut
1993 1981 2052 2035 in

352 2091 509 2145 natis
542 2084 855 2141 mulierum
890 2095 1055 2135 nemo
1090 2080 1423 2147 exsurgeret
1454 2075 1637 2144 major
1666 2072 1789 2138 illo,
1830 2075 2051 2127 tantam

356 2176 817 2235 testiﬁcationem
852 2169 1058 2225 tribuit
1086 2166 1324 2224 Comino
1344 2170 1541 2220 nostro
1562 2162 1701 2219 Jesu
1726 2161 2058 2228 Christo,ut

356 2269 522 2323 illum
555 2264 1031 2333 dicathponsum,
1059 2273 1117 2312 se
1140 2255 1393 2310 amicum
1427 2250 1646 2324 sponsi,
1670 2268 1787 2307 non
1819 2251 2060 2321 dignum

357 2361 547 2411 tamen
580 2351 803 2406 solvere
823 2345 1124 2417 corrigiam
1158 2342 1535 2398 calceamenti
1569 2339 1779 2412 ipsius.
1801 2339 1943 2395 Hinc
1966 2354 2062 2394 au-

359 2445 643 2514 divitjam
679 2438 858 2496 multa
887 2437 1152 2492 Charitas
1199 2440 1420 2489 vestra:
1455 2432 1605 2502 quod
1664 2429 1926 2502 sequitur
1972 2431 2064 2485 vi—

362 2540 641 2598 deamus;
675 2530 1041 2600 aliquantum
1056 2525 1213 2581 enim
1235 2524 1488 2593 spissum
1513 2525 1602 2578 est
1631 2522 1701 2577 ad
1734 2518 2063 2590 intelligen-

363 2628 525 2681 dum.
556 2621 663 2676 Sed
695 2618 972 2690 quoniam
1006 2615 1146 2670 dicit
1176 2614 1299 2684 ipse
1337 2613 1615 2677 Joannes,
1668 2610 1809 2682 quia
1835 2626 1941 2666 non
1970 2625 2064 2681 po-

369 2720 466 2769 test
500 2712 656 2765 homo
688 2706 938 2777 accipere
966 2703 1285 2774 quidquam,
1317 2701 1434 2755 nisi
1460 2700 1653 2755 datum
1684 2699 1775 2754 illi
1800 2700 1970 2769 fuerit
2001 2700 2066 2754 de

364 2800 531 2862 enato;
564 2794 847 2867 quidquid
874 2809 987 2847 non
1012 2790 1486 2855 intellexerimus,
1511 2803 1784 2859 rogemus
1806 2802 1939 2843 eum
1964 2787 2065 2857 qui

365 2890 465 2944 dat
495 2888 565 2941 de
611 2881 958 2952 coslozquia
1002 2880 1266 2936 homines
1316 2893 1542 2944 sumus,
1574 2881 1632 2931 et
1682 2893 1795 2931 non
1858 2892 2066 2946 possu-

369 2996 499 3035 mus
531 2976 790 3047 accipere
821 2973 1167 3045 quidquam,
1196 2968 1304 3025 nisi
1352 2968 1448 3023 ille
1491 2967 1713 3023 dederit
1760 2967 1859 3038 qui
1892 2967 2067 3021 homo

369 3085 483 3125 non
514 3070 624 3123 est.

441 3159 492 3211 3.
528 3156 645 3210 Hoc
677 3169 808 3224 ergo
841 3150 1128 3222 sequitur,
1176 3155 1229 3205 et
1278 3148 1421 3204 dicit
1466 3151 1741 3217 Joannes,
1794 3148 1897 3201 Hoc
1946 3158 2070 3215 ergo

369 3245 630 3318 gaudium
644 3259 823 3299 meum
842 3241 1129 3312 impletum
1148 3247 1247 3294 est.
1262 3237 1421 3303 Quod
1443 3242 1530 3293 est
1556 3236 1832 3309 gaudium
1849 3235 2073 3307 ipsius?

376 3335 443 3390 Ut
474 3334 727 3406 gaudeat
754 3332 825 3386 ad
855 3346 1053 3385 vocem
1090 3329 1311 3399 sponsi.
1349 3326 1655 3396 lmpletum
1708 3330 1793 3381 est
1841 3326 1899 3380 in
1957 3342 2068 3391 me,

378 3426 560 3481 habeo
594 3423 839 3497 gratiam
874 3438 1089 3487 meam,
1124 3419 1257 3492 plus
1289 3418 1433 3473 mihi
1466 3433 1580 3473 non
1611 3433 1868 3486 assumo,
1911 3433 1982 3471 ne
2019 3424 2073 3471 et

375 3518 528 3591 quod
561 3516 759 3588 accepi
786 3516 1066 3572 amittam.
1102 3515 1262 3581 Quod
1285 3518 1374 3570 est
1403 3514 1509 3569 hoc
1540 3511 2075 3585 gaudiumPGaudio

376 3610 578 3680 gaudet
604 3612 826 3679 propter
855 3622 1036 3663 vocem
1065 3606 1267 3677 sponsi.
1295 3603 1584 3674 lntelligat
1613 3620 1746 3675 ergo
1766 3604 1936 3659 homo
1960 3621 2075 3659 non

378 3721 439 3761 se
470 3706 722 3777 gaudere
753 3704 960 3759 debere
989 3703 1058 3758 de
1089 3702 1370 3773 sapientia
1391 3717 1517 3769 sua,
1551 3702 1651 3757 sed
1684 3702 1754 3757 de
1795 3701 2079 3773 sapientia

383 3810 555 3864 quam
579 3793 799 3862 accepit
828 3809 859 3846 a
888 3793 1023 3847 Deo.
1056 3792 1210 3847 Nihil
1238 3792 1368 3864 plus
1400 3795 1640 3863 quaerat,
1673 3796 1730 3846 et
1759 3807 1873 3847 non
1907 3791 2077 3846 amit-

385 3880 878 3953 titquodinvenit.
897 3880 1377 3936 Multienimideo
1395 3880 1527 3935 facti
1554 3884 1693 3935 sunt
1716 3881 2079 3952 insipientes,

387 3970 525 4041 quia
554 3970 825 4024 dixerunt
855 3984 915 4023 se
937 3984 1065 4024 esse
1094 3968 1403 4039 sapientes.
1442 3970 1649 4037 Arguit
1698 3968 1827 4024 illos
1851 3974 2085 4041 Aposto-

388 4060 502 4128 lus,
538 4064 594 4114 et
624 4057 764 4113 dicit
796 4058 866 4112 de
898 4058 1043 4128 ipsis
1078 4073 1136 4113 ε(
1174 4057 1321 4124 Quia
1365 4059 1521 4129 quod
1580 4063 1785 4113 notum
1816 4064 1904 4114 est
1959 4059 2084 4129 Dei,

389 4151 488 4217 ait,
516 4149 891 4204 manifestum
906 4152 991 4203 est
1005 4146 1121 4202 illis
1138 4163 1151 4204 :
1168 4147 1319 4203 Deus
1333 4149 1488 4203 enim
1504 4147 1621 4202 illis
1636 4148 2038 4205 manifestavit.
2058 4171 2085 4198 ››

390 4238 470 4295 De
501 4238 852 4309 quibusdam
885 4235 1154 4307 ingratis,
1187 4236 1409 4308 impiis,
1452 4235 1647 4291 audite
1699 4236 1834 4307 quid
1894 4237 2085 4293 dicat:

390 4354 417 4381 ‹‹
444 4330 597 4387 Deus
620 4329 774 4384 enim
798 4326 915 4383 illis
940 4326 1347 4383 manifestavit.
1372 4325 1693 4382 Invisibilia
1713 4325 1867 4381 enim
1894 4326 2091 4397 ejus,a

393 4426 654 4478 creatura
668 4419 890 4487 mundi,
907 4435 1008 4490 per
1036 4434 1104 4473 ea
1134 4434 1260 4489 quae
1286 4418 1435 4473 facta
1457 4420 1613 4487 sunt,
1638 4415 1936 4473 intellecta
1957 4432 2092 4473 con-

393 4510 714 4579 Spiciuntur
729 4527 742 4575 ;
758 4508 1113 4580 sempiterna
1128 4524 1361 4581 quoque
1375 4509 1555 4563 virtus
1571 4508 1699 4577 ejus
1715 4524 1778 4563 ac
1792 4506 2092 4573 divinitas,

398 4602 464 4653 ut
477 4597 590 4652 sint
604 4598 712 4668 ipsi
728 4597 1210 4654 inexcusabiles.»
1227 4600 1412 4664 Quare
1426 4614 1451 4653 ε
1466 4598 1480 4650 i
1493 4596 1898 4653 nexcusabiles
1914 4598 2096 4662 ?Quia

398 4711 424 4737 ‹‹
461 4692 872 4759 cognoscentes
901 4687 1111 4757 Deum;
1146 4697 1307 4758 agnon
1328 4688 1490 4755 dixit,
1525 4689 1659 4760 quia
1690 4705 1804 4745 non
1818 4704 2093 4761 cognove-

399 4781 576 4847 runt;
609 4799 637 4827 «
668 4782 1083 4847 cognoscentes
1112 4779 1318 4847 Deum,
1350 4795 1465 4834 non
1497 4778 1645 4834 sicut
1678 4778 1856 4834 Deum
1882 4778 2097 4850 gloriﬁ-

399 4872 675 4927 caverunt
700 4873 804 4924 aut
822 4869 1035 4941 gratias
1056 4873 1300 4940 egerunt
1323 4885 1337 4938 ;
1361 4869 1460 4926 sed
1484 4871 1844 4925 evanuerunt
1870 4867 1929 4924 in
1949 4869 2100 4940 cogi-

401 4959 719 5018 tationibus
732 4959 880 5027 suis,
900 4960 1442 5029 etobscuratumlest
1456 4957 1737 5029 insipiens
1751 4974 1846 5014 cor
1859 4973 2059 5014 eorum
2082 4976 2095 5014 :

399 5050 655 5108 dicentes
678 5052 831 5108 enim
858 5066 920 5107 se
941 5065 1071 5105 esse
1087 5048 1561 5121 sapientes.stulti
1588 5049 1718 5106 facti
1734 5052 1903 5105 sunt»
1925 5050 2097 5120 (Rom.

404 5157 441 5209 ι,
469 5142 531 5195 19
555 5142 668 5211 ‘22).
705 5142 759 5197 Si
789 5142 942 5198 enim
974 5140 1157 5197 Deum
1180 5143 1583 5212 cognoverant,
1616 5139 1792 5194 simul
1825 5155 2101 5210 cognove-

407 5236 535 5285 rant
558 5233 696 5303 quia
726 5250 839 5289 non
870 5249 968 5290 eos
1025 5232 1231 5288 fecerat
1288 5229 1581 5302 sapientes
1615 5228 1727 5285 nisi
1760 5228 1941 5285 Deus.
1974 5228 2100 5284 Non

407 5335 541 5391 ergo
582 5322 692 5376 sibi
725 5321 1044 5378 tribuerent
1086 5322 1240 5393 quod
1290 5338 1324 5378 a
1364 5336 1424 5377 se
1470 5319 1781 5385 habebant,
1840 5316 1943 5373 sed
1972 5316 2024 5371 ei
2071 5333 2104 5372 a

409 5424 524 5480 quo
538 5416 893 5480 acceperant.
912 5412 1033 5467 Non
1053 5416 1249 5467 autem
1265 5409 1489 5481 agendo
1524 5406 1740 5481 gratias
1758 5404 2104 5476 insipientes

409 5499 544 5555 facti
577 5502 733 5554 sunt.
766 5500 909 5572 Ergo
944 5506 1091 5559 Deus
1135 5502 1288 5574 quod
1312 5502 1544 5558 dederat
1580 5498 1785 5573 gratis,
1830 5496 1962 5554 tulit
2019 5495 2106 5552 in-

410 5590 612 5664 gratis.
645 5587 835 5646 Noluit
857 5604 983 5646 esse
1014 5592 1124 5648 hoc
1153 5593 1430 5663 Joannes,
1480 5598 1680 5664 gratus
1710 5606 1837 5648 esse
1880 5586 2057 5646 voluit
2088 5602 2103 5646 :

2140 544 2255 595 tum
2275 543 2376 596 est.

2210 632 2262 685 4.
2295 631 2463 686 Illum
2493 635 2697 703 oportet
2727 644 2987 697 crescere,
3022 644 3106 684 me
3143 635 3326 683 autem
3366 627 3566 681 minui.
3593 624 3741 690 Quid
3763 630 3857 681 est

2144 721 2496 778 hocilllum
2546 726 2771 795 oportet
2809 720 3071 787 exaltari,
3133 735 3225 775 me
3275 722 3469 775 autem
3521 718 3851 774 humiliari.

2142 815 2441 879 Quomodo
2468 812 2895 871 crescitJesus?
2927 811 3218 883 quomodo
3253 808 3462 865 crescit
3487 810 3644 865 Deus
3666 810 3693 864 ‘?
3727 809 3859 865 Per-

2144 906 2328 961 fectus
2356 906 2710 962 doncrescit.
2736 904 2890 960 Deus
2926 906 3124 959 autem
3177 918 3283 959 nec
3324 902 3554 970 crescit,
3598 917 3703 956 nec
3748 902 3849 956 mi-

2146 995 2365 1051 nuitur.
2394 996 2449 1050 Si
2476 995 2632 1052 enim
2664 994 2896 1063 crescit,
2930 994 3220 1066 perfectus
3246 1008 3361 1047 non
3394 995 3516 1047 est:
3549 992 3599 1046 si
3634 992 3846 1047 minui.

2147 1090 2262 1151 tur,
2295 1085 2449 1140 Deus
2482 1101 2597 1140 non
2627 1091 2730 1139 est.
2761 1083 2936 1139 Jesus
2968 1085 3162 1137 autem
3214 1079 3368 1135 Deus
3417 1081 3705 1150 quomodo
3737 1093 3856 1133 cre-

2147 1174 2300 1232 scit?
2329 1174 2388 1230 Si
2411 1175 2481 1230 ad
2514 1177 2756 1243 aetatem,
2780 1171 2915 1243 quia
2945 1169 3214 1243 dignatus
3245 1174 3334 1225 est
3371 1184 3498 1224 esse
3554 1168 3750 1237 homo,
3809 1178 3860 1222 et

2148 1266 2258 1321 fuit
2287 1280 2428 1336 puer
2460 1283 2473 1331 ;
2507 1268 2721 1319 etcum
2752 1263 2827 1317 sit
2856 1259 3108 1316 Verbum
3140 1258 3262 1330 Dei,
3302 1257 3494 1313 infans
3524 1257 3583 1312 in
3618 1264 3863 1330 praesopi

2143 1355 2352 1427 jacuit,
2382 1358 2439 1409 et
2477 1369 2610 1408 cum
2642 1351 2767 1422 ipse
2799 1354 3043 1406 matrem
3076 1364 3243 1404 suam
3275 1347 3621 1414 condiderit,
3655 1346 3741 1404 lae
3771 1347 3863 1402 in-

2154 1443 2347 1498 fantiae
2377 1442 2445 1498 de
2476 1449 2660 1496 matre
2690 1440 2846 1495 auxit
2877 1456 2889 1495 :
2926 1438 3066 1510 quia
3095 1436 3272 1492 crevit
3301 1452 3440 1506 ergo
3468 1436 3639 1491 Jesus
3688 1439 3861 1491 aetate

2153 1532 2366 1598 carnis,
2396 1530 2523 1587 ideo
2551 1530 2694 1585 forte
2724 1529 2937 1585 dictum
2974 1531 3083 1595 est,
3137 1525 3306 1581 Illum
3356 1531 3567 1595 oportet
3607 1540 3865 1593 crescere,

2152 1642 2241 1681 me
2270 1630 2451 1681 autem
2480 1624 2683 1680 minui.
2716 1621 2826 1677 Sed
2860 1635 3039 1692 quare
3060 1621 3117 1675 et
3144 1617 3253 1673 hoc
3274 1618 3568 1674 ?Joannes
3591 1620 3648 1672 et
3666 1616 3861 1684 Jesus,

2157 1716 2310 1787 quod
2345 1715 2416 1769 ad
2462 1729 2694 1770 carnem
2730 1711 2993 1783 pertinet,
3040 1707 3219 1765 coaevi
3258 1714 3418 1762 erant
3455 1723 3468 1762 :
3502 1723 3601 1762 sex
3631 1722 3864 1762 menses

2158 1806 2308 1861 inter
2337 1821 2396 1860 se
2427 1803 2719 1859 habebant
2748 1802 2899 1872 (Luc.
2934 1816 2976 1864 ι,
3010 1798 3125 1870 36),
3176 1795 3389 1867 pariter
3438 1799 3735 1851 creverant
3766 1813 3779 1861 ;
3812 1799 3869 1849 et

2161 1896 2211 1952 si
2242 1894 2465 1950 diutius
2496 1896 2630 1947 ante
2661 1894 2908 1947 mortem
2942 1886 3224 1944 Dominus
3256 1890 3455 1942 noster
3499 1886 3673 1941 Jesus
3702 1885 3868 1940 Chri-

2164 1982 2581 2041 stusvellethic
2598 1985 2819 2050 csse,et
2848 1980 3044 2052 ipsum
3074 1978 3364 2035 Joannem
3378 1975 3471 2032 hic
3486 1991 3685 2032 secum
3717 1991 3870 2043 esse,

2165 2074 2453 2149 quomodo
2485 2072 2699 2145 pariter
2730 2072 3043 2135 creverant,
3076 2067 3157 2122 ita
3188 2065 3405 2138 pariter
3427 2080 3727 2121 senescere
3772 2081 3872 2135 po-

2166 2172 2351 2223 terant
2384 2180 2397 2219 :
2433 2179 2614 2235 quare
2643 2177 2797 2233 ergo.
2826 2160 2989 2216 Illum
3018 2163 3233 2228 Oportet
3274 2170 3526 2222 crescere,
3566 2171 3653 2210 me
3680 2158 3869 2209 autem

2166 2257 2351 2311 minui
2380 2256 2407 2309 ?
2429 2253 2642 2320 Primo,
2666 2250 2934 2321 quiajam
2951 2252 3007 2303 et
3025 2246 3309 2303 Dominus
3328 2244 3556 2315 triginta
3577 2258 3866 2298 annorum

2169 2349 2294 2403 erat
2323 2344 2426 2415 (Id.
2461 2341 2697 2413 ur,23):
2733 2337 3017 2409 numquid
3060 2334 3317 2405 juvenis,
3365 2334 3415 2388 si
3456 2333 3583 2403 jam
3633 2332 3872 2403 triginta

2170 2450 2456 2493 annorum
2488 2433 2563 2489 sit
2594 2430 2786 2487 adhuc
2814 2426 3026 2485 crescit
3054 2426 3081 2481 ?
3106 2425 3234 2482 Jam
3266 2424 3337 2480 ab
3370 2424 3498 2495 ipsa
3545 2424 3709 2477 astate
3747 2437 3874 2477 ver-

2171 2543 2306 2601 gere
2338 2523 2629 2596 incipiunt
2660 2519 2954 2583 homines,
2995 2520 3052 2573 et
3098 2514 3395 2571 declinare
3448 2513 3519 2569 ad
3551 2514 3877 2584 graviorem

2174 2620 2422 2681 aetatem,
2454 2617 2510 2671 ot
2539 2612 2672 2669 inde
2702 2610 2772 2667 ad
2806 2609 3184 2665 senectutem.
3210 2604 3393 2660 Sedet
3413 2602 3464 2659 si
3485 2601 3651 2673 pueri
3680 2604 3881 2657 essent

2173 2708 2367 2775 ambo,
2398 2721 2510 2761 non
2543 2702 2783 2768 diceret,
2815 2700 2979 2754 Illum
3016 2699 3227 2768 oportet
3265 2708 3523 2761 crescere,
3563 2707 3649 2748 me
3696 2695 3883 2747 autem

2176 2797 2393 2857 minui;
2425 2795 2525 2849 sed
2560 2792 2793 2858 diceret,
2825 2785 3015 2843 Simul
3041 2801 3146 2841 nos
3168 2785 3391 2856 oportet
3414 2795 3692 2837 crescere.
3715 2780 3879 2834 Nunc

2176 2890 2369 2943 autem
2402 2884 2643 2955 triginta
2690 2892 2979 2934 annorum
3037 2874 3156 2944 ille,
3213 2872 3459 2944 triginta
3502 2874 3560 2926 et
3607 2870 3741 2926 ille:
3777 2885 3880 2923 sex

2180 2992 2406 3035 menses
2437 2973 2535 3045 qui
2566 2972 2906 3037 intererant,
2940 2962 3162 3021 nullam
3196 2962 3562 3032 distinguunt
3602 2963 3830 3016 aetatem
3867 2977 3880 3027 ;

2178 3068 2369 3141 magis
2400 3064 2542 3122 illud
2577 3060 2797 3119 invenit
2827 3057 2994 3115 lectio
3017 3071 3191 3129 quam
3224 3054 3505 3126 aspectio.

2247 3160 2301 3214 5.
2336 3156 2479 3221 Quid
2513 3169 2647 3223 ergo
2677 3155 2786 3215 est,
2824 3149 2989 3205 Illum
3020 3150 3222 3217 oportet
3246 3158 3503 3209 crescere,
3554 3157 3640 3198 me
3694 3149 3883 3196 autem

2180 3248 2362 3304 minui
2372 3261 2401 3316 τ
2414 3246 2681 3314 Magnum
2698 3240 2806 3296 hoc
2824 3240 3257 3294 sacramentum
3282 3233 3294 3289 l
3310 3232 3597 3303 intelligat
3620 3229 3887 3285 Charitas

2180 3346 2382 3395 vestra.
2418 3337 2738 3403 Antequam
2792 3327 3012 3384 veniret
3053 3324 3332 3382 Dominus
3362 3323 3557 3389 Jesus,
3617 3320 3890 3376 homines

2182 3425 2579 3501 gloriabantur
2608 3423 2675 3476 de
2707 3435 2769 3475 se
2800 3434 2815 3475 :
2848 3416 3007 3473 venit
3035 3414 3134 3471 ille
3165 3414 3360 3482 homo,
3412 3416 3473 3468 ut
3524 3411 3885 3467 minueretur

2184 3499 2440 3575 hominis
2470 3513 2675 3586 gloria,
2708 3515 2766 3567 et
2790 3512 3095 3579 augeretur
3115 3505 3300 3578 gloria
3323 3503 3442 3559 Dei.
3464 3501 3688 3558 Etenim
3726 3499 3891 3556 venit

2184 3609 2285 3663 ille
2315 3607 2441 3661 sine
2471 3605 2725 3675 peccato,
2758 3602 2814 3656 et
2846 3596 3066 3654 invenit
3095 3609 3302 3651 omnes
3357 3608 3487 3648 cum
3538 3592 3790 3661 peccato.
3822 3588 3887 3643 Si

2187 3699 2272 3755 sic
2304 3696 2459 3753 venit
2488 3692 2586 3749 ille
2617 3696 2679 3748 ut
2710 3690 3028 3746 dimitteret
3085 3692 3338 3757 peccata,
3371 3683 3527 3739 Deus
3586 3680 3891 3752 largiatur,

2189 3789 2364 3845 homo
2396 3784 2755 3841 conﬁteatur.
2790 3777 3015 3835 Etenim
3058 3774 3345 3832 confessio
3384 3771 3665 3841 hominis,
3699 3769 3893 3825 humi-

2190 3879 2323 3935 litas
2354 3874 2611 3931 hominis
2644 3887 2657 3927 :
2692 3868 2985 3927 miseratio
3018 3867 3133 3935 Dei,
3168 3864 3410 3921 altitudo
3468 3861 3587 3918 Dei.
3637 3861 3697 3915 Si
3756 3876 3895 3931 ergo

2194 3969 2343 4023 venit
2374 3968 2471 4021 ille
2502 3962 2789 4019 dimittere
2820 3958 3041 4015 homini
3088 3960 3343 4028 peccata,
3396 3955 3680 4024 agnoscat
3725 3950 3901 4004 homo

2195 4056 2579 4115 humilitatem
2594 4068 2758 4109 suam
2770 4094 2784 4121 ,
2798 4054 2854 4106 et
2868 4053 3019 4105 Deus
3035 4046 3203 4102 faciat
3219 4041 3680 4101 misericordiam
3706 4054 3874 4095 suam
3887 4080 3899 4091 .

2196 4149 2361 4205 Illum
2392 4147 2597 4217 oportet
2616 4155 2873 4210 crescere,
2905 4154 2990 4194 me
3008 4145 3195 4193 autem
3228 4135 3437 4190 minui:
3467 4132 3573 4188 hoc
3600 4134 3710 4199 est,
3732 4129 3901 4184 illum

2197 4239 2425 4309 oportet
2456 4235 2611 4297 dare,
2648 4246 2739 4287 me
2771 4237 2965 4286 autem
2997 4227 3293 4298 accipere;
3326 4222 3494 4279 illum
3523 4223 3753 4292 oportet
3782 4218 3907 4288 glo-

2199 4308 2437 4390 rificari,
2471 4339 2563 4379 me
2588 4327 2776 4377 autem
2808 4316 3092 4374 confiteri.
3127 4312 3419 4385 Intelligat
3450 4311 3623 4367 homo
3655 4308 3905 4379 gradum

2202 4432 2399 4480 suum,
2432 4416 2488 4469 et
2518 4412 2864 4467 conﬁteatur
2893 4407 3029 4474 Deo,
3063 4410 3119 4463 et
3167 4404 3368 4460 audiat
3425 4397 3769 4471 Apostolum
3814 4396 3909 4449 di-

2203 4509 2425 4560 centem
2460 4499 2679 4557 homini
2700 4495 3057 4570 superbienti
3087 4498 3145 4549 et
3182 4491 3356 4561 elato,
3387 4487 3661 4545 extollere
3699 4500 3760 4540 se
3808 4500 3915 4539 vo-

2204 4593 2345 4651 lenti
2384 4609 2396 4648 :
2430 4589 2568 4661 Quid
2588 4590 2738 4646 enim
2767 4587 2935 4643 habes
2966 4584 3114 4657 quod
3155 4598 3266 4639 non
3298 4579 3596 4650 accepisti?
3623 4575 3675 4631 .ςί
3720 4578 3912 4629 autem

2205 4681 2482 4754 accepisti,
2513 4678 2645 4752 quid
2672 4676 2934 4748 gloriaris
2963 4675 3122 4746 quasi
3150 4687 3264 4729 non
3295 4669 3568 4739 acceperis
3607 4666 3645 4736 (l
3679 4663 3803 4754 Cor.
3830 4679 3912 4731 ιν,

2202 4751 2630 4846 7)ῩἸοὶθ11ἰεει
2659 4783 2795 4839 ergo
2839 4767 3006 4822 homo
3056 4764 3195 4835 quia
3235 4757 3477 4831 accepit,
3534 4754 3630 4828 qui
3682 4751 3919 4809 volebat

2207 4844 2378 4921 suum
2411 4862 2606 4917 dicere
2636 4859 2790 4930 quod
2822 4859 3045 4913 nonest
3066 4855 3215 4923 ejus,
3246 4854 3304 4906 et
3334 4848 3662 4903 minuatur:
3690 4844 3914 4899 bonum

2207 4959 2296 5011 est
2326 4952 2481 5009 enim
2513 4949 2595 5006 illi
2628 4952 2691 5004 ut
2721 4948 2878 5004 Deus
2906 4945 2965 5002 in
3006 4942 3103 4999 illo
3153 4940 3530 5013 gloriﬁcatur.
3565 4935 3688 5006 Ipse
3746 4932 3804 4986 in
3858 4947 3921 4985 se

2210 5043 2526 5105 minuatur,
2561 5042 2624 5095 ut
2653 5039 2714 5094 in
2744 5037 2858 5094 Deo
2888 5030 3333 5105 δαμείω-,ΗΜ
3354 5022 3926 5085 testimoniaethanc

2207 5132 2532 5199 veritatem,
2571 5128 2742 5184 etiam
2802 5123 3172 5197 passionibus
3232 5118 3378 5187 suis,
3438 5114 3925 5188 signiﬁcaverunt

2209 5220 2469 5278 Christus
2506 5223 2563 5275 et
2588 5218 2860 5273 Joannes.
2892 5213 3037 5269 Nam
3086 5210 3343 5266 Joannes
3390 5205 3576 5277 capite
3625 5201 3927 5266 minutus,

2209 5311 2472 5368 Christus
2500 5309 2562 5365 in
2592 5321 2759 5363 cruce
2784 5304 3102 5368 exaltatus;
3137 5304 3203 5356 ut
3233 5302 3290 5356 et
3320 5297 3400 5353 ibi
3432 5298 3735 5367 appareret
3776 5290 3923 5360 quid

2208 5409 2317 5473 est,
2346 5404 2514 5459 Illum
2530 5401 3007 5472 oportetcrescere,
3025 5409 3110 5450 me
3126 5396 3308 5449 autem
3349 5388 3551 5443 minui.
3577 5382 3793 5441 Deinde
3829 5399 3937 5439 na-

2212 5500 2306 5550 tus
2333 5497 2422 5549 est
2451 5490 2718 5549 Christus
2762 5503 2896 5546 cum
2937 5488 3061 5557 jam
3114 5482 3437 5555 inciperent
3465 5489 3722 5533 crescere
3774 5472 3933 5541 dies,

2214 5587 2389 5642 natus
2419 5590 2507 5640 est
2535 5582 2788 5640 Joannes
2818 5576 3053 5651 quando
3084 5574 3387 5647 coeperunt
3421 5564 3610 5625 minui
3649 5563 3796 5619 dies.
3849 5564 3935 5619 At
