4146 6186
314 208 475 270 i505

304 348 523 399 testata
570 349 652 399 est
702 344 832 416 ipsa
882 350 1145 403 creatura
1193 355 1247 404 et
1299 350 1435 422 ipsae
1487 356 1783 426 passiones
1829 358 2020 415 verbis

298 430 553 488 Joannis
577 432 853 501 dicentis,
879 435 1037 491 Illum
1067 442 1280 509 oportet
1310 454 1572 510 crescere,
1598 461 1685 499 me
1710 450 1895 503 autem
1926 451 2018 503 mi-

301 524 427 576 nui.
462 522 697 579 Crescat
743 540 881 597 ergo
928 524 986 581 in
1022 527 1190 583 nobis
1240 528 1424 601 gloria
1458 532 1577 599 Dei,
1613 540 1670 590 et
1724 537 2022 595 minuatur

300 611 492 682 gloria
525 618 740 681 nostra,
777 622 837 670 ut
871 616 929 673 in
958 617 1073 673 Deo
1105 626 1325 675 crescat
1354 624 1410 676 et
1459 628 1680 681 nostra.
1717 626 1833 684 Hoc
1864 630 2017 687 enim

303 701 450 757 dicit
475 704 809 774 Apostolus,
844 706 952 763 hoc
983 708 1123 763 dicit
1152 710 1451 781 Scriptura
1480 719 1683 771 sancta
1717 733 1730 772 :
1769 718 1874 784 Qui
1913 722 2019 788 glo-

303 794 517 860 riatur,
552 796 604 849 in
640 795 871 853 Domino
900 798 1172 867 glorietur
1203 803 1244 871 (Ι
1276 800 1399 857 Cor.
1434 818 1473 871 ι,
1508 805 1596 873 31,
1630 813 1683 862 et
1710 808 1906 865 Ierem.
1939 828 2016 881 1x,

299 883 396 950 23,
425 883 541 954 24).
571 884 634 939 In
661 888 718 942 te
747 885 835 941 vis
866 886 1153 959 gloriari?
1180 906 1438 949 crescere
1458 894 1583 950 vis:
1613 898 1713 953 sed
1741 898 1895 955 malo
1918 904 2017 958 tuo

300 975 460 1031 male
493 977 725 1033 crescis.
750 979 859 1043 Qui
893 981 1048 1037 enim
1082 981 1234 1038 male
1270 985 1495 1055 crescit,
1530 987 1681 1056 iuste
1714 990 2015 1049 minuitur.

298 1066 541 1123 Crescat
570 1084 706 1141 ergo
742 1068 890 1126 Deus
922 1071 1020 1143 qui
1052 1090 1283 1145 semper
1330 1077 1621 1147 perfectus
1651 1085 1762 1149 est,
1796 1088 2019 1140 crescat

299 1155 361 1209 in
398 1159 475 1211 te.
503 1159 730 1224 Quanto
762 1159 918 1215 enim
953 1163 1141 1233 magis
1172 1164 1449 1236 intelligis
1481 1166 1691 1241 Deum,
1714 1176 1767 1227 et
1800 1182 2016 1243 quanto

302 1246 498 1316 magis
522 1248 703 1321 capis,
727 1249 953 1306 videtur
981 1250 1040 1307 in
1067 1256 1122 1310 te
1142 1269 1398 1311 crescere
1431 1257 1582 1313 Deus
1606 1274 1619 1313 :
1645 1260 1704 1315 in
1738 1278 1799 1317 se
1821 1269 2015 1321 autem

302 1353 422 1393 non
474 1340 703 1408 crescit,
735 1340 840 1396 sed
890 1359 1119 1414 semper
1166 1348 1453 1417 perfectus
1502 1354 1611 1406 est.
1645 1354 2013 1427 Intelligebas

300 1425 426 1482 heri
472 1428 791 1496 modicum,
839 1431 1116 1505 intelligis
1176 1435 1349 1496 hodie
1406 1440 1679 1513 amplius,
1732 1425 2014 1516 intelliges

299 1533 430 1572 cras
463 1518 652 1577 multo
684 1520 939 1594 amplius
973 1541 985 1578 :
1014 1524 1206 1583 lumen
1232 1528 1428 1601 ipsum
1464 1531 1561 1586 Dei
1593 1534 1801 1588 crescit
1830 1533 1889 1588 in
1920 1537 2009 1603 te;

297 1607 381 1663 ita
413 1608 572 1665 velut
603 1610 757 1667 Deus
805 1615 1032 1683 crescit,
1066 1616 1165 1687 qui
1195 1635 1422 1691 semper
1470 1622 1762 1693 perfectus
1795 1629 2009 1681 manet.

297 1698 809 1762 Quemadmodum
844 1703 892 1759 si
924 1712 1265 1764 curarentur
1314 1709 1561 1782 alicujus
1592 1713 1743 1768 oculi
1796 1731 1863 1769 ex
1896 1714 2014 1786 pri-

296 1787 456 1843 stina
488 1788 769 1860 caecitate,
802 1798 861 1848 et
892 1794 1169 1867 inciperet
1198 1799 1390 1855 videre
1422 1802 1724 1872 paululum
1757 1804 1923 1873 lucis,
1956 1808 2012 1859 et

294 1877 411 1932 alia
439 1880 539 1934 die
570 1881 701 1952 plus
731 1883 973 1952 videret,
1009 1891 1065 1942 et
1096 1889 1264 1945 tertia
1294 1890 1387 1945 die
1417 1892 1690 1962 amplius,
1724 1893 2012 1951 videretur

294 1966 378 2022 illi
414 1968 518 2023 lux
564 1986 823 2028 crescere
853 1990 867 2030 :
901 1974 999 2030 lux
1048 1980 1241 2034 tamen
1288 1981 1543 2051 perfecta
1590 1986 1698 2051 est,
1732 1983 1851 2039 sive
1888 1984 2010 2056 ipse

293 2057 511 2126 videat,
546 2061 663 2117 sive
710 2081 822 2120 non
875 2067 1088 2123 videat.
1121 2070 1215 2125 Sic
1260 2075 1349 2127 est
1396 2081 1447 2127 et
1499 2074 1738 2130 interior
1784 2074 2008 2132 homo:

294 2148 528 2220 proﬁcit
558 2154 794 2222 quidem
828 2156 884 2211 in
919 2156 1034 2213 Deo
1070 2159 1110 2228 ί,
1146 2164 1203 2216 et
1236 2161 1387 2217 Deus
1418 2163 1478 2218 in
1503 2163 1602 2220 illo
1636 2164 1865 2221 videtur
1893 2182 2009 2222 cre-

293 2255 493 2306 scere;
520 2240 641 2312 ipse
668 2247 861 2301 tamen
894 2247 1197 2315 minuitur,
1215 2254 1331 2307 uta
1352 2252 1533 2322 gloria
1556 2271 1664 2311 sua
1687 2255 1932 2325 decidat,
1955 2260 2011 2312 et

294 2328 353 2383 in
384 2328 642 2400 gloriam
674 2332 773 2388 Dei
807 2344 1025 2407 surgat.

361 2420 417 2475 6.
444 2421 519 2476 Et
551 2422 960 2496 distinctejam
993 2432 1050 2483 et
1072 2430 1375 2489 manifeste
1396 2443 1632 2506 apparet
1664 2438 1813 2507 quod
1840 2437 2009 2494 modo

292 2510 651 2569 audivimus.
679 2514 781 2581 Qui
808 2516 875 2571 de
895 2533 1112 2575 sursum
1144 2524 1311 2591 venit,
1335 2540 1498 2596 supra
1530 2542 1713 2583 omnes
1743 2533 1839 2584 est.
1866 2527 2009 2583 Vide

291 2600 433 2670 quid
461 2602 621 2657 dicat
650 2604 719 2659 de
742 2606 994 2663 Christo.
1021 2610 1166 2675 Quid
1201 2614 1271 2668 de
1302 2615 1407 2669 se?
1440 2616 1543 2683 Qui
1562 2621 1639 2672 est
1670 2618 1734 2674 de
1754 2627 1923 2687 terra,
1945 2620 2011 2675 de

291 2694 442 2745 terra
475 2701 579 2761 est,
606 2702 654 2748 et
684 2696 749 2749 de
779 2704 923 2753 terra
959 2698 1221 2771 loquitur.
1250 2704 1354 2771 Qui
1381 2706 1444 2761 de
1471 2723 1691 2762 sursum
1722 2712 1889 2777 venit,
1922 2726 2007 2765 su-

292 2798 389 2851 pra
423 2799 615 2838 omnes
654 2794 771 2847 est;
803 2788 1068 2846 Christus
1100 2799 1188 2848 est
1224 2811 1235 2849 :
1272 2795 1373 2862 Qui
1405 2802 1598 2853 autem
1632 2803 1708 2855 est
1738 2800 1803 2855 de
1835 2805 2007 2866 terra,

295 2872 359 2925 de
394 2877 548 2927 terra
577 2882 671 2938 (st,
708 2881 759 2930 et
789 2878 853 2932 de
883 2882 1029 2935 terra
1060 2883 1344 2953 loquitur;
1371 2886 1624 2943 Joannes
1665 2897 1768 2944 est.
1805 2890 1870 2944 Et
1901 2890 2009 2946 hoc

293 2968 381 3017 est
411 2967 629 3034 totum,
650 2963 902 3024 Joannes
934 2971 1002 3025 de
1035 2975 1185 3029 terra
1206 2979 1313 3042 est,
1339 2981 1394 3031 et
1426 2978 1495 3031 de
1520 2983 1671 3034 terra
1705 2979 2010 3050 loquitur?

301 3054 487 3107 totum
517 3055 918 3113 testimonium
941 3061 1091 3131 quod
1122 3064 1386 3133 perhibet
1406 3066 1473 3120 de
1505 3066 1839 3135 Christo,de
1862 3072 2009 3125 terra

297 3143 608 3215 loquitur?
640 3165 752 3204 non
784 3166 951 3207 voces
984 3153 1080 3207 Dei
1112 3155 1434 3212 audiuntur
1464 3175 1497 3212 a
1526 3157 1769 3225 Joanne,
1803 3159 1901 3215 ubi
1934 3164 2009 3216 te.

298 3236 650 3292 stimonium
693 3239 955 3309 perhibet
997 3245 1067 3297 de
1105 3245 1380 3301 Christo?
1421 3246 1719 3309 Quomodo
1760 3265 1897 3321 ergo
1939 3251 2008 3306 de

295 3328 451 3379 terra
486 3326 795 3398 loquitur?
823 3330 929 3386 Sed
964 3333 1032 3388 de
1064 3333 1298 3391 homine
1339 3335 1584 3392 dicebat.
1615 3338 1907 3402 Quantum
1939 3342 2005 3396 ad

286 3414 494 3485 ipsum
517 3416 815 3474 hominem
851 3422 1120 3492 pertinet,
1145 3422 1214 3480 de
1245 3429 1399 3481 terra
1430 3432 1538 3497 est,
1563 3431 1619 3483 et
1649 3429 1717 3484 de
1747 3433 1902 3485 terra
1930 3429 2009 3485 lo-

287 3506 502 3575 quitur
534 3522 547 3562 :
585 3508 631 3562 si
661 3514 856 3564 autem
892 3510 1085 3582 aliqua
1116 3513 1374 3585 loquitur
1404 3516 1618 3587 divina,
1644 3517 2008 3575 illuminatus

282 3602 373 3651 est
395 3615 429 3651 a
460 3596 602 3653 Deo.
628 3598 772 3655 Nam
806 3602 854 3656 si
880 3619 991 3658 non
1028 3610 1181 3662 esset
1203 3606 1592 3679 illuminatus,
1614 3614 1767 3667 terra
1798 3616 2005 3669 terram

282 3684 652 3757 loqueretur.
679 3691 823 3764 Ergo
857 3709 1118 3752 seorsum
1143 3702 1232 3754 est
1257 3701 1441 3771 gratia
1470 3700 1594 3768 Dei,
1620 3718 1883 3758 seorsum
1908 3721 2007 3760 na-

282 3780 417 3831 tura
449 3778 731 3836 hominis.
766 3783 933 3840 Modo
964 3791 1228 3845 naturam
1257 3790 1510 3849 hominis
1540 3795 1873 3867 interroga:
1908 3817 2008 3856 na-

286 3868 472 3923 scitur
495 3873 551 3924 et
574 3872 804 3934 crescit,
832 3874 1040 3933 usitata
1066 3878 1179 3934 ista
1201 3878 1500 3938 hominum
1528 3884 1718 3941 discit.
1744 3888 1889 3952 Quid
1918 3906 2008 3946 no-

284 3957 368 4012 vit
397 3960 518 4018 nisi
553 3966 768 4021 terram
802 3967 871 4022 de
902 3969 1098 4024 terra?
1130 3969 1399 4029 Humana
1440 3974 1715 4046 loquitur,
1751 3980 2006 4039 humana

285 4052 474 4120 novit,
499 4054 762 4112 humana
780 4058 959 4129 sapit;
985 4062 1235 4118 carnalis
1257 4063 1571 4120 carnaliter
1590 4069 1855 4137 aestimat,
1880 4087 2005 4126 car-

284 4140 507 4197 naliter
535 4145 871 4216 suspicatur
905 4163 917 4202 :
947 4164 1076 4205 ecce
1111 4159 1194 4206 est
1226 4155 1382 4208 totus
1424 4154 1618 4211 homa.
1656 4156 1856 4213 Veniat
1885 4175 2007 4230 gra-

287 4232 372 4286 tia
401 4231 528 4303 Dei,
564 4232 857 4291 illuminat
888 4240 1153 4295 tenebras
1183 4240 1360 4309 illius,
1394 4244 1545 4299 sicut
1575 4246 1736 4313 dicit,
1767 4248 1839 4302 Tu
1871 4250 2004 4304 littu-

282 4322 533 4377 minabis
556 4324 841 4381 lucernam
864 4344 1059 4397 meam,
1084 4332 1347 4394 Domine;
1379 4335 1515 4389 Deus
1555 4352 1723 4405 meus,
1748 4337 2007 4394 ittumiua

282 4412 543 4466 tenebras
568 4429 714 4469 meas
736 4416 904 4483 (Psat.
930 4434 1068 4487 xvn,
1092 4420 1178 4487 29)
1202 4437 1216 4489 ;
1248 4428 1510 4477 assumat
1534 4429 1783 4481 mentem
1810 4427 2005 4485 huma-
2058 4436 2061 4439 ’

284 4519 452 4569 nam,
486 4512 788 4561 convertat
816 4507 835 4540 θ
864 4509 933 4563 ad
956 4508 1144 4566 lucem
1178 4528 1347 4567 suam
1384 4530 1395 4568 :
1433 4513 1767 4587 incipitjam
1793 4519 2005 4587 dicere,

286 4595 441 4662 quod
478 4595 791 4665 Apostolus
838 4598 999 4667 dicit,
1031 4605 1149 4657 Non
1195 4618 1291 4671 ego
1321 4607 1523 4670 autem,
1555 4606 1645 4660 sed
1694 4608 1878 4677 gratia
1910 4610 2007 4665 Dei

282 4699 502 4739 mecum
534 4684 583 4755 (ί
617 4686 735 4741 Cor.
766 4705 854 4755 xv,
879 4690 963 4757 10)
982 4707 1000 4751 ;
1032 4700 1107 4756 et,
1141 4692 1264 4748 Vivo
1296 4696 1612 4766 autemjom
1642 4712 1747 4751 non
1780 4714 1899 4767 ego,
1920 4702 2007 4755 ri-

282 4776 365 4827 rit
414 4779 597 4830 autem
652 4777 712 4830 in
744 4793 829 4831 me
878 4779 1121 4835 Christus
1153 4782 1355 4851 (Gatat.
1394 4800 1450 4848 ιι,
1483 4783 1594 4854 20).
1630 4785 1745 4841 Hoc
1793 4792 1902 4856 est,
1932 4791 2003 4844 It-

287 4864 407 4917 tum
438 4869 649 4934 oportet
681 4882 939 4935 crescere,
974 4885 1058 4924 me
1083 4884 1275 4927 autem
1312 4875 1514 4929 minui.
1550 4874 1695 4945 Ergo
1726 4876 2002 4947 Joannes,

285 4958 444 5026 quod
483 4959 553 5013 ad
587 4961 873 5015 Joannem
926 4963 1197 5032 pertinet,
1230 4965 1299 5019 de
1330 4969 1485 5021 terra
1531 4974 1635 5032 est,
1671 4972 1726 5022 et
1757 4969 1825 5023 de
1853 4973 2005 5025 terra

284 5046 589 5117 loquitur:
626 5048 673 5103 si
708 5049 850 5119 quid
883 5050 1146 5107 divinum
1198 5054 1414 5109 audisti
1447 5072 1479 5110 a
1509 5057 1748 5124 Joanne,
1784 5058 2005 5115 illumi-

282 5138 485 5192 nantis
514 5144 620 5206 est,
657 5155 773 5194 non
808 5139 1158 5211 recipientis.

351 5225 407 5281 7.
445 5226 552 5294 Qui
595 5228 665 5283 de
712 5229 849 5285 coelo
893 5233 1057 5297 venit,
1090 5247 1256 5302 supra
1302 5249 1487 5289 omnes
1519 5241 1597 5291 est
1616 5252 1637 5298 ;
1668 5244 1717 5292 et
1756 5237 1896 5308 quod
1928 5237 2005 5293 vi-

279 5314 363 5369 dit
414 5320 463 5371 et
503 5318 745 5383 audivit,
800 5317 896 5373 hoc
944 5318 1312 5391 testiﬁcatur:
1359 5326 1408 5377 et
1458 5323 1833 5380 testimonium
1888 5328 2004 5399 ejus

346 5472 362 5504 ι
396 5469 822 5522 Vindocinensis
852 5469 967 5520 ΜΒ..
1000 5472 1057 5523 in
1090 5475 1274 5523 Deum.

344 5532 367 5566 ²
407 5533 560 5591 Editi,
611 5537 975 5586 convertatur.
1021 5536 1212 5586 Melius
1259 5537 1405 5601 Mss,
1449 5542 1731 5603 convertat;
1784 5542 2005 5603 scilicet,

281 5600 471 5658 gratia.

1521 220 2184 287 TRACTATUS‘XIV.
2232 228 2487 294 CAPUT
2535 234 2638 297 IlI.

3680 260 3835 323 1506

2129 378 2286 419 nemo
2313 367 2532 439 accipit.
2561 372 2634 426 De
2660 374 2789 430 creto
2820 379 2985 443 venit,
3010 396 3177 453 supra
3207 400 3393 443 omnes
3424 394 3525 457 est,
3553 394 3831 453 Dominus

2133 458 2323 558 n'oster
2349 457 2518 515 Jesus
2563 462 2827 524 Christus
2858 485 2870 522 ε
2906 470 2976 525 de
3001 461 3116 541 quo
3148 476 3417 547 superius
3466 482 3685 540 dictum
3720 493 3829 558 est,

2130 542 2293 599 Nemo
2340 550 2584 606 ascendit
2630 554 2688 609 in
2735 557 2949 627 cretum,
2981 563 3090 617 nisi
3119 566 3215 635 qui
3261 566 3326 621 de
3352 570 3483 625 creto
3524 542 3826 647 descendit:

2128 631 2310 689 Filius
2342 637 2585 696 hominis
2614 646 2712 713 qui
2755 651 2832 702 est
2860 647 2919 702 in
2951 652 3082 707 creto
3111 631 3291 723 (Joan.
3325 674 3407 727 In,
3445 660 3554 731 13).
3590 662 3686 718 Est
3726 631 3828 718 au:-

2128 726 2243 778 tem
2267 742 2452 825 super
2482 748 2721 801 omnes;
2754 740 2968 808 etquod
2997 741 3135 798 vidit
3162 752 3208 800 st
3251 747 3483 814 audient,
3514 726 3615 807 ἧσο
3662 753 3834 825 loqui-

2130 820 2239 907 tur.
2267 814 2449 873 Habet
2478 822 2631 879 enim
2679 830 2736 880 et
2766 832 2993 885 Patrem
3025 831 3150 904 ipse
3187 835 3367 892 Filius
3399 838 3541 907 Dci;
3575 814 3747 898 habet
3776 850 3832 899 et

2129 903 2376 1003 Patrem,
2409 914 2465 965 et
2496 914 2656 968 audit
2688 931 2721 968 a
2751 918 2938 974 Patre.
2964 922 3027 976 Et
3053 903 3217 994 quod
3241 928 3401 982 audit
3432 947 3463 985 a
3495 903 3658 988 Patre
3689 933 3826 1003 quid

2126 1002 2211 1049 est
2233 994 2260 1048 ?
2289 998 2421 1068 quis
2455 1000 2563 1093 hoc
2595 1005 2886 1075 explicat?
2916 1011 3153 1074 Quando
3186 1014 3384 1087 lingua
3422 1036 3565 1089 mea,
3595 994 3828 1093 quando

2127 1100 2226 1181 cor
2257 1101 2445 1144 meum
2474 1092 2738 1151 sufﬁcere
2770 1102 2977 1167 potest,
3003 1101 3089 1156 vel
3124 1119 3224 1159 cor
3254 1108 3323 1161 ad
3356 1092 3827 1181 intelligendum,

2125 1173 2209 1229 vel
2228 1175 2425 1249 lingua
2440 1181 2509 1234 ad
2536 1183 2967 1257 proferendum,
2984 1193 3123 1262 quid
3143 1198 3396 1267 estquod
3413 1173 3595 1255 Filiuvs
3609 1173 3829 1258 audivit

2126 1269 2338 1324 aPatre
2351 1270 2377 1323 ‘t
2398 1271 2559 1330 Forte
2574 1275 2750 1333 Filius
2766 1278 3017 1337 Verbum
3035 1282 3219 1341 Patris
3234 1288 3495 1347 audivit?
3517 1294 3635 1348 Imo
3652 1293 3831 1349 Filius

2123 1353 2376 1413 Verbum
2412 1360 2598 1419 Patris
2629 1367 2971 1426 est.Videtis
3005 1378 3489 1442 quemadmodum
3520 1380 3612 1438 hic
3634 1382 3827 1455 fatige-

2123 1450 2218 1502 tur
2240 1452 2431 1509 omnis
2462 1466 2704 1513 conatus
2730 1458 3064 1533 humanus;
3100 1466 3305 1523 videtis
3330 1472 3825 1541 quemadmodum

2123 1535 2215 1592 hic
2274 1541 2505 1598 deﬁciat
2564 1548 2754 1604 omnis
2823 1554 3153 1625 conjectura
3211 1535 3460 1628 pectoris
3519 1562 3723 1629 nostri,
3775 1570 3827 1619 et

2121 1627 2311 1684 omnis
2359 1630 2600 1689 intentio
2668 1639 2876 1694 mentis
2925 1640 3251 1714 caligantis.
3304 1648 3491 1703 Audio
3539 1650 3823 1707 dicentem

2121 1714 2484 1808 Scripturam
2538 1724 2675 1793 quia
2706 1725 2888 1784 Filius
2934 1728 3041 1787 hoc
3088 1733 3370 1805 loquitur,
3403 1736 3558 1808 quod
3608 1737 3828 1793 audita

2122 1804 2323 1873 Patre;
2375 1817 2428 1863 et
2480 1828 2680 1869 rursus
2729 1817 2902 1873 audio
2946 1804 3235 1878 dicentem
3284 1804 3645 1896 Scripturam
3692 1828 3827 1898 quia

2120 1893 2245 1964 ipse
2280 1896 2458 1954 Filius
2490 1900 2743 1959 Verbum
2776 1907 2961 1964 Patris
2992 1914 3077 1965 est
3112 1928 3124 1966 :
3161 1914 3220 1967 In
3247 1893 3525 1985 principio
3554 1923 3677 1971 erat
3707 1893 3825 1973 l’er-

2120 1985 2266 2054 bum,
2299 1990 2349 2040 et
2382 1988 2613 2045 Verbum
2647 2001 2762 2048 erat
2785 1998 2930 2066 apud
2960 1999 3152 2066 Deum,
3177 2005 3225 2056 et
3260 2002 3395 2057 Deus
3425 2016 3541 2059 erat
3576 2005 3823 2061 Verbum.

2118 2080 2235 2133 Nos
2266 2078 2563 2151 loquimur
2592 2086 2762 2143 verba
2794 2088 3048 2146 volantia
3078 2096 3132 2147 et
3161 2096 3515 2151 transeuntis
3548 2112 3562 2151 :
3600 2114 3731 2153 mox
3765 2104 3827 2153 ut

2120 2171 2379 2253 senuerit
2411 2188 2506 2227 ore
2536 2177 2632 2229 tuo
2662 2178 2899 2234 verbum
2933 2187 3120 2251 tuum,
3153 2185 3403 2253 transit;
3438 2186 3657 2257 peragit
3693 2195 3824 2243 stre-

2119 2256 2308 2327 pitum
2341 2275 2510 2315 suum
2543 2266 2599 2317 et
2630 2266 2841 2322 transit
2871 2267 2931 2322 in
2966 2269 3287 2325 silentium.
3325 2256 3624 2345 Numquid
3662 2281 3823 2347 potes

2119 2347 2281 2417 sequi
2303 2364 2512 2405 sonum
2537 2355 2723 2423 tuum,
2749 2359 2805 2410 et
2828 2359 3019 2413 tenere
3042 2364 3104 2413 ut
3133 2360 3294 2414 stet?
3324 2361 3606 2433 Cogitatio
3629 2368 3820 2421 tamen

2122 2437 2222 2489 tua
2255 2445 2469 2503 manet,
2492 2443 2547 2493 et
2576 2441 2645 2495 de
2668 2441 2792 2511 ipsa
2815 2445 3160 2515 cogitatione
3184 2455 3453 2505 manente
3476 2449 3618 2506 dicis
3642 2452 3823 2507 multa

2120 2527 2292 2595 verba
2324 2530 2705 2585 transeuntis.
2740 2532 2885 2594 Quid
2919 2534 3191 2601 dicimus,
3227 2537 3475 2594 fratres?
3506 2538 3658 2596 Deus
3687 2557 3818 2596 cum

2116 2613 2475 2688 loqueretur,
2501 2620 2767 2677 adhibuit
2797 2639 3010 2690 vocem,
3032 2626 3300 2682 adhibuit
3331 2644 3528 2697 sonos,
3554 2630 3823 2686 adhibuit

2118 2708 2417 2778 syllabas?
2444 2711 2498 2763 Si
2550 2712 2815 2769 adhibuit
2864 2716 2994 2783 ista,
3031 2735 3146 2787 qua
3193 2717 3392 2790 lingua
3433 2720 3659 2777 locutus
3689 2722 3822 2777 est?

2118 2798 2375 2866 Hebraea,
2400 2818 2470 2855 an
2503 2817 2707 2871 graeca,
2732 2820 2803 2858 an
2838 2804 3067 2861 latina?
3098 2807 3174 2862 ibi
3216 2812 3552 2865 necessaria)
3582 2811 3819 2884 linguae,

2120 2887 2218 2941 ubi
2243 2888 2539 2945 distinctio
2560 2892 2846 2962 gentium.
2873 2894 2955 2950 Ibi
2988 2902 3179 2952 autem
3209 2915 3377 2955 nemo
3401 2905 3588 2971 potest
3611 2902 3819 2969 dicere,

2120 2976 2219 3031 illa
2249 2976 2464 3048 lingua,
2500 2980 2588 3036 vel
2639 2981 2737 3037 illa
2768 2983 2966 3055 lingua
3011 2986 3267 3044 locutum
3301 3006 3428 3047 esse
3478 2991 3677 3047 Deum.
3712 2992 3822 3046 Cor

2120 3070 2288 3122 tuum
2323 3071 2577 3128 attende.
2611 3074 2853 3137 Quando
2885 3078 3144 3149 concipis
3174 3080 3410 3136 verbum
3443 3083 3593 3153 quod
3626 3082 3815 3137 dicas:

2120 3157 2310 3214 dicam
2361 3161 2542 3230 enim,
2574 3163 2619 3218 si
2667 3169 2882 3234 potero,
2917 3169 3065 3237 quod
3116 3169 3173 3224 in
3218 3171 3383 3226 nobis
3430 3173 3818 3241 attendamus,

2120 3266 2233 3305 non
2265 3251 2414 3307 unde
2446 3251 2589 3309 illud
2623 3255 3182 3327 comprehendamus
3217 3276 3229 3316 :
3265 3262 3495 3330 quando
3524 3277 3660 3332 ergo
3689 3279 3816 3317 con-

2119 3340 2265 3411 cipis
2310 3344 2547 3398 verbum
2579 3345 2732 3415 quod
2784 3347 3060 3417 proferas,
3089 3365 3209 3403 rem
3244 3350 3327 3404 vis
3374 3351 3583 3416 dicere,
3607 3359 3660 3406 et
3692 3352 3820 3421 ipsa

2119 3430 2200 3484 rei
2232 3432 2528 3502 conceptio
2561 3432 2617 3488 in
2651 3435 2823 3489 corde
2852 3437 3092 3504 tuojam
3128 3437 3367 3492 verbum
3400 3442 3524 3503 est;
3559 3438 3816 3492 nondum

2122 3519 2424 3588 processit,
2455 3521 2552 3575 sed
2578 3521 2702 3590 jam
2754 3527 2953 3577 natum
2988 3528 3074 3577 est
3117 3524 3173 3578 in
3225 3527 3415 3595 corde,
3449 3528 3504 3579 et
3537 3532 3731 3579 manet
3759 3523 3821 3579 ut

2121 3608 2441 3677 procedat:
2496 3610 2740 3665 attendis
2789 3616 2985 3667 autem
3030 3611 3103 3667 ad
3152 3629 3315 3682 quem
3366 3614 3656 3684 procedat,
3689 3630 3819 3669 cum

2122 3714 2236 3768 quo
2268 3697 2555 3767 loquaris;
2588 3700 2637 3755 si
2671 3700 2905 3756 Latinus
2935 3707 3042 3772 est,
3066 3718 3266 3758 vocem
3302 3703 3541 3759 latinam
3575 3703 3818 3775 quaeris;

2122 3790 2171 3843 si
2194 3788 2426 3843 Graecus
2449 3794 2557 3856 est,
2580 3790 2752 3846 verba
2773 3807 2959 3863 graeca
2984 3792 3318 3863 meditaris;
3355 3792 3403 3849 si
3440 3792 3691 3849 Punicus
3716 3803 3821 3861 est,

2118 3880 2369 3935 attendis
2390 3880 2439 3936 si
2461 3882 2613 3935 nosti
2635 3881 2890 3952 linguam
2917 3884 3215 3953 punicum;
3245 3901 3344 3955 pro
3368 3884 3699 3940 diversitate
3720 3901 3822 3939 au-

2119 3969 2367 4025 ditorum
2391 3970 2649 4026 diversas
2676 3971 2906 4044 linguas
2932 3973 3192 4041 adhibes,
3218 3979 3281 4029 ut
3306 3976 3559 4045 proferas
3583 3974 3819 4031 verbum

2120 4064 2463 4131 conceptum
2491 4078 2502 4114 :
2530 4060 2667 4115 illud
2696 4067 2887 4118 autem
2912 4066 3057 4133 quod
3084 4066 3253 4119 cordc
3278 4063 3823 4136 conceperas,nulla

2121 4147 2322 4220 lingua
2355 4150 2679 4205 tenebatur.
2717 4154 2858 4206 Cum
2891 4168 3026 4224 ergo
3078 4154 3229 4209 Deus
3264 4153 3528 4223 loquens,
3564 4154 3821 4222 linguam

2124 4256 2236 4294 non
2281 4247 2580 4311 quaereret,
2617 4246 2673 4296 et
2700 4257 2886 4313 genus
2938 4243 3280 4299 locutionis'
3318 4260 3431 4297 non
3482 4246 3820 4307 assumeret,

2121 4328 2416 4399 quomodo
2464 4330 2701 4384 auditus
2730 4336 2816 4385 est
2848 4350 2879 4385 a
2916 4333 3078 4399 Filio,
3111 4348 3244 4387 eum
3277 4333 3472 4401 ipsum
3508 4329 3713 4384 Filium
3749 4330 3825 4384 sit

2118 4418 2345 4474 locutus
2394 4419 2587 4473 Deus?
2617 4420 2913 4482 Quomodo
2959 4421 3111 4475 enim
3163 4426 3221 4475 tu
3276 4420 3514 4475 verbum
3548 4419 3700 4490 quod
3736 4417 3825 4473 lo—

2120 4507 2338 4577 queris,
2372 4506 2428 4559 in
2475 4506 2644 4560 corde
2677 4506 2875 4576 habes,
2909 4516 2960 4562 cl
3007 4508 3155 4577 apud
3192 4512 3247 4561 te
3278 4514 3383 4573 est,
3418 4512 3473 4562 et
3514 4506 3642 4577 ipsa
3679 4521 3823 4560 con-

2119 4595 2300 4665 ceptio
2343 4593 2663 4665 spiritualis
2696 4600 2785 4651 est
2835 4597 2993 4667 (nam
3027 4597 3171 4652 sicut
3218 4596 3412 4652 anima
3442 4602 3544 4653 tua
3583 4596 3823 4668 spiritus

2119 4690 2226 4752 est,
2275 4686 2351 4740 ita
2400 4689 2455 4740 et
2503 4685 2738 4741 verbum
2789 4689 2938 4757 quod
3003 4687 3345 4761 concepisti,
3396 4689 3632 4761 spiritus
3682 4694 3763 4744 est
3806 4708 3819 4756 ;

2120 4776 2379 4831 nondum
2411 4775 2565 4832 enim
2598 4777 2821 4849 accepit
2839 4794 3049 4834 sonum
3082 4788 3143 4835 ut
3177 4794 3277 4851 per
3309 4778 3565 4852 syllabas
3596 4777 3823 4832 divida-

2119 4868 2232 4931 tur,
2268 4866 2368 4921 sed
2404 4871 2597 4922 manet
2645 4868 2701 4922 in
2735 4869 3110 4941 conceptione
3160 4870 3351 4925 cordis
3382 4874 3441 4924 et
3468 4869 3527 4922 in
3582 4864 3817 4936 speculo

2118 4956 2326 5010 mentis
2346 4954 2389 5024 2)
2423 4969 2435 5009 :
2470 4956 2554 5010 sic
2586 4955 2737 5013 Deus
2788 4958 2969 5013 edidit
3020 4959 3299 5025 Verbum,
3330 4959 3439 5011 hoc
3481 4957 3589 5020 est,
3620 4951 3819 5021 genuit

2120 5042 2345 5099 Filium.
2372 5044 2434 5098 Et
2468 5050 2526 5101 tu
2552 5046 2784 5114 quidem
2808 5064 2875 5104 ex
2900 5056 3151 5119 tempore
3174 5046 3361 5118 gignis
3378 5043 3616 5099 verbum
3641 5040 3819 5097 etiam

2116 5129 2174 5185 in
2225 5133 2446 5187 corde:
2500 5133 2650 5190 Deus
2700 5136 2823 5191 sine
2872 5140 3130 5205 tempore
3180 5131 3383 5205 genuit
3432 5128 3665 5198 Filium,
3715 5145 3818 5200 per

2113 5236 2288 5291 quem
2314 5224 2529 5278 creavit
2560 5225 2758 5279 omnia
2788 5230 3064 5294 tempora.
3090 5223 3236 5277 Cum
3269 5235 3404 5291 ergo
3437 5219 3680 5278 Verbum
3714 5218 3813 5276 Dei

2114 5310 2296 5368 Filius
2328 5315 2425 5380 sit,
2458 5310 2636 5368 Filius
2684 5317 2882 5369 autem
2929 5312 3158 5367 locutus
3206 5314 3296 5367 est
3328 5308 3518 5379 nobis,
3553 5324 3670 5363 non
3703 5322 3823 5363 ver-

2181 5538 2194 5607 l
2228 5543 2287 5607 In
2321 5537 2571 5607 omnibus
2599 5540 2743 5607 Mss.,
2776 5542 3104 5596 elocutionis.
3262 5604 3265 5607 Α

2180 5606 2201 5637 2
2236 5604 2477 5666 Plerique
2512 5600 2657 5667 Mss,
2690 5600 2748 5657 in
2777 5610 3066 5673 spectacqu
3101 5604 3311 5660 mentis.
