4146 6186
396 233 419 289 1
437 227 554 289 507

388 365 529 422 bum
564 381 757 435 suum,
782 365 883 421 sed
914 362 1153 419 Verbum
1180 358 1386 427 Patris,
1412 376 1471 415 se
1502 358 1670 414 nobis
1701 356 1854 428 loqui
1886 354 2085 420 voluit,

389 454 489 525 qui
520 455 779 511 Verbum
834 452 1021 508 Patris
1052 450 1419 524 loquebatur.
1454 448 1571 505 lIoc
1617 463 1752 519 ergo
1799 445 2090 517 quomodo

386 545 605 614 decuit,
640 550 696 601 et
740 545 1016 616 oportuit,
1046 543 1190 597 dixit
1236 539 1488 596 Joannes
1522 554 1535 596 :
1569 537 1855 609 quomodo
1901 534 2089 608 potui-

388 650 536 703 mus,
555 651 659 691 nos
683 630 1199 706 exposuimus.Cui
1218 632 1290 685 ad
1310 646 1406 685 cor
1426 630 1683 685 nondum
1710 625 1961 698 pervenit
1982 642 1994 679 :
2012 623 2091 679 di-

387 741 539 797 gnus
573 724 645 781 de
679 730 839 779 tanta
871 739 929 777 re
960 721 1313 789 intellectus,
1338 719 1510 773 habet
1542 734 1652 787 quo
1676 732 1737 772 se
1769 717 2084 781 convertat,

386 815 562 869 habet
609 830 724 885 quo
776 812 986 885 pulset,
1021 811 1194 865 habet
1224 827 1255 864 a
1287 826 1400 879 quo
1440 810 1678 879 quaerat,
1714 806 1883 862 habet
1912 822 1944 860 a
1976 819 2087 873 quo

386 908 560 974 petat,
595 902 834 958 habete
866 917 975 971 quo
1006 900 1271 969 accipiat.

455 996 509 1047 8.
545 993 651 1060 Qui
680 992 751 1046 de
783 990 912 1045 creto
943 988 1110 1057 venit,
1142 1004 1309 1059 supra
1340 1001 1521 1042 omnes
1550 990 1625 1040 est
1656 1004 1673 1039 :
1704 994 1756 1040 et
1786 985 1924 1057 quod
1956 983 2090 1039 vidit

382 1087 432 1137 et
463 1080 701 1144 audivit,
727 1079 825 1135 hoc
855 1080 1123 1139 testatur;
1148 1086 1199 1132 et
1230 1077 1594 1132 testimonium
1642 1076 1757 1146 ejus
1808 1089 1964 1129 nemo
1996 1090 2089 1128 ac-

380 1171 538 1243 cipit.
564 1171 619 1224 Si
646 1184 843 1237 nemo,
861 1166 1066 1240 utquid
1089 1166 1290 1223 venit?
1318 1167 1712 1230 Quorumdam
1737 1181 1869 1235 ergo
1896 1180 2085 1221 nemo.

383 1262 481 1315 Est
501 1260 742 1331 quidam
769 1257 1019 1330 populus
1042 1260 1397 1329 praeparatus
1413 1258 1478 1313 ad
1504 1256 1648 1311 iram
1672 1254 2089 1323 Dei,damnan-

382 1352 494 1405 dus
524 1366 656 1404 cum
691 1349 918 1405 diabolo
954 1365 967 1404 :
1005 1348 1213 1403 horum
1248 1362 1416 1403 nemo
1447 1346 1651 1416 accipit
1683 1344 2085 1401 testimonium

382 1438 620 1495 Christi.
658 1437 800 1496 Nam
842 1438 888 1491 si
939 1437 1178 1492 omnino
1229 1452 1422 1504 nemo,
1452 1435 1647 1491 nullus
1701 1435 1913 1502 homo;
1946 1433 2085 1505 quid

381 1534 472 1583 est
492 1529 642 1599 quod
668 1527 957 1598 sequitur,
983 1528 1090 1594 Qui
1110 1531 1293 1581 autem
1312 1528 1520 1597 accepit
1547 1522 1923 1581 testimonium
1943 1523 2084 1594 ejus,

379 1620 613 1689 signavit
644 1620 777 1689 quia
810 1620 953 1673 Deus
999 1633 1169 1673 verax
1197 1619 1322 1671 est?
1352 1618 1515 1673 Certe
1562 1631 1697 1687 ergo
1728 1631 1843 1670 non
1893 1629 2084 1685 nemo,

380 1711 429 1764 si
464 1714 521 1763 tu
559 1709 682 1778 ipse
714 1708 878 1773 dicis,
916 1707 1018 1773 Qui
1048 1708 1254 1778 accepit
1282 1708 1656 1761 testimonium
1684 1705 1819 1775 ejus,
1844 1704 2085 1775 signavit

380 1802 507 1870 quia
540 1800 678 1854 Deus
710 1815 877 1853 verax
902 1810 999 1852 est.
1035 1799 1425 1868 Itesponderet
1454 1813 1589 1869 ergo
1636 1797 1884 1852 fortasse
1912 1795 2084 1849 Joan-

382 1903 484 1942 nes
506 1889 982 1959 interrogatus,et
1021 1886 1415 1956 diceret,Novi
1440 1887 1578 1957 quid
1621 1885 2081 1953 dixerim,nemo.

383 1979 481 2033 Est
511 1978 664 2034 enim
715 1978 950 2048 quidam
982 1976 1234 2049 populus
1283 1982 1455 2032 natus
1493 1976 1563 2031 ad
1597 1976 1741 2030 iram
1776 1974 1894 2040 Dei,
1926 1978 1982 2029 et
2012 1974 2081 2029 ad

384 2069 488 2126 hoc
518 2069 923 2140 prmcognitus.
956 2070 1061 2133 Qui
1096 2067 1213 2123 sint
1240 2068 1395 2123 enim
1434 2066 1728 2133 credituri,
1759 2070 1816 2121 et
1844 2065 1937 2135 qui
1970 2079 2083 2120 non

382 2162 499 2215 sint
536 2160 835 2228 credituri,
870 2160 1028 2215 novit
1069 2160 1262 2229 Deus;
1294 2158 1391 2231 qui
1424 2159 1540 2214 sint
1575 2156 1990 2229 perseveraturi
2024 2155 2082 2209 in

380 2267 446 2306 eo
478 2250 631 2321 quod
665 2250 1059 2317 crediderunt,
1081 2257 1135 2305 et
1168 2250 1267 2320 qui
1290 2250 1408 2304 sint
1439 2248 1681 2319 lapsuri,
1707 2248 1859 2304 novit
1888 2246 2080 2301 Deus:

382 2345 440 2396 et
461 2338 751 2395 numerati
776 2344 913 2394 sunt
935 2338 1050 2394 Deo
1071 2355 1275 2394 omnes
1300 2338 1475 2394 futuri
1499 2338 1554 2392 in
1579 2339 1753 2393 vitam
1776 2345 2080 2403 aeternam;

382 2437 433 2484 et
468 2430 623 2486 novit
666 2428 789 2499 jam
822 2428 985 2483 illum
1034 2427 1315 2499 populum
1365 2427 1729 2483 distinctum.
1765 2425 1910 2482 Etsi
1961 2424 2084 2495 ipse

386 2519 562 2586 novit,
596 2522 653 2575 et
702 2518 1006 2589 Prophetis
1036 2519 1196 2574 dedit
1226 2534 1393 2574 nosse
1424 2533 1525 2589 per
1572 2516 1851 2587 Spiritum
1886 2529 2079 2583 suum,

384 2608 543 2663 dedit
572 2612 627 2663 et
654 2607 879 2662 Joanni.
916 2607 1264 2663 Attendebal
1295 2623 1429 2677 ergo
1459 2606 1735 2670 Joannes,
1770 2621 1883 2659 non
1916 2603 2083 2659 oculo

384 2712 491 2751 suo
524 2715 537 2763 ;
574 2711 707 2751 nam
742 2704 1021 2766 quantum
1054 2695 1124 2751 ad
1159 2696 1350 2767 ipsum
1401 2696 1667 2767 pertinet,
1700 2700 1852 2749 terra
1891 2701 1997 2760 est,
2029 2683 2086 2747 et

388 2785 459 2838 de
490 2792 639 2839 terra
682 2784 938 2853 loquitur
972 2800 987 2839 :
1020 2783 1121 2839 sed
1166 2784 1226 2838 in
1258 2800 1325 2839 ea
1373 2784 1558 2854 gratia
1601 2781 1874 2855 Spiritus,
1907 2796 2085 2853 quam

389 2876 609 2949 accepit
637 2894 669 2931 a
697 2875 834 2942 Deo,
868 2876 1007 2931 vidit
1036 2879 1345 2949 quemdam
1385 2877 1663 2949 populum
1696 2873 1960 2947 impium,
1994 2872 2086 2926 in-

386 2968 615 3023 fidelem
644 2986 657 3037 ;
691 2969 996 3023 attendens
1028 2968 1193 3025 illum
1227 2969 1284 3024 in
1316 2967 1655 3024 inﬁdelitate
1688 2984 1815 3031 sua,
1848 2964 1949 3030 ait,
1989 2963 2081 3017 Te-

381 3060 698 3114 stimonium
718 3058 835 3129 ejus
865 3060 963 3129 qui
983 3058 1125 3114 venit
1147 3061 1214 3114 de
1233 3060 1383 3127 caelo,
1408 3073 1560 3113 nemo
1582 3056 1799 3127 accipit.
1824 3055 2081 3119 Quorum

378 3162 549 3203 nemo
569 3146 596 3201 ‘l
627 3148 834 3203 Eorum
871 3149 971 3219 qui
1024 3151 1093 3203 ad
1127 3149 1427 3205 sinistram
1481 3147 1657 3201 futuri
1694 3149 1846 3213 sunt,
1882 3158 2078 3197 eorum

378 3236 594 3308 quibus
617 3236 863 3305 dicetur,
888 3239 961 3293 lte
990 3238 1051 3293 in
1081 3239 1263 3309 ignem
1292 3244 1580 3295 aeternum.
1604 3236 1700 3307 qui
1724 3239 2080 3305 prmparatus

378 3328 455 3379 est
504 3324 724 3381 diabolo
755 3333 807 3381 et
857 3326 1068 3396 angelis
1110 3327 1244 3397 ejus.
1279 3325 1385 3391 Qui
1431 3340 1564 3393 ergo
1614 3318 1953 3391 accipiunt?
1991 3320 2077 3373 Illi

382 3414 484 3487 qui
513 3417 583 3471 ad
621 3416 911 3471 dexteram
940 3417 1117 3471 futuri
1166 3420 1323 3483 sunt,
1348 3414 1431 3468 illi
1472 3413 1685 3485 quibus
1725 3411 1966 3479 dicetur,
1998 3411 2084 3466 Ve-

379 3504 518 3571 nite,
552 3503 814 3559 benedicti
843 3507 1027 3560 Patris
1055 3507 1180 3571 mei,
1203 3505 1466 3575 percipite
1496 3517 1732 3574 regnum
1767 3499 1905 3572 quod
1936 3499 2081 3553 vobis

377 3602 633 3650 oaratum
682 3599 756 3649 est
805 3594 873 3650 ab
922 3593 1131 3665 origine
1173 3592 1367 3649 mundi
1423 3592 1631 3665 (Matth.
1670 3607 1799 3661 xxv,
1837 3590 1925 3660 41,
1965 3589 2077 3661 34).

374 3685 634 3740 Attendit
663 3699 797 3755 ergo
831 3684 888 3739 in
913 3685 1119 3754 Spiritu
1156 3683 1528 3749 divisionem,
1554 3682 1611 3735 in
1645 3696 1854 3752 genere
1886 3689 2077 3735 autem

374 3772 627 3829 humano
658 3772 1168 3841 commixtionem;
1203 3773 1426 3843 etquod
1455 3772 1712 3827 nondum
1745 3769 1887 3825 locis
1918 3784 2084 3840 sepa-

375 3866 569 3918 ratum
600 3866 708 3929 est,
732 3862 1021 3934 separavit
1051 3860 1367 3926 intellectu,
1391 3859 1676 3932 separavit
1706 3859 1894 3914 cordis
1918 3874 2082 3929 aspe-

374 3956 508 4020 ctu;
543 3956 599 4007 et
630 3951 774 4007 vidit
804 3952 948 4007 duos
1002 3950 1266 4022 populos,
1301 3950 1558 4005 ﬁdelium
1602 3954 1658 4004 et
1701 3948 2023 4003 infidelium
2060 3962 2074 4002 :

372 4039 617 4095 attendit
669 4038 956 4104 infideles,
1008 4043 1063 4093 et
1111 4037 1209 4105 ait,
1262 4038 1365 4105 Qui
1410 4040 1477 4093 de
1519 4038 1648 4093 caelo
1696 4038 1862 4104 venit,
1912 4051 2083 4108 supra

375 4145 560 4185 omnes
590 4134 665 4185 est
697 4147 717 4184 :
747 4132 798 4184 et
846 4127 987 4200 quod
1034 4128 1175 4185 vidit
1204 4135 1255 4183 et
1294 4128 1536 4194 audivit,
1562 4127 1657 4182 hoe
1687 4131 1919 4181 testatur
1946 4129 1958 4161 ¹
1984 4145 2003 4190 ;
2033 4130 2083 4181 et

372 4221 753 4277 testimonium
782 4221 899 4292 ejus
927 4235 1084 4275 nemo
1130 4220 1352 4291 accipit.
1391 4217 1602 4274 Deinde
1635 4217 1932 4273 transtulit
1958 4234 2019 4273 se
2050 4235 2083 4272 a

374 4311 645 4381 sinistra,
677 4314 733 4366 et
764 4309 988 4383 aspexit
1017 4310 1088 4365 ad
1138 4310 1455 4378 dexteram,
1489 4313 1546 4364 et
1576 4313 1813 4365 secutus
1844 4310 1945 4378 ait,
1978 4307 2087 4376 Qui

376 4405 584 4474 accepit
616 4403 990 4458 testimonium
1016 4401 1157 4471 ejus,
1188 4402 1423 4471 signavit
1461 4402 1593 4471 quia
1625 4401 1760 4456 Deus
1790 4416 1956 4455 verax
1984 4402 2083 4455 est.

378 4491 523 4555 Quid
572 4498 678 4559 est,
715 4490 957 4562 signavit
1002 4490 1135 4563 quia
1183 4491 1317 4547 Deus
1365 4505 1533 4545 verax
1578 4494 1676 4557 est,
1729 4489 1864 4558 nisi,
1914 4489 2084 4544 homo

382 4580 626 4635 mendax
657 4589 763 4651 est,
787 4585 843 4637 et
872 4579 1022 4637 Deus
1043 4597 1211 4637 verax
1242 4585 1330 4636 est
1350 4580 1377 4634 ?
1406 4580 1549 4644 Quia
1582 4596 1749 4635 nemo
1782 4579 2083 4635 hominum

381 4675 565 4739 potest
608 4668 797 4724 dicere
846 4671 1001 4740 quod
1052 4671 1308 4727 veritatis
1340 4676 1441 4737 est,
1476 4670 1588 4724 nisi
1623 4669 1987 4726 illuminetur
2012 4668 2083 4723 ab

380 4774 445 4814 co
480 4756 582 4829 qui
616 4758 843 4813 mentiri
879 4775 993 4813 non
1029 4763 1237 4830 potest.
1263 4758 1415 4814 Deus
1446 4775 1581 4829 ergo
1614 4774 1799 4825 verax,
1824 4759 2084 4815 Christus

385 4854 579 4907 autem
613 4848 783 4904 Deus.
821 4848 914 4906 Vis
947 4849 1187 4919 probare
1210 4847 1237 4903 Ἰ
1265 4848 1474 4920 Accipe
1504 4849 1899 4903 testimonium
1935 4850 2080 4921 ejus,

386 4947 441 4998 et
470 4940 697 4998 invenis
725 4957 737 4996 ι
767 4942 1035 5010 Quienim
1064 4942 1266 5012 accepit
1284 4941 1655 4995 testimonium
1685 4940 1821 5011 ejus,
1844 4938 2086 5008 signavit

382 5030 516 5102 quia
551 5031 687 5087 Deus
716 5045 885 5085 verax
926 5036 1022 5084 est.
1054 5026 1239 5092 Quis?
1272 5028 1398 5099 Ipse
1431 5026 1527 5097 qui
1580 5027 1649 5081 de
1679 5026 1819 5082 caelo
1852 5028 2005 5082 venit
2029 5032 2085 5083 et

383 5137 564 5195 supra
587 5137 791 5178 omnes
813 5125 921 5190 est,
938 5122 1086 5176 Deus
1108 5134 1279 5174 verax
1300 5124 1402 5173 est.
1428 5116 1535 5173 Sed
1561 5116 1607 5172 si
1632 5117 1889 5172 nondum
1919 5117 2081 5172 illum

384 5212 660 5281 intelligis
686 5213 888 5279 Deum,
916 5212 1173 5266 nondum
1202 5206 1476 5279 accepisti
1500 5206 1894 5262 testimonium
1921 5209 2081 5278 ejus:

386 5299 601 5370 accipe,
631 5305 687 5357 et
717 5302 939 5374 signes,
974 5307 1389 5374 praesumenler
1418 5296 1717 5369 intelligis,
1750 5297 2087 5353 detinieuter

390 5390 660 5459 agnoscis
690 5392 825 5460 quia
856 5390 1008 5447 Deus
1036 5407 1204 5446 verax
1236 5393 1343 5446 est.

462 5478 516 5531 9.
549 5476 714 5543 Quem
762 5481 907 5533 enim
945 5482 1093 5535 misit
1142 5480 1300 5547 Deus,
1333 5478 1489 5536 verba
1520 5480 1615 5534 Dei
1662 5478 1928 5550 loquitur.
1964 5478 2087 5550 Ipse

457 5578 475 5617 ι
509 5576 657 5631 Mem,
688 5573 950 5638 loquitur:
981 5582 1033 5627 et
1062 5582 1198 5640 post,
1230 5578 1367 5637 loco,
1401 5577 1688 5640 transtulit,
1714 5578 1931 5638 habent,
1957 5577 2088 5631 tulit.

1354 220 1429 283 IN
1474 218 1793 284 JOANNIS
1840 214 2373 283 EVANGELIUM,
2422 218 2486 278 S.
2534 217 2958 281 AUGUSTINI

3760 228 3916 290 1508

2201 358 2286 409 est
2337 354 2487 410 Deus
2538 371 2728 422 verax,
2771 361 2828 411 et
2878 357 3038 413 misit
3086 358 3255 415 illum
3312 361 3461 417 Deus
3496 379 3509 419 :
3544 364 3696 421 Deus
3750 366 3915 421 misit

2203 445 2403 499 Deum.
2437 443 2627 515 Junge
2658 446 2880 515 ambos,
2915 464 3068 504 unus
3098 448 3275 518 Deus,
3303 452 3451 508 Deus
3482 470 3653 510 verax
3686 457 3908 511 missus

2199 550 2232 587 a
2268 535 2396 589 Deo.
2431 534 2509 589 De
2550 535 2797 605 singulis
2848 536 3162 610 interroga,
3195 539 3347 597 Deus
3380 557 3393 597 :
3428 548 3486 598 et
3518 545 3589 599 de
3638 545 3908 601 amholus

2199 622 2512 694 interroga,
2545 624 2717 679 Deus.
2752 624 2873 680 Non
2898 626 3113 697 singuli
3146 629 3296 684 Deus
3328 632 3343 666 ¹
3378 636 3434 687 et
3463 633 3634 690 ambo
3666 635 3769 701 dii,
3803 636 3901 691 sed

2196 713 2463 784 singulos
2495 715 2747 787 quisque
2797 716 2952 773 Deus
2995 724 3051 773 et
3090 722 3262 776 ambo
3314 723 3484 781 Deus.
3526 727 3708 781 Tanta
3745 728 3904 784 enim

2198 803 2277 858 ibi
2324 808 2407 859 est
2436 804 2692 860 charitas
2741 806 2988 876 Spiritus
3036 812 3244 879 sancti,
3277 816 3436 868 tanta
3476 832 3583 885 pax
3636 816 3907 886 unitatis,

2199 897 2260 947 ut
2290 894 2361 948 de
2408 894 2658 965 singulis
2692 912 2823 951 cum
2873 899 3275 971 interrogatur,
3315 904 3459 959 Deus
3507 904 3613 959 tibi
3657 923 3909 978 respon—

2200 984 2443 1051 deatur;
2478 986 2546 1038 de
2577 986 2853 1040 Trinitale
2886 1004 3017 1041 cum
3053 988 3456 1061 interrogatur,
3496 992 3644 1048 Deus
3676 995 3778 1049 tibi
3808 1012 3902 1050 re-

2198 1072 2570 1141 spondeatur.
2598 1073 2654 1127 Si
2680 1073 2834 1128 enim
2861 1076 3100 1145 spiritus
3133 1076 3386 1134 hominis
3410 1083 3638 1149 quando
3661 1080 3905 1138 inhaeret

2199 1161 2313 1216 Deo
2347 1176 2499 1216 unus
2547 1160 2784 1233 spiritus
2812 1168 2923 1232 est,
2955 1170 3150 1235 aperte
3195 1167 3468 1238 Apostolo
3517 1170 3764 1241 dicente,
3798 1172 3908 1240 Qui

2196 1248 2434 1306 adhaeret
2457 1250 2704 1318 Domino,
2720 1268 2863 1308 unus
2883 1255 3115 1324 spiritus
3127 1260 3198 1311 est
3223 1257 3268 1326 (Ι
3293 1258 3413 1314 Cor.
3429 1275 3509 1329 vr,
3528 1260 3647 1331 I7);
3681 1266 3904 1332 quanto

2197 1338 2382 1411 magis
2413 1339 2593 1395 Filius
2626 1342 2869 1412 aequalis
2898 1344 3202 1401 adhaerens
3237 1346 3394 1403 Patri
3426 1349 3605 1405 simul
3637 1367 3769 1406 cum
3800 1351 3901 1407 illo

2197 1442 2349 1485 unus
2379 1428 2527 1485 Deus
2557 1430 2695 1485 est?
2724 1432 2931 1488 Audite
2960 1433 3206 1491 alterum
3247 1437 3671 1495 testimonium.
3706 1440 3901 1497 Nostis

2197 1540 2374 1594 quam
2409 1522 2576 1579 multi
2626 1524 3015 1593 crediderunt,
3047 1529 3276 1598 quando
3326 1530 3524 1586 omnia
3568 1547 3695 1602 quae
3728 1531 3903 1588 habe-

2198 1612 2356 1683 bant,
2388 1616 2456 1670 ad
2510 1616 2680 1687 pedes
2732 1618 3144 1687 Apostolorum
3192 1619 3427 1675 vendita
3476 1630 3808 1693 posuerunt,
3838 1628 3903 1678 ut

2196 1702 2644 1759 distribueretur
2693 1703 3010 1776 unicuique
3038 1706 3190 1763 sicut
3232 1724 3380 1780 opus
3412 1716 3535 1765 erat
3569 1727 3582 1766 :
3616 1715 3671 1766 et
3701 1712 3770 1767 dc
3802 1712 3902 1766 illa

2194 1794 2639 1865 congregatione
2671 1801 3003 1851 sanctorum
3053 1798 3191 1867 quid
3226 1799 3363 1854 dicit
3393 1800 3689 1871 Scriptura
3711 1801 3738 1854 ?
3770 1803 3901 1856 Erat

2191 1882 2314 1937 illis
2353 1885 2541 1939 anima
2586 1902 2696 1940 una
2726 1890 2776 1940 et
2823 1902 2914 1941 eor
2945 1902 3114 1941 unum
3146 1887 3206 1941 in
3255 1890 3479 1944 Domino
3509 1890 3647 1959 (Aet.
3680 1907 3757 1957 IV,
3788 1892 3898 1959 32).

2194 1973 2253 2028 Si
2285 1973 2538 2029 Charitas
2588 1976 2657 2029 de
2690 1979 2773 2029 tot
2806 1977 3019 2030 animis
3070 1976 3196 2031 fecit
3226 1977 3483 2033 animam
3520 1996 3710 2046 unam,
3743 1986 3801 2035 et
3832 1979 3903 2034 de

2195 2066 2281 2117 tot
2310 2064 2585 2119 cordibus
2630 2066 2763 2119 fecit
2794 2081 2891 2119 cor
2923 2081 3127 2132 unum,
3160 2073 3379 2138 quanta
3410 2073 3495 2123 est
3525 2069 3773 2124 charitas
3807 2070 3899 2125 in-

2193 2155 2277 2207 ter
2308 2152 2533 2208 Patrem
2559 2160 2614 2209 et
2638 2154 2843 2209 Filium
2870 2154 2895 2209 i
2928 2155 3105 2225 Major
3132 2158 3334 2229 utique
3358 2163 3538 2230 potest
3568 2174 3696 2214 esse
3719 2175 3899 2229 quam

2196 2240 2346 2296 inter
2378 2241 2506 2296 illos
2556 2242 2822 2297 homines
2864 2244 3077 2312 quibus
3125 2258 3245 2299 erat
3295 2262 3391 2301 cor
3441 2263 3640 2301 unum.
3672 2247 3727 2301 Si
3759 2263 3899 2317 ergo

2197 2331 2511 2386 multorum
2551 2333 2789 2387 fratrum
2824 2351 2923 2387 cor
2957 2351 3137 2389 unum
3181 2342 3411 2407 propter
3441 2338 3809 2407 eharitatem,
3843 2342 3900 2392 et

2196 2421 2507 2476 multorum
2561 2422 2801 2478 fratrum
2840 2425 3036 2479 anima
3080 2442 3190 2480 una
3237 2432 3472 2498 propter
3517 2427 3901 2491 charitatem;

2194 2508 2346 2565 Deus
2382 2511 2545 2566 Pater
2565 2517 2619 2566 et
2642 2513 2790 2567 Deus
2814 2511 3013 2582 Filius,
3039 2515 3296 2570 dicturus
3332 2534 3388 2570 es
3413 2518 3551 2587 quia
3571 2518 3686 2572 duo
3719 2516 3907 2574 sunt?

2196 2601 2251 2656 Si
2288 2602 2402 2655 duo
2427 2601 2503 2655 dii
2538 2607 2696 2669 sunt,
2723 2620 2836 2658 non
2868 2610 2953 2658 est
2977 2604 3053 2659 ibi
3087 2622 3318 2660 summa
3351 2606 3624 2662 Charitas.
3650 2608 3708 2663 Si
3740 2609 3896 2663 enim

2196 2690 2288 2744 hic
2322 2697 2477 2745 tanta
2508 2691 2761 2746 Charitas
2809 2698 2917 2763 est,
2953 2699 3015 2748 ut
3045 2695 3301 2751 animam
3355 2702 3509 2751 tuam
3545 2702 3602 2751 et
3642 2696 3899 2752 animum

2195 2780 2367 2834 amici
2391 2781 2473 2835 tui
2506 2798 2675 2835 unam
2702 2781 2956 2837 animum
2995 2785 3199 2852 faciat;
3236 2787 3527 2857 quomodo
3553 2786 3632 2841 ibi
3665 2804 3779 2841 non
3816 2792 3908 2842 est

2197 2886 2347 2925 unus
2380 2869 2531 2925 Deus
2556 2871 2716 2925 Pater
2747 2880 2797 2926 et
2835 2872 3056 2928 Filius?
3085 2874 3251 2928 Absit
3277 2881 3336 2929 ut
3368 2875 3473 2930 hoc
3504 2876 3720 2931 sentiat
3756 2877 3901 2931 fides

2195 2975 2309 3013 non
2360 2959 2509 3013 ﬁct‘l.
2556 2960 2798 3014 Prorsus
2847 2966 3131 3031 quantum
3184 2963 3424 3018 excellat
3470 2964 3728 3020 Charitas
3780 2963 3896 3029 illa,

2194 3049 2328 3105 hinc
2361 3050 2677 3121 intelligite.
2716 3050 2907 3105 Multa)
2940 3053 3146 3107 animo:
3179 3059 3317 3109 sunt
3360 3054 3675 3111 multorum
3709 3056 3899 3111 homi-

2194 3156 2353 3207 num,
2390 3144 2443 3193 et
2476 3140 2519 3221 si
2556 3156 2615 3195 se
2648 3140 2921 3210 diligunt,
2960 3159 3072 3195 una
3122 3144 3319 3198 anima
3348 3148 3473 3212 est;
3508 3145 3609 3199 sed
3653 3151 3900 3216 possunt

2192 3228 2305 3283 dici
2338 3233 2391 3283 ct
2415 3228 2604 3282 multa?
2638 3229 2865 3296 animm,
2894 3236 3138 3301 possunt
3161 3234 3214 3286 in
3240 3232 3596 3303 hominibus,
3624 3234 3762 3305 quia
3786 3250 3903 3289 non

2192 3324 2282 3374 est
2315 3323 2477 3374 tanta
2527 3321 2861 3389 conjunctio
2896 3336 2908 3375 τ
2947 3321 3022 3375 ibi
3070 3332 3281 3393 autem,
3319 3340 3501 3379 unum
3552 3329 3729 3380 Deum
3767 3326 3901 3380 licet

2192 3408 2389 3476 dicas;
2427 3408 2573 3464 duos
2607 3416 2707 3464 aut
2742 3416 2853 3465 tres
2905 3412 3039 3465 deos
3074 3428 3186 3467 non
3222 3412 3356 3468 licet
3402 3414 3577 3469 dicas.
3613 3414 3757 3468 Hinc
3790 3414 3897 3468 tibi

2190 3500 2633 3554 commendatur
2655 3500 3149 3571 supereminentia
3172 3510 3222 3556 et
3254 3503 3561 3558 summitas
3594 3503 3899 3559 ctiaritatis

2190 3590 2366 3654 tanta,
2404 3592 2466 3642 ut
2498 3590 2680 3658 major
2712 3605 2839 3644 esse
2875 3607 2985 3644 non
3020 3591 3219 3661 possit.

2263 3676 2349 3732 10.
2384 3678 2553 3745 Quem
2587 3681 2731 3733 enim
2763 3681 2912 3733 misit
2965 3680 3119 3747 Deus,
3152 3682 3313 3735 verba
3348 3682 3442 3737 Dei
3490 3681 3752 3754 loquitur.
3790 3682 3908 3738 lloc

2192 3768 2392 3837 utique
2424 3768 2491 3821 de
2525 3768 2750 3823 Christo
2784 3769 3037 3836 dicebat,
3074 3775 3136 3825 ut
3166 3787 3227 3826 se
3258 3772 3330 3827 ab
3362 3772 3460 3827 illo
3492 3772 3905 3842 distingueret.

2190 3856 2338 3919 Quid
2370 3858 2573 3914 enim?
2602 3859 2791 3929 ipsum
2844 3861 3119 3916 Joannem
3167 3878 3358 3917 nonne
3391 3868 3540 3918 Deus
3581 3863 3785 3918 misit?
3815 3864 3904 3917 An

2193 3962 2306 4001 non
2343 3948 2464 4018 ipse
2514 3948 2677 4015 dixit,
2712 3949 2900 4005 Missus
2937 3967 3058 4005 sum
3110 3956 3237 4009 ante
3286 3968 3412 4007 eum
3454 3954 3632 4024 (toan.
3670 3970 3758 4019 ιιι,
3791 3956 3907 4025 28),

2191 4040 2267 4103 et,
2304 4038 2413 4106 Qui
2458 4056 2541 4093 me
2572 4040 2723 4093 misit
2775 4041 3059 4111 baptizare
3089 4044 3146 4096 in
3189 4059 3329 4113 aqua
3370 4044 3470 4115 (Id.
3504 4059 3543 4111 ι,
3575 4044 3669 4114 33)
3706 4061 3719 4099 :
3754 4052 3806 4099 et
3840 4046 3908 4099 de

2193 4126 2292 4181 illo
2326 4126 2547 4183 dictum
2580 4135 2690 4196 est,
2726 4130 2853 4185 Ecce
2886 4134 3042 4186 mitto
3084 4133 3341 4202 angelum
3374 4150 3556 4188 meum
3594 4140 3729 4189 ante
3758 4145 3836 4201 te,
3860 4138 3909 4190 et

2192 4218 2532 4289 prwparabit
2557 4220 2697 4274 viam
2718 4224 2870 4274 tuam
2892 4230 2917 4274 ελ
2950 4220 3148 4276 Nonne
3171 4226 3227 4277 et
3258 4223 3375 4294 ipse
3399 4224 3572 4279 verba
3594 4222 3695 4278 Dei
3722 4223 3909 4296 loqui-

2194 4311 2309 4376 tur,
2334 4308 2404 4363 de
2434 4325 2549 4379 quo
2572 4309 2744 4364 etiam
2774 4309 2994 4366 dictum
3021 4315 3110 4366 est
3141 4312 3293 4383 quod
3328 4314 3404 4367 sit
3433 4313 3689 4384 amplius
3729 4329 3911 4384 quam

2195 4397 2473 4467 propheta
2520 4399 2771 4470 (Malach.
2824 4416 2910 4467 ιιι,
2950 4404 2968 4453 1
3003 4418 3015 4467 ;
3047 4401 3233 4456 Matth.
3274 4420 3349 4467 xu,
3408 4404 3488 4469 10,
3518 4402 3625 4474 9)?
3661 4404 3720 4457 Si
3770 4420 3910 4467 ergo

2194 4491 2249 4541 et
2271 4486 2465 4558 ipsum
2492 4488 2641 4544 Deus
2666 4490 2841 4554 misit,
2868 4496 2926 4546 et
2948 4492 3121 4546 verba
3146 4492 3244 4548 Dei
3269 4494 3570 4564 loquitur;
3606 4495 3905 4565 quomodo

2195 4578 2263 4633 ad
2298 4578 2758 4647 distinctionem,
2795 4581 2863 4636 de
2892 4582 3116 4637 Christo
3147 4598 3279 4638 eum
3314 4583 3526 4639 dixisse
3559 4584 3907 4656 accipimus,

2196 4667 2363 4735 Quem
2409 4671 2557 4725 enim
2588 4670 2737 4725 misit
2786 4672 2949 4737 Deus,
2982 4672 3139 4726 verba
3170 4674 3267 4727 Dei
3295 4673 3590 4743 loquitur?
3636 4674 3745 4729 Sed
3781 4674 3915 4729 vide

2196 4757 2331 4828 quid
2362 4758 2637 4831 adjungal
2676 4775 2689 4812 :
2723 4760 2837 4814 Νυη
2869 4762 3016 4815 enim
3046 4760 3113 4815 ad
3145 4778 3459 4817 mensuram
3493 4764 3586 4817 dat
3622 4763 3758 4818 Deus
3792 4765 3914 4833 Spi-

2195 4848 2389 4902 ritum.
2424 4849 2569 4913 Quid
2598 4853 2687 4903 est
2718 4848 2843 4916 hoc,
2871 4854 2987 4907 Non
3023 4852 3171 4907 enim
3200 4853 3275 4907 ad
3308 4868 3622 4907 mensuram
3644 4852 3735 4907 dat
3766 4853 3913 4908 Deus

2195 4938 2509 5009 Spiritum?
2538 4939 2874 4995 Invenimus
2923 4941 3061 5012 quia
3101 4943 3171 4997 ad
3224 4959 3558 4998 mensuram
3602 4944 3701 4997 dat
3751 4942 3915 4999 Deus

2195 5027 2497 5099 Spiritum.
2532 5028 2681 5083 Audi
2710 5030 3047 5100 Apostolum
3082 5031 3396 5099 dicentem,
3422 5032 3731 5088 Secundum
3764 5051 3917 5089 men-

2193 5134 2385 5173 suram
2434 5119 2753 5174 donationis
2802 5118 3018 5176 Christi
3067 5122 3287 5194 (Ephes.
3323 5138 3397 5189 iv,
3432 5124 3505 5193 7).
3551 5122 3916 5180 Hominibus

2197 5206 2268 5261 ad
2302 5222 2594 5263 mesuram
2628 5208 2743 5278 dat,
2780 5209 2948 5265 unico
2982 5210 3125 5266 Filio
3160 5228 3270 5267 non
3307 5212 3405 5267 dat
3437 5212 3505 5266 ad
3539 5229 3913 5270 mensuram.

2196 5300 2489 5363 Quomodo
2513 5299 2846 5357 hominibus
2870 5303 2941 5357 ad
2967 5302 3340 5360 mensuram?
3364 5302 3475 5357 Alii
3494 5303 3711 5374 quidem
3737 5304 3919 5359 datur

2194 5405 2291 5461 per
2321 5389 2585 5460 Spiritum
2631 5406 2806 5447 sermo
2837 5395 3117 5463 sapientia:
3136 5408 3157 5455 ;
3188 5392 3294 5449 atii
3322 5409 3503 5449 sermo
3549 5396 3795 5449 scientia
3820 5410 3916 5450 se-

2195 5479 2432 5535 cundum
2460 5480 2709 5537 eumdem
2742 5482 3047 5553 Spiritum;
3078 5486 3177 5540 alii
3206 5484 3335 5554 ﬁdes
3358 5484 3413 5539 in
3442 5484 3635 5541 eodem
3664 5485 3912 5557 Spiritu,

2262 5582 2277 5614 ¹
2310 5579 2396 5627 Sic
2427 5596 2612 5631 omnes
2644 5586 2761 5635 Mss.
2801 5586 2867 5633 At
2901 5585 3025 5635 editi
3055 5599 3064 5631 :
3098 5584 3204 5633 Non
3238 5584 3442 5646 singuli
3472 5583 3567 5633 dii.
