4146 6186
285 263 439 323 1509

277 398 383 452 alii
410 397 719 469 prophetia,
761 394 863 448 alii
893 390 1220 465 dijudicatiO
1279 390 1600 464 spirituum,
1646 388 1751 444 alii
1796 404 1993 459 genera

280 488 630 557 linguarum,
659 484 768 540 alii
798 483 1016 538 donatio
1054 482 1432 538 curationum.
1480 480 1764 550 Numquid
1808 495 1994 536 omnes

276 577 517 647 apostoli
545 578 573 631 7
604 573 871 646 numquid
901 588 1087 628 omnes
1132 572 1407 643 prophetae
1437 573 1465 624 ?
1505 570 1779 643 numquid
1809 586 1995 630 omnes

275 669 558 724 doctores?
573 665 842 736 numquid
863 678 1044 719 omnes
1066 664 1294 719 virtutes
1315 670 1341 717 Ρ
1370 662 1640 733 numquid
1657 678 1841 718 omnes
1855 662 1996 717 dona

276 759 484 814 habent
505 759 809 813 sanitatum
833 757 860 809 ?
879 754 1151 825 numquid
1182 767 1367 809 omnes
1401 750 1615 821 linguis
1641 751 1942 824 loquuntur
1969 756 1995 804 Ρ

278 849 553 919 numquid
602 862 786 904 omnes
834 847 1276 916 interpretantur
1306 841 1353 913 (Ι
1396 844 1520 899 Cor.
1566 855 1667 908 xu,
1700 839 1752 908 8,
1802 839 1858 910 9,
1906 841 1993 908 10,

275 940 371 1008 29,
405 939 500 1009 30)
532 937 559 993 ἲ
592 936 762 992 Aliud
795 934 969 991 habet
999 934 1129 999 iste,
1178 931 1336 989 aliud
1370 930 1467 986 ille
1500 948 1513 999 ;
1548 934 1606 986 et
1635 930 1791 1003 quod
1822 930 1996 987 habet

278 1028 400 1096 ille,
436 1044 557 1083 non
591 1026 764 1083 habet
811 1025 921 1081 iste
955 1039 969 1079 :
1016 1038 1294 1079 mensura
1338 1024 1444 1091 est,
1487 1020 1696 1077 divisio
1727 1021 1995 1092 quaedam

279 1120 578 1175 donorum
613 1120 720 1174 cst.
745 1115 891 1187 Ergo
914 1111 1257 1169 hominibus
1280 1111 1350 1167 ad
1382 1127 1716 1167 mensuram
1740 1111 1913 1167 datur
1941 1114 1997 1166 et

280 1210 603 1267 concordia
626 1208 703 1263 ibi
737 1223 918 1263 unum
950 1221 1164 1277 corpus
1194 1204 1350 1261 facit.
1383 1204 1682 1269 Quomodo
1714 1204 1874 1261 aliud
1906 1220 1997 1259 ac-

276 1299 426 1371 cipit
458 1314 671 1354 manus
692 1301 758 1354 ut
787 1297 1077 1368 operetur,
1100 1294 1258 1350 aliud
1292 1293 1495 1350 oculus
1516 1297 1581 1349 ut
1600 1293 1812 1365 videat,
1837 1293 1995 1349 aliud

278 1389 445 1447 auris
480 1393 544 1445 ut
574 1388 791 1451 audiat,
826 1385 982 1442 aliud
1008 1400 1109 1456 pes
1141 1388 1207 1440 ut
1236 1384 1497 1440 ambulet
1530 1402 1543 1452 ;
1579 1384 1771 1439 anima
1800 1396 1994 1438 tamen

279 1497 399 1536 una
431 1486 682 1551 estquae
732 1477 854 1550 agit
906 1476 1111 1545 omnia,
1157 1474 1217 1530 in
1271 1490 1449 1531 manu
1501 1480 1565 1531 ut
1607 1478 1893 1547 cperetur,
1938 1473 1995 1529 in

280 1569 432 1641 pede
466 1573 533 1625 ut
562 1567 843 1632 ambulet,
902 1564 962 1621 in
994 1579 1135 1621 aure
1164 1566 1230 1619 ut
1260 1563 1483 1631 audiat,
1531 1564 1591 1620 in
1623 1563 1787 1621 oculo
1822 1569 1884 1621 ut
1908 1565 1998 1621 vi-

279 1652 419 1708 deat
452 1668 468 1708 :
503 1651 589 1708 sic
618 1653 759 1705 sunt
787 1647 961 1705 etiam
987 1646 1219 1703 diversa
1239 1645 1389 1701 dona
1412 1644 1694 1714 ﬁdelium,
1720 1653 1996 1720 tanquam

282 1741 571 1798 membris
604 1756 668 1796 ae
701 1752 1040 1796 mensuram
1090 1735 1303 1808 cuique
1333 1737 1628 1808 propriam
1662 1736 1993 1793 distributa.

281 1832 395 1888 Sed
427 1829 690 1887 Christus
720 1829 821 1901 qui
852 1828 972 1893 dat,
1005 1842 1117 1885 non
1152 1827 1224 1883 ad
1254 1841 1591 1882 mensuram
1622 1827 1852 1900 accipit.

357 1923 447 1977 11.
478 1918 627 1976 Audi
656 1917 811 1975 enim
844 1916 1035 1974 adhuc
1067 1915 1206 1988 quid
1238 1916 1507 1987 sequitur
1540 1934 1555 1983 ;
1589 1918 1724 1987 quia
1760 1917 1831 1973 de
1856 1917 1997 1974 Filio

282 2012 533 2077 dixerat,
565 2010 681 2066 Non
708 2008 855 2064 enim
892 2007 963 2061 ad
1017 2022 1331 2062 mensuram
1374 2006 1468 2062 dat
1510 2008 1648 2062 Deus
1679 2006 1953 2078 Spiritum
1977 2025 1996 2063 :

282 2106 452 2157 Pater
484 2101 669 2169 diligit
690 2099 914 2166 Filium,
937 2101 987 2154 et
1016 2098 1205 2155 omnia
1225 2096 1371 2153 dedit
1399 2098 1451 2151 in
1476 2114 1647 2153 manu
1668 2100 1805 2170 ejus.
1831 2098 1912 2152 Ad
1918 2099 1997 2168 je-

282 2194 382 2259 eit,
418 2193 621 2249 Omnia
651 2190 799 2248 dedit
845 2192 903 2244 in
952 2206 1123 2246 manu
1170 2190 1308 2261 ejus,
1360 2195 1421 2244 ut
1452 2205 1649 2245 nosses
1677 2193 1733 2245 et
1763 2188 1855 2244 hic
1888 2204 1995 2260 qua

284 2281 668 2339 distinctione
701 2280 718 2314 ¹
754 2281 974 2336 dictum
1010 2281 1104 2348 sit,
1141 2284 1307 2337 Pater
1331 2278 1515 2351 diligit
1547 2280 1769 2335 Filium.
1813 2280 1997 2345 Quare

285 2373 441 2428 enim
477 2371 505 2426 ?
536 2371 704 2427 Pater
750 2386 867 2426 non
918 2369 1109 2441 diligit
1149 2370 1427 2425 Joannem
1459 2368 1488 2423 ?
1534 2374 1591 2425 et
1641 2374 1832 2425 tamen
1882 2384 1997 2423 non

283 2463 479 2522 omnia
512 2461 674 2517 dedit
704 2461 761 2516 in
786 2476 963 2517 manu
989 2461 1135 2530 ejus.
1161 2464 1330 2515 Pater
1354 2475 1466 2515 non
1487 2458 1680 2529 diligit
1702 2460 1952 2515 Paulum
1973 2460 2000 2515 ‘l

281 2561 336 2611 et
367 2559 569 2609 tamen
597 2568 710 2606 non
744 2550 936 2606 omnia
959 2550 1115 2606 dedit
1145 2550 1203 2604 in
1235 2564 1408 2605 manu
1441 2548 1590 2619 ejus.
1616 2553 1785 2605 Pater
1812 2548 2001 2619 diligit

280 2646 487 2701 Filium
523 2659 541 2699 :
574 2643 674 2698 sed
712 2640 1004 2714 quomodo
1055 2639 1223 2694 Pater
1270 2637 1507 2708 Filium,
1560 2656 1677 2695 non
1709 2640 2000 2711 quomodo

288 2733 573 2791 dominus
606 2748 836 2788 servum
874 2751 888 2800 ;
938 2730 1229 2802 quomodo
1263 2728 1531 2797 Unicum,
1564 2746 1677 2785 non
1711 2729 2000 2800 quomodo

290 2826 664 2896 adoptatum.
699 2822 895 2891 Itaque
940 2820 1131 2875 omnia
1162 2819 1311 2875 dedit
1359 2819 1422 2874 in
1466 2836 1636 2875 manu
1666 2820 1804 2889 eius.
1854 2819 2000 2883 Quid

283 2920 394 2981 est,
429 2914 672 2967 omnia?
702 2914 775 2965 Ut
807 2914 1007 2965 tantus
1050 2909 1124 2964 sit
1154 2910 1353 2976 Filius,
1406 2912 1665 2980 quantus
1699 2912 1787 2965 est
1817 2912 2000 2965 Pater.

285 3004 371 3059 Ad
397 2999 793 3074 aequalitatem
818 2998 971 3055 enim
1003 2999 1114 3055 sibi
1145 2999 1519 3070 genuiteum,
1550 2998 1642 3055 cui
1667 2998 1867 3071 rapina
1890 3015 2004 3055 non

284 3102 441 3150 esset
481 3093 542 3149 in
566 3090 752 3147 forma
782 3089 879 3146 Dei
905 3104 1032 3146 esse
1062 3089 1343 3161 aequalem
1375 3089 1491 3146 Deo
1523 3088 1790 3162 (Philipp.
1834 3106 1896 3158 ιι,
1926 3089 2003 3160 6).

280 3186 452 3239 Pater
500 3182 686 3250 diligit
737 3181 959 3248 Filium,
1004 3187 1059 3236 et
1116 3181 1301 3237 omnia
1339 3179 1499 3235 dedit
1544 3178 1603 3233 in
1647 3196 1819 3235 manu
1866 3180 2003 3248 eius.

281 3275 438 3346 Ergo
482 3288 623 3329 cum
656 3272 725 3327 ad
761 3287 867 3327 nos
913 3270 1186 3344 dignatus
1231 3274 1319 3325 est
1366 3269 1595 3325 mittere
1625 3269 1859 3335 Filium,
1893 3286 2007 3326 non

279 3371 574 3438 putemus
597 3361 820 3435 aliquid
845 3361 1039 3418 minus
1067 3361 1232 3417 nobis
1255 3360 1501 3416 missum
1526 3377 1697 3433 quam
1719 3361 2005 3417 estPater.

276 3457 458 3513 Pater
508 3454 745 3510 mittens
784 3453 1015 3522 Filium,
1058 3468 1117 3508 se
1156 3451 1403 3508 alterum
1437 3450 1624 3512 misitd

355 3540 445 3593 l2.
504 3536 773 3607 Namque
823 3539 1091 3607 putantes
1138 3533 1330 3589 adhuc
1362 3532 1630 3604 discipuli
1663 3533 1793 3605 quia
1845 3533 2011 3589 Pater

284 3626 519 3699 aliquid
555 3626 750 3696 majus
781 3628 868 3681 est
919 3640 1091 3695 quam
1144 3622 1348 3689 Filius,
1400 3622 1658 3678 videntes
1689 3640 1922 3679 carnem
1956 3628 2011 3680 et

282 3734 403 3774 non
455 3714 861 3787 intelligentes
894 3714 1279 3782 divinitatem,
1330 3713 1599 3768 dixerunt
1627 3713 1678 3767 ei
1714 3731 1727 3766 :
1762 3714 2007 3781 Domine,

280 3807 508 3866 ostende
537 3806 693 3861 nobis
727 3810 971 3873 Patrem,
1003 3812 1056 3860 et
1081 3803 1286 3874 sufﬁcit
1331 3804 1499 3859 nobis.
1534 3803 1836 3875 Tanquam
1862 3804 2013 3860 dice-

286 3903 444 3963 rent,
477 3899 614 3951 Jam
649 3894 916 3951 novimus
948 3899 1022 3961 te,
1057 3899 1113 3950 et
1138 3893 1541 3949 benedicimus
1574 3897 1648 3957 te,
1683 3893 1815 3964 quia
1846 3892 2014 3948 novi-

286 4004 425 4043 mus
460 3991 519 4041 te
556 4001 570 4041 :
603 3984 825 4057 gratias
856 3984 1010 4040 enim
1044 3983 1145 4038 tibi
1177 3983 1431 4056 agimus,
1463 3983 1599 4054 quia
1631 3981 1936 4039 ostendisti
1962 3987 2013 4039 te

286 4078 499 4146 nobis;
536 4077 639 4133 sed
673 4078 903 4131 Patrem
938 4075 1199 4131 nondum
1237 4073 1509 4130 novimus
1542 4088 1555 4128 :
1592 4077 1897 4145 propterea
1917 4088 2015 4130 cor

286 4171 564 4224 nostrum
582 4164 829 4233 ardet,et
842 4163 1048 4236 satagit
1064 4161 1535 4235 concupiscentia
1550 4164 1798 4232 quadam
1814 4167 2018 4218 sancta

294 4255 534 4313 videndi
556 4255 747 4313 Patris
771 4254 857 4310 tui
889 4254 987 4326 qui
1023 4258 1075 4311 te
1096 4254 1297 4321 misit;
1332 4252 1520 4326 ipsum
1554 4253 1722 4308 nobis
1754 4253 2013 4321 ostende,

287 4352 346 4402 et
378 4347 531 4403 nihil
560 4345 870 4417 ampliusa
891 4349 947 4401 te
976 4343 1441 4401 desiderabimus
1466 4358 1479 4397 :
1505 4341 1724 4398 sufﬁcit
1743 4342 1897 4399 enim
1923 4359 2020 4400 no-

290 4436 386 4492 bis
435 4453 572 4492 cum
625 4435 724 4491 ille
773 4433 947 4491 fuerit
998 4434 1458 4503 demonstratus,
1507 4449 1621 4505 quo
1661 4434 1848 4506 major
1893 4450 2021 4490 esse

288 4543 468 4585 nemo
491 4531 704 4599 potest.
725 4527 882 4584 Bona
896 4524 1617 4598 concupiscentia,bonum
1641 4524 2018 4594 desiderium;

285 4620 398 4675 sed
433 4636 646 4690 parvus
670 4617 1029 4675 intellectus.
1053 4618 1367 4673 Attendens
1395 4616 1549 4672 enim
1584 4616 1710 4689 ipse
1744 4614 2021 4673 Dominus

282 4709 470 4770 Jesus
510 4725 725 4781 parvos
756 4723 965 4781 magna
985 4710 1329 4778 quaerentes,
1353 4709 1409 4762 et
1431 4722 1492 4762 se
1516 4704 1709 4779 ipsum
1746 4721 2023 4777 magnum

302 4806 466 4861 inter
506 4816 737 4874 parvos,
771 4803 827 4854 et
868 4813 1108 4871 parvum
1163 4796 1315 4851 inter
1364 4812 1591 4867 parvos,
1645 4796 1726 4851 ait
1755 4794 2022 4866 Philippo

285 4894 403 4968 qui
434 4894 545 4949 hoc
606 4890 844 4957 dixerat,
880 4888 982 4944 uni
1034 4903 1101 4942 ex
1150 4885 1506 4959 discipulis:
1566 4888 1729 4942 Tanto
1788 4890 2026 4957 tempore

282 4984 575 5044 vobiscum
602 4997 750 5049 sum,
779 4987 830 5037 et
854 4994 960 5035 non
982 4977 1302 5049 cognovistis
1346 4992 1449 5041 me,
1483 4975 1741 5048 Philippe
1765 4982 1791 5031 Ρ
1831 4978 2028 5031 Posset

285 5076 396 5132 hic
426 5072 738 5145 Philippus
769 5068 1137 5141 respondere,
1166 5066 1560 5140 Cognovimus
1599 5070 1692 5133 te;
1727 5066 1825 5121 sed
1858 5080 2027 5120 num-

280 5165 437 5238 quid
468 5163 734 5219 diximus
765 5157 867 5224 ibi,
900 5157 1152 5214 Ostende
1175 5156 1346 5213 nobis
1382 5156 1474 5211 te?
1516 5157 1589 5211 Te
1617 5154 2024 5226 cognovimus,

278 5256 399 5311 sed
432 5255 668 5311 Patrem
698 5248 1041 5322 quaerimus.
1067 5245 1329 5319 Subjecit
1365 5244 1557 5301 statim
1591 5261 1603 5301 :
1638 5246 1741 5310 Οιιί
1763 5259 1847 5299 me
1869 5243 2025 5311 tidit,

282 5348 431 5402 iii-lit
449 5350 506 5402 et
547 5345 774 5399 Patrem
804 5340 984 5410 (Joan.
1018 5354 1137 5409 xw,
1168 5339 1221 5404 8,
1254 5338 1328 5408 9).
1362 5337 1417 5392 Si
1453 5353 1585 5407 ergo
1616 5334 1854 5407 aequalis
1874 5333 2027 5389 Patri

283 5438 523 5495 missus
546 5438 653 5503 est,
680 5447 798 5488 non
821 5446 956 5486 eum
983 5429 1340 5485 aestimemus
1370 5444 1438 5483 ex
1462 5425 1795 5482 inﬁrmitate
1814 5424 2026 5495 carnis,

281 5529 397 5586 sed
422 5526 753 5599 cogitemus
780 5521 1147 5591 majestatem
1168 5518 1429 5577 indutam
1450 5532 1768 5588 carne,non
1792 5530 2029 5588 oppres-

365 5628 385 5663 ί
418 5622 786 5687 Remigiensis
819 5620 935 5676 Ms,
970 5619 1087 5683 quia
1121 5618 1189 5669 ad
1218 5616 1631 5669 distinctionem.

1498 251 1967 315 TRACTATUS
2010 247 2139 312 XV.
2185 253 2442 314 CAPUT
2488 253 2594 317 IV.

3650 260 3809 321 1510

2103 405 2227 444 sam
2261 406 2452 446 carne.
2488 392 2733 448 Manens
2765 390 2919 448 enim
2971 393 3126 449 Deus
3176 395 3326 465 apud
3365 396 3621 468 Patrem,
3653 401 3805 471 apud

2109 479 2375 537 homines
2407 483 2595 538 factus
2629 487 2715 538 est
2746 482 2941 551 homo,
2995 487 3059 539 ut
3089 487 3147 539 tu
3181 500 3281 555 per
3324 485 3492 543 illum
3523 488 3621 559 qui
3654 490 3723 544 ad
3750 495 3805 543 te

2106 570 2292 626 iactus
2323 576 2411 628 est
2443 573 2639 641 homo,
2675 573 2837 628 ﬁeres
2860 572 2991 629 talis
3023 572 3210 645 qualis
3249 574 3406 647 capit
3444 576 3651 633 Deum.
3682 578 3809 636 Non

2104 660 2259 714 enim
2311 660 2483 717 homo
2525 666 2745 733 poterat
2812 678 3017 733 capere
3066 663 3296 720 Deum:
3345 665 3535 721 videre
3590 671 3811 738 poterat

2104 748 2278 806 homo
2311 750 2628 819 hominem,
2654 768 2853 824 capere
2876 752 3059 808 Deum
3089 769 3205 809 non
3240 758 3481 826 poterat.
3515 754 3673 812 Unde
3698 773 3809 812 non

2106 844 2327 912 poterat
2357 858 2559 914 capere
2590 841 2817 898 Deum?
2857 845 3000 907 Quia
3043 844 3279 901 oculum
3310 845 3503 901 cordis
3534 846 3686 902 unde
3712 863 3810 903 ca-

2106 934 2283 1000 peret,
2309 947 2425 986 non
2459 932 2727 988 habebat.
2753 936 2885 987 Erat
2914 948 3048 1005 ergo
3076 932 3297 1005 aliquid
3331 935 3492 991 intus
3515 936 3807 1003 saucium,

2106 1021 2395 1093 etaliquid
2422 1023 2559 1079 foris
2578 1040 2814 1079 sanum:
2841 1024 3098 1095 corporis
3123 1025 3321 1081 oculos
3344 1025 3593 1082 habebat
3614 1042 3811 1092 sanas,

2106 1110 2298 1167 cordis
2322 1112 2516 1167 oculos
2542 1112 2789 1168 habebat
2812 1112 3059 1169 saucios.
3088 1113 3295 1170 Factus
3316 1120 3400 1169 est
3424 1113 3521 1170 ille
3546 1114 3721 1170 homo
3742 1117 3811 1170 ad

2106 1199 2359 1269 corporis
2380 1200 2612 1255 oculum
2631 1216 2643 1267 ;
2662 1204 2725 1255 ut
2746 1201 2986 1256 credens
3005 1201 3063 1256 in
3078 1217 3209 1257 eum
3234 1202 3524 1273 quivideri
3548 1218 3816 1273 corpora-

2107 1287 2240 1343 liter
2260 1288 2467 1359 potuit,
2486 1288 2804 1344 curareris'
2830 1290 2899 1343 ad
2924 1306 3059 1345 eum
3083 1290 3274 1361 ipsum
3298 1291 3610 1347 videndum
3640 1307 3812 1363 quem

2106 1377 2487 1448 spiritualiter
2506 1378 2698 1433 videre
2712 1395 2825 1435 non
2847 1383 3095 1449 poteras.
3117 1381 3527 1452 Tantotempore
3541 1382 3816 1438 vobiscum

2106 1484 2248 1534 sum,
2267 1472 2314 1523 et
2332 1484 2436 1523 non
2455 1470 2770 1540 cognovistis
2787 1484 2891 1536 me,
2910 1468 3201 1540 Philippe?
3216 1471 3319 1538 Qui
3334 1487 3418 1527 me
3438 1472 3601 1537 vidit,
3617 1471 3748 1527 vidit
3764 1478 3813 1526 et

2110 1561 2347 1615 Patrem.
2381 1558 2565 1623 Quare
2597 1558 2679 1613 illi
2710 1575 2820 1615 non
2848 1558 3013 1614 illum
3047 1560 3356 1617 videbant?
3379 1564 3517 1616 Ecce
3547 1560 3817 1617 videbant

2108 1649 2295 1719 illum,
2325 1654 2379 1705 et
2404 1649 2628 1705 Patrem
2662 1666 2775 1705 non
2798 1649 3107 1705 videbant:
3142 1650 3413 1706 videbant
3435 1667 3691 1720 carnem,
3716 1652 3815 1707 sed

2110 1742 2383 1811 majestas
2406 1739 2645 1796 latebat.
2680 1740 2840 1805 Quod
2872 1741 3145 1796 videbant
3166 1741 3435 1813 discipuli
3459 1742 3559 1813 qui
3584 1757 3818 1797 amave-

2109 1835 2264 1899 runt,
2307 1830 2578 1886 viderunt
2608 1834 2665 1886 et
2690 1831 2875 1886 Judaei
2902 1830 3001 1902 qui
3034 1832 3465 1888 cruciﬁxerunt.
3493 1833 3659 1889 lntus
3682 1849 3817 1905 ergo

2108 1925 2232 1977 erat
2261 1926 2416 1976 totus
2449 1921 2566 1989 ille,
2600 1926 2657 1977 et
2687 1921 2773 1977 sic
2805 1922 2963 1977 intus
2996 1922 3053 1978 in
3088 1939 3278 1991 carne,
3314 1928 3374 1978 ut
3396 1923 3549 1995 apud
3590 1926 3817 1978 Patrem

2110 2016 2411 2067 maneret:
2452 2028 2564 2067 non
2598 2012 2755 2067 enim
2803 2011 3057 2069 deseruit
3108 2013 3333 2070 Patrem
3382 2013 3615 2085 quando
3665 2010 3821 2068 venit

2108 2101 2176 2155 ad
2210 2116 2466 2157 carnem.

2178 2191 2267 2244 13.
2300 2189 2558 2245 Carnalis
2591 2190 2862 2262 cogitatio
2897 2208 3011 2247 non
3045 2192 3199 2263 capit
3229 2192 3377 2263 quod
3410 2191 3566 2249 dico:
3593 2191 3821 2247 dill'erat

2110 2279 2493 2346 intellectum,
2527 2284 2583 2334 et
2613 2280 2850 2350 incipiat
2870 2298 2902 2335 a
2927 2280 3075 2347 ﬁde;
3111 2281 3308 2336 audiat
3336 2281 3495 2351 quod
3519 2283 3812 2352 sequitur:

2113 2369 2216 2436 Qui
2243 2369 2415 2425 credit
2446 2371 2503 2423 in
2535 2369 2761 2439 Filium,
2793 2370 2952 2425 habet
2978 2373 3145 2425 vitam
3174 2374 3483 2427 aeternam:
3516 2373 3611 2443 qui
3637 2379 3817 2427 autem

2110 2460 2427 2517 incredulus
2457 2469 2533 2515 est
2564 2461 2722 2525 Filio,
2754 2476 2859 2515 non
2892 2460 3094 2517 videbit
3125 2463 3313 2530 vitam,
3338 2461 3428 2517 sed
3460 2462 3552 2517 ira
3583 2461 3678 2518 Dei
3706 2478 3819 2517 ma-

2109 2558 2199 2607 net
2230 2567 2392 2622 super
2419 2568 2565 2606 eum.
2601 2550 2725 2605 Non
2760 2549 2925 2619 dixit,
2958 2550 3043 2605 ira
3066 2550 3166 2606 Dei
3200 2552 3351 2607 venit
3374 2553 3444 2607 ad
3478 2567 3611 2607 eum
3646 2577 3660 2619 ;
3693 2552 3814 2617 sed,

2111 2643 2198 2696 ira
2229 2642 2325 2697 Dei
2354 2645 2537 2697 manet
2566 2657 2730 2712 super
2760 2657 2906 2697 eum.
2940 2640 3153 2696 Omnes
3186 2641 3284 2711 qui
3318 2646 3641 2698 nascuntur
3674 2658 3822 2696 mor-

2111 2731 2277 2798 tales,
2312 2730 2529 2786 habent
2552 2746 2746 2785 secum
2773 2730 2917 2785 iram
2944 2730 3061 2785 Dei.
3088 2730 3271 2793 Quam
3301 2730 3444 2786 iram
3468 2730 3606 2787 Dei?
3635 2731 3817 2794 Quam

2112 2820 2331 2889 accepit
2362 2820 2587 2891 primus
2607 2821 2814 2876 Adam.
2834 2819 2891 2875 Si
2916 2820 3069 2875 enim
3098 2820 3349 2891 peccavit
3374 2820 3596 2892 primus
3623 2820 3817 2886 homo,

2114 2915 2171 2965 et
2220 2910 2458 2977 audivit,
2504 2910 2667 2966 Morte
2714 2910 2967 2967 morieris
3018 2910 3167 2979 (Gen.
3222 2928 3287 2977 ιι,
3321 2910 3450 2981 17);
3504 2910 3686 2966 factus
3734 2924 3819 2965 est

2116 2998 2380 3055 mortalis
2412 2997 2530 3067 ille,
2562 3003 2620 3053 et
2670 2998 2953 3071 ccepimus
3010 2999 3168 3053 nasci
3205 3000 3473 3055 mortales
3506 3016 3519 3067 ;
3572 3016 3702 3054 cum
3737 2999 3820 3054 ira

2117 3089 2218 3145 Dei
2252 3089 2369 3145 nati
2402 3106 2623 3145 sumus.
2657 3089 2830 3145 Venit
2861 3091 2994 3145 inde
3022 3089 3196 3144 Filius
3229 3106 3341 3145 non
3376 3089 3595 3147 habens
3625 3107 3822 3161 pecca-

2118 3187 2263 3249 tum,
2297 3185 2353 3237 et
2384 3181 2627 3237 indutus
2656 3185 2746 3236 est
2766 3197 2960 3249 carne,
2995 3181 3233 3236 indutus
3264 3185 3353 3236 est
3376 3181 3744 3237 mortalitate.
3765 3181 3820 3234 Si

2118 3269 2213 3325 ille
2247 3268 2551 3325 nobiscum
2584 3268 3033 3326 communicavit
3065 3268 3203 3323 iram
3240 3268 3362 3335 Dei,
3405 3285 3512 3324 nos
3544 3269 3692 3340 pigri
3724 3286 3821 3323 su-

2120 3375 2252 3413 mus
2284 3374 2416 3414 cum
2466 3356 2565 3414 illo
2595 3357 3030 3413 communicare
3060 3356 3305 3427 gratiam
3370 3356 3512 3410 Dei?
3543 3356 3648 3418 Qui
3687 3371 3820 3425 ergo

2119 3467 2235 3505 non
2267 3449 2389 3504 vult
2419 3449 2652 3504 credere
2682 3448 2740 3503 in
2775 3446 3007 3512 Filium,
3032 3448 3117 3500 ira
3150 3447 3249 3501 Dei
3272 3450 3452 3500 monet
3481 3460 3646 3510 super
3675 3461 3816 3500 eum.

2118 3539 2251 3603 Quae
2283 3538 2368 3594 ira
2398 3537 2498 3594 Dei
2527 3538 2555 3594 ?
2584 3538 2664 3593 De
2704 3554 2819 3609 qua
2861 3536 3001 3591 dicit
3029 3535 3352 3605 Apostolus,
3384 3536 3609 3590 Fuimus
3638 3541 3692 3590 ct
3720 3552 3821 3589 nos

2118 3635 2321 3686 natura
2350 3628 2460 3699 ﬁlii
2489 3629 2587 3683 irae
2616 3627 2755 3684 sicut
2802 3633 2851 3682 et
2900 3628 3080 3681 ceteri
3122 3624 3337 3697 (Ephes.
3390 3642 3454 3693 ιι,
3499 3625 3574 3696 3).
3610 3626 3822 3680 Omnes

2121 3734 2255 3790 ergo
2288 3718 2390 3773 lilii
2437 3717 2535 3773 irae
2568 3735 2583 3786 ;
2616 3716 2755 3788 quia
2784 3716 2853 3771 de
2898 3713 3204 3770 maledicto
3254 3713 3457 3769 mortis
3502 3713 3819 3769 venientes.

2120 3810 2299 3866 Crede
2330 3809 2387 3863 in
2419 3806 2715 3863 Christum
2748 3807 2961 3862 factum
2997 3822 3097 3877 pro
3130 3809 3182 3860 te
3213 3803 3539 3873 mortalem,
3566 3808 3629 3860 ut
3658 3802 3822 3861 illum

2122 3899 2318 3972 capias
2347 3896 2733 3954 immortalem
2766 3912 2780 3953 :
2829 3896 3060 3967 quando
3115 3895 3271 3952 enim
3303 3895 3522 3968 ceperis
3554 3896 3681 3967 ejus
3714 3897 3826 3950 im-

2125 3987 2504 4056 mortalitem,
2556 4003 2659 4044 nec
2720 3991 2779 4042 tu
2829 3986 2942 4042 eris
2990 3987 3276 4043 mortalis.
3326 3987 3586 4057 Vivebat,
3619 3986 3827 4042 morie-

2125 4079 2284 4137 baris
2320 4095 2332 4135 :
2384 4083 2651 4135 mortuus
2704 4083 2814 4144 est,
2862 4085 2921 4132 ul
2969 4076 3148 4133 vivas.
3183 4075 3394 4132 Attulit
3432 4080 3673 4146 gratiam
3710 4074 3825 4141 Dei,

2126 4169 2360 4227 abstulit
2390 4170 2535 4225 iram
2569 4169 2691 4226 Dei.
2728 4170 2876 4223 Deus
2905 4167 3043 4224 vicit
3073 4171 3339 4231 mortem,
3367 4182 3437 4222 ne
3461 4182 3618 4221 mors
3638 4165 3829 4222 vince-

2128 4263 2212 4316 ret
2250 4259 2544 4316 hominem
2577 4260 2617 4313 ².

2682 4335 3106 4393 TRACTATUS
3156 4334 3250 4389 XV

2130 4450 2205 4505 Ab
2235 4466 2293 4507 eo
2325 4445 2611 4518 Evangelii
2645 4444 2784 4512 loco,
2818 4443 2889 4499 Ut
2917 4460 3050 4514 ergo
3082 4442 3344 4514 cognovit
3374 4441 3547 4497 Jesus
3570 4441 3707 4512 quia
3738 4455 3833 4496 au-

2203 4540 2437 4594 dierunt
2454 4533 2752 4602 Pharisaei,
2777 4532 2914 4604 quia
2936 4532 3103 4588 Jesus
3124 4530 3323 4603 plures
3348 4529 3671 4602 discipulos
3696 4530 3833 4586 facit

2201 4638 2325 4695 etc.,
2357 4641 2527 4699 usque
2556 4624 2625 4680 ad
2654 4624 2729 4695 id,
2764 4623 2830 4679 Et
2860 4622 3082 4679 scimus
3103 4622 3238 4694 quia
3255 4621 3347 4678 hic
3377 4625 3467 4679 est
3491 4637 3619 4679 vere
3636 4620 3835 4678 Salva-

2205 4724 2293 4774 tor
2321 4714 2546 4772 mundi.
2582 4716 2714 4786 Cap.
2749 4729 2823 4781 ιν,
2859 4713 2912 4783 ᾖ.
2949 4713 3105 4770 1ο42.

2206 4827 2256 4882 1.
2287 4830 2414 4882 Νοιι
2446 4824 2589 4880 rude
2618 4829 2705 4880 est
2752 4821 2993 4878 auribus
3040 4821 3354 4880 Charitatis
3397 4826 3618 4887 vestrae,
3665 4834 3834 4876 evan-

2136 4916 2399 4987 gelistam
2432 4913 2717 4971 Joannem
2741 4913 2891 4969 velut
2912 4911 3173 4984 aquilam
3200 4912 3390 4969 volare
3413 4911 3607 4977 altius,
3640 4908 3837 4977 caligi-

2137 5020 2385 5076 nemque
2417 5012 2578 5060 terra:
2601 5003 3025 5072 transcendere,
3056 5006 3113 5058 et
3142 5001 3329 5057 lucem
3352 4998 3606 5057 veritatis
3629 4995 3841 5050 ﬁrmio-

2138 5095 2299 5149 ribus
2332 5092 2516 5149 oculis
2548 5093 2781 5149 intueri.
2824 5090 3000 5146 Multa
3039 5092 3195 5146 enim
3236 5091 3362 5161 jam
3410 5104 3478 5142 ex
3508 5082 3837 5169 Evangelia,

2136 5186 2262 5255 ejus
2295 5200 2397 5256 per
2422 5185 2810 5240 ministerium
2847 5186 3107 5237 nostrum
3145 5178 3703 5247 Dominoadjuvante
3728 5179 3841 5229 tra-

2137 5278 2289 5331 ctata
2317 5277 2458 5330 sunt
2481 5289 2494 5330 :
2529 5289 2598 5329 ex
2618 5272 2822 5329 ordine
2851 5273 3045 5326 autem
3068 5266 3335 5339 sequitur
3356 5268 3476 5324 haec
3498 5265 3688 5337 lectio,
3712 5280 3842 5336 quae

2203 5425 2219 5459 1
2247 5420 2403 5481 Editi,
2435 5433 2690 5470 curreret.
2710 5412 3065 5468 Consentiunt
3088 5415 3227 5479 Mss,
3253 5414 3488 5482 exceptis
3513 5416 3725 5468 duobus
3748 5412 3841 5479 qui

2139 5487 2333 5541 ferunt,
2368 5483 2642 5531 curareris.

2202 5548 2223 5581 2
2246 5549 2330 5597 Sic
2347 5547 2549 5608 aliquot
2579 5543 2792 5608 optimae
2814 5547 2954 5593 nota:
2977 5543 3098 5594 Mss.
3118 5544 3183 5596 At
3207 5545 3353 5606 editi,
3386 5541 3497 5600 bibi
3519 5544 3749 5605 mortem,
3773 5552 3837 5591 ne

2141 5623 2274 5659 mors
2300 5606 2496 5659 biberet
2521 5606 2797 5657 hominem.
