4126 6194
372 251 523 310 1511

365 400 537 456 hodie
562 399 803 456 recitata
829 404 933 456 est.
970 401 1046 456 Ea
1078 417 1202 472 quae
1235 401 1548 460 Ddicturus
1579 421 1710 460 sum
1734 403 1932 459 omine
1974 402 2073 459 do-

367 496 543 545 nante
576 489 745 546 multi
778 489 860 545 sic
883 491 1139 547 audituri
1161 494 1323 561 estis,
1349 499 1410 548 ut
1435 495 1621 567 magis
1652 492 2076 566 recognoscatis

371 595 543 649 quam
573 579 835 635 discetis.
869 579 993 635 Non
1027 579 1154 636 ideo
1186 585 1380 638 tamen
1422 584 1583 655 pigra
1614 583 1783 640 debet
1822 599 1950 639 esse
1982 583 2078 637 in—

364 669 569 735 tentio,
604 670 742 741 quia
774 685 885 725 non
911 674 1000 726 est
1031 671 1301 744 cognitio,
1336 674 1434 728 sed
1470 673 1807 746 recognitio.
1842 672 1959 728 Hoc
1989 673 2078 728 le-

370 762 524 812 ctum
562 762 670 827 est,
704 766 754 814 et
786 758 937 815 hanc
970 758 1273 816 lectionem
1304 762 1666 817 tractandam
1699 770 1995 834 gestamus
2020 760 2075 815 in

372 849 658 910 manibus,
692 849 844 920 quod
879 848 1158 905 Dominus
1188 850 1355 905 Jesus
1394 852 1464 905 ad
1510 856 1746 922 puteum
1777 851 1955 906 Jacob
1989 849 2073 905 lo-

368 941 650 1013 quebatur
665 956 794 994 cum
820 940 1187 995 Samaritana
1208 939 1465 996 muliere.
1485 940 1645 996 Dicta
1661 942 1813 996 enim
1840 941 1915 996 ibi
1941 944 2077 995 sunt

371 1045 583 1101 magna
613 1028 904 1100 mysteria,
934 1036 987 1083 et
1019 1046 1364 1101 magnarum
1400 1030 1820 1086 similitudines
1847 1046 2069 1099 rerum;

362 1124 667 1189 pascentes
685 1117 939 1174 animam
956 1118 2070 1192 esurientem,refierenteslanguentem.

434 1208 485 1263 2.
522 1206 806 1263 Dominus
837 1208 989 1263 enim
1025 1208 1145 1265 haec
1177 1230 1205 1257 κ
1239 1225 1369 1265 cum
1413 1210 1690 1278 audisset,
1731 1210 2074 1282 cognovisse

370 1296 692 1352 Pharisaeos
721 1298 869 1369 quod
906 1299 1096 1369 plures
1118 1298 1436 1371 discipulos
1468 1301 1673 1356 faceret
1694 1316 1870 1371 quam
1900 1303 2075 1356 Joan'

372 1404 493 1453 nes,
526 1393 578 1444 et
612 1389 808 1460 plures
842 1389 1161 1460 baptizaret
1183 1390 1543 1462 (quanquam
1565 1390 1739 1446 Jesus
1763 1407 1873 1445 non
1895 1388 2074 1461 bapti-

368 1482 542 1543 zarct,
600 1479 697 1533 sed
747 1478 1019 1548 discipuli
1070 1479 1243 1550 ejus),
1278 1479 1803 1551 reliquitJudaam
1836 1485 2068 1547 terram,

362 1573 419 1621 et
440 1566 578 1621 abiit
594 1565 799 1622 iterum
819 1567 875 1622 in
892 1567 1241 1623 Galilzeam.»
1258 1569 2068 1642 Hincdiutiusdisputandum

364 1672 476 1711 non
513 1660 620 1725 est,
644 1673 713 1712 ne
744 1657 1125 1713 immorantcs
1150 1658 1203 1712 in
1231 1659 1573 1726 manifestis,
1601 1661 1898 1731 angustias
1922 1663 2067 1715 tem-

363 1747 518 1819 poris
552 1749 843 1819 patiamur
872 1748 942 1803 ad
991 1749 1239 1805 obscura
1287 1751 1603 1806 scrutanda
1651 1754 1708 1806 et
1738 1751 2068 1822 aperienda.

366 1837 575 1911 Utique
607 1839 889 1894 Dominus
920 1839 967 1894 si
1001 1839 1174 1895 sciret
1206 1839 1533 1897 Pharisaeos
1562 1841 1641 1896 ita
1666 1841 1736 1916 de
1767 1858 1829 1896 se
1847 1856 2064 1912 cogno-

362 1929 531 1991 visse,
568 1929 723 1999 quod
756 1928 948 2000 plures
980 1928 1297 1999 discipulos
1329 1930 1560 1999 faceret,
1594 1934 1650 1986 et
1680 1931 1828 2001 quod
1875 1929 2071 2001 plures

362 2019 709 2091 baptizaret,
753 2025 817 2073 ut
864 2018 974 2074 hoc
1027 2019 1110 2075 cis
1159 2021 1227 2075 ad
1264 2019 1511 2076 salutem
1542 2021 1759 2077 valeret
1791 2021 2070 2092 sequendi

363 2124 521 2174 eum,
557 2116 618 2164 ut
649 2112 705 2163 et
740 2109 849 2179 ipsi
880 2111 1079 2163 essent
1108 2108 1407 2180 discipuli,
1429 2116 1486 2165 et
1515 2109 1628 2182 ipsi
1663 2108 1877 2166 vellent
1908 2110 1980 2165 ab
2002 2125 2068 2165 eo

366 2198 642 2268 baptizari
672 2217 686 2265 ;
710 2197 893 2269 magis
917 2213 1031 2254 non
1053 2197 1398 2269 relinqueret
1421 2198 1682 2255 Judasam
1718 2204 1952 2267 terram,
1971 2200 2071 2255 sed

370 2293 600 2359 propter
630 2287 758 2343 illos
795 2292 1057 2344 maneret
1086 2288 1162 2344 ibi
1198 2304 1211 2343 :
1246 2289 1381 2360 quia
1411 2306 1541 2346 vero
1575 2291 1842 2363 cognovit
1871 2305 2071 2346 eorum

368 2378 697 2444 scientiam,
730 2376 903 2434 simul
936 2379 1204 2451 cognovit
1250 2384 1307 2434 et
1354 2379 1756 2451 invidentiam,
1790 2381 1928 2453 quia
1960 2396 2073 2436 non

370 2469 474 2523 hoc
508 2473 810 2541 propterea
841 2468 1170 2526 didicerunt
1203 2477 1262 2524 ut
1294 2476 1691 2541 sequerentur,
1726 2473 1823 2526 sed
1851 2476 1914 2526 ut
1946 2487 2077 2542 per-

370 2564 749 2627 sequerentur
782 2573 795 2625 ;
830 2557 973 2613 abiit
1004 2557 1156 2615 inde.
1191 2563 1421 2615 Poterat
1453 2560 1685 2630 quidem
1718 2558 1815 2615 ille
1837 2565 1893 2615 et
1924 2576 2078 2631 pras-

370 2665 502 2705 sens
524 2648 595 2704 ab
626 2647 715 2703 his
738 2665 851 2704 non
872 2648 1076 2715 teneri,
1102 2649 1149 2705 si
1186 2650 1361 2705 nollet
1388 2670 1401 2720 ;
1430 2668 1544 2705 non
1563 2651 1764 2718 occidi,
1787 2651 1833 2706 si
1863 2650 2074 2718 nollet;

370 2739 509 2809 quia
539 2740 728 2811 potuit
756 2744 812 2795 et
842 2756 956 2796 non
989 2740 1171 2811 nasci,
1196 2741 1243 2797 si
1277 2739 1492 2797 nollet:
1527 2743 1625 2797 sed
1659 2742 1795 2813 quia
1828 2742 1883 2796 in
1919 2741 2077 2797 omni

374 2838 433 2877 re
466 2836 638 2891 quam
672 2822 853 2893 gessit
884 2826 947 2877 ut
979 2820 1173 2890 homo,
1220 2823 1555 2878 hominibus
1586 2824 1643 2878 in
1677 2839 1737 2879 se
1770 2823 2078 2879 credituris

372 2912 667 2982 praebebat
691 2910 1016 2983 exemplum
1039 2911 1199 2982 (quia
1214 2911 1612 2983 unusquisque
1627 2928 1828 2967 servus
1843 2913 1941 2968 Dei
1967 2929 2079 2969 non

377 3006 595 3072 peccat,
630 3001 676 3056 si
710 3002 1014 3058 secesserit
1044 3002 1102 3056 in
1137 3000 1314 3057 alium
1355 3003 1570 3063 locum,
1596 3004 1800 3059 videns
1835 3005 2078 3059 furorem

380 3092 525 3147 forte
572 3092 1047 3163 persequentium
1081 3106 1164 3155 se,
1212 3096 1312 3146 aut
1344 3093 1725 3163 quatrentium
1766 3094 1822 3148 in
1858 3092 2079 3149 malum

379 3180 637 3236 animam
670 3196 838 3236 suam
872 3198 886 3249 ;
918 3180 1210 3236 videretur
1241 3186 1430 3236 autem
1463 3181 1571 3235 sibi
1596 3197 1797 3238 servus
1830 3182 1924 3238 Dei
1959 3198 2082 3251 pec-

379 3287 507 3326 care
539 3272 587 3327 si
620 3272 851 3339 faceret,
886 3271 997 3326 nisi
1030 3272 1087 3325 in
1122 3271 1383 3327 faciendo
1426 3270 1707 3327 Dominus
1750 3271 2080 3341 praecessis-

379 3367 508 3429 set),
542 3360 814 3416 fecithoc
845 3360 940 3415 ille
983 3359 1263 3431 magister
1313 3362 1497 3415 bonus
1545 3366 1610 3416 ut
1665 3363 1912 3428 doceret,
1968 3376 2080 3417 non

374 3450 526 3521 quod
552 3450 801 3506 timeret.

445 3541 499 3594 3.
531 3538 820 3595 Fortassis
857 3540 1036 3595 etiam
1089 3539 1193 3595 hoc
1248 3548 1490 3608 moveat,
1564 3556 1666 3597 cur
1714 3541 1930 3597 dictum
1983 3542 2080 3610 sit,

374 3628 717 3701 Baptizabat
735 3630 886 3685 Jesus
902 3630 1092 3700 plures
1126 3646 1290 3701 quam
1317 3631 1553 3686 Joannes
1574 3648 1593 3693 ,ο
1625 3634 1681 3686 et
1701 3634 2082 3702 posteaquam

381 3719 598 3773 dictum
650 3724 759 3788 est,
813 3719 1154 3790 Baptizabat,
1220 3719 1543 3790 subjectum
1595 3723 1705 3789 est,
1759 3720 2083 3790 Quanquam

376 3808 527 3861 Jesus
554 3822 665 3862 non
715 3807 1043 3878 baptizabat,
1077 3808 1168 3863 sed
1215 3808 1480 3880 discipuli
1534 3810 1672 3879 ejus.
1717 3808 1859 3873 Quid
1893 3825 2025 3881 ergo
2058 3809 2086 3864 ‘I

378 3896 592 3950 falsum
624 3896 843 3951 dictum
887 3903 1027 3964 erat,
1083 3904 1139 3953 et
1168 3904 1485 3954 correctum
1519 3908 1627 3965 est,
1655 3916 1785 3955 cum
1820 3898 2084 3955 additum

379 3989 483 4051 est,
509 3986 838 4057 Quanquam
853 3986 1005 4041 Jesus
1036 4002 1141 4041 non
1168 3986 1506 4057 baptizabat,
1527 3991 1623 4043 sed
1644 3987 1904 4060 discipuli
1924 3989 2041 4059 ejus
2058 3990 2087 4043 ?

378 4076 460 4128 Au
498 4081 808 4146 utrumque
840 4089 1039 4130 verum
1072 4083 1177 4143 est,
1210 4075 1344 4145 quia
1374 4081 1428 4131 et
1459 4075 1630 4131 Jesus
1662 4076 2085 4147 baptizabat,et

377 4180 490 4219 non
522 4164 851 4236 baptizabat
878 4163 905 4219 ?
937 4162 1273 4237 Baptizabat
1305 4166 1483 4233 enim,
1516 4167 1655 4235 quia
1681 4165 1805 4237 ipse
1836 4167 2082 4222 munda-

377 4254 475 4309 bat
510 4272 523 4322 ;
558 4271 672 4312 non
708 4252 1055 4327 baptizabat,
1090 4253 1223 4325 quia
1255 4270 1367 4310 non
1402 4254 1527 4325 ipse
1552 4253 1823 4325 tingebat.
1860 4255 2085 4311 Prehe-

377 4346 516 4402 bant
546 4345 819 4419 discipuli
872 4346 1261 4402 ministerium
1316 4346 1593 4417 corporis,
1647 4346 1937 4417 praebebat
1984 4347 2081 4403 ille

377 4439 733 4508 adjutorium
769 4436 1106 4508 majestatis.
1124 4438 1366 4504 Quando
1388 4437 1541 4493 enim
1566 4442 1820 4494 cessaret
1839 4455 1870 4492 a
1894 4437 2084 4510 bapti-

376 4531 580 4591 zundo,
620 4527 899 4599 quamdiu
928 4544 1043 4583 non
1075 4531 1262 4584 cessat
1294 4545 1326 4583 a
1349 4528 1683 4583 mundando
1704 4527 1733 4582 ‘2
1762 4527 1842 4583 De
1863 4544 1971 4599 quo
1996 4528 2082 4583 di-

377 4622 531 4668 ctum
566 4620 654 4669 est
683 4618 753 4671 ab
786 4617 984 4673 eodem
1008 4616 1253 4681 Joanne,
1288 4633 1384 4688 per
1404 4617 1643 4672 Joannis
1667 4617 1933 4688 Baptistae
1953 4634 2081 4689 per-

377 4718 579 4757 sonam
627 4704 890 4772 dicentis,
941 4706 1038 4760 Hic
1083 4713 1159 4759 est
1208 4708 1302 4775 qui
1352 4706 1592 4776 baptizal
1643 4708 1820 4774 (Joan.
1876 4724 1915 4775 r,
1964 4708 2079 4775 33).

380 4792 527 4863 Ergo
552 4792 724 4849 Jesus
754 4792 943 4847 adhuc
975 4793 1231 4862 baptizat
1262 4812 1277 4861 ;
1310 4799 1366 4848 et
1395 4809 1510 4863 quo
1539 4810 1721 4865 usque
1749 4797 2082 4865 baptizandi

379 4898 608 4951 sumus,
639 4880 812 4937 Jesus
844 4880 1114 4951 baptizat.
1149 4886 1397 4937 Securus
1420 4883 1590 4939 homo
1623 4884 1857 4940 accedat
1886 4887 1955 4939 ad
1993 4886 2084 4942 iu-

377 4973 643 5028 feriorem
678 4970 1012 5026 ministrum
1051 4995 1064 5039 ;
1117 4968 1294 5026 habet
1323 4970 1479 5026 enim
1513 4973 1868 5043 superiorem
1905 4975 2085 5045 magi-

377 5066 587 5119 atrum.

450 5154 503 5205 4.
535 5153 647 5209 Sed
680 5153 825 5209 forte
855 5151 935 5208 ait
965 5150 1179 5223 aliquis
1216 5166 1228 5207 :
1264 5150 1521 5222 Baptizat
1552 5151 1787 5222 quidem
1812 5153 2082 5209 Christus

380 5240 439 5294 in
474 5243 707 5311 spiritu,
740 5260 857 5301 non
886 5242 948 5297 in
979 5257 1240 5314 corpore.
1285 5240 1461 5305 Quasi
1494 5256 1625 5296 vero
1656 5242 1895 5298 alterius
1933 5245 2083 5299 dono

382 5344 555 5398 quam
590 5330 766 5399 illius,
809 5334 1119 5405 quisquam
1172 5332 1345 5389 etiam
1379 5336 1739 5387 sacramento
1770 5332 2084 5402 corporalis

381 5422 437 5474 et
466 5418 707 5474 visibilis
739 5420 1107 5493 Baptismatis
1137 5423 1453 5479 imbuatur.
1474 5419 1571 5477 Vis
1603 5436 1771 5479 nosse
1804 5421 2083 5495 quiaipse

380 5508 654 5579 baptizat,
688 5525 801 5566 non
833 5510 1015 5568 solum
1065 5513 1294 5585 spiritu,
1353 5515 1451 5569 sed
1485 5512 1658 5569 etiam
1692 5530 1844 5584 aqua
1873 5512 1900 5568 ?
1932 5515 2080 5570 Audi

382 5598 721 5674 Apostolum
758 5615 770 5654 :
800 5623 827 5649 (ι
857 5601 1017 5657 Sicut
1060 5601 1346 5670 Christus,
1377 5604 1591 5673 inquit,
1643 5604 1843 5660 dilexit
1889 5604 2084 5664 Eccle-

1323 251 1402 311 IN
1444 252 1776 315 JOANNIS
1824 252 2353 325 EVANGELIUM,
2402 257 2465 315 s.
2516 257 2933 321 AUGUSTINI

3739 268 3895 329 1512

2189 391 2358 458 siam,
2393 396 2449 447 et
2478 395 2736 464 seipsum
2772 396 3011 451 tradidit
3046 413 3143 467 pro
3161 412 3249 466 ea,
3275 400 3567 455 mundatis
3590 416 3716 456 eam
3747 402 3897 458 lava-

2188 498 2285 537 cro
2326 498 2489 554 aquae
2523 483 2579 538 in
2612 487 2802 553 verbo,
2854 490 2919 541 ut
2962 486 3260 543 exhiberet
3289 486 3414 560 ipse
3442 488 3554 545 sibi
3584 490 3895 561 gloriosam

2187 572 2527 640 Ecclesiam,
2561 590 2678 630 non
2712 574 3018 632 habentem
3051 578 3343 634 maculam
3389 583 3491 635 aut
3531 597 3759 653 rugam,
3798 591 3900 639 aut

2188 662 2403 734 aliquid
2439 664 2771 735 hujusmodi
2808 689 2827 715 ι
2858 666 3077 739 (Ephes.
3110 686 3161 738 v,
3192 669 3710 740 25-27).Mundans
3742 690 3896 731 eam.

2187 750 2348 807 Unde
2376 751 2404 806 ?
2436 754 2671 809 Lavacro
2720 770 2887 825 aqua
2918 757 2977 810 in
3027 760 3208 812 verba.
3242 757 3385 822 Quid
3428 762 3515 814 est
3562 760 3901 833 baptismus

2184 839 2397 895 Christi
2431 840 2458 895 ‘2
2492 843 2803 898 Lavacrum
2838 844 3075 915 aquaein
3107 846 3299 902 verbo.
3335 845 3495 902 Tolle
3519 865 3754 920 aquam,
3781 868 3897 906 non

2186 935 2275 985 est
2304 931 2633 1002 baptismus
2667 949 2679 986 :
2716 932 2850 988 tolle
2880 935 3143 1000 verbum,
3179 951 3290 991 non
3326 940 3417 991 est
3449 938 3797 1008 baptismus.

2253 1021 2307 1075 5.
2339 1020 2470 1076 Jam
2502 1037 2637 1093 ergo
2669 1022 2759 1077 his
2786 1023 3096 1094 przejactis,
3130 1040 3233 1096 per
3261 1041 3391 1096 quas
3429 1027 3585 1083 venit
3608 1029 3679 1083 ad
3711 1030 3899 1086 collo—

2184 1112 2476 1167 cutionem
2510 1127 2639 1167 cum
2690 1111 2791 1168 illa
2839 1114 3102 1183 muliere,
3136 1114 3442 1173 videamus
3500 1133 3627 1189 quas
3674 1123 3897 1175 restant

2184 1200 2351 1271 plena
2391 1202 2702 1274 mysteriis,
2735 1206 2791 1259 et
2819 1204 3055 1276 gravida
3082 1206 3482 1263 sacramentis.
3520 1229 3548 1258 ‹‹
3579 1208 3901 1279 Oportebat

2185 1298 2395 1360 autem,
2444 1292 2651 1365 inquit,
2702 1308 2836 1348 eum
2887 1295 3137 1350 transire
3185 1311 3289 1367 per
3328 1297 3673 1355 Samariam.
3725 1298 3899 1354 Venit

2184 1395 2320 1451 ergo
2350 1380 2408 1434 in
2441 1380 2730 1436 civitatem
2755 1381 3032 1438 Samaria:
3066 1399 3190 1455 quas
3223 1384 3437 1441 dicitur
3475 1385 3696 1454 Sichar,
3725 1386 3897 1455 juxta

2183 1470 2462 1541 pradium
2496 1470 2649 1542 quod
2674 1471 3025 1528 deditJacob
3063 1472 3183 1529 filio
3217 1489 3321 1529 suo
3347 1474 3589 1547 Joseph.
3624 1477 3756 1531 Erat
3789 1494 3894 1531 au-

2182 1567 2297 1614 tem
2327 1559 2407 1615 ibi
2438 1558 2568 1615 fons
2596 1560 2792 1616 Jacob.
2829 1582 2856 1609 »
2888 1562 3107 1618 Puteus
3130 1567 3293 1619 erat:
3328 1564 3429 1619 sed
3463 1564 3655 1620 omnis
3686 1575 3895 1637 puteus

2180 1646 2331 1717 fons,
2365 1666 2482 1706 non
2505 1650 2694 1707 omnis
2728 1651 2853 1708 fons
2878 1659 3127 1723 puteus:
3163 1653 3265 1710 Ubi
3292 1655 3447 1711 enim
3473 1671 3624 1727 aqua
3651 1656 3720 1711 de
3741 1661 3896 1713 terra

2181 1744 2401 1807 manat,
2432 1744 2489 1795 et
2520 1740 2649 1794 usui
2686 1741 2972 1810 praebetur
3000 1741 3430 1811 haurientibus,
3466 1744 3596 1799 fons
3638 1744 3893 1800 dicitur:

2185 1830 2285 1885 sed
2322 1829 2369 1883 si
2393 1828 2451 1884 in
2480 1834 2749 1901 promptu
2784 1835 2838 1885 et
2869 1831 3171 1902 superficie
3189 1832 3286 1900 sit,
3323 1834 3450 1889 fons
3483 1840 3715 1891 tantum
3748 1835 3895 1888 dici-

2183 1924 2321 1986 tur;
2358 1920 2406 1974 si
2435 1924 2629 1975 autem
2662 1921 2717 1975 in
2740 1920 2852 1977 alto
2874 1926 2929 1977 et
2962 1923 3248 1993 profundo
3277 1924 3373 1991 sit,
3403 1924 3481 1979 ita
3505 1932 3711 1995 puteus
3734 1940 3898 1979 voca-

2182 2016 2295 2076 tur,
2326 2013 2387 2063 ut
2418 2010 2596 2065 fontis
2630 2027 2841 2066 nomen
2875 2028 2988 2066 non
3022 2013 3271 2068 amittat.

2242 2100 2299 2156 6.
2329 2099 2478 2154 Jesus
2516 2114 2645 2168 ergo
2688 2098 2957 2169 fatigatus
2986 2117 3054 2156 ea:
3098 2103 3314 2171 itinere,
3361 2103 3573 2159 sedebat
3618 2106 3696 2159 sic
3725 2120 3900 2175 super

2179 2188 2407 2257 fontem.
2432 2192 2625 2244 Harax
2652 2194 2769 2244 erat
2794 2192 2955 2260 quasi
2974 2200 3107 2246 seta.
3139 2191 3269 2247 Jam
3289 2193 3566 2263 incipiunt
3586 2194 3892 2262 mysteria.

2184 2282 2305 2334 Non
2341 2278 2491 2334 enim
2528 2280 2741 2335 frustra
2787 2280 3064 2353 fatigatur
3092 2286 3258 2338 Jesus
3290 2301 3303 2351 ;
3340 2300 3451 2339 non
3484 2284 3637 2339 enim
3672 2284 3898 2338 frustra

2187 2369 2458 2440 fatigatur
2490 2369 2686 2424 Virtus
2717 2369 2815 2425 Dei
2851 2389 2864 2437 ;
2902 2388 3012 2427 non
3045 2372 3200 2428 enim
3222 2375 3438 2428 frustra
3465 2373 3757 2443 fatigatur,
3790 2388 3900 2444 per

2188 2475 2363 2530 quem
2395 2460 2613 2531 fatigati
2641 2468 3004 2531 recreantur;
3042 2479 3155 2519 non
3179 2463 3332 2519 enim
3356 2465 3566 2519 frustra
3598 2462 3903 2535 fatigatur,

2189 2565 2303 2623 quo
2336 2550 2636 2605 deserente
2680 2550 3010 2621 fatigamur,
3073 2569 3187 2623 quo
3239 2560 3520 2624 praesente
3571 2552 3903 2607 firmamur.

2191 2641 2484 2711 Fatigatur
2510 2645 2710 2697 tamen
2740 2642 2954 2711 Jesus;
2985 2647 3039 2698 et
3072 2642 3349 2715 fatigatur
3380 2643 3701 2705 abitinere,
3734 2647 3907 2697 etse-

2190 2728 2306 2798 det,
2341 2730 2586 2800 etjuxta
2618 2736 2856 2802 puteum
2903 2732 3078 2803 sedet,
3138 2737 3196 2787 et
3244 2732 3386 2788 hora
3429 2734 3590 2787 sexta
3628 2730 3907 2800 fatigatus

2190 2820 2365 2874 sedet.
2408 2820 2616 2875 Omnia
2663 2820 2776 2877 ista
2816 2821 3065 2876 innuunt
3101 2820 3345 2892 aliquid,
3388 2822 3647 2876 indicare
3699 2819 3912 2875 volunt

2191 2909 2444 2981 aliquid;
2482 2910 2729 2965 intentos
2763 2928 2868 2966 nos
2889 2910 3125 2979 faciunt,
3158 2916 3221 2965 ut
3244 2911 3544 2982 pulsemus
3568 2911 3907 2965 hortantur.

2192 3002 2317 3071 Ipse
2347 3016 2481 3072 ergo
2513 3001 2737 3071 aperiat
2768 3006 2823 3055 et
2857 3002 3021 3056 nobis
3053 3009 3108 3055 et
3138 3000 3322 3067 vobis,
3378 3001 3475 3071 qui
3512 3000 3782 3071 dignatus
3815 3003 3917 3054 est

2192 3089 2271 3145 ita
2291 3090 2509 3146 hortari
2533 3094 2597 3146 ut
2614 3092 2848 3156 diceret,
2872 3092 3114 3158 Pulsate,
3140 3097 3190 3144 et
3213 3093 3489 3161 aperietur
3516 3088 3667 3145 vobis
3687 3087 3911 3157 (Matth.

2190 3197 2290 3247 vn,
2326 3180 2403 3250 7).
2436 3180 2565 3234 Tibi
2589 3180 2861 3252 fatigatus
2886 3188 2971 3236 est
2996 3181 3066 3234 ab
3106 3180 3314 3235 itinere
3336 3180 3528 3235 Jesus.
3566 3178 3909 3234 Invenimus

2193 3270 2481 3325 Virtutem
2515 3269 2533 3303 ί
2582 3270 2805 3330 Jesum,
2859 3278 2913 3325 et
2944 3270 3275 3326 invenimus
3308 3269 3610 3324 infirmum
3641 3268 3852 3324 Jesum
3889 3285 3905 3335 ;

2192 3360 2401 3415 fortem
2422 3365 2478 3415 et
2509 3360 2809 3415 infirmum
2840 3359 3039 3417 Jesum
3066 3377 3079 3416 :
3115 3362 3342 3426 fortem,
3376 3359 3513 3430 quia
3534 3359 3593 3412 in
3623 3359 3922 3429 principio

2194 3456 2316 3507 erat
2350 3449 2598 3515 Verbum,
2632 3459 2683 3505 et
2721 3450 2952 3505 Verbum
2984 3459 3110 3506 erat
3139 3451 3285 3520 apud
3308 3451 3494 3517 Deum,
3531 3455 3584 3503 et
3617 3448 3753 3503 Deus
3782 3451 3923 3503 erat

2198 3539 2429 3595 Verbum
2461 3554 2479 3591 :
2505 3538 2606 3591 hoc
2635 3547 2752 3593 erat
2791 3537 2850 3592 in
2875 3540 3151 3610 principio
3180 3538 3329 3609 apud
3361 3546 3552 3594 Deum.
3586 3535 3684 3591 Vis
3708 3536 3927 3593 videre

2194 3645 2367 3699 quam
2403 3627 2509 3683 iste
2540 3626 2721 3682 Filius
2742 3626 2840 3683 Dei
2863 3628 3025 3683 fortis
3059 3628 3173 3683 sit?
3196 3628 3392 3684 Omnia
3415 3644 3515 3699 per
3544 3628 3723 3699 ipsum
3750 3628 3927 3696 facta

2192 3729 2340 3785 sunt,
2371 3722 2419 3773 et
2452 3719 2569 3774 sine
2598 3717 2715 3789 ipso
2743 3720 2951 3788 factum
2980 3722 3057 3773 est
3087 3718 3231 3773 nihil
3252 3737 3275 3786 ;
3304 3723 3359 3774 et
3389 3719 3513 3774 sine
3543 3716 3734 3773 labore
3758 3718 3932 3773 facta

2193 3808 2514 3872 sunt.Quid
2562 3823 2697 3879 ergo
2738 3806 2834 3862 illo
2860 3807 3085 3877 fortius,
3109 3824 3209 3879 per
3237 3824 3408 3879 quem
3442 3807 3569 3863 sine
3596 3805 3795 3861 labore
3836 3808 3935 3863 fa-

2195 3902 2288 3953 cta
2320 3906 2453 3955 sunt
2483 3899 2675 3955 omnia
2706 3896 2733 3950 (ε
2784 3897 3083 3967 infirmum
3116 3898 3199 3953 vis
3240 3914 3411 3954 nosse
3438 3898 3465 3951 ?
3519 3897 3745 3952 Verbum
3779 3914 3931 3954 caro

2192 3993 2403 4058 factum
2452 3997 2547 4055 est,
2593 3998 2643 4044 et
2694 3988 2968 4044 habitavit
3014 3988 3073 4044 in
3124 3990 3280 4044 nobis
3326 3988 3506 4059 (Joan.
3545 4004 3586 4052 ι,
3622 3988 3669 4054 1,
3704 3989 3758 4053 3,
3799 3990 3931 4058 14).

2194 4078 2497 4134 Fortitudo
2528 4077 2734 4134 Christi
2770 4084 2820 4133 te
2852 4079 3087 4146 creavit,
3121 4079 3432 4134 infirmitas
3475 4076 3686 4132 Christi
3720 4081 3777 4131 te
3823 4094 3934 4133 rc-

2193 4167 2429 4225 creavit.
2467 4168 2764 4223 Fortitudo
2810 4168 3019 4223 Christi
3056 4168 3186 4223 fecit
3228 4173 3290 4223 ut
3324 4168 3475 4240 quod
3511 4182 3624 4221 non
3658 4170 3783 4220 erat
3824 4182 3937 4224 es-

2196 4263 2321 4314 set:
2355 4259 2667 4314 infirmitas
2689 4257 2903 4314 Christi
2931 4259 3062 4313 fecit
3094 4264 3154 4314 ut
3184 4259 3337 4329 quod
3373 4259 3492 4313 erat
3529 4274 3641 4311 non
3669 4255 3936 4327 periret.

2193 4350 2463 4405 Condidit
2492 4367 2598 4405 nos
2634 4349 2967 4405 fortitudine
3008 4366 3130 4417 suo,
3185 4348 3452 4420 quaesivit
3500 4364 3604 4404 nos
3655 4348 3944 4405 inﬁrmi-

2195 4444 2312 4495 tate
2342 4457 2463 4495 sua.

2264 4530 2319 4583 7.
2366 4529 2553 4585 Nutrit
2604 4547 2739 4603 ergo
2791 4531 2915 4603 ipse
2958 4531 3228 4587 infirmus
3280 4531 3570 4600 infirmos,
3622 4534 3941 4600 tanquam

2195 4619 2413 4689 gallina
2453 4619 2637 4689 pullos
2679 4637 2863 4689 suos;
2913 4620 3049 4677 huic
3102 4622 3256 4677 enim
3318 4636 3378 4675 se
3422 4618 3671 4675 similem
3720 4620 3884 4675 fecit
3926 4639 3940 4675 :

2197 4709 2414 4777 Quoties
2460 4712 2631 4776 colui,
2666 4712 2857 4784 inquit
2905 4715 2970 4769 ad
3022 4713 3369 4778 Jerusalem,
3399 4726 3732 4780 congregare
3764 4712 3947 4779 ﬁlios

2194 4806 2318 4869 tuos
2347 4804 2447 4857 sub
2478 4804 2617 4869 alas,
2650 4812 2911 4875 tanquam
2941 4806 3153 4876 gallina
3182 4804 3364 4876 pullos
3393 4819 3537 4872 suos,
3575 4810 3628 4858 ct
3670 4801 3951 4859 noluisti

2202 4892 2409 4960 (Matth.
2442 4909 2602 4959 χχιιι,
2634 4894 2776 4965 37)?
2826 4894 3046 4951 Videtis
3090 4903 3308 4962 autem,
3356 4894 3585 4959 fratres,
3618 4896 3949 4963 quemad-

2196 4984 2437 5037 modum
2470 4982 2688 5055 gallina
2718 4983 3043 5039 infirmetur
3063 5000 3194 5039 cum
3226 4982 3402 5055 pullis
3431 4981 3576 5036 suis.
3600 4978 3773 5035 Nulla
3804 4982 3954 5040 alia

2193 5073 2310 5128 avis
2344 5072 2497 5144 quod
2525 5073 2597 5127 sit
2644 5083 2828 5129 mater
2880 5074 3234 5145 agnoscitur.
3284 5072 3562 5127 Videmus
3600 5068 3953 5129 nidiﬁcare

2194 5178 2458 5232 passeres
2490 5162 2781 5233 quoslibet
2811 5168 2943 5219 ante
2976 5163 3171 5220 oculos
3202 5166 3429 5218 nostros
3462 5180 3476 5229 ;
3531 5158 3953 5232 hirundines,

2193 5251 2469 5319 ciconias,
2501 5252 2801 5308 columbas
2829 5253 3085 5323 quotidie
3102 5251 3370 5308 videmus
3394 5250 3693 5306 nidificare
3718 5268 3732 5317 ;
3758 5264 3957 5319 quos

2193 5343 2307 5398 nisi
2331 5344 2562 5413 quando
2582 5346 2637 5398 in
2663 5344 2815 5399 nidis
2830 5345 3117 5413 videmus,
3144 5348 3409 5415 parentes
3432 5356 3559 5398 esse
3584 5355 3695 5395 non
3723 5355 3956 5411 agno-

2190 5434 2433 5489 scimus.
2467 5432 2694 5489 Gallina
2730 5450 2865 5490 vero
2898 5435 2976 5490 sic
3011 5434 3339 5489 infirmatur
3367 5433 3427 5488 in
3462 5429 3637 5504 pullis
3669 5428 3840 5499 suis,
3874 5438 3962 5488 ut:

2191 5523 2419 5577 etiamsi
2454 5523 2561 5595 ipsi
2598 5524 2739 5595 pulli
2800 5541 2915 5581 non
2949 5530 3268 5597 sequantur
3308 5523 3459 5578 filios
3509 5537 3624 5576 non
3676 5518 3957 5595 videns,

2259 5624 2272 5656 ι
2299 5621 2421 5670 Mss.
2447 5626 2695 5685 quatuor,
2726 5628 2934 5686 fortem.
