4146 6186
170 284 173 287 ’
275 284 423 345 1513

273 430 509 478 matrem
541 425 738 476 tamen
771 431 1074 487 agnoscas.
1103 415 1185 469 Ita
1207 414 1271 469 fit
1300 412 1406 468 alis
1438 413 1734 478 demissis,
1760 411 1979 484 plumis

270 511 518 584 hispida,
567 526 707 566 voce
754 524 951 574 rauca,
1009 505 1285 560 omnibus
1320 504 1599 560 membris
1644 504 1899 559 demissa
1927 506 1981 555 et

274 603 515 671 abjecta,
566 604 630 655 ut
674 596 1168 671 quemadmodum
1219 594 1356 663 dixi,
1406 593 1633 649 etiamsi
1684 592 1833 648 ﬁlios
1864 606 1979 645 non

273 692 481 756 videas,
533 694 784 746 matrem
831 691 1027 743 tamen
1072 683 1380 755 intelligas.
1421 684 1514 739 Sic
1544 699 1679 753 ergo
1707 682 1979 739 infirmus

273 782 459 851 Jesus,
494 780 777 852 fatigatus
809 777 880 832 ab
928 774 1150 830 itinere.
1204 774 1318 829 Iter
1362 773 1550 845 ipsius
1598 777 1682 828 est
1712 788 1845 827 caro
1877 785 1979 840 pro

275 870 436 927 nobis
470 872 799 940 assumpta.
816 863 1116 931 Quomodo
1140 863 1293 919 enim
1317 863 1427 918 iter
1447 862 1621 917 habet
1638 863 1739 932 qui
1763 859 1980 928 ubique

272 965 374 1028 est,
424 960 530 1032 qui
582 972 872 1029 nusquam
924 956 1081 1010 deest
1112 952 1139 1005 ’ἲ
1186 956 1310 1021 Quo
1342 954 1406 1019 it,
1452 956 1553 1007 aut
1586 952 1737 1006 unde
1764 948 1831 1014 it,
1864 945 1978 1002 nisi

271 1052 400 1124 quia
432 1064 551 1105 non
584 1048 657 1103 ad
688 1062 795 1101 nos
826 1045 1067 1110 veniret,
1102 1041 1216 1098 nisi
1251 1042 1493 1096 formam
1524 1038 1766 1095 visibilis
1787 1035 1978 1092 carnis

270 1138 639 1197 assumeret?
658 1135 806 1203 Quia
825 1149 956 1205 ergo
978 1130 1172 1188 venire
1192 1132 1261 1185 ad
1297 1145 1401 1185 nos
1424 1144 1489 1184 eo
1512 1128 1684 1183 modo
1706 1126 1978 1198 dignatus

242 1233 370 1298 ,est,
403 1235 469 1283 ut
502 1226 562 1282 in
595 1226 777 1281 forma
809 1220 959 1279 servi
984 1224 1289 1290 assumpta
1308 1234 1481 1274 carne
1507 1219 1827 1287 appareret,
1851 1214 1980 1284 ipsa

268 1318 457 1374 carnis
491 1312 820 1385 assumptio
850 1318 935 1367 est
958 1308 1294 1380 iteripsius.
1331 1309 1461 1363 Ideo
1492 1305 1758 1376 fatigatus
1788 1304 1852 1358 ab
1884 1302 1977 1356 iti-

268 1423 391 1465 nere
423 1405 566 1479 quid
598 1412 685 1460 est
715 1401 894 1469 aliud,
931 1416 1107 1473 quam
1142 1399 1420 1469 fatigatus
1460 1397 1517 1450 in
1550 1410 1720 1451 carne
1750 1393 1777 1449 il
1809 1391 1980 1448 Infir-

270 1514 396 1555 mus
426 1497 492 1552 in
524 1509 699 1551 carne
726 1492 899 1549 Jesus
935 1506 947 1546 :
981 1489 1086 1546 sed
1122 1488 1238 1544 noli
1270 1493 1334 1543 tu
1365 1485 1647 1542 inﬁrmari
1683 1501 1697 1552 ;
1731 1483 1789 1538 in
1822 1481 1980 1537 illius

268 1585 610 1643 infirmitate
630 1586 690 1637 tu
726 1581 894 1636 fortis
912 1586 1052 1645 esto,
1082 1578 1217 1646 quia
1239 1578 1392 1649 quod
1418 1576 1715 1630 infirmum
1741 1578 1829 1628 est
1856 1571 1977 1638 Dei,

268 1678 470 1733 fortius
503 1677 595 1728 est
626 1670 966 1727 hominibus
999 1669 1045 1739 (l
1091 1668 1210 1724 Cor.
1244 1684 1285 1735 ι,
1315 1668 1425 1736 25).

332 1766 384 1819 8.
418 1764 539 1818 Sub
575 1762 683 1816 hac
716 1774 911 1815 rerum
964 1757 1222 1829 imagine
1274 1756 1459 1810 Adam
1511 1753 1611 1825 qui
1645 1755 1769 1808 erat
1798 1751 1981 1806 forma

271 1853 446 1910 futuri
483 1852 659 1920 (Rom.
693 1866 744 1917 ν,
770 1850 884 1921 14),
918 1847 1166 1919 praebuit
1188 1845 1356 1901 nobis
1389 1858 1662 1913 magnum
1695 1840 1979 1897 indicium

270 1939 617 1999 sacramenti
650 1955 666 2007 ;
699 1938 818 1993 imo
844 1937 999 1993 Deus
1038 1937 1095 1990 in
1140 1934 1240 1990 illo
1281 1932 1544 2006 praebuit.
1577 1932 1719 1987 Nam
1771 1938 1823 1985 et
1856 1931 1982 1984 dor-

269 2034 449 2089 miens
483 2029 706 2086 meruit
737 2027 997 2099 accipere
1032 2014 1295 2092 uxorem,
1319 2028 1376 2080 et
1396 2024 1467 2078 de
1488 2026 1651 2078 costa
1681 2020 1810 2091 ejus
1833 2020 1983 2074 facta

270 2128 352 2179 est
380 2123 434 2177 ei
458 2137 609 2177 uxor
637 2117 795 2190 (Gen.
821 2134 881 2184 ιι,
904 2116 999 2187 21)
1032 2131 1047 2172 :
1082 2114 1354 2187 quoniam
1386 2114 1458 2168 de
1479 2111 1704 2167 Christo
1730 2111 1789 2165 in
1812 2123 1983 2165 cruce

271 2212 592 2269 dormiente
624 2209 821 2264 futura
851 2214 966 2262 erat
1001 2203 1254 2260 Ecclesia
1284 2204 1355 2258 de
1399 2201 1573 2258 latere
1611 2200 1756 2269 ejus,
1793 2197 1863 2252 de
1895 2197 1983 2251 la-

270 2308 385 2359 tere
433 2300 663 2357 scilicet
710 2295 1055 2354 dormientis
1088 2314 1102 2364 ;
1155 2292 1285 2365 quia
1315 2300 1368 2348 et
1417 2291 1487 2347 de
1516 2290 1695 2346 latere
1724 2288 1782 2343 in
1816 2303 1984 2343 cruce

270 2390 574 2464 pendentis
606 2389 807 2445 lancea
838 2401 1109 2459 percusso
1142 2386 1318 2457 (Joan.
1351 2398 1467 2449 xix,
1500 2382 1591 2453 34)
1614 2381 1985 2436 Sacramenta

269 2481 540 2538 Ecclesia:
590 2478 1014 2551 profluxerunt.
1066 2476 1175 2530 Sed
1225 2490 1406 2546 quare
1447 2472 1555 2527 hoc
1586 2470 1777 2526 dicere
1806 2467 1982 2535 volui,

266 2573 472 2627 fratres
497 2570 526 2625 ?
557 2569 705 2634 Quia
736 2568 1051 2623 infirmitas
1083 2565 1299 2621 Christi
1329 2579 1435 2619 nos
1470 2562 1604 2617 facit
1646 2562 1837 2617 fortes.
1863 2559 1984 2613 Ma-

264 2678 375 2735 gna
406 2661 491 2717 ibi
529 2660 721 2730 imago
751 2657 1066 2730 praecessit.
1100 2655 1295 2710 Potuit
1326 2653 1477 2708 Deus
1507 2666 1738 2706 carnem
1784 2649 1983 2704 detra-

270 2754 403 2808 here
434 2749 669 2806 homini
700 2750 855 2803 unde
886 2748 1097 2802 faceret
1124 2743 1422 2807 feminam,
1458 2746 1515 2797 et
1547 2740 1733 2811 magis
1758 2738 1987 2795 videtur

270 2840 437 2914 quasi
493 2853 817 2911 congruere
861 2836 1138 2909 potuisse.
1191 2834 1392 2889 Fiebat
1440 2831 1595 2887 enim
1624 2845 1798 2885 sexus
1830 2828 1989 2883 infir-

271 2932 437 2997 mior,
473 2933 534 2985 et
566 2928 751 3000 magis
784 2928 853 2983 de
882 2941 1056 2983 carne
1086 2923 1397 2981 infirmitas
1426 2920 1548 2976 fieri
1581 2919 1781 2975 debuit
1812 2932 1986 2988 quam

268 3023 339 3077 de
371 3036 512 3077 osse
545 3035 560 3075 :
595 3034 729 3074 ossa
758 3017 916 3073 enim
953 3016 1014 3071 in
1046 3032 1219 3072 carne
1250 3013 1511 3069 firmiora
1537 3019 1695 3067 sunt.
1726 3009 1851 3064 Non
1883 3008 1990 3063 de-

273 3111 449 3167 traxit
500 3124 736 3165 carnem
786 3107 937 3163 unde
982 3106 1190 3162 faceret
1224 3102 1565 3169 mulierem;
1600 3100 1698 3155 sed
1750 3098 1992 3154 detraxit

274 3217 360 3269 os,
396 3202 454 3255 et
502 3198 762 3254 detracto
792 3213 921 3252 osse
967 3196 1212 3252 formata
1240 3197 1329 3249 est
1360 3190 1587 3258 mulier,
1619 3194 1675 3245 et
1703 3190 1761 3245 in
1795 3189 1989 3245 locum

272 3291 423 3346 ossis
456 3304 595 3344 caro
628 3286 944 3358 adimpleta
966 3288 1073 3342 est.
1108 3284 1332 3339 Poterat
1357 3298 1458 3353 pro
1476 3296 1607 3336 osse
1638 3296 1703 3334 os
1725 3278 1987 3345 reddere,

269 3387 499 3452 poterat
533 3378 603 3432 ad
639 3376 960 3432 faciendam
987 3373 1285 3430 mulierem
1322 3388 1431 3426 non
1456 3374 1704 3429 costam,
1740 3368 1837 3423 sed
1862 3383 1988 3422 car-

262 3486 395 3525 nem
431 3466 763 3524 detrahere.
815 3464 961 3529 Quid
1006 3464 1184 3536 igitur
1231 3460 1585 3532 significavit
1612 3458 1640 3513 ‘I
1688 3458 1859 3512 Facta
1901 3452 1990 3513 est

261 3559 479 3616 mulier
508 3558 569 3613 in
603 3562 762 3614 costa
792 3561 1072 3627 tanquam
1107 3553 1305 3608 fortis:
1343 3552 1527 3606 factus
1573 3552 1655 3603 est
1700 3550 1884 3603 Adam
1925 3550 1985 3601 in

258 3666 437 3707 carne
470 3655 756 3721 tanquam
790 3647 1079 3701 infirmus.
1121 3642 1385 3697 Christus
1415 3646 1504 3696 est
1532 3645 1590 3695 et
1621 3637 1890 3703 Ecclesia,
1918 3636 1989 3692 il-

253 3740 372 3797 lius
398 3740 719 3794 infirmitas
750 3744 947 3792 nostra
976 3739 1065 3791 est
1107 3733 1405 3788 fortitudo.

324 3831 387 3885 9.
422 3832 619 3895 Quare
649 3842 785 3898 ergo
818 3826 957 3880 hora
982 3831 1142 3878 sexta
1169 3822 1197 3877 ?
1219 3822 1362 3886 Quia
1385 3823 1549 3874 aetate
1571 3817 1765 3873 saeculi
1799 3821 1981 3872 sexta.

256 3922 560 3991 Computa
589 3921 649 3972 in
683 3914 986 3985 Evangelio
1019 3918 1297 3983 tanquam
1332 3926 1508 3965 unam
1541 3909 1767 3973 horam,
1808 3922 1984 3961 unam

257 4017 490 4064 etatem
542 4007 617 4062 ab
666 4007 851 4060 Adam
902 4019 1085 4075 usque
1133 4004 1200 4056 ad
1239 4001 1356 4057 Noe
1385 4015 1401 4065 ;
1435 3998 1752 4054 secundam
1803 4014 1837 4051 a
1869 3995 1987 4053 Noe

258 4115 450 4169 usque
497 4097 571 4153 ad
624 4095 957 4161 Abraham;
990 4092 1221 4147 tertiam
1263 4092 1335 4145 ab
1373 4088 1665 4144 Abraham
1702 4102 1884 4155 usque
1914 4087 1982 4142 ad

259 4187 447 4244 David
474 4205 492 4255 ;
525 4192 790 4255 quartam
825 4200 858 4238 a
892 4181 1065 4236 David
1103 4196 1289 4250 usque
1318 4178 1387 4234 ad
1413 4176 1983 4247 transmigrationem

252 4276 646 4348 Babylonia;
693 4274 957 4344 quintam
1008 4289 1042 4327 a
1090 4267 1603 4339 transmigratione
1660 4265 1985 4337 Babyloniae

249 4383 449 4439 usque
503 4366 573 4420 ad
636 4364 992 4429 baptismum
1035 4359 1326 4417 Joannis:
1370 4357 1507 4413 inde
1562 4361 1721 4412 sexta
1768 4356 1980 4427 agitur.

246 4459 401 4523 Quid
440 4456 676 4511 miraris
697 4453 725 4509 ?
749 4457 920 4509 Venit
938 4452 1128 4520 Jesus,
1152 4455 1208 4506 et
1231 4447 1594 4505 bumiliando
1625 4462 1687 4502 se
1726 4447 1882 4502 venit
1910 4448 1981 4502 ad

249 4554 531 4619 puteum.
571 4544 865 4616 Fatigatus
895 4543 1072 4608 venit,
1099 4540 1237 4613 quia
1261 4539 1559 4593 inlirmam
1582 4551 1815 4592 carnem
1852 4553 1983 4606 por-

247 4637 425 4693 tavit.
459 4637 617 4691 Hora
647 4640 829 4701 sexta,
880 4632 1018 4704 quia
1065 4636 1227 4686 aetate
1276 4627 1474 4684 saeculi
1523 4633 1704 4683 sexta.
1754 4627 1838 4682 Ad
1874 4643 1981 4698 pu-

247 4735 445 4795 teum,
483 4727 624 4795 quia
652 4726 720 4781 ad
758 4722 1207 4794 profunditatem
1260 4721 1438 4790 hujus
1477 4719 1856 4774 habitationis
1889 4736 1984 4773 no-

246 4824 422 4873 stra.
456 4814 624 4872 Unde
654 4813 867 4869 dicitur
897 4812 957 4868 in
990 4812 1263 4878 Psalmis,
1298 4811 1373 4866 De
1429 4809 1717 4881 pro/undis
1746 4809 1986 4863 clamavi

244 4906 325 4961 ad
379 4909 461 4974 te,
512 4904 738 4959 Domine
786 4901 957 4972 (Psal.
1010 4916 1200 4967 cxxsx,
1252 4901 1325 4971 1).
1365 4898 1547 4966 Sedit,
1583 4902 1644 4953 ut
1672 4898 1813 4965 dixi,
1847 4900 1985 4969 quia

243 4993 620 5051 humiliatus
649 5000 736 5047 est
779 4990 823 5047 ί.

328 5086 430 5140 10.
461 5085 527 5139 Et
555 5084 707 5137 venit
726 5081 950 5137 mulier.
984 5080 1195 5136 Forma
1217 5076 1504 5145 Ecclesiae,
1528 5094 1644 5133 non
1667 5078 1791 5147 jam
1820 5077 1984 5148 justi-

244 5176 469 5241 ﬂcala,
502 5175 607 5230 sed
642 5175 767 5245 jam
791 5170 1188 5244 justilicandsc
1221 5185 1237 5238 ;
1293 5186 1426 5225 nam
1477 5168 1587 5225 hoc
1616 5170 1735 5240 agit
1765 5185 1985 5226 sermo.

242 5265 434 5323 Venit
462 5266 693 5338 ignara,
729 5263 952 5319 invenit
979 5278 1139 5328 eum,
1161 5270 1213 5317 et
1246 5261 1437 5331 agitur
1464 5275 1593 5315 cum
1628 5259 1748 5316 illa.
1782 5260 1987 5315 Videa-

244 5373 391 5411 mus
426 5354 597 5426 quid,
621 5354 926 5409 videamus
957 5367 1176 5424 quare:
1218 5350 1367 5407 Venit
1393 5349 1608 5405 mulier
1638 5349 1703 5405 de
1732 5349 1985 5405 Samaria

243 5448 497 5503 haurire
520 5462 753 5517 aquam.
775 5441 1121 5500 Samaritani
1143 5443 1213 5498 ad
1246 5440 1583 5497 Judaeorum
1616 5446 1845 5514 gentem
1872 5458 1982 5496 non

248 5536 647 5611 pertinebant
671 5552 684 5589 :
725 5534 1058 5606 alienigenas
1080 5532 1235 5588 enim
1264 5532 1520 5599 fuerunt,
1542 5532 1814 5603 quamvis
1843 5532 1982 5587 vici-

334 5640 354 5675 ι
379 5636 474 5688 Sic
488 5632 896 5687 Has.cumBad.
920 5636 972 5683 et
984 5634 1092 5683 Am.
1115 5632 1187 5683 At
1226 5632 1311 5682 Er.
1341 5636 1394 5683 et
1414 5634 1561 5694 Lov.,
1585 5632 1798 5685 humilis
1827 5633 1984 5683 venit.

602 5727 875 5787 Panos.
918 5722 1156 5787 XXXV.

1497 274 1962 339 TRAC'I‘ATUS
2010 272 2137 334 XV.
2185 272 2443 335 CAPUT
2489 272 2591 333 IV.

3649 280 3808 342 15M

2092 424 2197 464 nas
2228 412 2412 463 terras
2444 406 2782 464 incolerent.
2818 408 3083 479 Longum
3115 416 3201 465 est
3238 410 3524 484 originem
3553 417 3806 472 Samari-

2093 503 2361 553 tanorum
2389 502 2662 564 retexere,
2694 514 2760 552 ne.
2786 515 2889 553 nos
2916 498 3097 555 multa
3120 505 3372 570 teneant,
3398 507 3454 557 et
3480 507 3807 563 necessaria

2091 603 2206 642 non
2257 586 2601 658 loquamur:
2660 588 2879 643 sufficit
2918 604 3054 659 ergo
3114 593 3177 643 ut
3232 592 3628 649 Samaritanos
3657 594 3807 650 inter

2090 676 2441 747 alienigenas
2464 678 2830 747 deputemus.
2868 678 2937 733 Et
2968 693 3039 733 ne
3070 678 3179 734 hoc
3211 681 3495 738 audacius
3518 699 3609 739 me
3647 684 3803 739 arbi-

2087 766 2323 820 tremini
2352 766 2566 821 dixisse
2589 782 2765 836 quam
2797 768 3009 836 verius,
3041 771 3242 843 audite
3264 772 3458 843 ipsum
3496 773 3803 830 Dominum

2086 857 2315 924 Jesum,
2348 857 2488 928 quid
2522 858 2733 912 dixerit
2783 858 2852 913 de
2883 858 2982 914 illo
3016 842 3399 930 Sa’maritano,
3454 879 3570 919 uno
3600 865 3671 921 de
3700 866 3801 921 de-

2087 961 2213 1001 cem
2266 945 2503 1015 leprosis
2554 962 2700 1015 quos
2747 947 3148 1013 mandaverat,
3187 949 3289 1021 qui
3337 950 3499 1007 solus
3531 952 3707 1009 rediit
3738 957 3803 1009 ut

2088 1038 2304 1109 gratias
2337 1042 2530 1105 ageret
2563 1053 2575 1092 :
2610 1037 2797 1093 Nonne
2825 1038 3005 1094 decem
3035 1040 3285 1095 mandati
3322 1045 3491 1097 sunt?
3515 1052 3566 1099 et
3612 1059 3802 1100 novem

2086 1127 2185 1182 ubi
2202 1130 2369 1182 sunt?
2388 1143 2495 1181 non
2514 1130 2632 1182 erat
2653 1128 2802 1182 alius
2822 1130 2921 1198 qui
2940 1128 3095 1185 daret
3114 1130 3348 1198 gloriam
3371 1133 3498 1201 Deo,
3522 1133 3637 1189 nisi
3654 1135 3803 1190 alie-

2087 1215 2289 1284 nigena
2326 1217 2422 1271 iste
2469 1217 2619 1285 (Luc.
2653 1232 2789 1283 xm,
2828 1218 2912 1282 17,
2950 1217 3055 1285 18).
3091 1219 3344 1275 Pertinet
3374 1220 3447 1276 ad
3481 1221 3801 1294 imaginem

2089 1306 2190 1374 rei,
2224 1306 2374 1377 quod
2403 1307 2473 1361 ab
2508 1306 2850 1378 alienigenis
2871 1308 3029 1363 venit
3051 1308 3162 1363 ista
3191 1309 3423 1381 mulier,
3448 1328 3573 1383 quas
3595 1318 3799 1385 typum

2090 1398 2323 1469 gerebat
2358 1397 2622 1453 Ecclesiae
2648 1415 2661 1454 :
2698 1408 2935 1454 ventura
2956 1401 3111 1455 enim
3134 1406 3255 1457 erat
3275 1402 3530 1459 Ecclesia
3559 1406 3629 1461 de
3652 1407 3798 1461 Gen-

2092 1487 2271 1555 tibus,
2296 1487 2616 1559 alienigena
2640 1505 2672 1543 a
2692 1504 2899 1560 genere
2920 1489 3277 1545 Judaeorum.
3311 1492 3635 1549 Audiamus
3667 1510 3801 1565 ergo

2089 1578 2150 1633 in
2179 1578 2278 1633 illa
2311 1595 2436 1648 nos,
2469 1586 2525 1635 et
2555 1581 2612 1635 in
2646 1580 2747 1635 illa
2778 1598 3162 1652 agnoscamus
3196 1599 3320 1649 nos,
3362 1587 3420 1638 et
3449 1584 3507 1638 in
3539 1585 3638 1640 illa
3668 1601 3802 1657 gra-

2092 1669 2203 1724 tias
2234 1670 2349 1725 Deo
2381 1685 2623 1741 agamus
2643 1688 2746 1743 pro
2771 1673 2958 1728 nobis.
2984 1672 3086 1727 Illa
3113 1674 3266 1727 enim
3294 1672 3490 1744 figura
3520 1680 3662 1741 erat,
3687 1692 3801 1730 non

2091 1759 2341 1827 veritas;
2379 1762 2515 1829 quia
2545 1769 2597 1815 et
2640 1761 2769 1831 ipsa
2802 1761 3081 1831 praemisit
3131 1762 3401 1834 ﬁguram,
3445 1768 3501 1820 et
3534 1764 3685 1820 facta
3713 1771 3805 1820 est

2090 1848 2325 1903 veritas.
2359 1854 2503 1905 Nam
2532 1850 2778 1905 credidit
2807 1850 2863 1904 in
2889 1867 3046 1915 eum,
3080 1853 3179 1923 qui
3210 1853 3281 1908 de
3302 1852 3404 1909 illa
3436 1854 3678 1925 figuram
3706 1872 3806 1911 no-

2091 1938 2182 1994 bis
2215 1940 2626 2008 praatendebat.
2669 1940 2819 1995 Venit
2850 1957 2983 2012 ergo
3016 1941 3241 1997 haurire
3264 1960 3483 2015 aquam.
3509 1943 3804 2005 Simulit‘l-

2092 2031 2181 2083 ter
2211 2034 2443 2085 venerat
2491 2029 2717 2087 haurire
2767 2048 3003 2102 aquam,
3059 2032 3207 2088 sicut
3243 2032 3432 2089 solent
3460 2038 3543 2089 vel
3580 2038 3679 2088 vir,
3720 2036 3803 2090 vel

2095 2119 2347 2175 feminae.

2168 2210 2252 2265 11.
2288 2231 2315 2259 ‹‹
2366 2210 2515 2267 Dicit
2563 2212 2613 2267 ei
2668 2212 2886 2268 Jesus:
2940 2213 3024 2268 Da
3073 2213 3215 2268 mihi
3266 2216 3478 2272 bibere.
3528 2217 3801 2289 Discipuli

2094 2300 2251 2356 enim
2301 2301 2427 2371 ejus
2477 2300 2737 2356 abierant
2767 2302 2824 2358 in
2858 2304 3179 2371 civitatem,
3222 2308 3284 2358 ut
3323 2306 3481 2360 cibos
3527 2315 3801 2360 emerent.

2094 2388 2245 2444 Dicit
2273 2405 2409 2462 ergo
2433 2389 2483 2444 ei
2508 2390 2716 2445 mulier
2736 2390 2835 2445 illa
2858 2392 3267 2449 Samaritana:
3303 2393 3596 2457 Quomodo
3620 2398 3679 2449 tu
3702 2394 3805 2449 Ju-

2094 2480 2247 2535 daeus
2279 2495 2411 2533 cum
2446 2480 2545 2545 sis,
2579 2480 2775 2536 bibere
2805 2498 2839 2536 a
2868 2497 2957 2535 me
2992 2482 3206 2552 poscis,
3239 2497 3363 2553 quae
3412 2499 3543 2538 sum
3599 2483 3807 2538 mulier

2093 2568 2458 2623 Samaritana
2473 2568 2500 2623 ‘2
2514 2570 2635 2625 Non
2651 2571 2803 2625 enim
2820 2575 3141 2626 coutuntur
3155 2572 3339 2628 Judaei
3356 2576 3486 2629 Sam
3497 2573 3757 2629 arltanis.
3776 2595 3802 2623 ››

2095 2655 2315 2712 Videtis
2361 2656 2751 2730 alienigenas:
2803 2659 3043 2715 omnino
3090 2659 3343 2715 vasculis
3375 2676 3572 2716 eorum
3619 2660 3806 2724 Judaei

2097 2762 2212 2802 non
2246 2747 2579 2803 utebantur.
2613 2749 2683 2804 Et
2724 2748 2859 2820 quia
2892 2748 3110 2804 ferebat
3140 2765 3338 2805 secum
3372 2749 3580 2806 mulier
3599 2767 3807 2807 vascu-

2097 2837 2218 2893 lum
2256 2839 2408 2893 unde
2439 2854 2648 2907 aquam
2707 2836 2983 2909 hauriret,
3031 2855 3098 2894 eo
3148 2839 3359 2894 mirata
3404 2847 3507 2906 est,
3540 2842 3677 2912 quia
3705 2841 3807 2896 Ju-

2098 2928 2259 2983 dasus
2293 2927 2523 2997 petebat
2552 2928 2623 2982 ab
2656 2943 2722 2982 ea
2754 2927 2964 2994 bibere,
2988 2928 3137 2995 quod
3172 2943 3285 2983 non
3318 2928 3586 2984 solebant
3625 2931 3811 2987 facere

2097 3016 2305 3072 Judaei.
2340 3017 2441 3071 llle
2470 3021 2662 3071 autem
2696 3017 2794 3088 qui
2830 3016 3027 3071 bibere
3056 3016 3373 3087 quaerebat,
3408 3018 3581 3074 fidem
3620 3018 3809 3091 ipsius

2101 3105 2367 3161 mulieris
2398 3106 2651 3161 sitiebat.

2172 3196 2259 3251 12.
2293 3195 2554 3267 Denique
2582 3195 2717 3249 audi
2741 3194 2870 3266 quis
2893 3199 3048 3265 petat
3076 3194 3296 3251 bibere.
3319 3196 3607 3266 Respondit
3627 3202 3808 3265 Iesus,

2098 3296 2152 3343 et
2176 3287 2321 3342 dixit
2336 3287 2389 3342 ei
2407 3303 2427 3341 :
2449 3288 2510 3341 Si
2531 3288 2696 3342 scires
2720 3290 2930 3341 donum
2952 3287 3063 3353 Dei,
3090 3290 3144 3340 ct
3164 3287 3285 3357 quis
3305 3292 3383 3341 est
3404 3287 3501 3359 qui
3527 3287 3658 3342 dicit
3685 3290 3806 3359 tibi,

2102 3379 2177 3434 Da
2190 3377 2328 3432 mihi
2348 3378 2554 3441 bibere,
2579 3386 2637 3431 tu
2657 3379 2898 3446 [orsitan
2916 3379 3143 3446 petisses
3165 3377 3233 3429 ab
3255 3393 3338 3441 eo,
3367 3382 3419 3430 et
3439 3377 3671 3431 dedisset
3702 3378 3809 3433 tibi

2097 3484 2296 3539 aquam
2324 3468 2524 3522 vivam.
2561 3466 2702 3519 Petit
2736 3466 2951 3528 bibere,
2984 3469 3039 3519 et
3073 3465 3359 3534 promittit
3409 3466 3621 3520 bibere.
3665 3467 3805 3537 Eget

2096 3559 2258 3629 quasi
2292 3562 2655 3626 accepturus,
2689 3559 2745 3608 et
2784 3554 2970 3608 afﬂuit
3022 3563 3295 3624 tanquam
3356 3555 3696 3610 satiaturus.
3748 3555 3809 3618 Si

2094 3650 2279 3715 scires,
2314 3645 2528 3717 inquit,
2563 3648 2768 3699 donum
2816 3643 2934 3698 Dei.
2990 3644 3209 3697 Donum
3264 3642 3359 3696 Dei
3419 3656 3499 3698 est
3551 3642 3806 3713 Spiritus

2096 3743 2357 3794 sanctus.
2390 3737 2498 3790 Sed
2534 3734 2726 3789 adhuc
2760 3732 2985 3789 mulieri
3019 3737 3167 3787 tecte
3214 3731 3491 3803 loquitur,
3523 3738 3581 3788 et
3612 3733 3805 3803 paula-

2096 3828 2201 3881 tim
2234 3827 2414 3880 intrat
2444 3823 2502 3877 in
2534 3839 2647 3879 cor.
2684 3823 2962 3878 Fortassis
2984 3822 3106 3889 jam
3134 3824 3315 3875 docet.
3350 3822 3492 3885 Quid
3517 3822 3666 3876 enim
3692 3822 3809 3879 ista

2098 3915 2425 3971 hortatione
2448 3912 2685 3967 suavius
2709 3916 2767 3967 et
2793 3912 3103 3981 benignius
3126 3910 3153 3965 ?
3180 3910 3241 3965 Si
3267 3912 3436 3967 scires
3452 3911 3654 3967 donum
3687 3913 3804 3980 Dei,

2094 4015 2146 4065 et
2164 4009 2327 4062 scires
2357 4005 2481 4077 quis
2507 4014 2582 4059 est
2609 4007 2706 4076 qui
2723 4005 2857 4060 dicit
2890 4004 3011 4069 tibi,
3045 4004 3121 4057 Da
3154 4004 3298 4057 mihi
3319 4003 3516 4072 bibere,
3552 4011 3611 4060 tu
3647 4005 3807 4076 forsi-

2092 4107 2189 4155 tan
2214 4104 2450 4170 peteres,
2481 4103 2531 4151 et
2552 4095 2707 4150 daret
2732 4096 2835 4150 tibi
2855 4110 3054 4166 aquam
3082 4096 3255 4148 vivam
3288 4110 3308 4149 :
3330 4093 3440 4148 huc
3474 4111 3659 4166 usque
3681 4111 3807 4150 sus-

2097 4189 2313 4261 pendit.
2347 4188 2484 4243 Viva
2514 4203 2665 4259 aqua
2687 4187 2900 4241 dicitur
2922 4184 3093 4256 vulgo
3114 4184 3213 4238 illa
3234 4201 3362 4251 quae
3392 4186 3463 4240 de
3487 4185 3642 4241 fonte
3663 4186 3802 4241 exit.

2093 4278 2196 4334 llla
2226 4278 2379 4333 enim
2413 4292 2540 4348 qum
2571 4274 2865 4347 colligitur
2894 4275 2963 4328 de
2998 4274 3191 4343 pluvia
3220 4274 3280 4327 in
3325 4271 3561 4327 lacunas
3600 4281 3696 4327 aut
3718 4272 3805 4327 ci—

2094 4376 2345 4435 sternas,
2378 4383 2529 4438 aqua
2559 4364 2687 4418 viva
2720 4380 2833 4417 non
2865 4363 3097 4416 dicitur.
3132 4363 3198 4416 Et
3229 4362 3275 4417 si
3318 4363 3387 4416 de
3417 4362 3570 4416 fonte
3600 4378 3802 4417 mana-

2090 4460 2256 4525 verit,
2290 4462 2345 4512 et
2377 4457 2434 4509 in
2468 4455 2593 4508 loco
2625 4452 2819 4524 aliquo
2850 4451 3088 4506 collecta
3127 4450 3368 4518 steterit,
3401 4465 3505 4505 nec
3545 4450 3617 4505 ad
3650 4467 3711 4507 se
3740 4451 3809 4507 il-

2093 4549 2194 4604 lud
2230 4548 2377 4600 unde
2411 4544 2689 4599 manabat
2719 4541 3040 4609 admiserit,
3070 4540 3164 4595 sed
3192 4542 3515 4611 interrupto
3545 4538 3565 4574 ί
3590 4550 3804 4612 meatu,

2093 4643 2368 4708 tanquam
2394 4652 2426 4688 a
2457 4633 2632 4689 fontis
2657 4631 2889 4687 tramite
2913 4640 3174 4700 separata
3206 4631 3416 4699 fuerit;
3450 4648 3561 4688 non
3595 4632 3808 4689 dicitur

2094 4744 2245 4797 aqua
2277 4724 2405 4780 viva
2437 4740 2450 4778 :
2485 4723 2585 4779 sed
2617 4720 2719 4777 illa
2759 4738 2912 4793 aqua
2940 4721 3071 4776 viva
3101 4720 3337 4788 dicitur,
3378 4737 3502 4791 quae
3561 4738 3805 4778 manans

2095 4816 2401 4889 excipitur.
2458 4813 2608 4868 Talis
2658 4829 2808 4883 aqua
2854 4820 2975 4867 erat
3023 4811 3082 4866 in
3116 4810 3213 4866 illo
3243 4811 3422 4868 fonte.
3470 4811 3619 4877 Quid
3671 4827 3804 4883 ergo

2096 4906 2466 4980 promittebat
2497 4903 2649 4975 quod
2684 4902 2909 4972 petebat
2940 4902 2967 4956 ‘t

2166 4998 2253 5052 13.
2283 4996 2500 5050 Tamen
2536 4993 2744 5048 mulier
2772 5007 3059 5063 suspensa
3087 4991 3166 5044 ait
3197 5007 3212 5046 :
3245 4989 3491 5054 Domine,
3531 5002 3705 5057 neque
3744 4988 3803 5041 in

2093 5102 2197 5160 quo
2228 5085 2454 5139 haurias
2486 5083 2670 5146 habes,
2702 5090 2753 5136 et
2773 5092 2965 5151 puteus
2985 5081 3128 5134 altus
3158 5085 3236 5134 est
3280 5078 3477 5131 Videte
3515 5076 3805 5145 quomodo

2095 5174 2441 5231 intellexerit
2472 5188 2685 5243 aquam
2711 5171 2921 5232 vivam,
2956 5183 3166 5238 aquam
3201 5164 3423 5220 scilicet
3453 5180 3579 5234 quae
3609 5166 3803 5221 eratin

2094 5264 2195 5321 illo
2227 5263 2403 5319 fonte.
2433 5262 2520 5316 Tu
2555 5260 2699 5315 mihi
2733 5257 2817 5312 vis
2838 5258 2976 5311 dare
3006 5269 3217 5326 aquam
3241 5253 3450 5319 vivam,
3474 5257 3531 5306 et
3558 5267 3663 5324 ego
3686 5255 3805 5309 fero

2094 5353 2251 5410 unde
2286 5351 2576 5414 hauriam,
2609 5353 2666 5403 et
2700 5353 2757 5401 tu
2790 5362 2904 5399 non
2932 5345 3061 5398 fers.
3098 5346 3251 5411 Aqua
3273 5342 3400 5396 viva
3424 5340 3514 5397 hic
3535 5348 3645 5412 est,
3670 5361 3808 5415 quo-

2097 5444 2269 5497 modo
2292 5438 2435 5494 mihi
2464 5439 2706 5489 daturus
2728 5441 2815 5488 est
2832 5434 2860 5487 ‘2
2879 5430 3043 5486 Aliud
3077 5428 3408 5499 intelligens
3431 5434 3487 5484 et
3505 5432 3810 5487 carnaliter

2097 5531 2330 5601 sapiens
2343 5523 2779 5599 quodammodo
2796 5520 3014 5591 pulsat.
3031 5519 3330 5591 utaperiat
3356 5521 3635 5592 magister
3650 5523 3805 5594 quod

2160 5626 2346 5689 iMss.,
2381 5625 2629 5687 inrupto;
2652 5620 2783 5681 sive,
2814 5620 3045 5684 irrupto.

2930 5710 3490 5792 (Quarante-huit.)
