4126 6194
0 4502 23 4951 l

0 4946 25 5195 ἓ

0 5200 31 5407 fl

0 5394 31 5631 ᾗ

12 5628 31 5711 ii

12 5716 29 5745 ,η

0 5698 13 5761 t

416 350 569 413 1315
1362 336 1440 396 ΙΝ
1486 330 1823 395 JOANNlS
1870 325 2401 394 EV‘ANGELIUM,
2448 320 2511 380 S.
2563 318 2986 380 AUGUSTINI
3788 317 3947 380 1516

412 486 673 542 clausum
699 482 805 537 est.
830 477 1104 535 Pulsabat
1153 471 1493 543 ignorantia,
1518 485 1629 524 non
1655 468 1842 522 studio
1880 484 1892 532 ;
1930 463 2120 518 adhuc

412 571 768 637 miseranda,
801 584 914 624 non
946 567 1085 622 dum
1127 561 1487 618 instruenda.

481 664 568 721 14.
603 660 748 717 Dicit
778 657 998 729 aliquid
1043 651 1364 712 evidentius
1395 648 1675 705 Dominus
1724 648 1795 702 de
1844 644 1941 700 illa
1972 660 2122 716 aqua

411 756 555 811 viva.
608 751 835 809 Dixerat
864 747 1019 804 enim
1072 743 1303 802 mulier,
1338 738 1611 811 Numquid
1642 742 1699 792 tu
1732 737 1910 808 major
1938 752 1992 792 es
2020 751 2118 805 pa-

413 852 496 901 tre
524 845 711 898 nostra
739 837 920 907 Iacob,
951 836 1049 907 qui
1087 831 1232 888 dedit
1260 829 1417 886 nobis
1445 835 1691 897 puteum,
1740 828 1788 880 et
1819 828 1927 896 ipse
1966 840 2035 879 ea:
2061 838 2121 877 eo

413 934 562 1003 bibit,
594 940 644 988 et
670 929 780 1001 ﬁlii
809 928 947 998 ejus,
972 932 1021 980 et
1040 937 1234 994 pecora
1257 921 1369 991 ejus
1386 922 1411 972 .9
1432 918 1511 973 De
1534 916 1642 972 hac
1662 931 1813 987 aqua
1840 913 2122 1003 viva‘dare

409 1001 556 1079 mihi
605 1035 717 1075 non
751 1020 934 1088 potes,
985 1010 1261 1082 quoniam
1318 1004 1709 1062 hauritorium
1741 1019 1854 1058 non
1887 1001 2068 1057 habes
2103 1017 2118 1058 :

408 1112 555 1167 forte
598 1107 778 1163 alium
828 1106 1045 1159 fontem
1096 1096 1384 1170 promittis
1414 1095 1440 1149 ?
1492 1095 1653 1149 Patre
1686 1100 1875 1148 nostro
1916 1089 2121 1147 melior

409 1204 572 1271 potes
602 1211 753 1264 esse,
804 1191 904 1263 qui
936 1191 1090 1245 hunc
1124 1192 1361 1259 puteum
1394 1185 1555 1252 fodit,
1590 1188 1645 1239 et
1674 1183 1798 1254 ipse
1829 1198 1960 1236 cum
1996 1179 2120 1237 suis

409 1304 550 1343 usus
581 1289 671 1341 est
698 1299 763 1339 eo
792 1284 821 1338 ’ἲ
851 1279 1137 1336 Dominus
1157 1291 1291 1347 ergo
1325 1273 1636 1343 dicatquid
1668 1271 1877 1327 dixerit
1907 1286 2118 1342 aquam

413 1376 618 1431 vivam.
656 1396 683 1423 α
720 1368 1041 1442 Respondit
1063 1367 1257 1431 Jesus,
1289 1370 1344 1419 et
1376 1362 1519 1419 dixit
1549 1362 1598 1417 ei
1633 1378 1646 1416 :
1678 1360 1881 1417 Omnis
1914 1360 2009 1428 qui
2040 1359 2121 1414 bi-

406 1466 558 1522 berit
585 1480 654 1521 ex
682 1478 836 1533 aqua
856 1459 987 1525 hac,
1013 1458 1173 1513 sitiet
1194 1456 1406 1511 iterum
1430 1470 1442 1507 :
1470 1452 1568 1525 qui
1592 1454 1786 1507 autem
1821 1449 2031 1504 biberit
2052 1464 2120 1504 ex

406 1572 555 1628 aqua
569 1568 745 1625 quam
761 1566 865 1623 ego
878 1550 1023 1604 dabo
1039 1546 1111 1613 ei,
1128 1562 1241 1601 non
1257 1544 1410 1599 sitiet
1439 1542 1496 1597 in
1512 1546 1821 1608 aeternum;
1845 1539 1946 1594 sed
1967 1555 2120 1610 aqua

407 1662 581 1719 quam
612 1659 718 1716 ego
752 1641 899 1697 dabo
932 1638 1005 1707 ei,
1039 1638 1136 1692 tiet
1166 1635 1226 1690 in
1258 1650 1325 1689 eo
1358 1635 1483 1689 l'ons
1531 1649 1695 1703 aquas
1747 1629 2009 1686 salientis
2056 1629 2117 1719 in

408 1718 577 1791 vitam
610 1738 910 1789 aeternam.
936 1750 964 1777 »
993 1727 1257 1796 Apertius
1288 1724 1517 1779 locutus
1539 1725 1628 1777 est
1659 1720 1960 1785 Dominus,
2002 1718 2119 1774 Fiet

406 1828 463 1881 in
487 1841 546 1881 eo
575 1826 699 1895 fons
728 1836 881 1893 aquae
910 1814 1169 1874 salientis
1190 1815 1250 1870 in
1278 1812 1451 1869 vitam
1469 1822 1757 1870 aeternam.
1791 1811 1897 1874 Qui
1924 1809 2122 1863 biberit

406 1915 470 1970 de
498 1930 642 1985 aqua
672 1913 801 1980 ista,
833 1925 941 1965 non
962 1907 1115 1963 sitiet
1148 1905 1211 1960 in
1256 1909 1548 1959 zternum.
1580 1899 1726 1965 Quid
1776 1897 2118 1966 evidentius,

406 2005 541 2077 quia
572 2020 689 2059 non
722 2016 934 2074 nquam
965 1996 1275 2065 visibilem,
1307 1994 1407 2050 sed
1434 1990 1783 2048 invisibilem
1823 1989 2120 2061 promitte-

407 2104 509 2159 bat
538 2103 564 2156 ?
596 2102 697 2175 qui
728 2098 1072 2167 evidentius,
1125 2096 1264 2169 quia
1296 2110 1408 2149 non
1441 2090 1773 2158 carnaliter,
1814 2093 1912 2147 sed
1949 2090 2122 2163 spiri-

403 2191 638 2249 tualiter
664 2189 1011 2261 loquebatur
1038 2187 1066 2241 ?

482 2282 567 2337 15.
599 2282 804 2336 Adhuc
833 2285 1026 2334 tamen
1078 2276 1179 2331 illa
1214 2273 1425 2329 mulier
1474 2286 1709 2327 carnem
1744 2271 1897 2343 sapit
1929 2286 1943 2325 :
1976 2270 2125 2325 dele-

415 2377 567 2428 ctata
587 2376 673 2428 est
704 2388 815 2427 non
839 2370 1021 2434 sitire,
1050 2372 1109 2423 et
1132 2366 1374 2436 putabat
1396 2364 1504 2420 hoc
1538 2363 1859 2419 secundum
1891 2377 2124 2418 carnem

411 2462 765 2535 promissum
799 2460 911 2517 sibi
934 2474 1059 2515 esse
1079 2476 1110 2512 a
1134 2456 1400 2512 Domino.
1425 2455 1584 2519 Quod
1610 2454 1849 2525 quidem
1877 2454 1996 2519 ﬁet,
2019 2452 2121 2508 sed

407 2552 466 2608 in
501 2552 919 2609 resurrectione
967 2553 1352 2605 mortuorum.
1384 2546 1509 2600 tam
1574 2544 1682 2599 hoc
1713 2542 1945 2598 volebat
2002 2541 2121 2596 illa.

410 2644 654 2701 Dederat
686 2642 841 2699 enim
867 2646 1016 2697 Deus
1038 2638 1354 2709 aliquando
1387 2650 1551 2690 servo
1582 2650 1688 2689 suo
1719 2633 1873 2695 Elia,
1928 2638 1993 2687 ut
2023 2648 2123 2703 per

412 2730 791 2804 quadraginta
851 2728 971 2783 dies
1030 2741 1135 2781 nec
1170 2724 1434 2789 esuriret,
1486 2738 1588 2778 nec
1620 2721 1805 2777 sitiret
1860 2722 1958 2791 (ΙΙΙ
1992 2722 2121 2789 Reg.

410 2836 529 2889 xu,
559 2818 637 2888 8).
671 2818 779 2885 Qui
826 2817 935 2871 hoc
986 2814 1170 2883 potuit
1217 2814 1356 2867 dare
1400 2827 1499 2882 per
1546 2810 1929 2881 quadraginta
1977 2810 2122 2878 dies,

413 2924 529 2966 non
548 2907 735 2980 potuit
756 2907 893 2962 dare
912 2920 1140 2975 semper
1160 2900 1535 2974 ?Suspirsbat
1552 2906 1746 2957 tamen
1774 2900 1893 2961 illa,
1918 2900 2123 2957 nolens

413 2998 698 3069 indigere,
749 2993 955 3051 nolens
1003 2993 1281 3049 laborare.
1331 2991 1581 3047 Assidue
1620 2990 1816 3045 venire
1851 2990 1921 3046 ad
1956 2990 2124 3046 illum

416 3089 658 3155 fontem,
680 3084 907 3143 onerari
932 3082 1204 3155 pondere,
1230 3097 1339 3150 quo
1361 3080 1686 3153 indigentia
1714 3082 2121 3153 suppleretur;

413 3181 472 3233 et
502 3175 665 3231 linito
698 3174 852 3246 quod
886 3173 1178 3235 hauserat,
1227 3186 1426 3226 rursus
1461 3170 1644 3226 redire
1674 3170 1988 3242 cogebatur
2020 3188 2034 3227 :
2071 3178 2126 3226 et

415 3264 793 3338 quotidianus
821 3262 875 3318 ei
908 3263 1016 3318 iuit
1042 3262 1152 3318 iste
1176 3261 1375 3327 labor;
1408 3259 1542 3331 quia
1566 3258 1886 3331 indigentia
1916 3259 2014 3315 illa
2046 3277 2127 3316 re-

416 3354 739 3421 ﬁciebatur,
791 3370 906 3410 non
962 3351 1458 3420 exstinguehatur.
1522 3349 1812 3405 Delectata
1842 3367 1976 3423 ergo
2025 3350 2124 3406 tali

416 3459 679 3509 munere,
713 3450 874 3516 rogat
908 3450 968 3499 ut
996 3441 1049 3498 ei
1079 3456 1289 3513 aquam
1322 3440 1511 3495 vivam
1540 3440 1721 3494 daret.

488 3526 576 3582 16.
610 3526 1019 3580 Verumtamen
1053 3538 1166 3578 non
1215 3526 1646 3593 praetereamus,
1690 3519 1965 3591 quoniam
2012 3520 2125 3576 Do-

416 3618 615 3676 minus
644 3616 952 3686 spirituale
980 3613 1198 3685 aliquid
1234 3611 1626 3685 promittebat.
1673 3611 1821 3676 Quid
1861 3616 1972 3678 est,
2020 3610 2126 3678 Qui

416 3706 612 3765 biberit
638 3706 703 3762 de
719 3722 860 3778 aqua
881 3704 1007 3771 hac,
1028 3702 1182 3759 sitiet
1203 3701 1406 3757 iterum
1435 3704 1462 3755 ?
1488 3700 1556 3756 Et
1578 3715 1773 3756 verum
1798 3706 1883 3756 est
1911 3717 2121 3757 secun-

415 3798 555 3852 dum
588 3796 737 3850 hanc
787 3809 993 3865 aquam
1023 3811 1039 3860 ;
1072 3798 1129 3849 et
1159 3808 1360 3848 verum
1393 3795 1481 3847 est
1510 3791 1828 3846 secundum
1862 3791 2017 3862 quod
2045 3790 2122 3845 si-

416 3884 728 3957 gnificabat
760 3883 856 3938 tlla
882 3898 1053 3953 aqua.
1100 3882 1324 3936 Etenim
1358 3897 1505 3951 aqua
1535 3880 1593 3935 in
1628 3884 1823 3950 puteo,
1852 3880 2125 3952 voluptas

416 3971 614 4028 seaculi
643 3976 732 4027 est
763 3971 819 4025 in
851 3971 1241 4040 profunditate
1271 3970 1573 4024 tenebrosa
1606 3984 1619 4023 :
1648 3969 1780 4024 hinc
1819 3986 1946 4025 eam
1978 3969 2123 4024 hau-

418 4061 577 4116 riunt
595 4058 866 4115 homines
889 4058 1093 4130 hydria
1114 4057 1522 4130 cupiditatum.
1546 4057 1934 4127 cupiditatem
1957 4058 2125 4130 quip-

416 4165 486 4222 pe
519 4147 686 4221 proni
717 4146 1095 4219 submittunt,
1143 4154 1207 4202 ut
1255 4148 1321 4203 ad
1350 4145 1711 4217 voluptatem
1751 4146 2023 4203 haustam
2056 4149 2127 4204 de

414 4240 703 4314 profundo
734 4238 1076 4313 perveniant
1109 4255 1123 4305 ;
1157 4241 1213 4293 et
1253 4237 1529 4291 fruuntur
1566 4236 1884 4308 voluptate,
1920 4252 2128 4308 praece-

413 4333 583 4388 dente
628 4338 682 4386 et
707 4329 1005 4403 praemissa
1048 4328 1388 4399 cupiditate.
1424 4325 1566 4383 Nam
1602 4328 1699 4396 qui
1742 4343 1855 4381 non
1893 4329 2122 4397 praemi-

412 4422 553 4480 serit
572 4419 1268 4495 cupiditatem,pervenire
1291 4434 1403 4473 non
1428 4422 1613 4489 potest
1637 4417 1713 4473 ad
1742 4417 2119 4489 voluptatem.

412 4514 564 4571 Pone
602 4529 739 4587 ergo
770 4511 1060 4585 hydriam,
1086 4509 1467 4580 cupiditatem
1501 4524 1514 4575 ;
1550 4512 1607 4563 et
1636 4525 1849 4579 aquam
1882 4509 1951 4563 de
1985 4525 2121 4580 pro-

411 4603 614 4669 fundo,
658 4601 1011 4671 voluptatem
1048 4616 1061 4654 :
1109 4614 1246 4655 cum
1292 4598 1614 4669 pervenerit
1648 4600 1895 4671 quisque
1930 4600 1998 4653 ad
2031 4614 2123 4655 vo-

411 4691 693 4762 luptatem
718 4688 915 4745 saeculi
940 4688 1137 4759 hujus,
1161 4687 1329 4742 cibus
1356 4692 1462 4755 est,
1493 4692 1663 4758 potus
1693 4693 1802 4753 est,
1828 4690 2118 4744 lavacrum

410 4782 516 4845 est,
550 4782 946 4850 spectaculum
978 4782 1084 4843 est,
1116 4778 1463 4834 concubitus
1510 4780 1595 4831 est
1628 4793 1642 4842 ;
1690 4777 1971 4846 numquid
2008 4794 2120 4833 non

407 4868 626 4925 iterum
657 4865 865 4923 sitiet?
894 4866 1039 4938 Ergo
1096 4865 1160 4920 de
1199 4864 1300 4919 hac
1328 4881 1477 4936 aqua
1506 4866 1607 4936 qui
1644 4865 1866 4932 biberit,
1900 4869 2119 4933 iterum,

408 4959 623 5033 inquit,
655 4957 836 5014 sitiet:
870 4957 918 5013 si
950 4960 1145 5012 autem
1205 4956 1487 5025 acceperit
1524 4973 1556 5011 a
1607 4972 1698 5012 me
1746 4974 1976 5028 aquam,
2009 4975 2120 5014 non

405 5052 559 5109 sitiet
591 5049 651 5107 in
678 5053 968 5107 aeternum.
1010 5044 1376 5115 Satiabimur,
1404 5045 1615 5117 inquit,
1649 5048 1707 5101 in
1739 5046 1890 5102 bonis
1932 5048 2119 5104 domus

405 5152 515 5201 tua:
544 5142 714 5211 (Psal.
746 5157 890 5213 LXIV,
910 5138 990 5213 5).
1016 5138 1098 5195 De
1128 5152 1239 5209 qua
1257 5152 1391 5207 ergo
1422 5154 1575 5209 aqua
1605 5138 1844 5194 daturus
1870 5143 1976 5208 est,
2003 5141 2115 5197 nisi

405 5233 477 5289 de
506 5231 606 5289 illa
629 5234 699 5290 de
729 5247 844 5304 qua
864 5230 1088 5287 dictum
1119 5232 1225 5296 est,
1252 5226 1406 5298 Apud
1426 5232 1477 5283 te
1510 5236 1590 5283 est
1608 5228 1732 5299 fons
1765 5229 1891 5284 vita:
1920 5233 1948 5285 ?
1968 5230 2111 5285 Nam

406 5323 699 5391 quomodo
731 5321 927 5379 sitient
960 5319 1059 5392 qui
1102 5317 1528 5375 inebriabuntur
1555 5320 1623 5375 ab
1648 5318 1895 5375 ubertate
1923 5319 2114 5376 domus

406 5414 513 5463 tuae
545 5410 717 5478 (Psat.
748 5427 912 5480 xxxv,
946 5411 1033 5477 10,
1062 5408 1117 5480 9)
1147 5409 1175 5462 Ῥ

477 5494 566 5573 η.
601 5496 973 5553 Promittebat
997 5513 1133 5568 ergo
1162 5495 1424 5563 saginam
1460 5495 1772 5569 quamdam
1804 5500 1861 5551 et
1891 5494 2111 5551 satieta-

404 5586 520 5638 tem
554 5581 805 5654 Spiritus
835 5584 1017 5640 sancti
1052 5600 1066 5640 :
1100 5588 1159 5641 et
1195 5582 1295 5640 illa
1328 5585 1584 5641 nondum
1612 5584 1971 5656 intelligebat
2001 5603 2015 5651 ;
2053 5587 2111 5639 et

404 5688 521 5732 non
552 5672 901 5747 intelligens,
929 5674 1065 5744 quid
1089 5676 1476 5745 respondebat
1506 5676 1532 5733 ’ἓ
1564 5676 1703 5736 Dicit
1722 5676 1801 5734 ad
1819 5692 1945 5734 eum
1972 5692 2105 5732 mu-

0 5784 223 6035 t
336 5882 403 5931 κ

2234 460 2341 516 tier
2362 479 2379 514 :
2398 459 2642 525 Domine,
2666 457 2740 512 da
2762 455 2900 511 mihi
2932 454 3071 509 hanc
3088 471 3310 526 aquam,
3336 459 3393 511 ut
3408 472 3514 510 non
3529 456 3751 528 sitiam,
3773 474 3951 530 neque

2232 549 2443 607 veniam
2477 548 2583 603 huc
2630 546 2877 603 haurire.
2919 545 3004 600 Ad
3038 544 3297 601 laborem
3331 546 3652 617 indigentia
3685 549 3949 622 cogebat,

2230 644 2286 696 et
2315 639 2575 695 laborem
2605 636 2920 692 inﬁrmitas
2952 636 3278 692 recusabat.
3304 634 3541 691 Utinam
3568 638 3817 707 audiret,
3848 641 3947 695 Ve-

2228 730 2345 786 nite
2375 730 2444 784 ad
2474 744 2577 792 me,
2611 744 2794 784 omnes
2826 728 2923 798 qui
2955 728 3215 782 laboratis
3244 732 3294 782 et
3326 730 3545 783 onerati
3564 731 3721 798 estis,
3760 735 3811 786 et
3842 748 3949 803 ego

2229 838 2318 879 vos
2350 820 2593 892 reﬁciam
2628 819 2840 891 (Matth.
2873 835 2948 883 xi,
2977 818 3090 889 28).
3146 819 3259 872 lloc
3304 820 3459 874 enim
3491 820 3543 875 ei
3589 822 3823 877 dicebat
3849 823 3949 877 Je-

2231 928 2350 977 sus,
2367 911 2555 979 utjam
2576 908 2994 964 nonlahoraret
3013 923 3025 962 :
3043 907 3141 962 sed
3160 906 3258 961 illa
3277 908 3533 963 nondum
3551 909 3946 981 intelligebat.

2303 1000 2388 1055 18.
2424 998 2682 1069 Denique
2715 996 2917 1053 volens
2951 1004 3011 1050 nt
3064 994 3430 1067 intelligeret,
3475 997 3612 1054 dicit
3652 998 3705 1054 ei
3743 1000 3899 1056 Iesus
3926 1017 3949 1054 .·

2235 1091 2398 1158 Vade,
2418 1106 2545 1145 voca
2562 1091 2934 1155 virumtuum,
2950 1097 3002 1143 et
3020 1090 3143 1143 veni
3162 1088 3287 1143 huc.
3305 1088 3450 1155 Quid
3474 1094 3585 1151 est,
3608 1089 3739 1147 Voca
3761 1094 3946 1147 virum

2227 1190 2381 1237 tuum
2405 1184 2432 1235 ?
2452 1185 2559 1235 Per
2587 1180 2781 1237 virum
2805 1179 3033 1235 suumei
3063 1177 3295 1234 volebat
3323 1195 3533 1250 aquam
3566 1179 3728 1245 illam
3752 1182 3890 1237 dare
3918 1180 3948 1236 ?

2228 1272 2312 1326 An
2332 1272 2465 1342 quia
2490 1288 2603 1327 non
2623 1269 3000 1341 intelligebat,
3032 1284 3131 1339 per
3152 1270 3342 1323 virum
3368 1285 3538 1325 suum
3563 1285 3694 1325 eam
3717 1272 3948 1329 volebat

2229 1360 2475 1416 docere?
2508 1360 2674 1415 Forte
2698 1357 2989 1429 quomodo
3022 1357 3103 1412 ait
3132 1357 3441 1428 Apostolus
3472 1359 3543 1413 de
3576 1358 3946 1428 mulieribus,

2228 1450 2424 1521 Siquid
2440 1454 2621 1505 autem
2638 1450 2825 1504 volunt
2845 1447 3074 1513 discere,
3092 1447 3241 1502 domi
3252 1450 3396 1503 viros
3416 1463 3541 1504 suos
3556 1450 3901 1519 interrogent
3921 1454 3946 1506 .9

2228 1537 2339 1594 Sed
2370 1538 2449 1592 ibi
2482 1537 2717 1604 dicitur,
2748 1535 2897 1592 domi
2928 1537 3069 1591 viros
3116 1551 3237 1592 suos
3287 1537 3644 1607 interrogent,
3694 1538 3795 1593 ubi
3826 1556 3945 1595 non

2228 1634 2317 1684 est
2335 1628 2505 1685 Jesus
2527 1628 2626 1699 qui
2645 1628 2878 1683 doceat:
2907 1625 3161 1697 denique
3185 1626 3403 1682 dicitur
3427 1628 3775 1684 mulieribus
3797 1644 3945 1701 quas

2230 1716 2569 1787 prohibebat
2599 1713 2911 1787 Apostolus
2932 1713 3091 1785 loqui
3122 1714 3183 1768 in
3207 1713 3458 1770 Ecclesia
3479 1716 3525 1785 (Ι
3558 1715 3681 1771 Cor.
3714 1733 3829 1783 11v,
3852 1718 3943 1782 35,

2229 1809 2342 1881 34).
2376 1812 2514 1863 Cum
2552 1824 2682 1864 vero
2711 1808 2833 1877 ipse
2865 1806 3151 1862 Dominus
3179 1806 3397 1873 aderat,
3426 1811 3484 1862 et
3525 1824 3781 1877 prasens
3812 1826 3948 1879 prae.

2231 1899 2377 1956 senti
2411 1898 2755 1969 loquebatur
2772 1897 2800 1951 ‘I
2822 1897 2963 1968 quid
2996 1912 3145 1967 opus
3166 1899 3289 1951 erat
3310 1904 3371 1950 ut
3393 1913 3494 1967 per
3515 1898 3704 1953 virum
3741 1899 3872 1968 ejus
3894 1898 3948 1955 ei

2231 1988 2616 2060 loqueretur?
2670 1986 2965 2059 Numquid
3018 2002 3122 2057 per
3151 1985 3336 2041 virum
3387 2002 3558 2043 suum
3602 1988 3947 2059 loquebatur

2231 2078 2422 2135 Mariae
2471 2078 2694 2133 sedenti
2745 2079 2813 2133 ad
2866 2077 3039 2148 pedes
3071 2092 3231 2139 suos,
3273 2080 3329 2131 et
3359 2076 3665 2148 excipienti
3699 2078 3944 2134 verbum

2234 2185 2428 2237 suum,
2449 2169 2684 2240 quando
2700 2166 2915 2222 Martha
2928 2165 3342 2227 circamultum
3361 2166 3743 2222 ministerium
3761 2167 3943 2224 etiam

2232 2259 2302 2315 de
2333 2263 2549 2314 sororis
2580 2274 2698 2313 suae
2746 2256 3016 2313 felicitate
3045 2256 3499 2326 occupatissima
3526 2257 3943 2313 murmurabat

2232 2349 2383 2419 (Luc.
2408 2366 2461 2415 x,
2494 2349 2583 2414 39,
2607 2349 2698 2418 40)
2719 2347 2745 2402 ?
2769 2347 2934 2417 Ergo,
2961 2346 3166 2400 fratres
3190 2345 3323 2412 mei,
3359 2344 3661 2400 audiamus
3688 2355 3741 2399 et
3762 2345 3944 2401 intel-

2232 2441 2482 2512 ligamus
2504 2441 2656 2511 quod
2681 2440 2758 2494 ait
2779 2438 3083 2504 Dominus,
3108 2438 3238 2492 Voca
3270 2438 3453 2491 virum
3481 2443 3657 2502 tuum,
3684 2437 3941 2495 mulieri.

2234 2530 2400 2585 Forte
2432 2531 2585 2585 enim
2620 2535 2675 2584 et
2708 2530 2915 2584 animae
2946 2534 3154 2583 nostra:
3187 2528 3346 2594 dicit,
3384 2528 3515 2583 Voca
3544 2530 3725 2583 virum
3753 2532 3941 2584 tuum.

2231 2622 2569 2687 Quaeramus
2599 2624 2655 2673 et
2686 2619 2755 2673 de
2788 2620 2903 2674 viro
2934 2617 3164 2673 animae.
3196 2617 3310 2672 Cur
3334 2618 3455 2687 jam
3481 2633 3595 2673 non
3627 2618 3750 2689 ipse
3769 2618 3947 2675 Jesus

2230 2711 2316 2763 vir
2346 2710 2551 2763 anima:
2575 2724 2740 2764 verus
2762 2708 2892 2763 est?
2915 2707 3083 2762 Adsit
3105 2705 3453 2774 intellectus,
3474 2706 3751 2777 quoniam
3783 2708 3947 2778 quod

2234 2798 2445 2854 dicturi
2493 2816 2722 2867 sumus,
2775 2800 2864 2852 vix
2904 2796 3130 2869 capitur
3174 2795 3286 2852 nisi
3319 2796 3390 2852 ab
3437 2795 3681 2852 intentis
3725 2814 3739 2852 :
3791 2797 3955 2853 adsit

2234 2904 2371 2961 ergo
2398 2888 2726 2944 intellectus
2761 2893 2826 2943 ut
2876 2886 3157 2958 capiatur,
3204 2890 3258 2940 et
3290 2885 3414 2954 ipse
3463 2885 3798 2943 intellectus
3838 2887 3957 2942 erit

2236 2982 2485 3037 fortasse
2515 2980 2600 3035 vir
2633 2979 2865 3035 animas.

2311 3072 2397 3126 19.
2431 3069 2649 3126 Videas
2680 3086 2817 3141 ergo
2839 3068 3011 3125 Jesus
3040 3067 3179 3139 quia
3198 3066 3405 3123 mulier
3426 3084 3540 3123 non
3563 3067 3952 3138 intelligebat,

2234 3166 2290 3217 et
2318 3160 2518 3215 volens
2550 3178 2674 3217 eam
2721 3159 3064 3230 intelligere,
3103 3159 3254 3221 Voca,
3297 3158 3505 3229 inquit,
3558 3160 3738 3214 virum
3769 3165 3954 3214 tuum.

2238 3252 2373 3307 Ideo
2404 3252 2560 3305 enim
2595 3251 2785 3306 neseis
2809 3250 2961 3322 quod
2986 3248 3137 3315 dico,
3166 3247 3302 3319 quia
3323 3247 3651 3303 intellectus
3673 3253 3812 3303 tuus
3840 3266 3956 3306 non

2234 3342 2397 3398 adest
2421 3359 2434 3397 :
2461 3340 2666 3410 loquor
2683 3357 2788 3412 ego
2810 3339 3131 3394 secundum
3156 3337 3453 3409 spiritum,
3469 3343 3529 3392 tu
3553 3339 3721 3393 audis
3744 3354 3956 3394 secun-

2235 3432 2374 3487 dum
2408 3446 2662 3486 carnem.
2696 3435 2827 3497 Quae
2852 3430 3079 3500 loquor,
3107 3442 3211 3481 nec
3235 3427 3302 3480 ad
3335 3426 3685 3497 voluptatem
3712 3432 3957 3484 aurium

2236 3522 2548 3594 pertinent,
2582 3537 2686 3576 nec
2715 3520 2787 3575 ad
2809 3519 3027 3583 oculos,
3064 3534 3166 3573 nec
3186 3517 3257 3571 ad
3286 3516 3584 3583 olfactum,
3620 3533 3723 3573 nec
3750 3520 3822 3573 ad
3851 3535 3963 3591 gu-

2234 3621 2405 3679 stum,
2433 3629 2535 3667 nec
2558 3613 2628 3667 ad
2647 3618 2895 3679 tactum;
2921 3618 3110 3668 menta
3138 3609 3261 3668 sola
3286 3609 3621 3681 capiuntur,
3647 3609 3958 3665 intellectu

2234 3702 2356 3759 solo
2388 3703 2742 3758 hauriuntur
2774 3721 2787 3757 :
2820 3703 2917 3759 ille
2946 3704 3271 3761 intellectus
3302 3720 3414 3759 non
3456 3701 3559 3756 tibi
3592 3700 3775 3767 adest,
3800 3716 3961 3771 quo-

2236 3793 2407 3849 modo
2440 3793 2601 3864 capis
2633 3794 2789 3865 quod
2823 3795 2951 3850 dico
2980 3794 3007 3849 7
3041 3796 3188 3849 Voca
3237 3796 3417 3850 virum
3450 3800 3624 3857 tuum,
3660 3795 3964 3860 praesente

2233 3882 2593 3939 intellectum
2609 3889 2797 3939 tuum.
2825 3884 2971 3947 Quid
2993 3884 3096 3940 tibi
3112 3888 3203 3940 est
3227 3884 3381 3939 enim
3408 3881 3663 3936 animam
3684 3879 3910 3935 habere
3929 3880 3961 3935 ?

2234 3974 2358 4029 Non
2392 3979 2480 4029 est
2514 3990 2808 4046 magnum,
2847 3991 2978 4030 nam
3012 3984 3065 4031 et
3112 3990 3283 4047 pecus
3314 3972 3506 4027 habet.
3546 3968 3707 4025 Unde
3732 3974 3796 4024 tu
3836 3985 3968 4025 me-

2236 4062 2346 4117 lior
2380 4062 2408 4118 ‘t
2440 4063 2956 4127 Quiaintellectum
2991 4064 3189 4132 babes,
3222 4062 3379 4136 quod
3411 4076 3586 4133 pecus
3610 4075 3727 4114 non
3750 4058 3966 4116 habet.

2235 4155 2381 4220 Quid
2407 4161 2492 4210 est
2513 4170 2668 4226 ergo,
2702 4156 2839 4211 Voca
2862 4156 3041 4211 virum
3064 4161 3221 4211 tuum
3240 4158 3268 4211 ?
3290 4154 3413 4209 Non
3431 4167 3520 4207 me
3535 4150 3715 4221 capis,
3734 4166 3856 4205 non
3873 4167 3970 4207 me

2234 4244 2512 4317 intelligis
2545 4262 2558 4301 :
2595 4248 2662 4300 de
2695 4247 2842 4301 dono
2876 4246 2972 4301 Dei
3005 4247 3105 4302 tibi
3142 4246 3364 4317 loquor,
3399 4249 3461 4299 tu
3494 4248 3686 4297 autem
3711 4257 3965 4297 carnem

2232 4337 2454 4407 cogitas
2478 4338 2827 4403 ;secundum
2853 4354 3085 4394 carnem
3111 4338 3271 4393 sitire
3292 4353 3406 4392 non
3431 4335 3536 4400 vis,
3557 4349 3659 4404 ego
3675 4332 3964 4402 spiritum

2232 4425 2525 4497 alloquor:
2548 4429 2755 4482 absens
2770 4436 2853 4483 est
2874 4427 3201 4483 intellectus
3222 4433 3382 4495 tuus,
3409 4425 3541 4481 Voca
3562 4422 3747 4479 virum
3762 4427 3967 4479 tuum.

2230 4515 2353 4569 Noli
2387 4532 2513 4571 esse
2546 4518 2694 4571 sicut
2724 4533 2909 4587 equus
2939 4523 2995 4571 et
3028 4516 3241 4586 mulus,
3275 4517 3489 4588 quibus
3520 4529 3635 4568 non
3662 4517 3751 4568 est
3781 4512 3968 4569 intel-

2230 4602 2417 4658 lectus
2446 4606 2618 4674 (Psal.
2651 4623 2806 4672 xxxi,
2837 4609 2913 4677 9).
2950 4606 3122 4677 Ergo,
3148 4608 3357 4661 fratres
3386 4603 3524 4671 mei,
3556 4602 3813 4657 animam
3843 4602 3963 4658 ba-

2232 4694 2383 4761 bere,
2418 4700 2473 4749 et
2503 4696 2859 4752 intellectum
2893 4714 3004 4753 non
3042 4698 3271 4764 habere,
3308 4695 3417 4750 hoc
3464 4697 3572 4760 est,
3619 4707 3736 4746 non
3769 4692 3964 4747 adhi-

2229 4782 2382 4844 bere.
2417 4800 2521 4840 nec
2552 4786 2876 4842 secundum
2927 4802 3059 4842 eum
3110 4785 3320 4851 vivere,
3371 4780 3634 4837 bestialis
3662 4785 3753 4834 est
3802 4782 3963 4836 vita.

2228 4874 2330 4929 Est
2359 4875 2512 4929 enim
2548 4877 2604 4930 in
2643 4878 2811 4932 nobis
2846 4877 3125 4948 quiddam
3160 4873 3395 4930 bestiale
3428 4889 3545 4943 quo
3578 4871 3636 4925 in
3665 4886 3853 4926 carne
3876 4872 3965 4926 vi-

2226 4962 2437 5032 vimus,
2472 4965 2571 5019 sed
2605 4964 2900 5021 intellectu
2932 4965 3245 5035 regendum
3274 4970 3379 5019 est.
3410 4963 3600 5017 Motus
3629 4959 3789 5014 enim
3826 4959 3972 5014 ani-

2228 5068 2330 5107 ma:
2362 5056 2685 5110 secundum
2712 5072 2947 5113 carnem
2978 5072 3041 5111 se
3062 5055 3367 5120 moventis,
3392 5052 3532 5108 etin
3556 5048 3802 5105 delicias
3825 5065 3970 5105 car-

2227 5141 2389 5197 nales
2420 5144 2800 5199 immoderate
2832 5146 3093 5200 ditlluere
3143 5142 3456 5215 cupientis,
3509 5138 3657 5209 regit
3690 5137 3972 5208 desuper

2225 5230 2575 5288 intellectus.
2599 5235 2704 5300 Qui
2728 5235 2900 5289 debet
2931 5233 3044 5289 dici
3075 5233 3161 5287 vir
3191 5232 3215 5286 Ῡ
3245 5232 3342 5302 qui
3373 5229 3542 5301 regit,
3566 5245 3637 5283 an
3663 5225 3759 5297 qui
3793 5227 3969 5297 regi-

2221 5323 2319 5376 tur
2349 5321 2375 5377 °t
2407 5321 2611 5378 Procul
2644 5324 2818 5379 dubio
2859 5340 2990 5379 cum
3023 5324 3289 5379 ordinata
3317 5321 3428 5375 vita
3457 5323 3564 5385 est,
3614 5314 3972 5373 intellectus

2221 5412 2473 5469 animam
2510 5420 2675 5485 regit,
2705 5416 2773 5470 ad
2800 5416 2987 5487 ipsam
3008 5414 3263 5469 animam
3290 5407 3753 5483 pertinens.Non
3779 5407 3965 5462 enim

2219 5499 2433 5570 aliquid
2467 5504 2625 5559 aliud
2654 5511 2739 5560 est
2768 5521 2945 5576 quam
2979 5504 3194 5569 anima,
3227 5502 3323 5556 sed
3351 5498 3573 5571 aliquid
3604 5496 3818 5551 animas
3865 5503 3967 5549 est

2218 5587 2544 5649 intellectus
2575 5611 2589 5649 :
2618 5595 2912 5666 quomodo
2938 5610 3051 5651 non
3084 5591 3301 5663 aliquid
3317 5588 3479 5647 aliud
3499 5601 3676 5659 quam
3700 5598 3841 5640 caro
3857 5589 3962 5641 est

2216 5678 2434 5749 oculus,
2456 5684 2557 5740 sed
2579 5683 2805 5757 aliquid
2824 5684 3017 5741 carnis
3049 5690 3136 5740 est
3166 5682 3389 5740 oculus.
3421 5682 3570 5737 Cum
3589 5682 3783 5736 autem
3806 5689 3955 5731 oar-
