4146 6186
229 244 379 306 151⁵7

228 386 317 441 nis
352 382 571 455 aliquid
606 386 682 440 sit
715 385 935 454 oculus,
977 385 1134 441 solus
1166 391 1361 442 tamen
1416 388 1537 442 luce
1573 386 1885 455 perfruitur
1919 401 1933 440 :

230 490 440 531 caetera
462 484 658 529 autem
684 482 931 531 membra
958 478 1215 531 carnalia
1240 480 1362 532 luce
1385 479 1649 547 perfundi
1676 484 1936 549 possunt.

232 567 419 620 lucem
456 570 674 621 sentire
708 584 820 621 non
858 574 1099 637 possunt
1132 585 1146 635 ;
1181 568 1340 623 solus
1370 584 1437 623 ea
1468 568 1675 623 oculus
1714 575 1771 623 et
1814 583 1942 637 per-

234 656 494 711 l‘unditur
529 663 585 709 et
621 656 955 726 perfruitur.
990 656 1084 711 Sic
1119 673 1173 710 in
1206 659 1404 711 anima
1438 663 1631 712 nostra
1668 659 1939 728 quiddam

233 758 318 806 est
349 750 505 821 quod
542 747 875 803 intellectus
893 754 1151 803 vocatur.
1185 749 1301 805 Hoc
1328 752 1517 818 ipsum
1553 751 1758 805 animae
1789 752 1941 820 quod

237 842 641 896 intellectuset
656 854 818 893 mens
831 838 1063 905 dicitur,
1082 839 1467 907 illuminatur,
1482 840 1611 895 luce
1624 841 1944 908 superiore.

234 932 359 987 Jam
396 930 663 1001 superior
685 928 782 982 illa
814 927 931 997 lux,
955 944 1247 1000 quamens
1269 930 1527 984 humana
1556 929 1945 998 illuminatur,

239 1026 390 1075 Deus
423 1028 559 1081 est;
597 1020 725 1073 Erat
757 1017 911 1073 enim
966 1035 1159 1073 verum
1208 1019 1411 1087 lumen,
1472 1021 1615 1091 quod
1663 1020 1950 1075 illuminat

238 1125 459 1165 omnem
498 1109 776 1164 hominem
808 1110 1108 1164 venientem
1142 1108 1201 1163 in
1227 1110 1371 1163 hunc
1401 1110 1663 1165 mundum
1694 1109 1878 1181 (Joan.
1912 1126 1950 1177 ι,

236 1200 312 1270 9).
350 1198 512 1254 Talis
543 1197 643 1253 lux
673 1196 937 1252 Christus
969 1198 1260 1266 erat,talis
1295 1200 1391 1254 lux
1422 1216 1554 1254 cum
1590 1200 1834 1254 muliere
1864 1197 1952 1252 lo-

240 1290 537 1364 quebatur
570 1304 584 1349 :
619 1293 674 1344 et
703 1288 803 1342 illa
835 1286 1127 1343 intellectu
1162 1305 1274 1344 non
1308 1290 1528 1353 aderat,
1563 1288 1661 1359 qui
1696 1287 1794 1342 illa
1826 1286 1955 1342 luce

242 1380 707 1440 illuminaretur,
735 1382 1073 1432 nectantum
1093 1378 1759 1447 perfunderetur,verum
1779 1376 1954 1430 etiam

244 1473 562 1527 frueretur.
597 1471 745 1540 Ergo
771 1467 1050 1523 Dominus
1081 1474 1358 1539 tanquam
1381 1469 1616 1524 diceret.
1662 1466 1956 1523 lllustrare

247 1560 398 1629 volo,
433 1566 495 1616 et
525 1575 639 1614 non
666 1559 828 1613 adest
860 1574 1064 1629 quem;
1106 1558 1258 1625 Voca,
1293 1558 1502 1630 inquit,
1542 1558 1722 1613 virum
1754 1562 1910 1613 tuum
1939 1570 1959 1609 :

250 1653 464 1710 adhibe
498 1648 859 1705 intellectum
912 1664 1009 1718 per
1040 1665 1213 1721 quem
1245 1649 1535 1714 docearis,
1572 1664 1684 1720 quo
1717 1645 1959 1718 regaris.

253 1743 404 1814 Ergo
438 1738 727 1795 constitue
758 1736 1015 1793 animam
1060 1743 1298 1808 excepto
1344 1736 1637 1793 intellectu
1682 1742 1961 1806 tanquam

257 1832 541 1887 feminam
579 1827 965 1885 :intellectum
980 1832 1175 1881 autem
1196 1825 1721 1897 habere,tanquam
1752 1826 1963 1879 virum.

256 1922 365 1977 Sed
402 1922 514 1976 iste
544 1919 633 1973 vir
663 1933 778 1973 non
813 1917 957 1973 bene
987 1917 1131 1986 regit
1154 1918 1429 1972 feminam
1462 1933 1653 1984 suam,
1690 1914 1802 1970 nisi
1833 1927 1968 1968 cum

257 2039 287 2076 a
315 2013 625 2088 superiore
656 2011 896 2084 regitur.
928 2010 1111 2081 Caput
1144 2010 1299 2065 enim
1334 2009 1597 2065 mulieris
1638 2008 1741 2076 vir,
1798 2009 1973 2077 caput

262 2117 460 2165 autem
493 2102 601 2158 viri
633 2101 900 2157 Christus
930 2098 977 2172 (Ι
1018 2102 1138 2155 Cor.
1180 2115 1258 2168 χι,
1291 2099 1367 2172 3).
1406 2099 1771 2170 Loquebatur
1800 2099 1975 2168 caput

262 2200 364 2256 viri
400 2212 541 2253 cum
576 2194 811 2261 femina,
846 2196 904 2248 et
936 2207 1048 2247 non
1071 2191 1266 2247 aderat
1294 2191 1487 2247 vir.Et
1516 2196 1791 2263 tanquam
1818 2192 1975 2247 dice—

265 2299 345 2349 ret
378 2286 693 2357 Dominus,
724 2285 949 2340 Adhibe
970 2288 1147 2353 caput
1175 2286 1341 2338 tuum
1374 2290 1438 2339 ut
1459 2283 1553 2338 ille
1584 2284 1867 2354 suscipiat
1888 2299 1979 2337 ca-

264 2388 369 2454 put
399 2396 583 2436 suum
621 2394 634 2434 :
666 2392 798 2446 ergo
828 2391 958 2431 voea
986 2377 1169 2430 virum
1187 2377 1363 2443 tuum,
1396 2382 1449 2429 et
1474 2376 1596 2430 veni
1614 2375 1754 2437 huc;
1784 2376 1844 2431 id
1867 2380 1977 2442 est,

266 2474 491 2538 adesto,
529 2484 784 2541 praesens
815 2471 965 2522 esto:
988 2466 1143 2522 velut
1170 2466 1324 2521 enim
1355 2468 1564 2522 absens
1583 2482 1665 2531 es,
1688 2468 1827 2522 dum
1864 2484 1976 2521 non

264 2560 556 2633 intelligis
588 2558 886 2630 praesentis
918 2571 1112 2612 vocem
1164 2555 1421 2611 veritatis
1456 2573 1470 2623 ;
1523 2571 1778 2626 praesens
1825 2563 1972 2625 esto,

264 2654 357 2708 sed
398 2650 521 2706 noli
554 2646 713 2715 sola;
744 2662 875 2701 cum
910 2645 1030 2701 viro
1063 2650 1161 2699 tuo
1196 2645 1416 2700 adesto.

331 2742 426 2797 20.
463 2740 531 2795 Et
560 2738 748 2793 adhuc
780 2735 882 2791 illa
912 2735 1173 2790 nondum
1207 2736 1486 2790 advocato
1518 2735 1617 2791 illo
1680 2737 1825 2805 viro,
1869 2754 1982 2795 non

265 2832 563 2901 intelligit,
595 2828 785 2883 adhuc
817 2841 1046 2881 carnem
1076 2825 1231 2896 sapit
1268 2841 1281 2892 ;
1310 2824 1521 2880 absens
1550 2832 1634 2881 est
1665 2828 1824 2881 enim
1866 2827 1985 2881 vir:

264 2930 384 2984 Non
418 2921 615 2987 habeo,
650 2917 857 2989 inquit,
888 2917 1093 2972 virum.
1145 2915 1214 2970 Et
1272 2915 1556 2971 Dominus
1613 2918 1899 2986 sequitur,
1933 2922 1989 2973 et

266 3009 863 3088 mysterialoquitur.
889 3003 1190 3076 Intelligas
1218 3020 1414 3059 revera
1455 3004 1631 3060 istam
1686 3006 1985 3061 mulierem

269 3123 388 3162 non
422 3100 701 3158 habuisse
725 3103 864 3152 tunc
893 3094 1082 3149 virum
1109 3110 1123 3161 ;
1159 3094 1254 3149 sed
1284 3094 1625 3149 coutebatur
1647 3096 1842 3151 nescio
1876 3114 1990 3168 quo

270 3212 388 3252 non
412 3193 685 3264 legitimo
715 3186 861 3253 viro,
895 3184 1160 3240 adultero
1194 3184 1381 3254 magis
1404 3200 1575 3254 quam
1612 3185 1755 3241 viro.
1787 3188 1850 3241 Et
1881 3187 1987 3243 Do«

272 3288 457 3340 minus
486 3283 577 3338 ei:
604 3280 749 3334 Bene
762 3273 978 3342 dixisti,
1008 3273 1148 3342 Quia
1169 3290 1280 3327 non
1302 3272 1471 3329 habeo
1492 3277 1694 3329 virum.
1722 3274 1883 3331 Unde
1900 3293 1993 3333 er-

272 3393 343 3449 go
366 3382 433 3430 tu
466 3367 841 3435 dixisti,l’oca
870 3367 1047 3420 virum
1065 3363 1342 3419 tuum?Et
1362 3365 1496 3418 audi
1520 3366 1658 3435 quia
1672 3365 1817 3422 bene
1836 3369 1994 3423 novit

275 3465 570 3521 Dominus
602 3473 729 3513 eam
760 3472 876 3513 non
907 3453 1121 3508 habere
1152 3453 1836 3521 virum,Dicilei,etc.Ne
1852 3458 1995 3512 forte

276 3560 510 3630 putaret
535 3546 768 3606 mulieri
783 3547 888 3601 deo
904 3543 1117 3599 dixisse
1130 3542 1443 3597 Dominum
1456 3545 1995 3615 ,Benedixisli,Quia

274 3663 384 3703 non
419 3644 597 3699 habeo
631 3638 839 3704 virum,
865 3634 1019 3707 quod
1055 3633 1162 3688 hoc
1206 3649 1239 3688 a
1273 3633 1517 3689 muliere
1547 3635 1836 3703 didicerit,
1880 3654 1994 3692 non

277 3738 434 3812 quod
468 3730 767 3807 ipseistud
798 3725 1097 3782 divinitate
1111 3724 1586 3796 cognoveritaudi
1603 3725 1824 3796 aliquid
1841 3729 1995 3798 quod

275 3811 393 3884 non
428 3822 631 3880 dixisit
671 3836 685 3876 :
719 3818 972 3887 Quinque
1000 3814 1149 3869 enim
1179 3811 1323 3868 viros
1346 3812 1595 3869 habuisti
1621 3820 1671 3870 et
1694 3816 1792 3871 iste
1838 3834 1999 3888 quem

276 3920 472 3981 habes,
508 3928 621 3968 non
643 3912 724 3967 est
752 3910 840 3962 vir
869 3914 1013 3971 tuus,
1047 3904 1144 3959 hoc
1165 3917 1293 3958 vere
1314 3902 1533 3958 dixisti.

348 4008 420 4061 21
480 4004 699 4058 lterum
733 3995 884 4066 cogit
914 3993 985 4047 de
1028 3991 1156 4046 istis
1214 3992 1475 4062 quinque
1531 3992 1674 4048 viris
1729 3993 2000 4051 subtilius

279 4093 505 4169 aliquid
543 4082 916 4161 perscrutari.
941 4079 1104 4136 Multi
1136 4080 1349 4153 quippe
1396 4080 1824 4150 intellexerunt,
1883 4102 1997 4142 non

282 4186 525 4259 quidem
563 4174 841 4240 absurde,
887 4187 992 4228 nec
1053 4186 1474 4242 usquequaque
1522 4171 1999 4243 improbabiliter,

285 4279 555 4350 quinque
576 4269 729 4323 viros
746 4262 1010 4320 mulieris
1034 4262 1237 4332 hujus,
1253 4262 1702 4333 quinquelibros
1715 4266 1999 4340 Moysi(a).

287 4366 621 4424 Utebantur
650 4356 806 4413 enim
840 4353 923 4409 eis
955 4351 1323 4419 Samaritani,
1357 4358 1413 4407 et
1452 4353 1559 4407 sub
1591 4354 1791 4408 eadem
1854 4357 2003 4428 Lege

290 4461 459 4515 erant
490 4469 506 4511 :
543 4464 682 4507 nam
713 4446 850 4501 inde
878 4443 998 4499 illis
1027 4447 1085 4499 et
1105 4442 1472 4497 circumcisio
1492 4443 1694 4497 inerat.
1724 4444 1832 4500 Sed
1854 4463 2001 4517 quo~

292 4552 455 4607 niam
471 4542 757 4612 angustat
770 4551 877 4590 nos
909 4533 1063 4606 quod
1089 4533 1373 4603 sequitur,
1399 4532 1463 4586 Et
1480 4549 1624 4587 nunc
1639 4549 1799 4604 quem
1818 4536 2001 4604 habes,

294 4654 402 4694 ιιοη
417 4639 499 4691 εει
516 4633 600 4687 Uir
623 4635 781 4687 tuus:
796 4624 1023 4679 videtur
1037 4621 1181 4677 mihi
1199 4620 1423 4677 facilius
1438 4638 1542 4678 nos
1557 4639 1725 4694 posse
1745 4627 2005 4698 accipere

290 4730 561 4801 quinque
578 4722 733 4775 viros
758 4716 980 4787 priores
1000 4715 1226 4783 animae,
1250 4713 1427 4784 quinq
1440 4730 1508 4769 ue
1521 4730 1728 4771 sensus
1750 4720 2006 4788 corporis

283 4833 446 4878 me.
477 4812 719 4882 Quando
751 4806 908 4862 enim
954 4803 1198 4875 quisque
1247 4803 1523 4874 nascitur,
1570 4809 1883 4877 antequam
1926 4810 2004 4863 uti

284 4906 483 4985 possit
499 4906 692 4961 mente
714 4903 890 4968 atque
909 4894 1153 4959 ratione,
1175 4910 1289 4985 non
1314 4893 1554 4985 regitur,
1581 4901 1893 4966 antequam
1925 4899 2008 4953 uti

279 4982 510 5058 carnis.
542 4991 755 5050 Anima
785 4986 842 5040 in
875 5000 1054 5056 puero
1088 4982 1346 5053 parvulo,
1381 4984 1534 5055 quod
1559 4986 1814 5053 auditur,
1855 4988 2006 5055 quod

280 5091 548 5154 videtur,
580 5078 737 5155 quod
765 5074 899 5142 olet,
961 5073 1116 5144 quod
1150 5072 1320 5143 sapit,
1356 5074 1511 5144 quod
1542 5079 1694 5130 tactu
1737 5076 2007 5147 sentitur,

280 5184 403 5239 hoc
438 5172 665 5248 appetit
695 5172 799 5224 aut
830 5163 999 5235 fugit.
1025 5162 1254 5233 Appetit
1281 5162 1563 5233 quidquid
1592 5164 1826 5235 mulcet,
1860 5169 2011 5241 fugit

285 5263 584 5347 quidquid
612 5255 859 5347 offendit
880 5253 988 5308 hos
1009 5250 1504 5347 quinquesensns.
1530 5251 1819 5347 Hus‘enim
1836 5259 2011 5327 quin-

284 5340 409 5433 qua
441 5368 652 5413 sensus
688 5345 904 5404 mulcet
964 5340 1254 5412 voluptas,
1286 5342 1527 5397 offendit
1574 5343 1756 5399 dolor.
1798 5346 2011 5401 Secun.

285 5458 438 5513 dum
472 5449 575 5503 hos
626 5442 894 5512 quinque
936 5450 1169 5500 sensus,
1219 5439 1494 5502 tanquam
1544 5436 1805 5507 quinque
1836 5436 2005 5502 viros,

368 5580 440 5642 (al
460 5576 543 5642 Sic
564 5561 1640 5642 ίοίὲ¹¹ε²ίίΑ¹Ρῖ³Γ9μ³ζ⁰ἶξίὲεἓΡξΞξῑῩέίὲᾖ
1664 5562 1732 5642 1‘,
1754 5570 1806 5613 θί
1838 5562 2013 5642 20:.“

286 5623 963 5708 οτῖξξιῇἰωωωιειηιὶιιο
976 5625 1147 5674 visum
1160 5629 1240 5675 est
1250 5623 1539 5687 signiﬁcari
1551 5623 1743 5677 sensus
1754 5626 2012 5690 corporis.

1442 245 1904 312 TRACTATUS
1950 247 2078 310 XV.
2127 250 2382 313 CAPUT
2426 253 2528 316 IV.

3591 267 3749 333 1518

2047 386 2208 456 prius
2229 387 2365 441 vivit
2395 389 2587 446 anima
2616 392 2782 462 ;quia
2806 380 2933 449 istis
2954 396 3186 457 regitur.
3221 402 3408 466 Quare
3427 408 3622 459 autem
3645 404 3749 458 viri

2050 476 2855 553 diciisunt?Quia1egimiti.
2890 488 2935 540 Α
2990 486 3104 541 Deo
3137 489 3349 560 quippe
3398 492 3555 560 facti,
3617 499 3673 547 et
3720 510 3754 546 a

2050 564 2167 619 Deo
2198 567 2395 622 donati
2428 570 2656 626 animae.
2690 572 2927 629 Infirma
2958 588 3037 631 est
3058 578 3249 632 adhuc
3271 595 3397 650 quas
3421 580 3551 637 istis
3583 582 3753 652 quin-

2053 672 2165 725 que
2197 659 2465 714 sensibus
2495 659 2733 731 regitur,
2768 671 2825 717 et
2855 666 2965 719 sub
2992 665 3119 721 istis
3151 669 3406 739 quinque
3435 671 3574 725 viris
3598 672 3753 742 agit:

2054 753 2115 802 at
2147 747 2240 800 ubi
2278 750 2499 804 venerit
2530 752 2597 805 ad
2632 769 2813 808 annos
2854 759 3182 813 exserenda:
3215 761 3478 829 rationis,
3528 762 3577 816 si
3627 776 3756 817 eam

2056 840 2374 908 susceperit
2403 842 2618 910 optima
2663 844 2971 916 disciplina
3007 853 3064 904 et
3112 851 3377 909 doctrina
3426 854 3759 924 sapientiae;

2058 929 2445 1000 quinqueillis
2476 932 2614 986 viris
2644 934 2714 988 ad
2736 938 3056 1006 regendum
3088 957 3202 996 non
3230 944 3509 1010 succedit,
3533 944 3645 999 nisi
3678 943 3764 997 vir

2058 1037 2229 1077 verus
2261 1023 2547 1091 legitimus
2578 1029 2635 1079 et
2668 1024 2745 1079 illi
2781 1029 3004 1095 melior,
3026 1034 3081 1084 et
3111 1033 3209 1102 qui
3244 1034 3455 1090 melius
3485 1042 3668 1107 regat,
3710 1043 3763 1091 et

2063 1113 2159 1182 qui
2190 1112 2259 1166 ad
2292 1114 2675 1169 aeternitatem
2702 1121 2879 1185 regat,
2900 1120 2968 1172 ad
3004 1122 3381 1179 mternitatem
3416 1125 3659 1191 excolat,
3692 1126 3764 1179 ad

2065 1204 2442 1259 aeternitatem
2466 1202 2740 1259 instruat.
2774 1206 2918 1262 Nam
2953 1210 3065 1263 nisi
3100 1212 3357 1282 quinque
3388 1230 3598 1270 sensus
3650 1231 3766 1269 non

2066 1295 2136 1349 ad
2162 1292 2541 1347 aeternitatem
2567 1310 2671 1349 nos
2698 1302 2928 1367 regunt,
2962 1300 3059 1354 sed
3086 1301 3155 1356 ad
3175 1300 3285 1356 ista
3308 1302 3650 1374 temporalia
3680 1303 3769 1358 vel

2070 1386 2389 1457 appetenda
2413 1386 2500 1441 vel
2526 1386 2817 1458 fugienda.
2843 1390 2950 1446 Ubi
2976 1408 3107 1448 vero
3134 1394 3461 1453 intellectus
3484 1396 3772 1468 sapientia

2070 1476 2334 1531 imbutus
2367 1492 2561 1548 regere
2583 1479 2818 1549 cmperit
2851 1482 3130 1548 animam,
3154 1486 3263 1540 scit
3287 1487 3411 1556 jam
3433 1502 3546 1542 non
3580 1486 3772 1542 solum

2074 1568 2266 1635 fugere
2282 1566 2521 1634 foveam,
2538 1576 2588 1623 et
2604 1568 2906 1626 ambulare
2927 1571 2986 1627 in
3010 1573 3379 1645 aequaliquod
3406 1574 3555 1631 oculi
3576 1580 3777 1645 osten-

2075 1656 2223 1709 dunt
2254 1654 2727 1712 animminflrmm
2764 1674 2776 1711 :
2802 1676 2905 1715 nec
2926 1665 3149 1717 tantum
3183 1679 3425 1733 canoras
3454 1681 3622 1722 voces
3643 1680 3775 1720 sua-

2076 1745 2223 1801 viter
2247 1744 2467 1812 audire,
2500 1745 2878 1818 dissonasque
2910 1751 3183 1821 repellere
3216 1769 3230 1820 ;
3264 1752 3350 1808 vel
3383 1754 3613 1810 blandis
3635 1757 3781 1812 odo-

2078 1835 2237 1889 ribus
2270 1834 2563 1904 delectari,
2598 1842 2950 1909 putoresque
2983 1856 3287 1912 respuere;
3323 1847 3426 1899 aut
3474 1843 3783 1902 dulcedine

2081 1928 2230 1994 capi,
2263 1930 2318 1980 et
2348 1924 2738 1981 amaritudine
2768 1928 3015 1997 offendi;
3052 1935 3149 1985 aut
3172 1932 3407 1988 tenibus
3441 1934 3707 1995 mulceri.
3731 1941 3785 1989 et

2081 2015 2305 2084 asperis
2340 2014 2488 2068 laedi.
2512 2017 2624 2069 Ista
2645 2017 2800 2071 enim
2827 2018 3021 2073 omnia
3046 2018 3290 2075 infirmas
3311 2021 3669 2079 animmsunt
3692 2038 3788 2078 ne-

2082 2103 2350 2159 cessaria.
2375 2103 2518 2169 Quid
2543 2120 2676 2175 ergo
2698 2106 3002 2177 regiminis
3027 2109 3339 2165 adhibetur
3370 2127 3469 2181 per
3502 2112 3667 2167 illum
3694 2112 3787 2166 in-

2083 2196 2405 2251 tellectum.
2438 2200 2562 2251 Non
2617 2197 2745 2251 alba
2786 2206 2836 2252 et
2892 2199 3055 2264 nigra
3108 2201 3469 2257 discreturus
3528 2206 3637 2270 est,
3688 2205 3788 2257 sed

2079 2288 2242 2357 justa
2272 2293 2329 2340 et
2352 2286 2589 2357 injuste,
2619 2286 2760 2341 bona
2792 2291 2847 2341 et
2874 2288 3046 2349 mala.
3074 2290 3237 2344 utilia
3259 2298 3313 2345 et
3334 2291 3585 2359 inutilia,
3618 2291 3794 2348 casti-

2086 2382 2262 2431 tatem
2296 2384 2349 2430 et
2382 2374 2832 2447 impudicitiam,
2866 2376 3015 2432 hanc
3051 2387 3111 2432 ut
3141 2384 3312 2447 amet,
3339 2379 3507 2435 istam
3531 2386 3593 2435 ut
3623 2383 3790 2448 vitet;

2087 2466 2432 2521 charitatem
2466 2471 2522 2520 et
2552 2466 2771 2531 odium,
2806 2466 2865 2520 in
2892 2467 2997 2521 hac
3030 2475 3088 2521 ut
3114 2469 3288 2533 sit,in
3330 2468 3430 2523 illo
3464 2475 3528 2524 ut
3559 2486 3671 2525 non
3695 2470 3792 2525 sit.

2158 2557 2249 2610 22.
2285 2555 2384 2610 Hic
2418 2554 2505 2608 vir
2537 2557 2793 2625 quinque
2823 2556 2941 2610 illis
2973 2556 3111 2611 viris
3134 2558 3191 2611 in
3227 2558 3339 2612 ista
3391 2557 3642 2615 muliere
3680 2576 3795 2614 non

2092 2652 2473 2701 successerat.
2511 2644 2612 2701 Ubi
2646 2646 2799 2701 enim
2830 2663 2945 2700 non
2996 2648 3252 2701 succedit
3301 2648 3418 2717 ille,
3470 2665 3629 2704 error
3685 2651 3794 2705 do-

2093 2740 2374 2791 minatur.
2409 2740 2552 2791 Nam
2587 2751 2717 2791 cum
2752 2737 2981 2805 coeperit
3014 2739 3211 2792 anima
3241 2755 3419 2809 capax
3448 2754 3575 2795 esse
3622 2741 3799 2797 ratio-

2096 2825 2210 2889 nis,
2240 2830 2339 2880 aut
2369 2843 2402 2880 a
2433 2824 2691 2895 sapiente
2734 2832 2925 2881 mente
2977 2826 3212 2897 regitur,
3272 2836 3369 2882 aut
3427 2828 3498 2884 ab
3556 2845 3752 2885 errore
3788 2848 3803 2887 :

2097 2916 2192 2969 sed
2229 2931 2386 2970 error
2414 2932 2525 2969 non
2560 2915 2722 2983 regit,
2757 2917 2855 2969 sed
2888 2917 3095 2986 perdit.
3133 2921 3268 2972 Post
3298 2919 3437 2974 istos
3468 2934 3603 2991 ergo
3636 2918 3807 2990 quin-

2097 3020 2206 3073 que
2237 3021 2447 3059 sensus
2478 3002 2689 3058 mulier
2720 3005 2818 3058 illa
2851 3005 3036 3059 adhuc
3067 3006 3316 3070 errabat,
3366 3012 3423 3062 et
3470 3024 3629 3064 error
3677 3024 3805 3064 eam

2097 3096 2439 3153 ventilabat.
2474 3095 2649 3149 Error
2679 3101 2867 3148 autem
2907 3094 3014 3148 iste
3047 3112 3161 3150 non
3195 3102 3317 3151 erat
3363 3096 3664 3168 legitimus
3694 3097 3799 3165 vir,

2098 3188 2199 3241 sed
2261 3185 2532 3241 adulter:
2594 3183 2723 3237 ideo
2778 3184 2829 3237 ei
2899 3186 3206 3252 Dominus,
3249 3186 3347 3251 ait,
3388 3187 3528 3241 Bene
3584 3186 3802 3252 diaisti,

2101 3278 2237 3347 Quia
2262 3292 2370 3331 non
2400 3275 2567 3329 habeo
2599 3275 2795 3328 virum.
2823 3272 3074 3344 Quinque
3101 3273 3252 3328 enim
3310 3277 3451 3330 viros
3500 3276 3747 3331 habuisti
3784 3291 3808 3333 .'

2101 3370 2358 3440 quinque
2390 3372 2444 3421 te
2493 3381 2703 3420 sensus
2761 3364 2951 3419 carnis
2992 3364 3179 3434 primo
3231 3371 3546 3431 rexerunt;
3598 3366 3805 3422 venisti

2103 3462 2175 3515 ad
2205 3464 2433 3514 aetatem
2469 3454 2694 3510 utendas
2724 3454 2989 3522 rationis,
3023 3469 3127 3508 nec
3159 3455 3230 3509 ad
3272 3453 3622 3524 sapientiam
3670 3470 3807 3526 per-

2101 3547 2336 3612 venisti,
2388 3546 2486 3600 sed
2544 3544 2603 3598 in
2649 3558 2900 3597 errorem
2962 3542 3241 3598 incidisti.
3292 3543 3442 3614 Ergo
3495 3546 3626 3613 post
3675 3542 3807 3600 illos

2103 3638 2362 3712 quinque
2392 3633 2565 3699 viros,
2600 3634 2699 3686 iste
2727 3646 2886 3703 quem
2929 3631 3113 3699 habes,
3150 3646 3258 3686 non
3304 3638 3383 3687 est
3425 3638 3554 3686 tuus
3580 3632 3683 3686 vir.
3746 3631 3810 3687 Et

2105 3727 2244 3802 quid
2268 3728 2414 3789 erat,
2449 3722 2497 3778 si
2531 3722 2614 3778 vir
2645 3737 2759 3775 non
2791 3725 2933 3785 erat,
2972 3720 3081 3776 nisi
3113 3720 3343 3776 adulter
3368 3723 3399 3777 ?
3427 3721 3563 3776 Voca
3614 3721 3810 3793 itaque

2105 3835 2219 3874 non
2248 3815 2601 3876 adulterum,
2634 3812 2734 3867 sed
2764 3812 2948 3865 virum
2967 3820 3119 3866 tuum
3145 3815 3253 3877 ;ut
3284 3810 3579 3867 intellectu
3604 3828 3696 3867 me
3713 3827 3811 3868 ca-

2106 3910 2254 3982 pias,
2286 3922 2399 3961 non
2431 3918 2623 3959 errore
2646 3902 2717 3957 de
2749 3918 2839 3957 me
2862 3902 3080 3972 aliquid
3113 3902 3319 3957 falsum
3344 3900 3581 3958 sentias.
3609 3902 3812 3958 Adhuc

2107 3999 2261 4055 enim
2280 3995 2509 4052 errabat
2527 3991 2751 4061 mulier,
2767 4007 2890 4063 quae
2908 4007 3117 4063 aquam
3142 3990 3301 4046 illam
3321 3991 3644 4063 cogitabat;
3675 4008 3812 4048 cum

2106 4091 2222 4161 iam
2258 4086 2533 4142 Dominus
2558 4084 2628 4137 de
2658 4082 2872 4152 Spiritu
2907 4086 3107 4137 sancto
3140 4081 3492 4152 loqueretur.
3518 4083 3705 4149 Quare
3726 4098 3813 4137 er-

2109 4180 2297 4245 rabat,
2322 4174 2432 4229 nisi
2457 4172 2594 4244 quia
2617 4170 2967 4235 adulterum,
2995 4187 3108 4225 non
3134 4170 3317 4225 virum
3340 4170 3632 4226 habebat?
3653 4169 3817 4225 Tolle

2108 4284 2243 4340 ergo
2275 4265 2409 4321 hinc
2440 4266 2618 4317 istum
2652 4261 2979 4315 adulterum
2998 4261 3092 4330 qui
3118 4263 3172 4314 te
3195 4259 3536 4329 corrumpit,
3559 4264 3613 4313 et
3640 4257 3814 4323 valde,

2109 4374 2243 4415 vaca
2272 4359 2453 4411 virum
2487 4361 2663 4407 tuum.
2699 4351 2868 4415 Voca,
2902 4354 2957 4403 et
2988 4349 3137 4415 veni,
3172 4354 3233 4401 ut
3262 4346 3557 4418 intelligas
3589 4363 3702 4401 me.

2180 4450 2272 4503 23.
2298 4446 2444 4501 Dicit
2475 4443 2529 4496 ei
2558 4440 2760 4495 mulier
2786 4456 2805 4493 :
2842 4439 3086 4503 Domine,
3114 4437 3266 4492 video
3297 4438 3431 4507 quia
3466 4436 3730 4507 praphela
3760 4454 3816 4493 es

2113 4546 2192 4595 tu.
2226 4534 2412 4603 Coepit
2440 4530 2635 4585 venire
2668 4528 2775 4596 vir,
2807 4528 3068 4582 nondum
3122 4526 3287 4597 plene
3331 4526 3509 4582 venit.
3562 4527 3815 4597 PrOphe-

2112 4633 2234 4681 tam
2271 4621 2578 4678 Dominum
2603 4616 3008 4689 putabat.Erat
3039 4617 3275 4687 quidem
3291 4616 3671 4688 etpropbeta:
3694 4633 3819 4672 nam

2115 4721 2184 4773 de
2216 4717 2409 4786 seipse
2440 4712 2539 4777 ait,
2574 4710 2689 4765 Non
2719 4719 2795 4765 est
2821 4708 3086 4780 prapheta
3118 4710 3234 4765 sine
3256 4708 3615 4777 honore,nisi
3640 4711 3698 4764 in
3721 4726 3818 4779 pa-

2116 4810 2224 4864 tria
2255 4822 2355 4860 sua
2388 4803 2535 4874 (Luc.
2565 4818 2641 4870 iv,
2668 4801 2779 4871 24).
2813 4802 2955 4854 Item
2989 4803 3055 4854 de
3086 4800 3185 4855 illo
3216 4800 3437 4855 dictum
3463 4806 3547 4855 est
3562 4801 3628 4855 ad
3657 4799 3821 4869 Moy-

2115 4914 2241 4964 sen,
2275 4893 2602 4962 Proiihetam
2617 4892 2695 4947 eis
2725 4891 2997 4945 suscitabo
3025 4890 3089 4946 de
3117 4890 3385 4961 fratribus
3414 4905 3629 4954 eorum,
3660 4886 3818 4940 simi-

2117 4989 2223 5045 lem
2251 4987 2335 5041 lui
2363 4984 2524 5054 (Deus
2556 4997 2716 5046 xvm,
2751 4982 2859 5052 l8).
2886 4980 3148 5037 Similem
3181 4980 3397 5033 scilicet
3450 4978 3518 5029 ad
3569 4976 3815 5029 formam

2115 5076 2329 5138 carnis,
2364 5088 2477 5127 non
2507 5071 2577 5126 ad
2602 5070 2974 5126 eminentiam
3010 5067 3351 5138 majestatis.
3410 5065 3554 5134 Ergo
3588 5065 3819 5118 inveni-

2119 5182 2249 5222 mus
2263 5161 2579 5220 Dominum
2594 5159 2795 5215 Jesum
2817 5159 3034 5213 diclum
3052 5155 3409 5227 prophetam.
3436 5152 3818 5224 Proindejam

2118 5275 2233 5315 non
2287 5252 2542 5309 multum
2587 5258 2737 5305 errat
2780 5250 2992 5303 mulier
3030 5246 3157 5300 ista.
3215 5244 3393 5307 Video,
3442 5241 3655 5313 inquit,
3688 5248 3822 5315 quia

2117 5345 2379 5417 prapheta
2410 5346 2569 5396 estu.
2606 5338 2813 5405 Incipit
2862 5350 3061 5387 Vocare
3118 5333 3325 5397 virum,
3355 5332 3685 5386 adulterum
3733 5352 3824 5391 ex.

2120 5433 2352 5489 cludere
2386 5447 2399 5484 :
2433 5428 2582 5480 Video
2606 5427 2740 5491 quia
2767 5421 3027 5491 propheta
3046 5438 3099 5475 es
3123 5428 3201 5475 tu.
3228 5422 3296 5475 Et
3327 5420 3533 5491 incipit
3564 5437 3823 5490 quaerere

2121 5522 2272 5596 quod
2295 5520 2448 5574 illam
2477 5517 2623 5569 solet
2644 5528 2887 5567 movere.
2909 5513 3211 5569 Contentio
3236 5518 3451 5585 quippe
3472 5512 3823 5570 fueratinter

2119 5609 2518 5671 Samaritanos
2538 5612 2594 5661 et
2612 5602 2869 5674 Judmos,
2894 5604 3034 5677 quia
3048 5602 3091 5677 ί]
3099 5602 3247 5659 ιιάωί
3277 5604 3337 5659 in
3356 5600 3574 5674 templo
3598 5617 3631 5656 a
3658 5600 3821 5659 Salo-
