4126 6194
1418 314 1493 373 lN
1538 313 1862 376 JOANNIS
1906 311 2436 385 EVANGELIUM,
2484 318 2549 375 S.
2598 317 3021 380 AUGUSTINI

458 468 629 509 mone
661 451 937 509 fabricato
969 448 1289 506 adorahant
1334 452 1507 504 Deum
1537 475 1550 516 ;
1578 449 1938 525 ‘Samaritani
1985 449 2165 518 donge

458 541 592 598 inde
623 540 816 613 positi,
843 557 957 595 non
982 537 1039 595 in
1072 555 1136 593 eo
1169 538 1507 593 adorabant.
1535 539 1663 592 Ideo
1684 538 1869 595 Judaei
1896 536 2165 592 meliores

458 650 516 689 se
547 630 1009 701 essejactabant,
1044 626 1257 698 quiain
1291 629 1505 695 templo
1528 628 1803 682 adorabat
1828 628 2028 682 Deum.
2052 627 2168 681 Non

460 731 613 787 enim
642 732 940 784 coutuntur
967 725 1144 781 Judaei
1172 726 1578 781 Samaritanis:
1611 724 1747 796 quia
1769 724 2041 779 dicebant
2060 723 2163 789 eis,

462 819 765 888 Quomodo
789 816 1166 887 vosjactatis,
1191 818 1245 868 ct
1273 816 1399 869 ideo
1424 832 1523 869 vos
1549 814 1818 870 meliores
1849 822 2016 869 DODIS
2038 828 2162 868 esse

462 909 802 983 perhibetis,
828 910 961 977 quia
986 906 1264 977 templum
1291 905 1518 959 habetis
1542 911 1691 974 quod
1718 922 1821 961 nos
1849 923 1960 959 non
1986 904 2164 959 habe-

458 1017 589 1055 mus
610 999 637 1054 ?
666 996 961 1068 Numquid
994 1000 1183 1067 patres
1214 995 1392 1050 nostri
1424 996 1523 1064 qui
1560 997 1673 1051 Deo
1718 996 2058 1066 placuerunt
2106 996 2165 1050 in

460 1089 559 1145 illo
594 1086 806 1159 templo
837 1087 1224 1142 adoraverunt
1253 1084 1280 1137 ‘l
1314 1100 1504 1139 nonne
1536 1085 1593 1138 in
1627 1090 1823 1141 monte
1868 1086 1981 1141 isto
2031 1087 2165 1141 ado-

463 1182 755 1243 raverunt,
783 1176 881 1230 ubi
906 1191 1009 1231 nos
1032 1189 1237 1229 sumus
1258 1172 1285 1227 ‘l
1320 1174 1529 1230 Melius
1551 1191 1685 1247 ergo
1709 1192 1833 1242 nos,
1866 1176 2165 1245 inquiunt,

460 1268 517 1323 in
550 1268 658 1323 hoc
692 1271 887 1323 monte
907 1266 1089 1322 Deum
1115 1280 1412 1337 rogamus,
1446 1265 1544 1322 ubi
1568 1271 1757 1338 patres
1782 1266 1965 1322 nostri
1997 1282 2165 1337 roga-

456 1362 678 1414 verunt.
713 1356 1157 1413 Contendebant
1179 1354 1407 1426 utrique
1428 1356 1639 1427 ignari,
1670 1357 1810 1427 quia
1833 1356 2017 1411 virum
2052 1372 2165 1413 non

454 1449 771 1506 habentes:
806 1447 888 1503 illi
921 1463 1022 1519 pro
1056 1445 1287 1517 templo,
1322 1445 1406 1500 illi
1431 1464 1534 1519 pro
1568 1454 1763 1504 monte
1806 1448 2166 1506 inﬂabantur

456 1540 737 1596 adversus
768 1536 1014 1593 invicem
1027 1577 1039 1592 .

530 1630 621 1684 24.
654 1627 939 1684 Dominus
968 1630 1163 1681 tamen
1218 1626 1389 1682 modo
1438 1628 1574 1697 quid
1626 1628 1788 1683 docet
1835 1628 2164 1695 mulierem,

455 1723 735 1790 tanquam
750 1717 918 1787 cujus
949 1715 1037 1771 vir
1056 1716 1291 1786 coeperit
1314 1732 1568 1787 praesens
1599 1732 1725 1773 esse
1747 1717 1774 1772 τ
1806 1718 1945 1774 Dicit
1966 1722 2017 1774 ei
2045 1734 2168 1775 mu-

456 1816 563 1873 lier
590 1834 610 1873 :
641 1815 891 1883 Domine,
924 1812 1074 1870 video
1104 1815 1234 1885 quia
1259 1814 1521 1885 propheta
1552 1830 1605 1870 es
1650 1820 1733 1870 tu.
1766 1817 1946 1872 Patres
1994 1817 2170 1874 nostri

458 1906 514 1960 in
530 1908 710 1961 monte
732 1904 829 1960 hoc
844 1902 1235 1968 adoraverunt,
1259 1906 1310 1958 et
1332 1918 1420 1959 vos
1441 1902 1621 1959 dicitis
1651 1906 1782 1975 quia
1807 1907 2165 1979 Jerosolymis

457 2003 534 2050 est
557 1995 702 2050 locus
734 1992 815 2048 ibi
845 1992 862 2026 ί
894 1992 1128 2048 adorare
1174 1996 1400 2062 oportet.
1446 1993 1584 2048 Dicit
1623 1996 1675 2048 ei
1701 1995 1853 2050 Jesus
1882 2013 1901 2049 :
1950 1995 2164 2061 Mulier,

456 2084 615 2141 crede
645 2084 807 2140 mihi.
839 2082 1047 2139 Veniet
1068 2082 1225 2138 enim
1258 2082 1530 2150 Ecclesia,
1557 2084 1706 2139 sicut
1727 2086 1945 2141 dictum
1994 2091 2082 2141 est
2106 2086 2165 2141 in

458 2174 715 2231 Canticis
747 2175 1730 2245 canticorum,venietetpertransiet
1764 2176 1831 2229 ab
1848 2175 2008 2231 initio
2039 2176 2169 2246 ﬁdei

458 2265 642 2336 (Cant.
673 2280 749 2334 ιν,
779 2262 835 2328 8,
867 2277 972 2317 sec.
1008 2260 1187 2331 LXX).
1220 2260 1428 2317 Veniet
1460 2267 1521 2318 ut
1552 2268 1929 2334 pertranseat,
1961 2272 2013 2320 et
2035 2281 2167 2333 per-

464 2353 716 2409 transire
747 2368 863 2409 non
894 2356 1079 2422 potest
1126 2351 1241 2406 nisi
1278 2352 1346 2406 ab
1395 2352 1559 2409 initio
1605 2353 1755 2426 ﬁdei.
1810 2354 2011 2410 Merito
2043 2358 2167 2427 jam

472 2447 760 2516 praesente
781 2443 902 2499 viro
924 2440 1109 2511 audit,
1130 2441 1354 2511 Mulier,
1381 2445 1543 2500 crede
1566 2444 1726 2502 mihi.
1748 2446 1779 2501 J
1788 2463 1880 2502 am
1902 2448 2056 2503 enim
2082 2455 2170 2505 est

465 2536 523 2592 in
558 2540 614 2591 te
644 2534 744 2606 qui
790 2534 1006 2600 credat,
1057 2532 1197 2604 quia
1229 2550 1482 2606 praesens
1503 2541 1592 2591 est
1619 2537 1705 2592 vir
1734 2542 1893 2593 tuus.
1929 2540 2167 2611 Cmpisti

461 2624 669 2680 adesse
710 2620 1030 2691 intellectu,
1062 2621 1296 2693 quando
1328 2638 1421 2677 me
1452 2624 1789 2693 prophetam
1840 2629 2165 2698 appellasti.

462 2715 677 2779 Mulier,
701 2713 857 2769 crede
876 2713 1043 2766 mihi:
1067 2712 1205 2782 quia
1226 2712 1338 2765 nisi
1380 2714 1764 2785 credideritis,
1810 2734 1923 2772 non
1955 2718 2168 2774 intelli-

463 2804 610 2876 getis
641 2802 795 2874 (Isai.
827 2818 927 2867 vn,
957 2800 1014 2865 9,
1044 2816 1150 2855 sec.
1187 2801 1377 2873 LXX).
1404 2802 1575 2874 Ergo,
1598 2803 1811 2873 Mulier,
1833 2805 1991 2861 crede
2009 2809 2168 2875 mihi,

466 2894 596 2966 quia
626 2892 803 2947 veniet
828 2890 981 2959 hora,
1014 2889 1230 2960 quando
1266 2907 1436 2961 neque
1468 2894 1525 2947 in
1555 2900 1738 2947 monte
1758 2894 1875 2959 hoc,
1906 2912 2082 2968 neque
2112 2898 2171 2952 in

464 2982 819 3054 Jerosolymis
849 2978 1152 3035 adorabitis
1196 2982 1438 3037 Patrem.
1486 2984 1577 3039 Vos
1615 2983 1859 3041 adoratis
1893 2990 2029 3059 quod
2074 3004 2168 3043 ne-

466 3077 639 3142 scitis,
662 3088 757 3130 nos
778 3073 1083 3127 adoramus
1112 3072 1251 3143 quod
1267 3074 1505 3137 scimus;
1536 3074 1826 3146 quiasatus
1862 3093 1932 3133 ex
1958 3079 2172 3134 Iudaeis

463 3172 565 3221 est.
596 3161 696 3219 Sed
720 3162 900 3217 veniet
928 3161 1080 3217 hora.
1114 3161 1353 3227 Quando
1382 3160 1409 3216 ‘l
1438 3164 1503 3217 Et
1532 3179 1680 3219 nunc
1711 3170 1808 3219 est.
1858 3167 1991 3232 Quae
2036 3184 2173 3238 ergo

465 3254 609 3311 hora
636 3253 665 3308 ‘l
698 3251 921 3322 Quando
951 3252 1070 3306 veri
1122 3249 1437 3307 adoratnres
1482 3251 1811 3311 adorabunt.
1859 3260 2081 3311 Putrem
2113 3258 2172 3311 in

482 3344 696 3416 spiritu
718 3350 769 3398 et
798 3345 1060 3402 veritate;
1093 3356 1207 3396 non
1241 3341 1295 3395 in
1321 3348 1517 3397 monte
1540 3342 1672 3408 isto,
1702 3359 1816 3399 non
1840 3344 1901 3398 in
1933 3346 2171 3415 templo,

477 3434 578 3490 sed
610 3433 669 3488 in
702 3432 916 3504 spiritu
949 3434 1005 3487 et
1034 3430 1294 3487 veritate.
1326 3431 1464 3485 Nam
1492 3434 1541 3486 et
1575 3437 1738 3487 Pater
1777 3434 1913 3489 tales
1951 3438 2174 3506 quaerit,

471 3525 568 3595 qui
587 3522 815 3579 adorent
844 3537 989 3577 eum.
1020 3522 1204 3576 Auare
1227 3523 1397 3575 Pater
1421 3519 1565 3576 tales
1588 3523 1795 3593 quaerit
1818 3524 1913 3593 qui
1934 3525 2176 3580 adorent

469 3632 627 3682 eum,
661 3629 781 3670 non
811 3612 869 3669 in
904 3618 1119 3677 monte,
1156 3625 1267 3665 non
1300 3609 1357 3665 in
1391 3611 1627 3680 tempto,
1661 3613 1761 3667 sed
1794 3612 1852 3667 in
1887 3613 2099 3683 spiritu
2122 3617 2177 3670 et

465 3709 709 3766 veritate
736 3707 763 3763 ‘l
793 3708 1035 3779 Spiritus
1063 3704 1307 3760 estDeus.
1333 3701 1392 3759 Si
1415 3719 1624 3774 corpus
1642 3708 1795 3760 esset
1815 3704 1990 3774 Deus,
2012 3723 2175 3778 opor-

470 3793 631 3850 tebat
647 3806 780 3847 eum
803 3789 1027 3845 adorari
1059 3789 1118 3845 in
1139 3795 1354 3859 monte,
1376 3792 1515 3864 quia
1535 3810 1848 3865 corporeus
1871 3800 2174 3867 estmons;

465 3880 770 3953 oportebat
799 3894 933 3935 eum
952 3876 1182 3934 adorari
1214 3880 1272 3934 in
1304 3881 1543 3952 templo,
1572 3885 1710 3954 quia
1726 3900 2069 3956 corporeum
2090 3890 2181 3943 est

462 3968 773 4042 templum.
805 3968 1047 4039 Spiritus
1066 3976 1143 4024 est
1171 3970 1343 4032 Deus;
1369 3977 1422 4025 et
1443 3988 1532 4027 eos
1562 3975 1660 4043 qui
1674 3973 1917 4030 adorant
1937 3991 2083 4044 eum,
2118 3978 2177 4031 in

471 4059 671 4134 spiritu
684 4062 736 4114 et
764 4056 996 4113 veritate
1026 4061 1232 4128 oportet
1263 4060 1527 4117 adorare.

539 4151 631 4205 25.
667 4145 1029 4214 Audivimus,
1062 4152 1119 4201 et
1150 4148 1526 4205 manifestum
1559 4154 1682 4217 est;
1718 4152 1872 4210 {oras
1902 4154 2174 4226 ieramus,

467 4245 621 4302 intro
652 4239 818 4298 missi
850 4254 1075 4295 sumus.
1095 4241 1140 4294 Ο
1170 4239 1215 4295 si
1238 4238 1578 4307 invenirem,
1630 4242 1883 4310 dicebas,
1919 4250 2177 4303 montem

466 4333 723 4406 aliquem
740 4330 924 4387 altum
944 4335 996 4384 et
1028 4326 1387 4384 solitarium!
1426 4329 1595 4385 credo
1627 4328 1781 4386 enim
1815 4335 1951 4403 quia
1981 4335 2039 4389 in
2061 4336 2177 4391 alto

468 4429 557 4483 est
575 4425 754 4490 Deus,
780 4420 964 4494 magis
988 4434 1076 4475 me
1097 4419 1334 4475 exaudit
1357 4435 1425 4475 ex
1447 4418 1736 4485 alto.Quia
1760 4422 1816 4476 in
1859 4432 2053 4481 monte
2093 4441 2176 4495 es,

467 4516 858 4589 propinquum
892 4516 945 4566 te
976 4510 1092 4566 Deo
1124 4513 1315 4581 putas,
1346 4515 1401 4565 et
1430 4511 1546 4567 cito
1578 4515 1632 4567 te
1682 4513 1964 4580 exaudiri,
2016 4516 2178 4585 quasi

467 4607 539 4661 de
570 4605 828 4674 proximo
858 4600 1204 4657 clamantem
1241 4600 1268 4654 ?
1303 4600 1362 4655 ln
1395 4600 1633 4657 excelsis
1669 4602 1910 4671 habitat,
1940 4606 2039 4660 sed
2072 4605 2175 4660 hu-

468 4695 626 4749 milia
658 4694 903 4763 respicit.
937 4693 1112 4763 Prope
1140 4699 1216 4747 est
1236 4692 1515 4747 Dominus.
1543 4694 1762 4759 Quibus
1784 4699 1811 4749 7
1834 4696 1976 4751 forte
1996 4697 2130 4752 altis
2152 4698 2179 4753 ‘l

469 4785 559 4839 His
581 4782 677 4854 qui
707 4782 1055 4838 obtriverunt
1079 4798 1174 4838 cor
1195 4784 1371 4852 (Psal.
1406 4800 1605 4852 χχχιιι,
1636 4786 1741 4853 19).
1770 4785 1914 4841 Mira
1942 4803 2033 4842 res
2054 4793 2175 4842 est:

468 4877 527 4929 et
559 4870 619 4926 in
649 4868 787 4925 altis
809 4868 1057 4936 habitat,
1090 4876 1142 4923 et
1173 4869 1498 4926 humilibus
1521 4872 1873 4943 prOpinquat
1898 4892 1910 4929 :
1938 4876 2178 4931 humilia

466 4959 714 5029 respicit,
746 4958 964 5015 excelsa
994 4965 1179 5014 autem
1210 4976 1243 5013 a
1278 4957 1440 5029 longe
1462 4960 1709 5032 cognovit
1728 4964 1903 5033 (Psal.
1928 4982 2173 5033 cxxxvu,

466 5054 556 5125 6);
591 5049 875 5123 superbos
906 5047 1074 5117 longe
1103 5048 1280 5113 videt,
1317 5065 1380 5105 eo
1416 5050 1530 5105 illis
1574 5052 1767 5108 minus
1809 5057 2177 5126 propinquat,

467 5160 579 5215 quo
613 5141 725 5199 sibi
758 5139 1025 5197 videntur
1054 5139 1309 5197 altiores.
1345 5142 1653 5206 Quaerebas
1694 5159 1826 5213 ergo
1878 5146 2178 5202 montem?

470 5229 758 5287 descende
788 5230 853 5284 ut
895 5226 1166 5297 attingas.
1201 5228 1310 5284 Sed
1362 5230 1674 5286 ascendere
1725 5231 1806 5287 vis
1836 5233 2131 5289 ?ascende
2165 5252 2178 5290 :

473 5319 592 5376 noli
624 5322 885 5375 montem
910 5334 1185 5389 quaerere.
1235 5317 1606 5383 Ascensiones,
1665 5322 1872 5390 inquit,
1934 5324 1993 5377 in
2024 5324 2183 5380 corde

474 5410 591 5477 ejus
619 5407 753 5475 (hoc
783 5407 1047 5465 Psalmus
1077 5408 1238 5476 dicit,
1271 5412 1331 5466 in
1361 5412 1608 5467 convalle
1637 5413 1964 5483 plorationis
2004 5415 2180 5485 (Psal.

480 5511 707 5558 Lxxxm,
739 5497 795 5565 6,
814 5499 893 5566 7).
918 5499 1210 5556 Convallis
1232 5500 1627 5558 humilitatem
1651 5502 2001 5576 habet.Ergo
2026 5506 2183 5561 intus

477 5599 584 5655 age
612 5584 825 5639 totum.
858 5583 925 5639 Et
956 5585 1005 5639 si
1038 5587 1180 5644 forte
1210 5592 1419 5660 quaeris
1450 5591 1705 5662 aliquem
1757 5594 1945 5649 locum
1973 5593 2180 5663 altum,

546 5686 562 5720 ι
587 5682 649 5733 In
677 5680 803 5731 Ias.
841 5681 1120 5743 omittitur,
1142 5689 1217 5735 est
1246 5686 1384 5736 locus
1414 5687 1521 5739 ubi.

3833 326 3989 385 1520

2275 446 2525 519 aliquem
2542 450 2731 506 locum
2749 460 3042 523 sanctum,
3067 454 3223 512 intus
3241 457 3448 513 exhibe
3471 465 3523 513 le
3548 460 3855 531 templum,
3878 463 3990 519 Deo

2277 538 2587 610 Templum
2611 542 2766 596 enim
2789 543 2888 598 Dei
2919 550 3187 601 sanctum
3209 550 3315 615 est,
3350 548 3504 619 quod
3520 548 3662 605 estis
3691 553 3851 620 vos(l
3866 551 3989 609 Cor.

2273 642 2362 694 III,
2397 629 2503 698 17).
2533 632 2592 685 In
2625 633 2842 704 templo
2873 634 2960 688 vis
2992 634 3191 690 orare?
3213 636 3270 690 in
3302 642 3353 690 te
3385 653 3503 694 ora.
3539 639 3647 695 8ed
3680 642 3839 709 prius
3870 649 3992 699 esto

2277 720 2557 789 templum
2582 721 2701 790 Dei,
2726 723 2862 793 quia
2886 723 3051 779 illein
3077 726 3984 796 templosuoexaudietorantem.

2346 810 2435 863 26.
2478 810 2624 866 Venit
2656 829 2779 883 ergo
2811 813 2968 882 hora,
3000 819 3050 869 et
3074 832 3219 869 nunc
3240 825 3335 882 est,
3368 819 3587 888 quando
3628 823 3746 876 veri
3790 824 3987 879 adora-

2278 908 2418 955 tores
2446 900 2752 956 adorabunt
2783 905 2998 960 Patrem
3032 906 3089 959 in
3110 905 3313 976 spiritu
3344 917 3393 962 et
3423 911 3671 964 veritate.
3699 912 3804 966 Nos
3847 915 3986 968 ado-

2277 1008 2463 1045 ramus
2494 992 2632 1060 quod
2652 994 2873 1060 scimus,
2910 1011 2995 1050 vos
3026 996 3276 1051 adoratis
3294 998 3435 1068 quod
3457 1001 3709 1063 nescitis;
3732 1006 3991 1072 quoniam

2278 1082 2425 1135 salus
2453 1097 2522 1136 ea:
2550 1083 2765 1139 Judaeis
2796 1090 2896 1139 est.
2945 1084 3189 1140 Multum
3224 1087 3383 1141 dedit
3412 1089 3664 1146 Judaeis:
3716 1094 3815 1146 sed
3865 1095 3985 1149 noli

2278 1172 2422 1227 istos
2453 1180 2727 1244 reprobos
2758 1178 3037 1248 accipere.
3091 1176 3370 1234 Parietem
3424 1179 3592 1236 illum
3644 1186 3839 1256 accipe
3888 1186 3983 1241 cui

2279 1262 2589 1331 adjunctus
2622 1269 2707 1318 est
2728 1264 2879 1319 alius
2912 1267 3131 1335 peccati
3176 1267 3231 1322 in
3281 1268 3473 1339 lapide
3506 1272 3790 1343 angulari,
3827 1277 3985 1347 quod

2279 1358 2367 1408 est
2388 1354 2671 1422 Christus,
2706 1356 3071 1427 copulentur.
3098 1358 3255 1415 Unus
3278 1361 3423 1416 enim
3454 1364 3643 1432 paries
3667 1381 3699 1419 a
3741 1367 3982 1437 Judaais,

2279 1459 2431 1499 unus
2457 1461 2489 1500 a
2520 1445 2799 1501 Gentibus
2833 1462 2844 1500 :
2879 1446 3047 1518 longe
3070 1466 3100 1503 a
3126 1465 3185 1504 sc
3217 1449 3311 1504 isti
3339 1451 3607 1523 parietes,
3651 1456 3749 1509 sed
3802 1456 3983 1514 donec

2277 1534 2337 1590 in
2363 1534 2576 1607 angulo
2598 1537 3051 1608 conjungantur.
3086 1538 3434 1611 Alienigena:
3486 1548 3683 1599 autem
3728 1546 3985 1619 hospites

2278 1630 2461 1693 erant,
2524 1630 2578 1681 et
2630 1628 2919 1698 peregrini
2978 1645 3011 1683 a
3066 1632 3429 1688 testamentis
3481 1632 3577 1689 Dei
3645 1636 3861 1708 (Ephes.
3921 1655 3985 1707 ιι,

2280 1717 2491 1787 12-22).
2525 1717 2858 1772 Secundum
2888 1718 2996 1773 hoc
3041 1735 3178 1792 ergo
3228 1721 3450 1778 dictum
3491 1729 3599 1792 est,
3650 1726 3754 1781 Nos
3794 1728 3989 1784 adora-

2277 1825 2398 1863 mus
2450 1810 2590 1881 quod
2642 1810 2865 1865 scimus.
2928 1811 3006 1865 Ex
3064 1826 3311 1882 persona
3368 1815 3599 1886 quidem
3648 1817 3985 1878 Judssorutn

2279 1897 2501 1954 dictum
2536 1903 2644 1965 est,
2678 1898 2778 1954 sed
2810 1915 2923 1955 non
2956 1900 3220 1957 omnium
3251 1902 3611 1969 Judaeornm,
3647 1923 3759 1963 non
3795 1925 3985 1980 repro-

2274 1988 2481 2044 horum
2512 1988 2849 2044 Judmorum
2878 2006 2891 2043 :
2921 1991 3017 2045 sed
3050 1992 3121 2046 de
3151 1992 3424 2063 qualibus
3449 1994 3675 2052 fuerunt
3696 2000 3975 2069 Apostoli,

2275 2078 2476 2148 quales
2511 2080 2743 2134 fuerunt
2775 2079 3094 2152 Prophetas,
3131 2081 3333 2152 quales
3376 2083 3609 2141 fuerunt
3658 2087 3740 2141 illi
3775 2104 3980 2145 omnes

2277 2170 2483 2237 saneli,
2519 2170 2617 2242 qui
2652 2172 2847 2225 omnia
2871 2189 2972 2226 sua
3006 2172 3416 2242 vendiderunt,
3465 2181 3520 2229 et
3550 2176 3729 2246 pretia
3781 2194 3983 2234 rerum

2277 2274 2508 2313 suarum
2575 2260 2644 2313 ad
2689 2260 2861 2329 pedes
2910 2260 3313 2330 Apostolorum
3366 2270 3676 2333 posuerunt
3706 2267 3846 2335 (Act.
3900 2285 3985 2335 ιν,

2276 2348 2367 2413 34,
2404 2349 2517 2421 35).
2551 2349 2672 2405 Non
2698 2351 2851 2404 enim
2884 2350 3096 2421 repulit
3125 2350 3277 2407 Deus
3309 2352 3533 2423 plebem
3584 2370 3746 2411 suam
3798 2375 3979 2429 quam

2277 2438 2559 2508 praescivit
2587 2437 2760 2509 (Rom.
2795 2456 2873 2507 χι,
2904 2441 2981 2511 2).

2347 2530 2437 2583 27.
2470 2529 2703 2583 Audivit
2734 2529 2839 2584 hoc
2864 2530 3071 2586 mulier
3101 2531 3229 2600 ista,
3256 2538 3312 2588 et
3360 2533 3603 2589 addidit.
3638 2536 3989 2592 iamdudum

2280 2621 2621 2690 prophetam
2646 2620 2868 2676 dixerat
2895 2640 2909 2689 ;
2935 2622 3076 2676 vidit
3106 2623 3243 2679 talia
3274 2625 3467 2680 dicere
3507 2642 3639 2681 eum
3689 2644 3821 2683 cum
3872 2645 3990 2700 quo

2278 2710 2644 2779 tequebatur,
2680 2728 2804 2781 quas
2828 2712 2953 2781 jam
2980 2710 3104 2782 plus
3128 2720 3324 2769 essent
3354 2715 3425 2770 ad
3473 2716 3813 2788 prephctam
3842 2721 3856 2754 ¹
3886 2738 3901 2786 ;
3939 2724 3997 2774 et

2280 2798 2417 2870 quid
2474 2800 2793 2871 respondit.
2829 2800 3059 2857 videte:
3109 2802 3251 2857 uicit
3310 2806 3367 2859 ei
3404 2806 3631 2872 mulier,
3692 2806 3812 2863 Scio
3862 2811 3997 2879 quia

2283 2890 2509 2943 Messias
2538 2891 2735 2952 veniet.
2766 2892 2863 2961 qui
2892 2891 3100 2945 dicitur
3130 2892 3420 2948 Christus:
3456 2911 3579 2949 cum
3611 2912 3740 2967 ergo
3774 2900 3995 2953 venerit

2282 2977 2399 3045 ille,
2422 2980 2607 3032 omnia
2639 2978 2792 3034 nobis
2820 2979 3233 3036 demonstrabit.
3261 2983 3406 3048 Quid
3459 2989 3546 3039 est
3586 2984 3694 3040 hoc
3722 2986 3751 3041 Ἰ
3797 2986 3993 3054 Modo,

2282 3066 2495 3138 inquit,
2530 3070 2599 3123 de
2629 3069 2846 3140 templo
2868 3072 3225 3125 contendunt
3253 3071 3462 3139 Judaei,
3487 3078 3545 3128 et
3570 3091 3671 3129 nos
3695 3077 3762 3129 de
3788 3081 3992 3131 monte

2282 3158 2692 3213 contendimus
2725 3174 2738 3212 :
2772 3175 2901 3214 cum
2934 3160 3031 3214 ille
3063 3162 3302 3229 venerit,
3335 3167 3391 3216 et
3431 3173 3685 3218 montem
3734 3170 3990 3235 spernet,

2285 3252 2341 3301 et
2372 3247 2653 3318 templum
2679 3255 2922 3316 evertet;
2952 3250 3183 3305 docebit
3207 3267 3310 3306 nos
3344 3251 3448 3306 iste
3472 3254 3689 3319 omnia,
3716 3263 3775 3309 ut
3800 3254 3862 3309 in
3885 3256 3996 3326 spi-

2285 3337 2398 3391 ritu
2434 3343 2490 3391 et
2521 3336 2761 3392 veritate
2785 3337 3117 3393 noverimus
3139 3340 3401 3397 adorare.
3445 3341 3678 3397 Sciebat
3705 3344 3843 3414 quis
3866 3360 3994 3400 eam

2286 3433 2482 3498 posset
2504 3427 2728 3495 docere,
2752 3431 2851 3484 sed
2869 3430 2991 3500 jam
3008 3430 3308 3486 docentem
3329 3434 3591 3487 nondum
3617 3435 3995 3505 agnoscebat.

2283 3517 2412 3574 Jam
2429 3535 2563 3591 ergo
2578 3521 2753 3592 digna
2768 3529 2888 3574 erat
2901 3522 2992 3575 cui
3018 3522 3509 3577 manifestaretur.
3538 3523 3775 3578 Messias
3791 3529 3999 3579 autem

2288 3613 2496 3665 unctus
2518 3614 2603 3665 est
2637 3627 2651 3676 ;
2678 3614 2887 3665 unctus
2908 3626 3091 3683 graece
3112 3611 3382 3667 Christus
3404 3617 3492 3667 est
3516 3637 3529 3680 ;
3555 3612 3821 3669 hebraice
3858 3617 4003 3670 Mes-

2288 3698 2406 3754 sias
2428 3704 2513 3755 est
2536 3716 2548 3754 :
2586 3700 2737 3755 unde
2759 3706 2814 3755 ct
2838 3700 3063 3773 punice,
3088 3702 3272 3759 Messe
3293 3702 3504 3758 dicitur
3528 3720 3697 3776 unge.
3723 3705 4002 3778 Cognatas

2289 3790 2504 3862 quippe
2526 3795 2666 3846 sunt
2695 3790 2900 3862 linguae
2931 3791 3045 3847 ista
3074 3796 3130 3847 et
3162 3792 3384 3861 vicinae,
3420 3793 3712 3861 hebraica,
3758 3796 4005 3867 punica,

2286 3890 2341 3937 et
2369 3898 2521 3954 syra.

2355 3971 2444 4025 28.
2480 3970 2650 4037 Ergo,
2682 3970 2809 4025 dicit
2840 3971 2893 4025 ei
2920 3971 3139 4038 mulier,
3185 3972 3309 4028 Scio
3364 3973 3500 4044 quia
3529 3972 3747 4028 Messias
3794 3975 4004 4043 veniet,

2285 4064 2381 4133 qui
2409 4059 2615 4115 dicitur
2645 4059 2897 4114 Christus
2914 4078 2932 4114 :
2965 4076 3085 4115 cum
3104 4076 3231 4130 ergo
3254 4062 3459 4117 venerit
3475 4060 3588 4126 ille,
3609 4058 4011 4117 nobisannun-

2286 4150 2455 4205 tiabit
2486 4150 2669 4204 omnia
2705 4150 2845 4203 Dicit
2876 4148 2930 4204 ri
2956 4151 3140 4206 Jesus:
3169 4154 3283 4219 Ego
3304 4167 3420 4206 sum
3454 4154 3546 4221 qui
3574 4150 3765 4223 loquor
3793 4154 4002 4207 tecum.

2288 4238 2525 4295 Vocavit
2545 4239 2728 4293 virutn
2754 4254 2951 4303 suum,
2986 4240 3170 4294 factus
3194 4244 3281 4294 est
3310 4240 3394 4295 vir
3422 4242 3552 4310 ejus
3574 4244 3748 4312 caput
3781 4241 4008 4296 mulie-

2289 4330 2390 4396 ris,
2425 4330 2610 4385 t‘actus
2648 4334 2735 4383 est
2765 4328 3029 4383 Christus
3061 4332 3237 4399 caput
3261 4329 3365 4383 viri
3397 4330 3445 4399 (Ι
3474 4328 3598 4384 Cor.
3631 4345 3707 4395 ιι,
3742 4328 3827 4399 3).
3872 4329 4006 4385 Jarn

2288 4420 2497 4476 mulier
2519 4419 2826 4474 ordinatur
2844 4419 2901 4474 in
2927 4419 3059 4484 ﬁde,
3088 4423 3143 4475 et
3166 4419 3379 4490 regitur
3403 4419 3548 4474 bene
3570 4417 3818 4473 victura.
3845 4420 4013 4476 Post.-

2289 4526 2536 4580 eaquam
2568 4508 2788 4563 audivit
2821 4510 2948 4575 hoc,
2982 4510 3087 4579 Ego
3114 4524 3233 4563 sum
3264 4510 3359 4578 qui
3397 4508 3585 4578 loquor
3630 4513 3833 4577 tecum,
3880 4510 4011 4579 jam

2291 4604 2442 4659 ultra
2475 4602 2614 4672 quid
2639 4599 2896 4669 diceret;
2932 4601 3163 4670 quando
3197 4598 3457 4654 Christus
3482 4597 3767 4654 Dominus
3814 4600 4013 4655 mani-

2292 4692 2501 4748 festare
2531 4708 2593 4747 se
2624 4690 2802 4745 voluit
2833 4689 3085 4753 mulieri,
3127 4690 3219 4743 cui
3251 4689 3489 4754 dixerat,
3535 4688 3701 4743 Crede
3735 4690 3885 4743 mihi
3914 4694 3943 4743 .9

2362 4782 2447 4836 29.
2468 4782 2535 4836 Et
2564 4780 2823 4835 continuo
2845 4777 3537 4849 veneruntdiscipuliejus,
3556 4778 3616 4847 tet
3650 4778 4016 4834 mirabantur

2289 4874 2417 4944 quia
2446 4886 2567 4925 cum
2602 4870 2829 4924 muliere
2853 4868 3186 4940 loquebatur.
3212 4869 3357 4931 Quia
3380 4867 3670 4938 quaerebat
3691 4869 4011 4938 perditam,

2291 4962 2392 5033 qui
2423 4965 2657 5015 venerat
2679 4973 2936 5030 quaerere
2958 4957 3105 5028 quod
3133 4957 3401 5027 perierat,
3435 4956 3544 5012 hoc
3593 4955 3676 5009 illi
3709 4955 4016 5012 miraban-

2292 5060 2400 5105 tur.
2428 5055 2647 5105 Bonum
2664 5047 2818 5103 enim
2843 5047 3349 5115 mirabantur,non
3372 5044 3590 5101 malum
3610 5045 4015 5112 suspicaban-

2291 5145 2404 5195 tur.
2437 5140 2604 5194 Nemo
2633 5142 2818 5192 tamen
2848 5136 2997 5192 dixit
3027 5154 3045 5190 :
3081 5136 3219 5203 Quid
3250 5134 3458 5206 quaeris
3488 5133 3732 5206 autquid
3755 5135 4017 5206 loqueris

2290 5246 2413 5285 cum
2437 5244 2501 5283 ea
2520 5228 2555 5282 Ρ

2362 5322 2450 5377 30.
2478 5320 2719 5390 Reliquit
2746 5333 2871 5388 ergo
2902 5317 3160 5388 hydriam
3191 5331 3347 5370 suam
3380 5315 3597 5370 mulier.
3634 5314 3875 5379 Audito,
3910 5316 4021 5387 Ego

2290 5429 2412 5468 sum
2432 5413 2525 5483 qui
2557 5411 2750 5480 loquor
2775 5413 2971 5475 tecum,
3023 5411 3081 5461 et
3120 5411 3350 5477 recepto
3378 5406 3434 5460 in
3487 5420 3584 5461 cor
3628 5403 3867 5460 Christo
3905 5406 4021 5460 Du-

2294 5503 2453 5557 mino
2485 5500 2625 5571 quid
2661 5499 2893 5564 faceret,
2943 5497 3054 5551 nisi
3089 5498 3213 5565 jam
3266 5494 3531 5567 bydriam
3578 5492 3929 5560 dimitteret,
3965 5498 4026 5549 et

2326 5590 2687 5660 vangelizare
2717 5591 2974 5644 curreret
3001 5587 3029 5642 ?
3056 5584 3299 5655 Proiecit
3327 5584 3731 5655 cupiditatem,
3760 5586 3826 5637 et
3878 5599 4027 5654 pru-

2361 5691 2373 5723 ¹
2404 5688 2462 5738 In
2492 5702 2585 5738 sex
2620 5691 2766 5747 Mss.,
2796 5686 2913 5749 plus
2941 5688 3068 5736 esset
3098 5699 3128 5734 a
3154 5682 3425 5749 propheta.
