4126 6194
180 308 303 369 1521

185 445 363 520 peravit
412 440 750 499 aununtiare
810 440 1125 497 veritatem.
1190 437 1429 493 Discant
1476 436 1573 508 qui
1622 436 1827 492 volunt

183 533 539 607 evangelizare,
578 529 888 604 projiciaut
918 530 1179 602 hydriam
1210 530 1280 584 ad
1325 532 1585 600 puteum.
1622 528 1825 582 Recor-

184 626 359 683 damiui
387 622 519 694 quid
550 622 821 692 superius
853 619 1095 676 dixerim
1129 620 1199 675 de
1251 618 1454 691 hydria
1487 634 1501 672 :
1553 633 1652 673 vas
1702 619 1826 671 erat

185 718 298 772 unde
315 729 454 784 aqua
473 710 861 774 hauriebatur,
887 725 1072 780 graeco
1096 710 1328 765 nomine
1350 706 1679 780 appellatur
1717 706 1822 777 hy.

182 806 290 872 dria,
317 802 579 875 quoniam
610 817 794 873 graece
826 796 972 873 ὕδωρ
1004 817 1157 870 aqua
1182 798 1428 863 dicitur;
1467 802 1747 867 tanquam
1776 796 1825 851 si

180 893 427 966 aquarium
452 892 751 957 diceretur.
787 891 1033 961 Projecit
1055 905 1190 961 ergo
1238 888 1525 959 hydriam,
1551 904 1674 958 qua:
1702 888 1823 956 jam

180 1003 262 1041 non
292 983 431 1051 usui,
462 983 560 1039 sed
592 982 751 1037 oneri
796 981 904 1036 fuit
936 999 949 1037 :
984 981 1154 1036 avida
1202 981 1413 1053 quippe
1457 980 1825 1036 desiderabat

178 1093 293 1147 aqua
332 1072 423 1129 illa
462 1072 674 1127 satiari.
714 1070 781 1127 Ut
830 1073 1120 1127 nuntiaret
1169 1070 1681 1137 Christum,oncre
1730 1071 1825 1125 ab-

172 1167 304 1235 jecto,
332 1164 568 1218 cucurrit
596 1162 670 1217 ad
697 1160 999 1226 civitatem,
1031 1164 1083 1215 et
1125 1160 1255 1215 dicit
1302 1161 1417 1215 illis
1458 1160 1775 1216 hominibus
1806 1178 1827 1215 :

181 1258 339 1321 l’enite,
358 1263 406 1310 et
424 1254 593 1309 videte
613 1253 884 1309 hominem
908 1254 1006 1324 qui
1024 1252 1166 1307 mihi
1186 1252 1330 1307 dixit
1347 1255 1532 1308 omnia
1554 1269 1827 1323 quaecum-

176 1362 252 1417 que
273 1344 384 1415 feci.
419 1343 797 1407 Pedetentim,
843 1359 915 1398 ne
962 1342 1045 1396 illi
1096 1343 1257 1411 quasi
1308 1342 1717 1413 irascerentur,
1770 1348 1827 1399 et

178 1436 590 1503 indignarentur,
640 1438 698 1488 et
747 1438 1257 1505 persequerentur.
1307 1434 1507 1501 Venite,
1557 1438 1606 1489 et
1654 1434 1831 1490 videte

178 1528 406 1581 hominem
433 1526 527 1595 qui
554 1525 702 1579 dixit
732 1526 871 1580 mihi
896 1524 1081 1580 omnia
1123 1541 1477 1596 quaecumque
1504 1528 1611 1595 ieci
1632 1546 1648 1580 :
1672 1544 1831 1581 num-

175 1617 277 1686 quid
300 1618 403 1686 irse
422 1619 499 1670 est
520 1614 775 1669 Christus
791 1616 1099 1671 PEasierunt
1116 1614 1178 1669 de
1203 1614 1446 1680 civitate,
1469 1622 1521 1672 et
1541 1620 1830 1673 veniebant

174 1704 366 1761 adeum

229 1797 295 1851 31.
317 1798 373 1850 Et
401 1797 608 1851 interea
629 1795 895 1864 rogabant
916 1811 1039 1851 eum
1059 1795 1320 1867 discipuli
1331 1798 1582 1853 dicentes
1596 1816 1614 1853 :
1636 1798 1829 1867 Rabbi,

178 1886 633 1942 manduca.lerant
661 1888 816 1942 enim
850 1902 1038 1942 emere
1078 1886 1238 1943 cibos
1285 1893 1341 1944 et
1392 1894 1689 1944 venerant.
1732 1890 1829 1946 Ille

173 1982 311 2032 autem
329 1978 466 2031 dixit
486 1993 504 2031 :
525 1976 650 2046 Ego
670 1975 837 2031 habeo
857 1976 1041 2032 cibum
1061 1979 1398 2033 manducare
1426 1995 1583 2049 quem
1607 1995 1695 2034 vos
1716 1996 1823 2035 non

178 2067 308 2124 uitis.
336 2066 580 2123 Dicebant
614 2082 749 2140 ergo
777 2066 1039 2138 discipuli
1076 2067 1145 2121 ad
1190 2070 1428 2124 invicem
1480 2085 1495 2125 :
1549 2070 1824 2141 Numquid

176 2158 335 2228 aliquis
352 2158 529 2213 attulit
549 2158 612 2214 ei
634 2156 963 2212 manducare
983 2158 1158 2222 ?Quid
1187 2158 1400 2214 mirum
1425 2160 1469 2214 si
1499 2160 1822 2219 mulierilla

175 2247 606 2311 nouiutelligebat
627 2264 839 2317 aquam
863 2247 891 2302 ‘t
910 2262 1039 2302 ecce
1061 2246 1334 2319 discipuli
1362 2250 1615 2305 nondum
1654 2250 1820 2307 intel-

171 2334 317 2408 ligunt
341 2353 549 2393 escam.
587 2336 822 2392 Audivit
852 2340 1048 2391 autem
1082 2337 1459 2407 cegitationes
1481 2337 1739 2403 illorum,
1764 2345 1818 2395 et

165 2426 255 2493 jam
273 2427 489 2482 instruit
519 2438 590 2483 ut
623 2426 937 2498 magister;
972 2443 1085 2481 non
1138 2442 1241 2497 per
1286 2428 1618 2497 circuitum,
1673 2432 1817 2486 sicut

167 2514 284 2571 illam
302 2517 458 2588 cujus
479 2516 682 2572 adhuc
700 2516 888 2573 virum
914 2516 1260 2589 requirebat,
1285 2520 1384 2573 sed
1402 2518 1527 2588 jam
1572 2524 1768 2589 aperte
1799 2535 1815 2575 :

166 2605 284 2675 leas,
308 2607 503 2679 inquit,
536 2610 701 2663 cibus
728 2613 807 2664 est
838 2615 899 2663 ut
927 2608 1133 2677 faciam
1170 2609 1516 2663 voluntatem
1556 2612 1670 2680 ejus
1722 2611 1818 2682 qui

166 2695 391 2754 misitme.
426 2699 573 2769 Ergo
609 2705 667 2753 et
698 2704 868 2769 potus
900 2700 1023 2769 ipse
1054 2703 1179 2753 erat
1220 2699 1275 2753 in
1320 2699 1420 2753 illa
1461 2702 1717 2767 muliere,
1754 2707 1817 2755 ut

167 2787 328 2843 faceret
347 2789 706 2845 voluntatem
730 2791 876 2859 ejus,
900 2791 998 2861 qui
1024 2790 1263 2845 miserat
1303 2806 1458 2845 eum.
1491 2793 1621 2847 Ideo
1663 2794 1815 2848 dice-

167 2875 250 2943 bat,
272 2878 413 2944 Sitio,
442 2879 514 2935 da
543 2879 695 2934 mihi
723 2880 956 2942 habere;
985 2878 1206 2935 scilicet
1226 2880 1476 2936 utﬁdem
1501 2882 1558 2936 in
1590 2898 1658 2939 en
1680 2901 1815 2956 ope-

165 2974 353 3037 raretur,
369 2976 417 3023 et
440 2970 621 3025 tidem
653 2969 782 3038 ejus
808 2970 1047 3037 biberet,
1072 2975 1128 3024 et
1150 2986 1276 3024 eam
1302 2971 1359 3024 in
1383 2987 1592 3042 corpus
1638 2990 1810 3029 suum

166 3057 395 3125 trajiceret
416 3074 428 3113 :
453 3076 671 3131 corpus
692 3059 847 3114 enim
871 3060 995 3127 ejus
1020 3060 1291 3116 Ecclesia.
1322 3062 1441 3132 ipse
1456 3070 1702 3134 estergo,
1724 3063 1813 3119 in-

165 3147 274 3214 quit,
300 3150 435 3204 cibus
465 3166 626 3206 meus
668 3154 729 3204 ut
773 3151 977 3219 faciam
1024 3150 1362 3206 voluntatem
1416 3152 1533 3222 ejus
1588 3156 1685 3226 qui
1731 3171 1815 3211 me

166 3236 294 3293 misit.

212 3325 279 3382 32.
305 3327 477 3386 Nonne
506 3346 609 3386 vos
636 3328 821 3385 dicitis
878 3331 1018 3402 quod
1073 3331 1257 3387 adhuc
1312 3337 1547 3403 quatuor
1601 3350 1815 3390 menses

166 3420 272 3482 sunt,
298 3422 339 3472 et
363 3422 548 3475 messis
586 3420 780 3475 venit?
818 3421 879 3475 In
924 3437 1071 3492 opus
1113 3422 1387 3489 fervebat,
1422 3428 1477 3477 et
1516 3425 1811 3496 operarios

166 3505 338 3562 mittere
367 3510 731 3581 disponebat.
764 3510 877 3567 Vos
909 3516 1159 3583 quatuor
1190 3528 1423 3568 menses
1458 3516 1811 3585 computatis

166 3608 303 3664 usque
326 3599 387 3653 ad
408 3615 695 3657 messem:
720 3616 824 3671 ego
846 3600 1007 3656 vobis
1029 3600 1202 3657 aliam
1245 3618 1493 3658 messem
1534 3602 1724 3659 albam
1760 3609 1816 3660 et

169 3694 367 3751 paratam
388 3692 651 3747 ostendo.
687 3693 828 3747 Ecce
855 3690 973 3746 dico
996 3692 1159 3755 vobis,
1187 3692 1358 3748 levate
1378 3693 1561 3749 oculos
1589 3704 1812 3763 vestros,

168 3783 201 3827 et
223 3776 361 3833 videte
387 3783 516 3851 quia
531 3786 573 3853 j
581 3798 671 3836 am
699 3781 847 3838 albae
874 3789 1005 3837 sunt
1024 3781 1270 3853 regiones
1289 3782 1357 3837 ad
1380 3799 1631 3839 messem.
1668 3785 1813 3858 Ergo

171 3882 395 3927 messores
418 3874 720 3930 missurus
741 3880 848 3929 est.
875 3875 935 3930 In
966 3874 1063 3929 hoc
1088 3873 1237 3929 enim
1258 3880 1338 3929 est
1364 3876 1583 3930 verbum
1606 3893 1813 3947 verum,

170 3959 265 4025 quia
288 3963 415 4019 alius
443 3972 523 4020 est
554 3966 657 4035 qui
688 3967 868 4032 metit,
900 3966 1052 4020 alius
1090 3967 1191 4034 qui
1237 3968 1472 4020 seminat
1502 3984 1522 4022 :
1552 3972 1612 4021 ut
1642 3976 1691 4023 et
1720 3970 1820 4038 qui

169 4051 347 4106 seminat
366 4055 531 4110 simul
559 4054 799 4127 gaudeat
830 4060 880 4110 et
900 4056 995 4126 qui
1024 4059 1197 4112 metit.
1223 4060 1343 4125 Ego
1368 4057 1497 4111 misi
1515 4073 1599 4111 vos
1620 4066 1819 4114 metere

169 4142 271 4205 quod
291 4158 372 4199 vos
406 4162 510 4201 non
568 4145 863 4203 laborastis
892 4162 912 4201 ,ο
943 4146 1047 4201 alii
1096 4147 1500 4213 laboraverunt,
1523 4157 1575 4201 et
1617 4165 1704 4203 vos
1754 4150 1814 4205 in

172 4228 355 4287 laborem
380 4251 564 4292 eorum
603 4238 898 4293 introistis.
932 4237 1078 4301 Quid
1113 4237 1294 4308 ergo?
1325 4255 1607 4295 messores
1631 4240 1813 4309 misit,

171 4334 255 4375 non
278 4326 642 4383 seminatores
662 4327 688 4381 ‘l
706 4330 827 4394 Quo
851 4343 1141 4383 messores
1162 4326 1190 4383 ‘t
1212 4327 1315 4383 Ubi
1353 4331 1473 4399 jam
1515 4329 1613 4385 alii
1665 4330 1820 4386 labo-

173 4412 407 4461 merant.
438 4407 591 4464 Nam
624 4409 721 4463 ubi
745 4410 869 4479 jam
899 4408 1225 4464 laboratum
1248 4415 1392 4477 erat,
1420 4410 1620 4481 utique
1643 4411 1822 4467 semi-

173 4496 325 4550 natum
352 4502 500 4568 erat;
530 4502 594 4555 et
620 4499 776 4569 quod
800 4498 1155 4554 semiustum
1190 4504 1334 4567 erat,
1358 4500 1483 4569 jam
1517 4504 1817 4556 maturum

174 4586 489 4658 entlactutn,
519 4588 727 4646 falcem
751 4598 805 4645 et
827 4589 1094 4645 trituram
1127 4590 1509 4647 desiderabat.
1530 4594 1651 4659 Quo
1687 4610 1819 4666 ergo

171 4680 301 4730 erant
316 4693 588 4737 messores
612 4680 882 4737 mittendi
907 4682 935 4736 ?
954 4680 1061 4736 Ubi
1076 4682 1197 4752 jam
1226 4681 1531 4755 Prophetas
1550 4686 1822 4754 prtsdica-

172 4773 330 4821 verant
350 4792 362 4835 ;
383 4770 488 4840 ipsi
510 4773 669 4828 enim
692 4772 1098 4827 seminatores.
1128 4772 1271 4827 Nam
1296 4772 1344 4827 si
1369 4772 1478 4843 ipsi
1502 4790 1615 4830 nou
1649 4777 1822 4830 sami-

172 4857 380 4924 natores,
418 4862 570 4916 unde
614 4862 685 4916 ad
736 4860 891 4916 illam
939 4861 1236 4917 mulierem
1290 4869 1649 4934 pervenerat,
1701 4865 1821 4920 Scio

172 4945 274 5009 quia
294 4947 492 5004 Messias
514 4952 739 5007 veniet?
766 4951 895 5007 Jam
920 4951 1033 5008 ista
1065 4952 1276 5008 mulier
1308 4956 1525 5009 fructus
1558 4959 1821 5009 maturus

171 5043 280 5103 erat,
305 5041 355 5093 et
381 5045 546 5096 erant
574 5040 714 5097 albae
737 5057 974 5111 messes,
1000 5048 1058 5097 et
1090 5043 1291 5099 falcem
1317 5047 1672 5115 quaerebant.
1705 5043 1825 5098 Misi

170 5134 235 5175 vos
257 5141 372 5194 ergo
406 5146 418 5184 :
450 5146 571 5201 quo
593 5130 620 5185 ‘l
652 5134 854 5187 Meiere
878 5132 1017 5202 quod
1032 5148 1142 5188 non
1163 5134 1478 5189 seminastis
1503 5149 1515 5187 :
1539 5135 1639 5189 alii
1660 5135 1825 5188 semi-

170 5223 416 5285 naverunt,
445 5229 496 5276 et
527 5236 617 5275 vos
640 5222 695 5274 in
722 5221 930 5277 labores
966 5237 1159 5278 eorum
1192 5224 1486 5278 introistis.
1519 5224 1625 5287 Qui
1659 5223 1821 5278 labo-

172 5309 441 5363 raverunt?
477 5312 604 5380 lpse
636 5311 957 5378 Abraham,
992 5313 1177 5381 Isaac,
1208 5320 1265 5369 et
1293 5313 1493 5369 Jacoh.
1520 5314 1712 5385 Legite
1737 5313 1822 5369 la-

174 5388 543 5457 boreseorum:
579 5401 634 5458 in
654 5403 1250 5461 omnibuslaboribus
1290 5420 1487 5461 eorum
1524 5404 1826 5477 prophetia

174 5479 453 5555 Christi;et
484 5492 614 5550 ideo
638 5495 1039 5551 seminatores.
1091 5496 1317 5566 Moyses
1373 5504 1425 5551 et
1475 5495 1664 5550 cteteri
1718 5500 1823 5550 Pa-

176 5572 398 5667 trisrchse
418 5587 474 5638 et
493 5600 690 5641 omnes
731 5586 1048 5657 Prophetas,
1099 5592 1316 5657 quanta
1356 5587 1720 5658 pertulerunt
1766 5588 1826 5645 in

176 5660 251 5719 illo
278 5668 474 5741 frigore
506 5676 737 5743 quando
766 5677 1177 5735 seminabact?
1207 5678 1354 5749 Ergo
1380 5680 1500 5749 jam
1536 5677 1593 5731 in
1624 5678 1828 5734 Judaea

1319 297 1783 359 TRACTA'I‘US
1827 296 1985 357 XVI.
2032 300 2283 363 CAPUT
2330 304 2437 365 IV.

3492 315 3647 376 1522

1936 437 2147 494 messis
2170 448 2370 511 parata
2390 447 2531 497 erat.
2559 442 2758 499 Merito
2782 442 2859 499 ibi
2880 448 3159 516 tanquam
3203 450 3430 502 matura
3470 466 3636 520 seges

1936 525 2062 594 fuit,
2092 530 2322 598 quando
2348 535 2429 586 tot
2452 532 2762 590 hominum
2787 533 2968 589 millia
2993 534 3177 606 pretia
3193 552 3384 591 rerum
3402 552 3641 593 suarum

1935 617 2269 686 efferebant,
2294 628 2349 677 et
2371 623 2439 677 ad
2469 626 2639 694 pedes
2683 624 3097 697 Apostolorum
3138 632 3441 698 ponentes,
3475 644 3641 699 expe-

1935 710 2072 766 ditis
2097 710 2357 769 humeris
2377 733 2407 770 a
2431 717 2680 773 sarcinis
2704 718 3102 786 saecularibus,
3130 718 3427 775 Christum
3452 720 3645 775 Domi-

1936 816 2077 855 num
2112 806 2540 872 sequebantur:
2574 822 2703 862 vere
2746 812 2976 862 matura
3029 809 3256 864 messis.
3308 808 3457 875 Quid
3508 810 3643 865 inde

1934 886 2147 943 factum
2177 890 2309 945 est?
2338 892 2415 947 De
2450 893 2575 964 ipsa
2608 910 2795 951 messe
2825 896 3007 967 ejecta
3033 903 3171 952 sunt
3219 913 3401 968 pauca
3438 913 3643 969 grana,

1935 981 1992 1032 et
2018 979 2449 1038 seminaverunt
2471 984 2668 1040 urbem
2694 989 3005 1053 terrarum,
3022 986 3409 1058 etsurgitalia
3432 987 3642 1043 messis

1935 1084 2062 1138 quis
2086 1068 2141 1123 in
2164 1070 2276 1126 fine
2298 1073 2493 1129 saeculi
2514 1077 2782 1131 metenda
2804 1081 2908 1132 est.
2927 1076 3005 1132 De
3027 1076 3139 1133 ista
3174 1093 3363 1133 messe
3407 1077 3640 1143 dicitur,

1937 1158 2043 1225 Qui
2098 1163 2373 1219 seminant
2434 1166 2491 1219 in
2545 1167 2826 1238 lacrymis,
2878 1168 2933 1221 in
2983 1166 3184 1237 gaudio
3226 1169 3429 1223 metent
3470 1167 3641 1238 (Psal.

1936 1263 2098 1315 cxxv,
2131 1250 2207 1322 5).
2243 1254 2322 1307 Ad
2373 1252 2547 1311 istam
2585 1272 2719 1327 ergo
2760 1272 3006 1312 messem
3045 1274 3157 1311 non
3206 1255 3487 1328 Apostoli,
3539 1256 3641 1311 sed

1936 1339 2135 1407 Angeli
2188 1344 2490 1400 mittentur
2551 1364 2563 1401 :
2626 1347 2909 1412 Messores,
2970 1346 3181 1419 inquit,
3241 1346 3457 1419 Angeli
3510 1351 3643 1401 sunt

1937 1428 2148 1498 (.llatth.
2169 1450 2292 1500 xm,
2311 1435 2422 1506 39).
2454 1437 2571 1492 Ista
2593 1453 2729 1508 ergo
2754 1436 2964 1491 messis
2986 1438 3189 1492 crescit
3212 1437 3367 1491 inter
3397 1436 3641 1501 zizania,

1938 1523 1993 1573 et
2014 1528 2310 1591 exspectat
2329 1525 2559 1597 purgari
2581 1526 2638 1581 in
2665 1526 2799 1581 ﬁne.
2827 1526 2929 1581 [lla
2958 1542 3090 1581 vero
3132 1525 3343 1580 messis
3361 1524 3483 1595 jam
3516 1539 3642 1580 ma-
3686 1532 3699 1541 ’

1942 1612 2073 1663 tura
2091 1617 2230 1682 erat,
2256 1630 2367 1685 quo
2394 1616 2557 1685 prius
2582 1615 3202 1685 missisuntdiscipuli,
3228 1614 3326 1669 ubi
3347 1613 3645 1684 Prophetas

1939 1696 2367 1759 laboraverunt.
2398 1706 2505 1761 Sed
2533 1712 2745 1773 tamen,
2772 1706 2995 1769 fratres,
3019 1706 3208 1761 videte
3243 1704 3379 1776 quid
3421 1702 3645 1759 dictum

1938 1788 2011 1843 sit
2042 1806 2057 1844 :
2092 1790 2270 1849 Simul
2293 1796 2529 1863 gaudeat
2550 1801 2601 1851 et
2630 1798 2723 1868 qui
2741 1798 2975 1853 seminat
3004 1800 3055 1851 et
3095 1796 3192 1869 qui
3220 1794 3397 1851 metit.
3431 1792 3643 1865 Dispa-

1936 1896 2028 1936 res
2053 1883 2068 1916 '
2090 1887 2370 1958 temporis
2392 1888 2616 1943 labores
2639 1887 3003 1944 habuerunt:
3030 1887 3127 1944 sed
3162 1886 3373 1959 gaudio
3426 1885 3642 1958 pariter

1936 1981 2323 2052 perfruentur,
2359 1978 2682 2034 mercedem
2714 1977 2884 2033 simul
2926 1976 3216 2049 accepturi
3268 1981 3410 2032 sunt
3456 1976 3636 2031 vitam

1932 2077 2227 2129 mter-nam.

1999 2163 2087 2216 33.
2124 2163 2202 2216 Ex
2230 2160 2449 2215 civitate
2476 2167 2656 2213 autem
2678 2156 2784 2213 illa
2802 2158 2965 2213 mulli
3012 2157 3358 2213 crediderunt
3406 2153 3467 2211 in
3513 2171 3637 2211 eum

1929 2248 2297 2314 Samaritani,
2320 2256 2542 2318 propter
2564 2250 2787 2302 verbum
2816 2249 3070 2303 mulieris
3102 2248 3477 2302 testimonium
3507 2240 3633 2316 per-

1927 2341 2179 2407 hibenlis,
2214 2340 2350 2407 Quia
2380 2338 2524 2393 dixit
2554 2337 2693 2392 mihi
2719 2336 2906 2392 omnia
2938 2352 3290 2408 quacumque
3334 2337 3465 2404 feci.
3499 2335 3634 2390 Cum

1924 2429 2201 2485 venissent
2225 2435 2407 2484 autem
2427 2429 2497 2483 ad
2516 2444 2640 2483 eum
2670 2426 3032 2494 Samaritani,
3056 2429 3383 2497 rogaverunt
3407 2434 3465 2481 ut
3486 2424 3633 2490 apud

1924 2536 2013 2577 eos
2044 2526 2313 2587 maneret,
2347 2524 2397 2575 et
2426 2517 2631 2574 mansit
2657 2515 2741 2572 ibi
2776 2516 2911 2572 duos
2945 2518 3082 2572 dies.
3115 2518 3183 2571 Et
3229 2517 3404 2572 multo
3442 2516 3630 2587 plures

1924 2610 2268 2667 crediderunt
2290 2618 2509 2679 propter
2524 2623 2827 2663 sermonem
2843 2607 2959 2676 ejus
2981 2624 2998 2661 :
3024 2614 3075 2663 et
3093 2607 3318 2662 mulieri
3336 2604 3628 2663 dicebant:

1928 2700 2065 2767 Quia
2078 2700 2198 2770 jam
2211 2717 2322 2754 non
2333 2702 2719 2770 proptertuam
2732 2697 3011 2769 loquelam
3026 2696 3293 2752 credimus
3311 2716 3333 2763 ,-
3351 2697 3463 2768 ipsi
3482 2696 3631 2752 enim

1924 2806 2021 2845 nos
2049 2790 2387 2855 audivimus,
2420 2798 2469 2843 et
2506 2789 2704 2843 scimus
2752 2786 2883 2859 quia
2936 2786 3029 2842 hic
3082 2794 3159 2842 est
3214 2802 3337 2842 vere
3384 2786 3633 2843 Salvator

1925 2881 2139 2935 rnundi.
2169 2881 2236 2934 Et
2262 2880 2368 2933 hoc
2393 2878 2697 2949 paululum
2722 2877 3302 2932 animadvertendum
3346 2880 3457 2944 est,
3494 2876 3631 2949 quia

1923 2969 2089 3025 lectio
2112 2970 2419 3024 terminata
2452 2972 2558 3023 est.
2595 2966 2795 3021 Mulier
2842 2967 3095 3036 primum
3136 2967 3448 3031 nuntiavit,
3473 2971 3530 3023 et
3558 2967 3629 3022 ad

1926 3059 2185 3115 mulieris
2217 3057 2611 3113 testimonium
2645 3056 3016 3112 crediderunt
3058 3056 3427 3124 Samarttani,
3456 3062 3513 3113 et
3533 3076 3627 3114 ro-

1924 3154 2205 3222 gaverunt
2228 3166 2360 3205 eum
2387 3153 2449 3204 ut
2472 3148 2625 3219 apud
2670 3162 2767 3203 eos
2796 3151 3074 3213 maneret,
3100 3155 3153 3203 et
3188 3148 3403 3204 mansit
3426 3148 3503 3203 ibi
3540 3150 3629 3205 bi-

1924 3244 2057 3309 duo,
2082 3245 2139 3296 et
2166 3242 2357 3311 plures
2382 3238 2793 3294 crediderunt:
2829 3242 2885 3293 et
2925 3255 3058 3293 cum
3097 3238 3500 3307 credidissent,
3538 3240 3628 3294 di-

1924 3332 2131 3386 sebant
2161 3330 2410 3393 mulieri,
2445 3330 2563 3384 Non
2592 3329 2703 3397 jam
2732 3334 2950 3400 propter
2987 3327 3211 3385 verbum
3254 3337 3408 3384 tuum
3454 3329 3626 3384 credi-

1923 3438 2062 3487 mus,
2094 3421 2184 3477 sed
2219 3420 2327 3491 ipsi
2354 3420 2727 3490 cognovimus,
2755 3428 2805 3476 et
2826 3422 3026 3473 scimus
3054 3420 3185 3489 quia
3240 3433 3367 3473 vere
3415 3418 3503 3474 hic
3549 3425 3627 3475 est

1922 3512 2177 3567 Salvator
2198 3510 2423 3573 mundi;
2457 3511 2641 3582 primo
2666 3526 2761 3579 per
2781 3512 2995 3564 famam
3021 3509 3059 3571 ’,
3110 3516 3304 3578 postea
3344 3523 3444 3579 per
3484 3526 3626 3579 pras-

1922 3604 2190 3661 sentiam.
2224 3601 2317 3657 Sic
2338 3602 2528 3671 agitur
2558 3599 2727 3654 hodie
2768 3615 2899 3653 cum
2946 3598 3027 3653 eis
3070 3598 3167 3669 qui
3202 3598 3340 3653 foris
3379 3603 3540 3670 sunt,
3572 3606 3629 3654 et

1924 3696 2181 3751 nondum
2208 3697 2345 3747 sunt
2368 3690 2670 3746 christiani
2702 3706 2713 3743 :
2738 3689 3000 3745 Christus
3025 3688 3329 3744 nuntiatur
3350 3703 3453 3761 per
3472 3689 3627 3747 chri-

1924 3786 2150 3841 stianos
2168 3782 2418 3847 amicos;
2440 3784 2715 3849 tanquam
2741 3777 2842 3833 illa
2862 3777 3126 3845 muliere,
3151 3776 3258 3834 hoc
3276 3783 3361 3834 est
3376 3778 3630 3836 Ecclesia

1926 3872 2308 3929 annuntiante
2327 3912 2340 3937 ,
2366 3870 2436 3925 ad
2460 3868 2757 3925 Christum
2780 3866 3044 3933 veniunt,
3069 3869 3312 3924 credunt
3332 3884 3433 3939 per
3454 3867 3629 3926 istam

1926 3970 2138 4024 famam
2163 3981 2176 4031 ;
2202 3965 2397 4016 manet
2420 3960 2572 4031 apud
2605 3974 2701 4014 eos
2738 3957 2934 4024 biduo,
2962 3958 3066 4014 hoc
3105 3963 3214 4028 est,
3234 3960 3331 4015 dat
3372 3959 3487 4017 illis
3518 3961 3633 4017 duo

1930 4056 2216 4123 praecepta
2235 4049 2564 4117 charitatis;
2584 4052 2641 4105 et
2664 4050 2844 4105 multo
2869 4048 3063 4119 plures
3084 4053 3140 4105 et
3164 4049 3387 4104 firmius
3418 4049 3475 4105 in
3499 4066 3632 4107 eum

1929 4142 2196 4210 credunt,
2232 4140 2511 4212 quoniam
2543 4156 2675 4197 vere
2706 4141 2831 4212 ipse
2859 4144 2949 4196 est
2975 4138 3235 4195 Salvator
3266 4138 3493 4195 mundi.

2507 4265 2933 4323 TRACTATUS
2973 4265 3120 4323 XVI.

1927 4379 2075 4434 Abeo
2104 4376 2551 4449 Evangeliiloco,
2570 4376 2861 4430 Postduos
2884 4379 3081 4430 autem
3108 4374 3230 4428 dies
3246 4372 3386 4427 exiit
3404 4371 3559 4439 inde,
3580 4377 3639 4428 et

2000 4467 2217 4524 abiitin
2241 4465 2568 4532 Galilaeam;
2594 4480 2764 4535 usque
2785 4463 2855 4517 ad
2898 4463 2973 4522 id,
3008 4462 3077 4517 Et
3117 4460 3358 4517 credidit
3398 4460 3543 4531 ipse,
3577 4466 3635 4517 et

2003 4558 2214 4612 domus
2246 4555 2373 4624 ejus
2404 4557 2543 4609 tota.
2578 4552 2706 4623 Cap.
2741 4567 2817 4622 ιν,
2842 4552 2896 4619 ᾗ.
2928 4550 3123 4605 43ο53.

2004 4688 2052 4739 1.
2073 4682 2361 4738 Hodierna
2382 4678 2715 4751 evangelica
2735 4678 2925 4747 lectio,
2948 4678 3204 4735 hesterni
3234 4678 3346 4736 diei
3368 4678 3634 4751 sequitur

1932 4774 2264 4840 lectionem,
2289 4788 2414 4841 quze
2443 4770 2611 4826 nobis
2635 4770 2704 4825 ad
2729 4769 3152 4841 disputandum
3172 4769 3529 4843 proponitur.
3566 4771 3630 4827 In

1932 4879 2048 4935 qua
2070 4864 2301 4934 quidem
2324 4876 2531 4917 sensus
2554 4876 2668 4915 non
2692 4868 2827 4915 sunt
2867 4858 3307 4931 investigatione
3348 4858 3635 4928 difﬁciles,

1932 4953 2030 5009 sed
2068 4952 2225 5024 digni
2262 4951 2683 5021 praedicatione,
2718 4950 2876 5019 digni
2911 4951 3293 5007 admiratione
3325 4950 3395 5005 de
3436 4948 3632 5002 lauda-

1933 5044 2105 5099 tione.
2132 5042 2376 5097 Proinde
2396 5040 2587 5096 locum
2613 5042 2789 5095 istum
2830 5040 3119 5110 Evangelii
3154 5055 3283 5093 cum
3335 5049 3634 5092 commen-

1932 5136 2162 5191 dalione
2182 5149 2710 5190 commemoramus
2729 5133 3119 5202 potius,quam
3136 5144 3270 5183 cum
3291 5124 3636 5182 difficultate

1932 5230 2270 5281 tractemus.
2296 5223 2440 5279 Abiit
2461 5223 2615 5277 enim
2639 5221 2812 5277 Jesus
2838 5233 2959 5291 post
2977 5220 3217 5274 biduum
3239 5216 3392 5287 quod
3422 5216 3637 5273 fecerat

1934 5316 1991 5370 in
2016 5315 2278 5369 Samaria
2300 5313 2360 5368 in
2384 5312 2667 5369 Galilwam
2690 5310 2785 5364 ubi
2817 5308 3069 5362 nutritus
3093 5309 3236 5361 erat.
3262 5307 3506 5362 Secutus
3528 5323 3633 5362 au-

1935 5410 2051 5461 tem
2074 5404 2437 5474 Evangelista
2463 5402 2543 5455 ait
2567 5417 2579 5454 :
2606 5402 2723 5469 Ipse
2742 5398 2891 5454 enim
2917 5397 3071 5454 Iesus
3102 5396 3473 5454 testimonium
3502 5415 3630 5469 per-

1935 5495 2115 5551 hibuit
2144 5491 2275 5563 quia
2303 5491 2568 5563 propheta
2598 5489 2657 5543 in
2688 5487 3003 5559 patriasua
3034 5488 3289 5545 honorem
3320 5504 3429 5546 non
3451 5487 3635 5545 habet.

2006 5623 2021 5659 1
2055 5622 2111 5670 In
2138 5620 2309 5670 tribus
2336 5617 2481 5675 Mss,
2518 5615 2770 5680 Disparis.

2007 5686 2028 5719 2
2048 5687 2192 5734 Lov..
2226 5698 2317 5744 per
2344 5683 2595 5741 feminam
2622 5695 2631 5727 :
2657 5680 3095 5732 dissentientibus
3127 5680 3282 5731 editis
3302 5680 3417 5731 aliis
3438 5683 3489 5729 et
3512 5681 3636 5728 Mss.
