4146 6186
372 263 528 326 1823

371 402 491 456 Non
517 401 816 470 propterea
832 398 964 467 post
995 394 1232 452 biduum
1257 397 1520 457 discessit
1540 403 1711 460 Jesus
1748 406 1817 461 de
1858 407 2063 463 Sama-

370 489 476 553 ria,
511 490 641 558 quia
691 484 967 541 honorem
1020 486 1074 541 in
1127 487 1392 544 Samaria
1436 507 1550 546 non
1605 492 1900 552 habebat:
1951 514 2064 553 non

369 580 527 637 enim
557 577 822 631 Samaria
853 576 1037 648 patria
1066 576 1255 648 ipsius
1299 586 1437 650 erat,
1471 584 1568 637 sed
1633 585 1887 642 Galilaaa.
1923 590 2065 643 Cum

368 668 693 740 ergoistam
723 666 1071 722 deseruisset
1102 679 1217 722 tam
1258 669 1390 731 cito.
1416 675 1472 725 et
1512 673 1584 727 ad
1623 675 1920 731 Galilaeam
1971 694 2065 732 ve-

368 759 552 814 nisset
579 756 676 812 ubi
696 756 947 811 nutritus
971 766 1118 826 eral;
1144 762 1428 827 quomodo
1451 767 1759 819 attestatur
1781 766 1911 836 quia
1942 782 2067 836 pro-

363 849 525 921 pheta
558 849 617 903 in
639 847 821 918 patria
852 864 957 902 sua
989 848 1245 904 honorem
1276 868 1389 904 non
1412 852 1621 907 habet?
1642 856 1822 926 Magis
1843 858 2071 912 videtur

368 938 629 995 attestari
645 937 904 1009 potuisse
926 940 1072 1007 quod
1100 940 1381 1009 propheta
1416 939 1474 996 in
1516 944 1696 1012 patria
1732 961 1837 1001 sua
1889 946 2067 1002 bono-

367 1044 489 1085 rem
515 1044 629 1083 non
654 1027 901 1095 haberet,
925 1029 971 1083 si
1002 1032 1395 1086 contemneret
1418 1047 1656 1103 pergere
1678 1034 1732 1089 in
1749 1034 2068 1105 Galilieam,

368 1124 422 1174 et
451 1117 510 1173 in
540 1116 797 1172 Samaria
830 1117 1226 1174 remansisset.

436 1206 488 1260 2.
524 1206 792 1262 Inlendat
820 1223 955 1279 ergo
987 1208 1250 1267 Charitas
1280 1216 1470 1269 vestra
1501 1213 1855 1270 insinuatum
1900 1213 2068 1270 nobis

368 1302 483 1340 non
517 1290 809 1339 modicum
860 1304 1312 1353 sacramentum,
1346 1306 1693 1364 suggerente
1736 1300 1980 1357 Domino
2011 1307 2068 1356 et

366 1378 618 1429 donante
640 1384 1033 1447 quodtoqoai.
1061 1392 1451 1441 Qudﬁatluucm
1476 1394 1828 1456 prOpositam
1855 1406 2065 1460 cogno-

370 1481 556 1531 Vistis,
582 1483 930 1522 soiuttouetn
952 1491 1077 1535 ejus
1101 1488 1405 1541 exquirite.
1426 1480 1532 1528 bed
1571 1488 1903 1547 repetamus
1946 1496 2068 1549 pro-

367 1569 737 1629 positionem,
775 1578 836 1613 ut
867 1581 1213 1617 soiotionetn
1266 1566 1714 1621 desiderabilem
1765 1576 2067 1625 lacrumas.

368 1650 554 1702 Movet
579 1667 685 1703 nos
726 1668 823 1704 eor
872 1660 1237 1723 evangelista
1282 1669 1512 1723 uixerit,
1545 1660 1664 1729 Ipse
1714 1672 1861 1713 enim
1916 1658 2071 1713 Jesus

367 1743 743 1797 testimonium
761 1752 1037 1813 perhibuit
1068 1757 1206 1818 quod
1218 1753 1476 1821 prati/tetu
1498 1752 1559 1803 in
1579 1753 1771 1820 patria
1789 1767 1887 1805 sua
1910 1749 2074 1807 hono-

368 1832 483 1886 rem
515 1849 621 1886 non
652 1838 1549 1909 habet.ilocpermotiretenmus
1564 1842 2070 1911 Verbasuperiora,

372 1939 432 1977 ut
454 1940 815 1982 inVentanius
838 1949 935 1982 eui-
961 1946 1067 1985 hoc
1098 1938 1458 2002 Μαιιεειιδιδι
1480 1936 1669 1986 dicere
1705 1936 1981 2000 voluerit;
2015 1938 2069 1987 et

371 2032 701 2073 inVeninius
731 2039 1029 2090 sopenora
1075 2041 1249 2077 verna
1293 2040 1417 2092 ejus
1466 2028 1547 2077 ita
1595 2028 1904 2091 narrantis,
1938 2041 2075 2095 quo-

371 2113 527 2166 niam
563 2124 690 2180 post
733 2123 973 2166 hiduoin
997 2130 1287 2183 proiectus
1311 2126 1397 2168 est
1428 2120 1496 2168 de
1528 2116 1791 2169 Samaria
1822 2131 1875 2168 in
1910 2116 2065 2169 Gali-

371 2204 562 2255 lwum.
593 2207 829 2271 Propter
860 2215 968 2256 nou
1000 2222 1134 2275 ergo
1162 2217 1379 2271 dixisti,
1412 2224 1443 2258 υ
1477 2209 1866 2275 Evangeiista,
1904 2205 2076 2259 testi—

372 2308 635 2348 monium
665 2306 1029 2364 pertimuisse
1067 2305 1266 2352 Jesuui
1298 2296 1458 2368 quod
1495 2310 1774 2368 propheta
1797 2313 1857 2349 in
1889 2306 2077 2366 patria

373 2402 481 2440 sua
503 2400 779 2441 honorem
805 2405 919 2442 non
942 2400 1209 2458 haberet;
1243 2407 1376 2461 quia
1407 2404 1533 2461 post
1567 2400 1811 2444 biduum
1844 2389 2077 2458 reliquit

375 2480 721 2546 Samariam,
755 2490 811 2533 et
849 2494 1180 2550 properat/it
1230 2497 1423 2537 venire
1473 2498 1532 2535 ιιι
1582 2478 1929 2534 ﬁnitimam?
1958 2483 2077 2533 luto

374 2582 507 2623 vero
530 2572 909 2636 quasiVideor
932 2575 1073 2625 mihi
1112 2581 1530 2643 congruentius
1564 2574 1908 2640 intelligere,
1942 2570 2079 2638 quia

376 2660 425 2711 si
450 2657 728 2712 honorem
751 2676 809 2712 in
833 2662 1017 2729 patria
1038 2678 1146 2717 sua
1178 2663 1350 2716 Jesus
1388 2678 1502 2716 non
1544 2662 1803 2727 haberet,
1833 2675 1947 2713 non
2006 2658 2077 2713 ad

378 2762 644 2801 eamdem
662 2748 857 2802 relicta
878 2753 1142 2804 Samaria
1166 2755 1484 2804 testinaret.
1527 2751 1636 2805 Sed
1670 2752 1727 2803 ni
1752 2749 1937 2815 fallor,
1961 2746 2080 2802 imo

380 2853 520 2907 quia
543 2853 734 2893 verum
765 2850 873 2905 est,
896 2852 1085 2896 etnon
1113 2842 1303 2909 taltor,
1327 2844 1532 2896 melius
1553 2841 1710 2894 enim
1752 2855 1930 2909 quam
1952 2854 2080 2910 ego,

386 2932 531 2982 Vidit
562 2931 932 3000 hvangelrsta
963 2936 1099 3002 quid
1131 2942 1368 3001 diceret,
1396 2935 1606 2987 melius
1650 2948 1741 2985 me
1788 2938 2084 2987 veritatem

384 3019 636 3091 videbat,
661 3036 905 3089 qnieam
929 3026 999 3078 de
1020 3037 1244 3093 pectore
1271 3023 1497 3080 Domini
1533 3024 1787 3077 bibebat.
1830 3022 1959 3094 Ipse
1998 3028 2087 3078 est

384 3114 538 3166 enim
559 3111 814 3167 Joannes
840 3120 1214 3187 evangelista,
1238 3120 1339 3186 qui
1362 3120 1513 3171 inter
1536 3131 1739 3170 omnes
1768 3114 2087 3185 discipulos

385 3215 560 3270 super
586 3212 785 3271 pectus
807 3201 1032 3257 Domini
1065 3203 1471 3260 discumbebat
1492 3220 1505 3272 ;
1530 3212 1585 3259 et
1606 3219 1779 3273 quem
1804 3204 2087 3257 Dominus

385 3294 725 3345 charttatcm
748 3294 964 3348 debens
988 3297 1281 3365 omnibus,
1305 3303 1501 3351 tamen
1550 3311 1664 3364 pra:
1705 3296 1925 3349 caeteris
1955 3292 2090 3345 dili-

387 3387 561 3454 gebat
590 3384 768 3455 (Joan.
794 3400 919 3456 xiii,
963 3390 1052 3459 25,
1113 3393 1167 3442 ct
1214 3405 1330 3457 xxi,
1378 3392 1492 3460 20).
1534 3388 1677 3457 Ergo
1716 3388 1812 3441 ille
1862 3386 2085 3440 fallere-

386 3483 503 3545 tur,
536 3490 590 3539 et
619 3491 723 3547 ego
756 3486 908 3534 recta
946 3481 1269 3535 sentirem?
1301 3486 1417 3535 tuto
1468 3482 1519 3535 si
1577 3496 1668 3551 pie
1717 3476 1899 3548 sapio,
1953 3475 2087 3531 obe-

386 3568 611 3622 dienter
637 3570 870 3625 audiam
902 3575 1058 3643 quod
1091 3576 1257 3639 dixit,
1294 3581 1356 3628 ut
1406 3588 1629 3630 merear
1676 3572 1889 3627 sentire
1935 3567 2092 3639 Quod

386 3669 591 3726 sensit.

458 3763 512 3814 3.
543 3760 798 3831 Accipite
847 3760 1063 3832 itaque,
1108 3760 1460 3830 charissimi,
1496 3760 1634 3831 quid
1677 3757 1770 3814 hic
1822 3752 2091 3817 sentiam,

391 3851 518 3906 sine
539 3851 895 3921 prejudicio,
928 3853 978 3908 si
1001 3870 1099 3909 vos
1124 3858 1333 3909 melius
1366 3854 1583 3923 aliquid
1616 3850 1935 3907 senseritis.
1963 3844 2094 3899 Ma-

390 3941 636 4010 gistrum
659 3957 816 3994 enim
844 3958 1021 3997 unum
1046 3959 1249 3998 omnes
1275 3946 1577 4012 habetnus,
1600 3950 1659 3997 et
1681 3944 1738 3995 in
1765 3957 1879 3994 una
1898 3936 2099 3993 schola

395 4032 1023 4101 condiscipulisumus.
1049 4033 1166 4089 Hoc
1189 4052 1321 4107 ergo
1338 4038 1543 4101 sentio,
1568 4039 1625 4088 et
1666 4034 1852 4089 videte
1882 4030 1931 4085 si
1982 4043 2095 4081 non

392 4130 493 4176 aut
522 4137 720 4177 verum
754 4138 861 4192 est,
894 4134 993 4181 aut
1029 4129 1382 4200 prOpinquat
1414 4127 1638 4182 veritati
1690 4129 1841 4194 quod
1887 4122 2096 4179 sentio.

394 4213 459 4268 1h
480 4213 742 4269 Samaria
775 4216 1018 4273 biduum
1052 4222 1204 4288 fecit,
1237 4229 1293 4276 et
1323 4219 1690 4274 crediderunt
1725 4216 1782 4270 in
1824 4231 1955 4269 eum
1989 4214 2095 4267 Sa-

396 4304 667 4360 maritani
700 4320 714 4362 :
750 4310 834 4360 tot
864 4306 987 4363 dies
1022 4310 1079 4364 in
1113 4309 1347 4366 Galiltea
1397 4310 1551 4377 fecit,
1584 4314 1642 4363 et
1691 4322 1806 4361 non
1858 4306 1916 4359 in
1964 4317 2098 4357 eum

394 4394 762 4452 crediderunt
806 4397 1046 4455 Galilei.
1101 4401 1355 4457 Retexite
1402 4401 1488 4456 vel
1540 4398 1771 4455 recolite
1819 4394 2102 4451 memoria

395 4485 653 4542 hesterni
677 4489 788 4544 diei
812 4496 867 4545 et
906 4491 1213 4549 lectionem
1240 4499 1296 4549 et
1322 4508 1672 4550 sermonem.
1718 4490 1885 4545 Venit
1917 4491 1972 4543 in
2007 4492 2098 4544 Sti-

397 4577 655 4648 mariam,
678 4580 776 4634 ubi
798 4596 930 4636 eum
958 4586 1143 4654 primo
1172 4585 1375 4640 mulier
1399 4585 1499 4639 illa
1522 4584 1945 4655 pradicaverat,
1966 4598 2098 4636 cuin

399 4675 512 4728 qua
544 4662 612 4714 ad
649 4668 883 4729 puteum
914 4664 1093 4721 Jacob
1126 4667 1356 4722 locutus
1385 4672 1509 4722 erat
1543 4682 1756 4737 magna
1789 4665 2099 4735 mysteria:

398 4762 464 4801 eo
486 4748 607 4802 viso
629 4748 968 4807 Samaritani
992 4761 1047 4809 et
1073 4756 1273 4811 audito
1297 4757 1670 4811 crediderunt
1694 4772 1749 4810 in
1788 4771 1918 4810 eum
1972 4770 2100 4823 pro-

400 4842 527 4910 pter
557 4850 793 4893 verbum
832 4844 1108 4913 mulieris,
1141 4850 1197 4898 et
1225 4846 1451 4900 ﬁrmius
1473 4843 1846 4899 crediderunt
1872 4855 2105 4914 propter

399 4940 639 4985 verbum
662 4931 810 5000 ejus,
834 4942 883 4987 et
911 4935 1108 5004 plures
1130 4936 1537 4992 crediderunt:
1564 4939 1645 4990 sic
1678 4953 1705 4990 s
1730 4937 1957 5004 :riptutn
1993 4942 2100 4991 est.

401 5020 480 5075 Ini
510 5026 657 5076 tacto
684 5024 1010 5095 bt'iuo(quo
1035 5040 1274 5081 numero
1300 5026 1523 5082 dierum
1554 5029 1791 5098 mystice
1808 5042 2103 5081 commen-

402 5110 567 5163 datus
600 5117 689 5166 est
720 5113 968 5168 duorum
1000 5132 1273 5171 numerus
1324 5122 1765 5187 praeceptorum,
1800 5118 1857 5169 in
1893 5116 2104 5185 quibus

406 5201 634 5254 duobus
662 5218 957 5274 pt'mcupila
981 5214 1095 5260 tota
1120 5208 1229 5261 Lex
1254 5210 1460 5277 pendet
1484 5215 1538 5262 et
1565 5206 1851 5277 Propheta:
1878 5205 2103 5275 [Malth.

408 5293 786 5363 xxti.37-40j.
821 5310 967 5349 sicut
1032 5298 1301 5352 hesterno
1362 5300 1454 5353 die
1514 5313 1617 5351 nos
1666 5297 2107 5351 commendasse

411 5381 802 5452 meministis),
830 5388 1013 5457 pergit
1037 5406 1092 5444 in
1116 5389 1431 5457 Galilaeam,
1456 5394 1513 5444 et
1537 5386 1694 5443 venit
1724 5386 1780 5441 in
1813 5388 2103 5442 civitatem

410 5468 622 5537 (ltitiam
657 5470 924 5536 Grillle,
956 5483 1045 5529 ubi
1084 5496 1292 5549 aquam
1327 5483 1526 5535 vinum
1563 5479 1717 5534 fecit.
1771 5478 1853 5531 Ibi
1912 5482 2106 5533 autem

414 5567 644 5625 quando
664 5574 870 5627 aquam
899 5580 953 5615 in
983 5568 1177 5621 vinum
1205 5576 1507 5635 convertit,
1535 5571 1685 5625 sicut
1734 5566 1932 5621 scribit
1986 5566 2111 5639 ipse

413 5648 686 5719 Joannes,
714 5652 1157 5715 credideruntin
1177 5675 1305 5716 eum
1332 5663 1603 5732 discipuli
1651 5663 1780 5731 ejus
1828 5660 2006 5729 (Joan.
2040 5673 2102 5724 ll,

1312 262 1392 322 IN
1435 264 1770 329 JOANNIS
1815 269 2349 346 EVANGELIUM,
2399 274 2459 336 S.
2506 276 2939 343 AUGUSTINI

3727 292 3889 351 1524

2180 411 2331 485 1-11)
2366 430 2379 468 :
2414 417 2469 469 et
2501 415 2701 486 utique
2733 416 2903 488 plena
2934 425 3057 477 erat
3100 422 3309 478 domus
3346 424 3534 480 turbis
3566 428 3881 484 convivan-

2178 499 2341 555 tium.
2366 506 2597 560 Factum
2615 511 2835 564 esttam
2868 526 3145 583 magnum
3171 513 3544 584 miraculum,
3567 523 3627 571 et
3657 533 3771 573 non
3824 519 3886 574 in

2178 606 2309 647 eum
2347 594 2719 653 crediderunt
2756 601 2869 656 nisi
2898 602 3171 674 discipuli
3223 604 3369 674 ejus.
3404 606 3564 662 Hanc
3594 606 3886 665 civitatem

2178 682 2423 739 Galilaeze
2458 690 2626 742 modo
2646 692 2922 760 repetivit.
2956 695 3019 748 Et
3049 708 3165 751 ecce
3193 696 3424 768 quidam
3452 700 3698 768 regulus,
3730 701 3893 770 cuius

2176 772 2326 843 ﬁlius
2356 774 2773 849 inﬁrmabatur,
2806 785 2956 839 venit
2986 785 3055 840 ad
3083 802 3228 853 eum,
3265 798 3317 844 et
3367 805 3560 861 rogare
3613 794 3771 863 capit
3830 795 3892 844 ut

2176 860 2541 935 descenderet,
2573 867 2641 921 ad
2676 866 2837 924 illam
2871 871 3160 929 civitatem
3183 878 3271 931 vel
3303 860 3570 946 domum,
3591 860 3893 935 emanaret

2176 950 2356 1020 ﬁlium
2387 954 2543 1025 ejus;
2586 955 2882 1029 incipiebat
2915 964 3063 1018 enim
3112 964 3273 1023 mori.
3324 966 3431 1030 Qui
3482 969 3739 1041 rogabat,
3770 986 3888 1026 non

2178 1045 2483 1100 credebat?
2507 1048 2653 1113 Quid
2676 1067 2709 1104 a
2736 1066 2824 1106 me
2850 1064 3149 1125 exspectas
3170 1057 3371 1113 audire
3394 1058 3423 1114 Ἰ
3458 1059 3769 1117 Dominum
3804 1062 3893 1117 in-

2177 1135 2405 1205 terroga
2435 1136 2571 1206 quid
2603 1138 2673 1194 de
2702 1138 2802 1195 illo
2835 1145 3103 1200 senserit.
3140 1146 3394 1218 Rogatus
3425 1150 3580 1206 enim
3627 1151 3767 1208 talia
3800 1167 3888 1208 re-

2179 1226 2411 1294 spondit
2445 1243 2457 1282 :
2492 1226 2613 1284 Nisi
2639 1230 2791 1300 signa
2822 1237 2871 1288 et
2899 1234 3164 1308 prodigia
3193 1238 3467 1308 videritis,
3498 1257 3609 1298 non
3637 1243 3888 1300 creditis.

2179 1315 2384 1383 Arguit
2407 1316 2699 1375 hominem
2733 1321 2793 1377 in
2836 1324 2944 1379 (ide
2978 1327 3257 1398 tepidum,
3306 1336 3406 1385 aut
3458 1331 3754 1403 frigidum,
3786 1338 3892 1388 aut

2179 1406 2415 1461 omnino
2442 1410 2659 1464 nullius
2683 1411 2814 1467 fidei
2850 1429 2864 1469 :
2894 1418 2992 1471 sed
3022 1422 3246 1475 tentare
3275 1422 3604 1493 cupientem
3630 1424 3701 1479 de
3724 1412 3887 1478 sani-

2179 1501 2291 1551 tate
2310 1495 2410 1550 filii
2427 1499 2536 1564 sui,
2552 1501 2737 1570 qualis
2758 1512 2911 1560 esset
2935 1505 3218 1576 Christus,
3234 1512 3367 1582 quis
3405 1520 3577 1583 esset,
3600 1521 3887 1578 quantum

2181 1595 2391 1657 posset.
2416 1586 2599 1645 Verba
2619 1592 2771 1647 enim
2798 1598 3056 1667 rogantis
3078 1600 3430 1669 audivimus,
3455 1604 3891 1659 oordifﬁdentis

2182 1691 2295 1729 non
2330 1676 2595 1733 videmus
2629 1695 2642 1735 :
2676 1682 2775 1737 sed
2809 1682 2905 1739 ille
2937 1689 3354 1759 pronuntiavit,
3388 1692 3485 1763 qui
3513 1694 3757 1748 etverba
3780 1709 3893 1748 au-

2181 1766 2325 1820 divit
2353 1774 2408 1822 et
2454 1783 2553 1823 cor
2599 1770 2869 1843 inspexit.
2918 1776 3173 1849 Denique
3230 1784 3287 1835 et
3342 1781 3465 1851 ipse
3526 1783 3893 1855 Evangelista

2184 1858 2513 1911 testimonio
2538 1862 2884 1918 narrationis
2907 1882 3027 1921 suae
3044 1870 3301 1925 ostendit
3321 1871 3457 1942 quia
3482 1872 3743 1928 nondum
3768 1888 3891 1927 cre-

2181 1945 2425 2014 diderat,
2457 1948 2554 2019 qui
2588 1951 2782 2008 venire
2811 1954 2883 2009 ad
2912 1954 3151 2013 domum
3198 1976 3364 2016 suam
3413 1960 3725 2018 Dominum
3778 1978 3892 2017 cu-

2184 2036 2397 2107 piebat,
2420 2041 2487 2093 ad
2522 2044 2847 2100 sanandum
2884 2046 3065 2104 filium
3091 2051 3236 2120 ejus.
3260 2050 3404 2107 Nam
3440 2058 3816 2123 posteaquam
3837 2051 3891 2107 ei

2182 2128 2517 2183 nuntiatum
2550 2137 2637 2186 est
2665 2149 2875 2191 sanum
2910 2152 3037 2193 esse
3071 2139 3254 2195 tilium
3296 2141 3443 2211 ejus,
3472 2146 3527 2197 et
3576 2142 3789 2197 invenit
3818 2157 3891 2195 ea

2182 2215 2325 2271 hora
2356 2230 2645 2289 sanatum,
2680 2239 2793 2294 qua
2813 2225 2952 2282 hora
2970 2226 3248 2286 Dominus
3271 2231 3513 2297 dixerat,
3541 2231 3700 2298 Vade,
3732 2231 3892 2302 ﬁlius

2183 2312 2309 2361 tuus
2338 2308 2472 2363 vivit
2488 2326 2509 2371 ;
2538 2318 2587 2365 et
2618 2313 2872 2384 credidit,
2910 2316 3120 2389 inquit,
3153 2318 3287 2391 ipse,
3312 2330 3362 2377 et
3391 2321 3579 2376 domus
3607 2337 3722 2388 eius
3754 2324 3891 2377 tota.

2186 2396 2242 2450 Si
2277 2413 2412 2468 ergo
2447 2410 2743 2469 propterea
2772 2404 3018 2462 credidit
3049 2408 3174 2480 ipse
3223 2415 3279 2465 et
3318 2412 3534 2467 domus
3575 2411 3701 2482 ejus
3750 2419 3894 2476 tota,

2186 2487 2327 2561 quia
2358 2489 2658 2547 nuntiatus
2690 2503 2774 2549 est
2805 2495 2856 2549 ei
2891 2496 3045 2553 titius
3077 2500 3201 2570 ejus
3232 2518 3432 2570 sanus,
3460 2508 3516 2558 et
3537 2502 3898 2573 comparavit

2190 2575 2388 2631 horam
2424 2581 2821 2639 nuntiantium
2854 2584 3006 2642 horae
3036 2591 3514 2661 praenuntiantia;
3542 2593 3774 2663 quando
3798 2607 3898 2646 ro-

2188 2668 2381 2738 gabat,
2402 2670 2661 2727 nondum
2693 2675 2980 2732 credebat.
3015 2678 3361 2736 Samaritani
3393 2681 3623 2737 nullum
3657 2680 3895 2754 signum

2190 2765 2644 2827 expectaverant,
2670 2765 2841 2820 verbo
2863 2767 2988 2837 ejus
3028 2770 3435 2827 tantummodo
3478 2771 3849 2827 crediderant
3883 2784 3900 2827 :

2191 2847 2341 2902 cives
2359 2854 2548 2905 autem
2575 2852 2696 2922 ejus
2716 2855 2921 2912 audire
2955 2864 3312 2926 meruerunt,
3348 2861 3466 2916 Nisi
3494 2864 3656 2931 signa
3683 2868 3739 2917 et
3765 2877 3899 2933 pro-

2192 2936 2346 3006 digia
2374 2938 2643 3013 videritis,
2677 2961 2786 3001 non
2816 2950 3088 3012 creditis;
3119 2955 3175 3006 et
3206 2951 3285 3006 ibi
3319 2955 3514 3007 tamen
3551 2952 3701 3009 facto
3733 2956 3902 3009 tanto

2196 3028 2496 3099 miraculo,
2530 3048 2642 3089 non
2675 3036 2919 3093 credidit
2952 3038 3064 3095 nisi
3096 3039 3220 3111 ipse
3262 3046 3318 3097 et
3364 3042 3579 3099 domus
3626 3043 3775 3113 ejus.
3809 3043 3904 3099 Ad

2196 3118 2388 3173 solum
2411 3138 2742 3180 sermonem
2766 3128 3348 3202 credideruntplures
3390 3132 3742 3189 Samaritani
3778 3148 3793 3187 :
3830 3132 3907 3188 ad

2196 3207 2338 3263 illud
2378 3210 2719 3269 miraculum
2753 3216 2870 3271 sola
2899 3218 2998 3273 illa
3030 3219 3235 3276 domus
3255 3220 3521 3290 credidit,
3558 3222 3658 3278 ubi
3684 3224 3909 3278 factum

2195 3305 2303 3353 est.
2345 3297 2487 3362 Quid
2540 3300 2734 3370 igitur,
2761 3305 2983 3375 fratres,
3011 3309 3143 3379 quid
3187 3311 3357 3368 nobis
3395 3312 3761 3369 commendat
3789 3311 3913 3368 Do-

2199 3385 2390 3441 minus
2410 3387 2437 3443 ?
2456 3394 2617 3445 Tunc
2636 3391 2868 3449 Galilzea
2887 3396 3102 3453 Judazaa
3126 3400 3313 3470 patria
3341 3406 3462 3456 erat
3497 3400 3748 3465 Domini,
3770 3402 3917 3472 quia

2200 3477 2277 3532 ibi
2298 3480 2552 3536 nutritus
2572 3487 2705 3538 est:
2730 3501 2884 3542 nunc
2907 3503 3036 3545 vero
3059 3490 3198 3561 quia
3229 3493 3520 3563 portendit
3560 3492 3779 3562 aliquid
3814 3508 3917 3548 res

2200 3569 2477 3637 illa;non
2511 3573 2666 3628 enim
2692 3578 2815 3631 sine
2858 3593 3034 3635 causa
3081 3580 3233 3637 dicta
3282 3586 3421 3638 sunt
3456 3582 3740 3655 prodigia,
3791 3582 3917 3639 nisi

2201 3661 2338 3731 quia
2355 3661 2573 3735 aliquid
2592 3668 2948 3735 portendunt
2972 3685 2987 3725 :
3012 3671 3345 3744 prodigium
3366 3673 3519 3730 enim
3546 3672 3917 3745 appellatum

2202 3760 2291 3807 est
2315 3754 2476 3825 quasi
2515 3757 2968 3830 porrodicium‘,
3013 3764 3164 3834 quod
3204 3780 3375 3835 porro
3416 3766 3591 3832 dicat,
3620 3782 3787 3836 porro
3846 3766 3925 3821 si-

2203 3846 2531 3915 gniﬁcet,et
2550 3848 2772 3921 aliquid
2803 3856 3059 3911 futurum
3081 3872 3211 3912 esse
3235 3858 3575 3929 portendat:
3603 3858 3739 3930 quia
3769 3873 3921 3932 ergo

2205 3936 2423 4007 aliquid
2461 3936 2557 3992 illa
2588 3942 2788 3997 omnia
2810 3946 3253 4015 portendebant,
3284 3946 3509 4019 aliquid
3562 3948 3659 4004 illa
3708 3951 3924 4005 omnia

2208 4026 2612 4095 praedicebant,
2641 4032 2920 4088 faciamus
2946 4035 3113 4089 modo
3137 4053 3241 4091 nos
3274 4038 3519 4107 patriam
3553 4037 3778 4093 Domini
3808 4056 3925 4095 no—

2207 4114 2464 4172 striJesu
2490 4118 2699 4176 Christi
2720 4127 3034 4179 secundum
3058 4143 3290 4182 carnem
3328 4128 3467 4199 (non
3507 4129 3660 4185 enim
3706 4128 3929 4185 habuit

2208 4208 2454 4277 patriam
2481 4208 2536 4263 in
2564 4217 2735 4280 terra,
2762 4213 2872 4268 nisi
2893 4217 3215 4273 secundum
3245 4234 3695 4289 carnem,quam
3742 4235 3924 4275 accc-

2208 4296 2293 4366 pit
2316 4298 2373 4353 in
2397 4301 2600 4372 terra);
2627 4300 2910 4359 faciamus
2942 4321 3077 4376 ergo
3103 4308 3350 4377 patriam
3375 4307 3605 4364 Domini
3631 4306 3926 4380 p0pulum

2206 4387 2563 4447 Judaeorum.
2590 4391 2731 4447 Ecce
2781 4394 2836 4447 in
2865 4396 3050 4464 patria
3094 4414 3201 4452 sua
3243 4398 3517 4455 honorem
3558 4415 3669 4455 non
3714 4398 3926 4455 habet.

2210 4478 2374 4533 Modo
2397 4468 2627 4534 attende
2648 4481 2978 4539 Judaaorum
3015 4487 3238 4553 turbas,
3269 4491 3501 4543 attende
3522 4488 3648 4559 jam
3680 4494 3929 4550 gentem

2211 4568 2368 4622 illam
2396 4569 2714 4638 dispersam
2740 4578 2858 4627 toto
2881 4576 3018 4629 orbe
3043 4585 3344 4645 terrarum,
3367 4583 3423 4631 et
3454 4577 3711 4632 evulsam
3761 4579 3936 4633 radi-

2210 4660 2370 4713 cibus
2394 4664 2515 4715 suis
2534 4678 2549 4727 ;
2569 4664 2799 4719 attende
2813 4682 3003 4722 ramos
3035 4669 3265 4736 fractos,
3290 4668 3934 4739 concisos.dtspersos,

2209 4751 2422 4815 aridos,
2457 4753 2673 4822 quibus
2708 4756 2906 4811 fractis
2958 4758 3128 4814 inseri
3193 4760 3402 4815 meruit
3447 4761 3697 4814 oleaster
3736 4756 3931 4827 (Rom.

2210 4858 2288 4908 xx,
2328 4843 2410 4911 17)
2445 4859 2457 4895 :
2492 4842 2620 4899 vide
2648 4846 2875 4901 turbam
2908 4846 3266 4921 Judmorum,
3308 4850 3448 4920 quid
3504 4850 3646 4905 dicit
3696 4850 3937 4904 modo?

2212 4936 2390 4996 Quem
2426 4931 2638 5001 colitis,
2672 4950 2838 5003 quem
2870 4937 3139 5003 adoratis,
3195 4941 3374 4995 frater
3426 4945 3623 4994 noster
3668 4943 3824 4995 erat.
3866 4941 3940 4995 Et

2214 5040 2325 5079 non
2390 5026 2862 5095 respondeamus,
2916 5029 3184 5097 Propheta
3219 5028 3275 5083 in
3301 5032 3490 5097 patria
3519 5045 3619 5082 sua
3648 5026 3934 5085 honorem

2210 5132 2320 5171 non
2351 5115 2533 5170 habet.
2560 5117 2818 5189 Denique
2841 5119 2935 5175 alii
2960 5120 3357 5176 ambulantem
3385 5121 3691 5176 Dominum
3715 5118 3942 5177 Jesum

2216 5209 2273 5262 in
2303 5207 2909 5281 terra,facientemque
2927 5212 3231 5281 miracula;
3258 5229 3440 5269 cereos
3464 5212 3939 5278 illuminantem,

2214 5299 2406 5354 surdis
2463 5316 2631 5354 aures
2689 5302 3065 5372 aperientem,
3102 5310 3387 5360 mutorum
3436 5320 3536 5359 ora
3577 5302 3943 5373 solventem,

2218 5389 2662 5459 paralyticorum
2684 5392 2939 5447 membra
2971 5395 3373 5463 stringentem,
3399 5409 3571 5460 super
3609 5410 3767 5448 mare
3801 5410 3944 5448 am-

2218 5479 2544 5542 bulantem,
2577 5481 2760 5536 ventis
2802 5484 3176 5551 imperantem
3224 5491 3281 5538 et
3330 5484 3623 5550 ﬂuctibus,
3661 5486 3945 5538 mortuos

2221 5570 2649 5638 suscitandem;
2687 5576 2841 5627 tanta
2870 5575 3037 5644 signa
3070 5573 3377 5631 facientem
3421 5574 3713 5639 viderunt,
3746 5576 3806 5627 et
3841 5571 3947 5628 vix

2287 5670 2301 5704 ι
2332 5664 2388 5715 In
2422 5667 2656 5733 plerique
2687 5670 2830 5732 Msa,
2859 5671 3175 5735 prodicium.
