4146 6186
259 253 423 317 1535

257 397 399 453 inde
418 392 586 467 pauci
602 390 1001 449 crediderunt.
1026 389 1247 462 Populo
1274 391 1370 447 Dei
1394 392 1630 465 loquor:
1658 400 1775 453 tam
1798 398 1967 455 multi

255 484 642 548 credidimus,
677 498 805 553 quae
838 480 1002 549 signa
1034 480 1332 536 vidimus?
1366 482 1512 538 Illud
1547 501 1681 557 ergo
1716 489 1866 558 quod
1896 489 1974 542 fa-

257 584 419 634 cturn
472 582 555 632 est
607 580 771 639 tunc,
808 573 913 626 boc
964 572 1113 642 quod
1156 589 1308 626 nunc
1350 574 1541 644 agitur
1573 579 1969 646 portendebat.

253 669 439 724 Judaei
495 669 725 722 fuerunt
757 661 843 718 vel
875 670 1008 719 sunt
1040 662 1260 719 similes
1292 664 1582 733 Galilaeis;
1619 686 1722 725 nos
1753 671 1975 727 similes

258 752 378 814 illis
420 755 832 814 Samaritanis.
864 754 1241 826 Evangelium
1287 756 1634 817 audivimus.
1672 760 1975 829 Evangelia

258 847 691 912 consensimus,
729 860 829 916 per
879 842 1250 915 Evangelium
1304 845 1361 898 in
1395 845 1689 902 Christum
1722 850 1975 904 credidi-

260 955 427 1004 mus;
466 935 623 991 nulla
654 933 823 1005 signa
856 934 1137 999 vidimus,
1171 933 1331 988 nulla
1365 935 1668 1006 exigimus.

324 1029 381 1083 4.
418 1025 695 1091 Quamvis
727 1024 884 1079 enim
920 1038 1070 1078 unus
1099 1039 1163 1078 ex
1202 1024 1506 1081 duodecim
1532 1026 1724 1083 electis
1753 1032 1809 1083 et
1839 1045 1978 1085 san-

257 1117 389 1185 ctis,
426 1124 617 1172 tamen
667 1112 921 1169 Israelita
969 1111 1097 1178 fuit,
1131 1113 1201 1169 de
1250 1119 1421 1184 gente
1469 1116 1692 1172 scilicet
1721 1116 1974 1185 Domini,

257 1208 523 1264 Thomas
557 1205 675 1271 ille,
707 1204 803 1275 qui
857 1204 913 1258 in
947 1202 1077 1258 loca
1124 1201 1425 1260 vulnerum
1461 1206 1672 1277 digitos
1710 1207 1979 1276 cupiebat

261 1299 516 1355 mittere.
543 1295 637 1351 Sic
667 1309 801 1349 eum
831 1292 1021 1365 arguit
1050 1292 1334 1349 Dominus
1367 1296 1658 1366 quomodo
1687 1296 1863 1352 istum
1889 1314 1978 1353 re-

258 1389 488 1461 gulum.
522 1384 668 1441 Huic
699 1385 862 1449 dixit,
893 1384 1014 1439 Nisi
1040 1385 1198 1455 signa
1227 1388 1277 1440 et
1302 1386 1563 1457 prodigia
1591 1386 1845 1443 videritis
1865 1404 1977 1443 non

258 1479 486 1536 creditis
516 1492 529 1533 :
564 1476 649 1532 illi
679 1480 874 1533 autem
904 1474 1068 1543 dixit,
1104 1475 1242 1543 Quia
1289 1475 1497 1544 vidisti,
1530 1478 1833 1534 credidisti.
1892 1480 1977 1533 Ad

262 1568 534 1626 Galilaeos
566 1568 825 1635 venerat,
858 1569 987 1637 post
1018 1564 1418 1623 Samaritanos
1449 1567 1543 1639 qui
1567 1567 1823 1624 sermoni
1853 1568 1980 1639 ejus

266 1660 656 1726 crediderant,
684 1655 838 1728 apud
871 1671 1021 1727 quos
1061 1654 1225 1711 nulla
1258 1656 1540 1713 miracula
1571 1657 1802 1725 fecerat,
1837 1675 1980 1729 quos

270 1749 473 1806 ﬁrmos
506 1747 567 1801 in
594 1746 706 1801 fide
737 1761 977 1801 securus
998 1743 1110 1800 cito
1141 1743 1464 1815 dimiserat,
1500 1746 1637 1817 quia
1660 1745 1980 1803 divinitatis

267 1836 586 1912 prasentia
616 1851 728 1891 non
754 1833 1079 1889 dimiserat.
1114 1832 1260 1906 Ergo
1282 1836 1517 1905 quando
1540 1835 1765 1891 dicebat
1789 1835 1982 1893 Domi-

269 1944 377 1985 nus
407 1928 671 1993 Themis,
712 1924 860 1992 Veni,
882 1922 1041 1979 mitte
1069 1940 1295 1979 manum
1329 1931 1505 1994 tuam,
1538 1933 1587 1980 et
1617 1923 1737 1980 noli
1757 1941 1869 1981 esse
1898 1927 1983 1981 in-

265 2019 551 2086 credulus,
578 2014 673 2071 sed
716 2014 947 2085 ﬁdelis;
980 2018 1035 2069 et
1081 2030 1216 2069 cum
1265 2013 1363 2070 ille
1414 2016 1780 2084 exclamaret,
1812 2016 1984 2071 tactis

265 2112 582 2166 vulnerum
633 2105 802 2173 locis,
851 2110 908 2160 et
954 2104 1192 2173 diceret,
1226 2105 1489 2161 Dominus
1534 2122 1707 2173 meus,
1750 2111 1799 2161 et
1851 2107 1985 2162 Deus

264 2216 420 2255 meus
468 2213 490 2253 :
540 2197 877 2266 increpatur
916 2204 967 2249 et
1018 2194 1227 2250 dicitur
1277 2194 1349 2262 ei,
1407 2195 1547 2263 Quia
1594 2197 1814 2265 vir/isti,
1866 2212 1985 2251 cre-

268 2289 480 2345 didisti.
527 2286 736 2353 Quare,
771 2284 879 2340 nisi
919 2286 1051 2357 quia
1086 2286 1351 2356 propheta
1382 2285 1436 2339 in
1468 2286 1653 2356 patria
1690 2302 1785 2340 sua
1826 2291 1989 2342 hone-

268 2396 380 2435 rem
434 2393 550 2433 non
596 2376 810 2430 habet?
858 2377 1002 2441 Quia
1050 2391 1186 2431 vero
1234 2376 1385 2446 apud
1439 2375 1796 2446 alienigenas
1855 2391 1985 2447 pro-

268 2470 449 2541 pheta
480 2469 595 2524 iste
626 2470 904 2521 honorem
938 2464 1133 2531 habet,
1167 2464 1304 2537 quid
1351 2465 1655 2537 sequitur?
1689 2464 1847 2520 Beati
1896 2464 1991 2536 qui

268 2575 380 2615 non
432 2557 694 2613 viderunt
740 2566 794 2611 et
841 2554 1228 2611 crediderunt'
1264 2555 1440 2626 (Joan.
1474 2572 1568 2625 xx,
1605 2555 1822 2624 25-29).
1847 2555 1990 2610 Prae-

271 2650 416 2705 dicti
450 2663 656 2703 sumus
679 2663 817 2713 nos;
842 2651 897 2701 et
920 2646 1065 2717 quod
1091 2645 1377 2701 Dominus
1399 2652 1531 2701 ante
1557 2645 1831 2706 laudavit,
1856 2658 1905 2701 et
1930 2644 1989 2699 in

270 2738 446 2796 nobis
487 2736 731 2809 implere
763 2734 1037 2808 dignatus
1085 2740 1193 2791 est.
1229 2735 1513 2792 Viderunt
1544 2737 1642 2807 qui
1685 2736 1993 2792 cruciﬁxe—

273 2834 437 2897 runt,
472 2827 877 2904 palpaverunt,
909 2830 967 2882 et
998 2826 1081 2881 sic
1113 2827 1281 2897 pauci
1304 2828 1711 2883 crediderunt:
1748 2843 1851 2882 nos
1875 2842 1990 2881 non

268 2920 555 2987 vidimus,
573 2934 685 2974 non
710 2917 1488 2983 contreclavimus,audivim
1501 2935 1587 2987 us,
1611 2916 1988 2973 credidimus.

270 3009 402 3064 Fiat
456 3009 515 3063 in
568 3006 758 3071 nobis,
795 3006 1129 3077 perﬁciatur
1184 3008 1242 3062 in
1276 3008 1444 3063 nobis
1494 3005 1790 3062 beatitudo
1823 3022 1990 3076 quam

271 3097 588 3170 promisit;
624 3103 683 3152 et
720 3096 839 3165 hic,
873 3096 1008 3169 quia
1044 3096 1240 3165 patriae
1284 3097 1467 3168 ipsius
1499 3096 1715 3168 praelati
1750 3111 1991 3163 sumus;

274 3188 424 3244 etin
477 3189 673 3243 futuro
720 3186 954 3252 seculo,
987 3187 1129 3257 quia
1176 3202 1277 3259 pro
1327 3188 1507 3242 ramis
1562 3188 1760 3241 fractis
1790 3184 1993 3239 inserti

272 3294 513 3334 sumus.

348 3370 405 3425 5.
441 3368 558 3424 Hos
590 3367 748 3423 enim
780 3384 975 3423 ramos
1007 3384 1070 3424 se
1098 3368 1419 3424 fracturam
1453 3382 1579 3423 esse
1614 3367 1996 3432 monstrabat,

274 3465 334 3515 et
382 3459 544 3514 hunc
597 3457 917 3513 oleastrum
972 3456 1352 3521 inserturum,
1389 3458 1619 3529 quando
1670 3460 1996 3512 commotus

273 3549 659 3608 Centurionis
708 3548 838 3615 ﬁde,
872 3548 967 3620 qui
1018 3549 1069 3605 ei
1101 3548 1267 3617 dixit,
1303 3569 1329 3599 α
1356 3554 1476 3606 Non
1510 3566 1640 3605 sum
1675 3550 1889 3619 dignus
1934 3554 1993 3602 ut

273 3644 389 3700 sub
423 3647 646 3698 tectum
698 3658 895 3697 meum
927 3641 1147 3709 intres;
1184 3643 1284 3697 sed
1330 3647 1553 3697 tantum
1582 3642 1673 3696 dic
1701 3643 1896 3702 verba,
1939 3641 1995 3693 et

279 3732 599 3789 sanabitur
631 3747 774 3802 puer
795 3746 999 3787 meus:
1034 3748 1165 3786 nam
1190 3738 1247 3787 et
1276 3748 1380 3804 ego
1415 3733 1582 3787 homo
1605 3747 1735 3785 sum
1761 3727 1869 3784 sub
1894 3744 1991 3797 po-

273 3828 490 3880 testate
534 3823 916 3893 constitutus,
950 3821 1175 3879 habens
1227 3824 1333 3879 sub
1376 3840 1468 3878 me
1500 3822 1814 3888 milites,et
1863 3818 1991 3873 dico

272 3915 435 3983 huic,
451 3912 703 3981 Vade,et
731 3914 893 3969 vadit
919 3932 936 3983 ;
972 3917 1030 3971 et
1058 3914 1218 3983 huic,
1251 3914 1494 3983 Veni,et
1524 3912 1708 3981 venit;
1732 3915 1789 3968 et
1830 3926 1993 3966 servo

273 4021 430 4072 meo,
466 4007 577 4060 Fac
614 4002 742 4071 hoc,
773 4006 834 4059 et
872 4001 1032 4059 facit.
1064 4004 1385 4061 Conversus
1436 4005 1507 4060 ad
1541 4020 1641 4060 eos
1682 4001 1782 4073 qui
1813 4016 1874 4056 se
1902 4015 1995 4055 se-

271 4097 631 4169 quebantur,
657 4094 825 4165 dixit,
855 4096 1035 4151 Amen
1077 4094 1206 4152 dico
1253 4096 1438 4165 vobis,
1473 4112 1588 4152 non
1630 4093 1823 4150 inveni
1862 4096 1993 4147 tan-

274 4193 396 4243 tam
420 4186 599 4242 tidem
623 4184 683 4241 in
704 4184 899 4241 Israel.
924 4207 952 4235 »
976 4183 1164 4250 Quare
1186 4203 1300 4243 non
1324 4187 1544 4243 invenit
1564 4190 1788 4242 tantam
1812 4183 1987 4237 fidem

272 4278 332 4333 in
385 4274 609 4331 Israel?
641 4274 788 4339 Quia
832 4274 1095 4347 prapheta
1141 4275 1202 4332 in
1229 4280 1414 4349 patria
1462 4294 1564 4333 sua
1592 4278 1849 4334 honorem
1880 4297 1991 4339 non

271 4370 455 4424 habet.
490 4366 792 4438 Numquid
836 4384 950 4423 non
994 4373 1049 4423 et
1079 4369 1165 4423 illi
1204 4369 1530 4425 centurioni
1563 4375 1783 4440 poterat
1803 4372 1993 4429 dicere

272 4458 762 4529 Dominus,quod
796 4457 938 4513 dixit
989 4458 1122 4514 huic
1153 4460 1371 4529 regulo,
1402 4459 1556 4527 Vade,
1580 4476 1720 4531 puer
1758 4470 1882 4516 tuus
1912 4462 1991 4518 vi-

272 4551 394 4604 vit?
416 4546 626 4603 Videte
658 4547 1094 4605 distinctionem
1132 4564 1145 4605 :
1180 4548 1414 4621 regulus
1446 4551 1552 4606 iste
1586 4552 1894 4607 Dominum
1918 4553 1990 4608 ad

274 4635 517 4691 domum
543 4651 715 4691 suam
738 4635 1088 4694 descendere
1118 4638 1391 4709 cupiebat
1413 4658 1427 4707 ;
1453 4637 1547 4694 ille
1569 4640 1828 4695 centurio
1847 4640 1993 4695 indi-

269 4744 455 4800 gnum
478 4744 543 4783 se
572 4744 702 4783 esse
731 4727 977 4784 dicebat.
1013 4728 1101 4784 Illi
1134 4728 1453 4797 dicebatur,
1481 4732 1593 4802 Ego
1614 4732 1771 4787 venio
1790 4733 1875 4787 'et
1896 4748 1993 4788 cu-

267 4818 409 4874 rabo
441 4832 563 4873 eum
591 4832 603 4885 ;
641 4816 777 4871 huic
807 4818 1025 4873 dictum
1048 4826 1156 4886 est,
1196 4819 1353 4885 Vade,
1376 4818 1534 4889 filius
1564 4825 1692 4878 tuus
1723 4820 1876 4878 vivit.
1902 4822 1993 4878 Illi

270 4909 647 4982 presentiam
675 4910 1054 4981 promittebat
1078 4929 1091 4979 ;
1119 4911 1275 4967 hunc
1292 4912 1460 4969 verbo
1484 4913 1749 4970 sanabat.
1775 4914 1889 4970 Iste
1910 4922 1991 4970 ta-

270 5016 404 5055 men
442 4999 819 5071 prasentiam
852 5000 987 5071 ejus
1015 5003 1435 5072 extorquebat;
1471 5002 1565 5059 ille
1598 5020 1660 5059 se
1681 5004 1993 5073 praesentia

266 5090 395 5161 ejus
420 5088 733 5161 indignum
756 5104 887 5145 esse
914 5090 1163 5147 dicebat.
1197 5093 1299 5146 Hic
1334 5108 1564 5149 cessum
1601 5101 1687 5149 est
1708 5094 1945 5150 elationi
1971 5108 1987 5162 ;

270 5180 388 5237 illic
410 5195 759 5237 concessum
780 5186 874 5236 est
893 5180 1236 5237 humilitati.
1264 5183 1566 5253 Tanquam
1600 5185 1736 5240 huic
1758 5185 1994 5255 diceret,

275 5270 446 5337 Vade,
474 5269 633 5337 ﬁlius
660 5275 790 5325 tuus
840 5269 996 5341 vivit,
1040 5270 1154 5328 noli
1191 5273 1332 5327 mihi
1366 5274 1597 5330 ttedium
1636 5276 1836 5330 facere.
1878 5274 1998 5330 Nisi

269 5362 431 5430 signa
459 5370 513 5415 et
542 5359 808 5430 prodigia
843 5360 1121 5431 videritis,
1162 5378 1275 5416 non
1313 5364 1546 5419 creditis
1580 5381 1592 5418 :
1630 5366 1996 5435 praesentiam

268 5467 459 5507 meam
498 5451 584 5506 vis
616 5449 677 5505 in
709 5450 886 5506 domo
912 5455 1037 5519 tua,
1072 5468 1312 5524 possum
1344 5459 1399 5510 et
1421 5455 1811 5524 verbojubere
1839 5474 1852 5525 ;
1877 5456 1995 5513 noli

333 5577 353 5639 ι
383 5578 533 5639 κει,

329 5638 353 5676 ³
383 5638 540 5701 Lov.,

605 5573 667 5626 ui
694 5590 799 5628 non
825 5577 1008 5628 vident
1037 5582 1087 5628 el
1116 5580 1352 5631 credunt.

613 5643 683 5704 ’go
718 5640 942 5694 veniam.
974 5642 1161 5693 Cteteri
1196 5643 1336 5707 libri,
1372 5645 1475 5708 Ego
1508 5645 1679 5695 venio.

1470 255 1932 322 TRACTATUS
1979 261 2136 326 XVI.
2182 264 2443 327 CAPUT
2487 261 2591 326 IV.

3634 236 3789 313 isse

2083 403 2146 456 tu
2169 400 2241 458 de
2261 399 2447 473 signis
2472 398 2705 454 credere
2732 412 2745 451 :
2767 392 3029 451 centurio
3061 389 3389 461 alienigena
3417 387 3662 445 credidit
3695 402 3787 443 me

2082 505 2247 545 verco
2299 506 2467 558 posse
2517 487 2723 552 facere,
2757 487 2815 539 et
2859 486 3165 551 anteqnem
3218 478 3461 533 facerem
3507 474 3784 541 credidit;

2086 596 2205 645 vos,
2246 582 2351 634 nisi
2378 581 2537 649 signa
2565 586 2614 632 et
2635 574 2886 647 prodigia
2916 571 3187 639 videritis,
3209 584 3320 623 non
3350 565 3595 622 creditis.
3629 565 3778 636 Ergo

2086 671 2133 724 si
2166 673 2245 725 ita
2276 675 2383 735 est,
2406 670 2746 738 frangantur
2769 662 3003 734 superbi
3030 660 3196 727 rami,
3221 656 3465 712 hnmilis
3497 654 3793 709 inseratur

2086 760 2329 815 oleaster
2364 777 2375 815 :
2414 764 2645 813 maneat
2673 761 2865 809 tamen
2897 752 3079 818 radix,
3104 749 3221 804 illis
3254 745 3534 817 praecisis,
3558 742 3684 799 istis
3710 757 3793 798 re-

2087 851 2291 919 ceptis.
2328 849 2432 904 Ubi
2470 853 2665 902 manet
2697 841 2900 899 radix?
2930 842 2991 895 1n
3026 837 3395 894 Patriarchis.
3430 833 3652 890 Etenim
3690 848 3791 904 pa-

2088 940 2194 994 tria
2218 939 2428 993 Christi
2456 938 2706 1008 populus
2736 930 3081 1001 Israel,quia
3096 945 3162 983 ex
3184 926 3267 982 eis
3290 926 3446 981 venit
3468 919 3793 979 secundum

2087 1045 2319 1085 carnem
2346 1044 2359 1081 :
2393 1026 2493 1083 sed
2524 1026 2699 1095 hujus
2730 1022 2956 1078 arboris
2988 1018 3166 1084 radix,
3190 1015 3508 1083 Abraham,
3528 1012 3712 1078 Isaac,
3738 1014 3796 1066 et

2086 1119 2287 1187 Jacob,
2322 1116 2661 1189 patriarcha;
2692 1113 2894 1169 sancti.
2925 1111 2989 1165 Et
3011 1109 3109 1164 ubi
3134 1106 3275 1175 isti?
3314 1107 3375 1161 in
3406 1099 3791 1189 requieapud

2090 1212 2292 1274 Deum,
2324 1188 2383 1262 in
2416 1205 2635 1261 honore
2666 1217 2878 1272 magno
2908 1215 2923 1255 :
2956 1203 3021 1254 ut
3046 1197 3109 1253 in
3138 1194 3381 1251 Abrahae
3414 1192 3610 1248 sinum
3633 1188 3795 1259 adju-

2087 1303 2183 1355 tus
2214 1300 2229 1334 ι
2261 1297 2360 1353 ille
2410 1311 2631 1367 pauper
2679 1296 2811 1364 post
2839 1288 3099 1361 corporis
3147 1286 3364 1343 exitum
3399 1283 3702 1346 levaretur,
3736 1280 3794 1333 et

2091 1392 2148 1446 in
2181 1387 2427 1443 Abrahm
2450 1387 2584 1441 sinu
2605 1385 2676 1439 de
2704 1380 3024 1453 longinquo
3047 1396 3077 1432 a
3099 1375 3347 1447 superbo
3368 1372 3549 1429 divite
3570 1369 3792 1427 videre-

2090 1490 2184 1543 tur
2212 1486 2363 1557 (Luc.
2398 1500 2509 1548 xw,
2543 1481 2632 1547 22,
2664 1479 2779 1547 23).
2816 1476 2958 1543 Ergo
2983 1473 3145 1529 radix
3176 1474 3390 1538 manet,
3414 1464 3577 1523 radix
3596 1462 3795 1522 lauda-

2090 1583 2186 1635 tur
2216 1592 2231 1635 :
2266 1578 2366 1633 sed
2408 1573 2557 1631 rami
2586 1569 2820 1643 superbi
2851 1572 2905 1624 et
2937 1564 3171 1640 praecidi
3199 1568 3255 1619 et
3277 1574 3538 1618 arescere
3567 1569 3794 1614 merue-

2092 1676 2256 1735 runt;
2286 1666 2529 1724 oleaster
2547 1667 2741 1720 autem
2756 1658 3001 1716 humilis
3018 1655 3250 1713 illorum
3276 1650 3616 1726 praecisione
3636 1646 3795 1703 inve-

2092 1759 2175 1816 nit
2192 1758 2407 1814 locum.

2164 1852 2216 1905 6.
2249 1847 2398 1904 Audi
2422 1862 2559 1917 ergo
2590 1840 3086 1915 quemadmodum
3120 1834 3515 1909 praacidantur
3534 1826 3683 1917 rami
3704 1842 3799 1911 nan

2089 1938 2333 2006 turales,
2377 1932 2873 2007 quemadmodum
2920 1929 3209 1984 inseratur
3256 1924 3527 1988 oleaster,
3557 1934 3625 1974 ex
3673 1910 3797 1986 ipso

2089 2031 2447 2097 centurione,
2481 2042 2651 2099 quem
2704 2027 2935 2095 propter
2977 2017 3467 2091 comparationem
3502 2012 3677 2082 hujus
3705 2025 3800 2065 re-

2092 2120 2210 2193 guli
2247 2115 2825 2175 commemorandum
2861 2110 3075 2183 putavi.
3111 2110 3302 2172 Amen,
3326 2101 3677 2176 inquit,dico
3699 2114 3799 2156 vo-

2096 2189 2197 2277 bis,
2228 2225 2335 2264 non
2370 2207 2559 2262 inveni
2588 2209 2801 2259 tantam
2831 2200 2991 2271 ﬁdem
3022 2201 3081 2252 in
3102 2195 3266 2252 Israel
3292 2210 3306 2250 :
3345 2200 3629 2265 propterea
3674 2189 3799 2244 dico

2097 2300 2265 2363 vobis,
2300 2298 2428 2369 quia
2456 2294 2619 2351 multi
2650 2292 2717 2347 ab
2738 2292 2947 2346 oriente
2967 2295 3018 2344 et
3039 2285 3337 2343 occidente.
3363 2282 3543 2345 Quam
3566 2278 3678 2333 late
3701 2282 3816 2332 ter-

2098 2405 2218 2445 ram
2233 2404 2371 2444 occu
2384 2389 2618 2457 paverat
2634 2381 2902 2439 oleaster!
2921 2382 3134 2434 Amare
3148 2375 3291 2431 silva
3306 2371 3561 2427 mundus
3578 2368 3668 2423 hic
3685 2364 3811 2420 luit:

2099 2478 2201 2534 sed
2246 2484 2475 2549 pr0pter
2507 2474 2928 2539 humilitatem,
2962 2472 3193 2538 propter
3224 2463 3340 2519 Non
3368 2476 3489 2515 sum
3519 2458 3723 2549 dignus
3753 2457 3815 2508 ut

2100 2567 2201 2621 sub
2231 2542 2430 2622 tectum
2472 2580 2653 2620 meum
2706 2564 2896 2627 intres,
2929 2554 3087 2613 Multi
3127 2554 3193 2609 ab
3222 2550 3433 2607 oriente
3455 2556 3505 2604 et
3530 2542 3814 2602 occidente

2102 2656 2341 2713 venient.
2378 2656 2443 2711 Et
2493 2660 2631 2726 puta
2661 2652 2798 2724 quia
2847 2648 3084 2704 venient
3116 2661 3129 2699 :
3166 2643 3307 2715 quid
3340 2642 3411 2695 de
3441 2636 3555 2693 illis
3580 2633 3724 2690 fiet?

2102 2749 2257 2805 enim
2288 2723 2925 2816 venient,jampriecisi
2950 2743 3091 2795 sunt
3114 2738 3186 2791 de
3207 2731 3383 2790 bilva:
3402 2730 3502 2786 ubi
3524 2723 3817 2784 inserendi

2103 2846 2261 2909 sunt,
2295 2857 2368 2897 ne
2415 2835 2723 2894 arescant?
2747 2837 2813 2890 Et
2848 2830 3179 2891 recumbent,
3224 2823 3436 2897 inquit,
3467 2837 3591 2878 cum
3641 2818 3814 2874 Abra-

2104 2933 2252 3001 ham,
2282 2937 2329 2987 et
2358 2933 2527 2997 Isaae,
2560 2934 2612 2983 et
2630 2926 2809 2983 Iacob.
2846 2923 2908 2978 In
2943 2938 3055 2994 quo
3088 2915 3388 2983 convivio;
3422 2928 3494 2969 ne
3524 2912 3667 2966 forte
3699 2922 3815 2963 non

2105 3024 2312 3080 invites
2344 3023 2414 3077 ad
2452 3035 2680 3089 semper
2710 3016 3043 3079 vivendum,
3076 3011 3177 3066 sed
3211 3008 3281 3065 ad
3324 3004 3575 3061 multum
3609 3001 3815 3056 biben-

2106 3112 2293 3167 dum?
2352 3088 2672 3167 Recumbent
2720 3123 2844 3161 cum
2892 3103 3188 3165 Abraham,
3220 3108 3273 3153 et
3314 3098 3491 3163 Isaac,
3531 3101 3581 3148 et
3627 3088 3809 3145 Jacob,

2106 3204 2257 3260 Ubi?
2289 3204 2349 3258 In
2392 3219 2583 3273 regno,
2617 3198 2824 3269 inquit,
2874 3196 3147 3250 calorum.
3174 3190 3241 3244 Et
3273 3187 3408 3259 quid
3459 3182 3565 3273 erit
3596 3183 3666 3236 de
3697 3181 3813 3273 illis

2105 3293 2205 3364 qui
2233 3268 2519 3348 venerunt
2550 3268 2619 3344 de
2668 3268 2848 3358 stirpe
2896 3281 3140 3338 Abrahae.
3161 3280 3188 3334 ?
3218 3276 3358 3348 quid
3408 3274 3506 3364 tlet
3535 3271 3605 3325 de
3639 3268 3813 3364 ramis

2108 3358 2321 3455 quibus
2369 3384 2541 3438 arbor
2591 3379 2760 3449 plena
2790 3371 2958 3429 erat?
2989 3371 3159 3436 Quid,
3187 3367 3292 3421 nisi
3326 3362 3463 3434 quia
3495 3358 3813 3455 praeciden-

2108 3448 2220 3543 t-ur,
2276 3483 2336 3529 ut
2392 3473 2488 3527 isti
2551 3448 2927 3524 inserantur?
2972 3461 3120 3515 Doce
3177 3455 3313 3525 quia
3371 3448 3811 3543 prmcide‘n-turf

2102 3535 2243 3619 Filii
2270 3566 2451 3618 autem
2480 3562 2639 3631 regni
2673 3556 2829 3611 ibunt
2860 3554 2918 3605 in
2957 3546 3206 3605 tenebras
3252 3541 3554 3598 exteriores
3601 3535 3811 3608 (Matth.

2103 3671 2224 3722 Viti,
2256 3654 2446 3721 5-l2).

2173 3715 2227 3799 7.
2263 3715 2479 3799 Habeat
2524 3754 2660 3810 ergo
2691 3735 2843 3807 apud
2878 3748 2984 3788 nos
3014 3730 3292 3785 honorem
3345 3719 3644 3810 Propheta,
3676 3715 3815 3788 quia

2104 3852 2219 3893 non
2250 3833 2458 3891 habuit
2490 3806 2766 3887 hon'orem
2795 3826 2853 3881 in
2888 3821 3075 3896 patria
3105 3836 3231 3876 sua.
3256 3815 3382 3871 Non
3404 3809 3611 3867 habuit
3631 3806 3813 3863 honos

2103 3942 2226 3983 rem
2256 3926 2314 3981 in
2351 3924 2557 3998 patria,
2590 3920 2650 3977 in
2682 3934 2798 3991 qua
2827 3913 3095 3972 conditus
3135 3911 3255 3975 est;
3289 3904 3502 3961 habeat
3529 3899 3813 3998 honorem

2104 4018 2161 4073 in
2196 3991 2382 4090 patria
2414 4030 2587 4085 quam
2638 4007 2922 4068 condidit.
2956 4006 3019 4061 In
3068 4000 3168 4057 illa
3198 3996 3353 4055 enim
3403 3991 3673 4090 conditus
3700 3992 3816 4090 neat

2102 4108 2367 4166 conditor
2395 4105 2685 4174 omnium,
2717 4100 2987 4158 conditus
3015 4093 3074 4149 in
3098 4090 3199 4146 illa
3230 4090 3319 4145 est
3350 4082 3672 4142 secundum
3698 4078 3814 4133 for-

2104 4216 2259 4256 mam
2281 4196 2448 4256 servi.
2473 4200 2620 4251 Nam
2644 4171 2833 4265 ipsam
2854 4185 3146 4244 civitatem
3178 4179 3236 4235 in
3261 4192 3375 4248 qua
3409 4171 3679 4265 conditus
3701 4171 3810 4231 est,

2100 4289 2283 4361 ipsam
2316 4288 2477 4355 Sion,
2502 4286 2684 4355 ipsam
2716 4279 3051 4336 Judieorum
3078 4270 3329 4342 gentem,
3354 4262 3545 4333 ipsam
3560 4256 3812 4361 .{erusa-

2101 4342 2383 4448 lem,ipse
2428 4342 2689 4431 condidit
2735 4383 2866 4424 cum
2898 4367 3048 4419 esset
3086 4356 3239 4429 apud
3299 4352 3523 4406 Patrem
3560 4342 3811 4447 Verbum

2106 4470 2197 4525 Dei
2224 4434 2246 4523 ἐ
2270 4434 2479 4523 ὸνηηὶα
2524 4462 2678 4519 enim
2710 4474 2806 4531 per
2836 4457 3014 4527 ipsum
3056 4451 3205 4519 facta
3252 4448 3400 4504 sunt,
3432 4447 3481 4495 et
3530 4436 3652 4531 sine
3691 4434 3811 4497 ipso

2098 4521 2311 4628 [iactum
2339 4560 2417 4610 est
2446 4552 2614 4608 nihil.
2650 4521 2724 4604 De
2747 4521 3003 4614 illo-ergo
3028 4535 3263 4628 homine
3284 4532 3354 4586 de
3374 4544 3487 4628 quo
3511 4521 3810 4628 hodi’e‘au-

2101 4610 2373 4713 divimus,
2402 4658 2554 4699 unus
2584 4638 2871 4696 mediator
2902 4630 3000 4687 Dei
3032 4632 3087 4684 et
3107 4622 3413 4682 hominum
3436 4618 3612 4673 homo
3643 4610 3809 4668 Chri-

2103 4740 2227 4793 stus
2274 4705 2442 4790 Jesus
2472 4732 2519 4803 (Ι
2547 4732 2659 4788 Tim
2711 4744 2771 4795 it,
2798 4725 2879 4797 5),
2919 4720 3095 4777 etiam
3150 4714 3423 4803 Psalmus
3449 4705 3810 4803 praelocutus

2101 4830 2209 4893 est,
2240 4824 2457 4893 dicens,
2483 4795 2657 4876 ‘Mater
2707 4795 2861 4886 Sion,
2911 4810 3051 4868 dicet
3099 4807 3273 4863 homo.
3321 4800 3565 4893 Quidam
3614 4795 3805 4893 homo,

2103 4879 2386 4973 mediator
2419 4879 2516 4967 Dei
2565 4915 2624 4966 et
2670 4879 2977 4963 hominum
3022 4900 3219 4962 homo,
3252 4894 3435 4950 Mater
3480 4886 3619 4942 Sion
3648 4879 3806 4936 dicit.

2104 5009 2291 5073 Quare
2331 5002 2512 5057 Mater
2560 5000 2697 5056 Sion
2729 4993 2916 5052 dicit?
2946 4990 3092 5058 Quia
3121 4987 3256 5041 inde
3292 4977 3522 5073 accepit
3550 4983 3806 5073 carnem,

2103 5096 2241 5152 inde
2269 5094 2431 5165 virgo
2456 5092 2660 5156 Maria,
2684 5089 2754 5144 de
2774 5086 2944 5155 cujus
2977 5086 3140 5137 utero
3163 5070 3517 5159 servi-forma
3538 5064 3809 5165 suscepta

2107 5196 2211 5255 est,
2247 5187 2303 5241 in
2338 5154 2450 5257 quoa
2480 5154 2755 5254 dignatus
2785 5180 2873 5234 est
2900 5182 3175 5245 apparere
3206 5156 3591 5257 humillimus.
3634 5154 3812 5257 hister

2108 5243 2245 5334 sto'n
2277 5243 2417 5331 dicit
2466 5243 2661 5339 homo,
2692 5275 2749 5325 et
2797 5243 2970 5321 homo
3002 5262 3109 5315 iste
3140 5255 3236 5327 qui
3269 5250 3411 5307 dicit
3440 5248 3616 5302 Mater
3644 5243 3808 5315 Sion,

2109 5369 2294 5424 tactus
2325 5371 2413 5422 est
2442 5364 2500 5419 in
2535 5379 2619 5426 ea,
2642 5361 2801 5415 homo
2829 5357 3008 5425 [actus
3037 5356 3117 5407 est
3148 5349 3205 5403 in
3236 5361 3319 5401 ea.
3344 5346 3489 5398 Nam
3513 5340 3665 5397 Deus
3687 5344 3809 5396 erat

2180 5522 2195 5555 ¹
2220 5518 2356 5569 Editi
2376 5518 2492 5565 Am.
2510 5512 2639 5563 Bad.
2662 5514 2714 5561 et
2731 5508 2841 5571 Er.,
2865 5505 3054 5571 iustus.
3078 5498 3487 5571 Vludocinepsis
3506 5492 3811 5571 Megadju:

2108 5559 2615 5632 “ciiiiis'ijii’ii
2631 5559 2752 5624 cum
2784 5559 2929 5629 1.5%.,
2952 5570 3205 5631 adjutus:
3239 5563 3383 5629 quod
3416 5572 3614 5613 nomen
3636 5559 3806 5621 ipsum

2110 5646 2291 5694 Lazari
2326 5649 2403 5694 est
2434 5641 2856 5703 interpretatum.
