4126 6194
295 314 448 375 1527
1239 300 1316 361 ΙΝ
1361 292 1687 360 JOANNIS
1732 287 2275 359 EVANGELIUM,
2324 286 2388 345 S.
2434 279 2877 347 AUGUSTINI
3670 270 3830 331 1528

292 451 428 503 ante
457 462 608 516 eam,
641 449 700 501 et
728 444 901 501 homo
924 442 1113 497 factus
1144 439 1229 493 est
1259 435 1318 491 in
1352 448 1438 491 ea.
1472 433 1579 499 Qui
1611 430 1785 485 homo
1819 429 2008 481 factus
2109 424 2210 496 jus
2242 429 2479 495 peccata
2509 422 2798 479 dimittere
2829 424 3077 483 venerat,
3106 416 3175 471 ad
3205 415 3378 486 cujus
3407 410 3718 482 languores
3740 426 3832 464 sa.

293 548 375 595 est
408 540 465 593 in
497 554 585 599 ea,
627 539 740 608 ipse
768 533 1019 605 fundavit
1049 547 1169 587 eam
1202 528 1514 582 Altissimus
1558 520 1731 593 (Psal.
1784 533 2009 580 LXXXVI,

291 628 371 700 5),
405 645 517 684 non
536 607 927 682 humillimus.
948 626 1109 679 Homo
1133 626 1309 692 [actus
1330 626 1405 673 est
1422 618 1481 671 in
1505 630 1569 669 ea
1592 607 1994 700 humillimus;

295 719 436 789 quia
472 718 699 774 Verbum
727 733 855 771 caro
885 718 1095 785 factum
1123 715 1223 776 est,
1242 719 1293 764 et
1318 706 1589 763 habitavit
1611 705 1668 758 in
1691 699 1871 755 nobis:
1898 699 2010 767 ipse

293 788 549 878 fundavit
578 824 701 864 eam
748 804 1092 865 Altissimus;
1140 800 1275 871 quia
1302 802 1361 853 in
1390 795 1664 869 principio
1718 796 1833 846 erat
1892 788 2012 843 Ver-

299 896 451 968 bum,
483 901 532 954 et
569 896 792 953 Verbum
839 899 956 951 erat
1005 892 1151 964 apud
1200 892 1409 951 Deum;
1441 893 1493 942 et
1536 886 1673 940 Deus
1717 886 1836 936 erat
1873 879 2011 932 Ver-

299 987 431 1043 bum
458 1004 479 1044 :
510 987 698 1044 omnia
724 1002 822 1057 per
869 987 1048 1056 ipsum
1091 984 1243 1052 facta
1284 987 1411 1034 sunt
1440 978 1617 1046 (Joan.
1652 989 1690 1039 ι,
1725 972 1776 1036 1,
1807 970 1862 1036 3,
1896 969 2009 1037 14),

299 1076 445 1140 Quia
474 1093 607 1132 vero
638 1074 900 1131 condidit
929 1075 1100 1128 istam
1136 1069 1404 1141 patriam,
1440 1065 1553 1130 hic,
1592 1063 1801 1118 habeat
1826 1059 2013 1112 hono-

301 1182 446 1222 rem.
481 1165 715 1238 Repulit
745 1180 875 1220 eum
909 1163 1097 1235 patria
1119 1162 1177 1215 in
1205 1176 1319 1230 qua
1341 1163 1648 1228 generatus
1671 1156 1795 1218 est;
1822 1146 2011 1205 susci-

303 1257 423 1329 piat
452 1272 579 1311 eum
612 1254 801 1327 patria
831 1270 999 1324 quam
1030 1248 1411 1323 regeneravit.

832 1376 1258 1435 TRACTATUS
1290 1373 1467 1429 XVII.

301 1473 380 1529 Ab
410 1486 471 1527 eo
494 1472 639 1544 quod
665 1472 932 1541 scriptum
953 1473 1053 1537 est,
1077 1469 1212 1522 Post
1242 1467 1363 1519 haec
1395 1465 1518 1518 erat
1547 1459 1670 1514 dies
1695 1457 1873 1511 festus
1904 1453 2013 1544 Ju-f

373 1541 657 1627 deorum,
689 1566 746 1616 et
777 1559 1043 1615 ascendit
1069 1558 1242 1612 Jesus
1271 1551 1693 1623 Jerosolymam
1720 1560 1924 1617 ;usque
1943 1541 2014 1597 ad

373 1651 452 1722 id,
481 1650 823 1714 Quaarebant
850 1665 984 1703 eum
1014 1646 1198 1702 Judaei
1230 1644 1573 1708 interficere,
1606 1638 1744 1710 quia
1778 1652 1892 1690 non
1925 1649 2013 1687 so.

372 1740 495 1795 lum
515 1740 775 1794 solvebat
794 1740 1127 1806 sabbatum,
1145 1736 1242 1791 sed
1266 1740 1323 1790 et
1346 1739 1569 1802 patrem
1593 1743 1763 1784 suum
1792 1723 2017 1778 dicebat

378 1831 582 1897 Deum,
615 1831 887 1899 aequalem
922 1844 982 1883 se
1015 1828 1233 1882 faciens
1269 1830 1400 1879 Deo.
1436 1822 1563 1892 Cap.
1597 1837 1651 1887 v,
1688 1818 1741 1888 ᾖ.
1774 1814 1932 1870 1ι18.

381 1956 430 2009 1.
456 1953 669 2010 Mirum
697 1970 811 2009 non
842 1969 971 2008 esse
1001 1953 1170 2007 debet
1189 1967 1222 2006 a
1246 1954 1355 2005 Deo
1385 1948 1598 2002 factum
1622 1938 1971 1998 miraculum
2000 1956 2013 1990 :

308 2044 522 2101 mirum
560 2047 714 2101 enim
763 2053 910 2101 esset
939 2044 988 2100 si
1037 2043 1214 2098 homo
1249 2041 1499 2096 fecisset.
1534 2035 1715 2107 Magis
1765 2032 2016 2104 gaudere

307 2153 485 2208 quam
517 2134 716 2191 mirari
749 2138 765 2172 ί
803 2135 1100 2203 debemus,
1134 2135 1268 2205 quia
1300 2128 1580 2186 Dominus
1612 2129 1805 2180 noster
1820 2124 1879 2176 et
1899 2118 2015 2174 sal-

307 2207 472 2283 vator
498 2229 673 2281 Jesus
704 2224 969 2280 Christus
996 2223 1169 2278 homo
1202 2221 1387 2275 factus
1415 2223 1519 2287 est,
1554 2229 1728 2287 quam
1754 2208 1908 2282 quod
1933 2207 2016 2261 di-

306 2316 439 2370 vina
469 2315 623 2371 inter
650 2314 916 2370 homines
948 2318 1096 2368 Deus
1119 2312 1274 2366 fecit.
1309 2309 1443 2365 Plus
1465 2311 1553 2361 est
1568 2306 1723 2360 enim
1752 2300 1822 2355 ad
1855 2297 2014 2354 salu-

309 2410 425 2461 tem
460 2413 717 2460 nostram
749 2403 901 2475 quod
936 2405 1122 2458 factus
1154 2407 1245 2456 est
1276 2405 1507 2471 propter
1528 2391 1816 2458 homines,
1840 2402 2016 2459 quam

311 2495 467 2567 quod
500 2495 636 2550 fecit
665 2493 817 2548 inter
847 2493 1115 2548 homines
1142 2508 1155 2547 :
1186 2500 1231 2547 et
1257 2490 1385 2561 plus
1408 2492 1492 2543 est
1513 2484 1669 2556 quod
1690 2481 1828 2535 vitia
1851 2493 2019 2533 sana-

310 2585 393 2641 vit
413 2586 767 2653 animarum,
786 2601 957 2655 quam
974 2584 1125 2654 quod
1144 2582 1368 2637 sanavit
1386 2580 1696 2647 languores
1709 2582 2017 2641 corporum

314 2676 751 2733 moriturorum.
779 2675 888 2730 Sed
913 2677 1049 2744 quia
1074 2676 1199 2744 ipsa
1221 2671 1419 2726 anima
1444 2683 1557 2722 non
1579 2678 1713 2720 eum
1734 2661 1970 2715 noverat
1990 2672 2023 2710 a

315 2784 431 2838 quo
481 2768 742 2823 sananda
791 2773 938 2836 erat,
969 2770 1025 2819 et
1073 2762 1271 2819 oculos
1305 2760 1553 2815 habebat
1579 2757 1637 2809 in
1669 2766 1843 2809 carne
1874 2750 2024 2803 unde

315 2837 468 2912 facta
507 2856 826 2928 corporalia
870 2855 1102 2921 videret,
1137 2852 1398 2907 nondum
1448 2846 1702 2901 habebat
1745 2856 1918 2896 sanos
1962 2837 2021 2890 in

317 2949 509 3016 corde,
544 2948 698 3002 unde
732 2951 908 3002 Deum
940 2946 1216 3001 latentem
1260 2940 1668 3013 cognosceret;
1702 2934 1837 2989 fecit
1868 2930 2021 3003 quod

315 3040 510 3094 videre
541 3042 785 3108 poterat,
811 3044 872 3092 ut
904 3040 1213 3091 sanaretur
1243 3036 1396 3088 unde
1419 3032 1609 3084 videre
1640 3042 1755 3082 non
1780 3024 2023 3096 poterat.

319 3130 623 3200 lngressus
644 3134 727 3184 est
748 3128 939 3184 locum
968 3128 1063 3180 ubi
1083 3127 1314 3196 jacebat
1338 3137 1552 3191 magna
1575 3114 1884 3172 multitudo
1907 3111 2028 3167 lan-

317 3220 644 3293 guentium,
678 3235 986 3286 caecorum,
1018 3216 1383 3282 claudorum,
1416 3211 1750 3273 aridorum;
1795 3210 1851 3260 et
1893 3219 2025 3259 cum

318 3314 473 3365 esset
496 3310 756 3366 medicus
777 3313 833 3365 et
856 3309 1271 3373 animarumet
1293 3318 1622 3374 corporum,
1646 3304 1703 3354 et
1726 3294 1825 3368 qui
1849 3295 2031 3350 venis-

322 3408 409 3457 set
452 3417 660 3456 sanare
691 3416 895 3457 omnes
927 3400 1154 3454 animas
1184 3396 1634 3456 crediturorum,
1660 3392 1730 3444 de
1756 3388 1868 3443 illis
1897 3387 2032 3443 lan—

320 3490 636 3563 guentibus
669 3506 849 3546 unum
881 3489 1055 3559 elegit
1076 3502 1248 3557 quem
1284 3487 1540 3548 sanaret,
1564 3485 1628 3535 ut
1651 3479 1931 3534 unitatem
1958 3477 2033 3532 si-

321 3586 638 3655 gniﬁcaret.
670 3584 727 3640 Si
760 3580 1038 3643 mediocri
1071 3579 1263 3644 corde,
1296 3585 1349 3631 et
1380 3574 1543 3646 quasi
1583 3574 1835 3627 humano
1858 3573 2028 3640 captu

323 3678 623 3749 etingenio
639 3674 1078 3731 consideremus
1097 3670 1424 3732 facientem,
1441 3668 1497 3719 et
1513 3661 1665 3733 quod
1692 3661 1760 3714 ad
1785 3663 2033 3731 potesta-

327 3781 440 3827 tem
473 3770 740 3842 pertinet,
774 3782 888 3821 non
922 3777 1200 3834 magnum
1247 3758 1466 3829 aliquid
1501 3756 1738 3829 perfecit
1764 3760 1852 3823 ;et
1880 3754 2031 3825 quod

325 3866 392 3917 ad
428 3860 868 3930 benignitatem,
897 3871 1099 3926 parum
1124 3854 1146 3885 ²
1169 3852 1319 3907 fecit.
1345 3849 1454 3903 Tot
1486 3847 1782 3917 jacebant,
1806 3850 1861 3900 et
1882 3860 2033 3898 unus

326 3960 566 4012 curatus
597 3957 704 4015 est,
738 3967 869 4007 cum
922 3952 1119 4020 posset
1167 3960 1283 4000 uno
1334 3942 1502 3997 verbo
1547 3954 1749 3993 omnes
1790 3938 2030 4009 erigere.

329 4046 478 4110 Quid
508 4059 645 4114 ergo
676 4039 1115 4110 intelligendum
1143 4041 1248 4100 est,
1275 4031 1383 4087 nisi
1410 4029 1546 4101 quia
1578 4033 1833 4099 potestas
1858 4028 1956 4082 illa
1978 4031 2035 4082 et

330 4133 557 4193 bonitas
589 4132 687 4188 illa
736 4130 921 4201 magis
970 4127 1175 4199 agebat
1204 4121 1348 4193 quid
1396 4120 1605 4175 animae
1626 4119 1685 4173 in
1715 4119 1876 4173 factis
1906 4119 2033 4189 ejus

330 4240 433 4296 pro
460 4222 649 4278 salute
691 4216 1046 4289 sempiterna
1094 4212 1508 4282 intelligerent,
1540 4224 1711 4275 quam
1754 4210 1887 4279 quid
1934 4224 2034 4278 pro

334 4310 837 4385 temporalisalute
860 4321 1099 4377 corpora
1119 4298 1851 4367 mererentur?Corporum
1878 4298 2030 4352 enim

331 4404 491 4462 salus
523 4420 646 4473 quin
677 4417 808 4456 vera
839 4405 1203 4467 exspectatur
1234 4411 1267 4448 a
1306 4390 1575 4457 Domino,
1610 4393 1717 4444 erit
1748 4388 1805 4443 in
1844 4390 1954 4443 line
1975 4388 2033 4442 in

330 4495 744 4551 resurrectione
778 4500 1137 4545 mortuorum
1165 4501 1178 4540 :
1214 4490 1351 4539 tunc
1383 4481 1540 4553 quod
1572 4480 1739 4549 vivet,
1765 4495 1878 4533 non
1915 4496 2034 4534 mo-

333 4586 553 4650 rietur;
587 4590 726 4637 tunc
778 4581 931 4652 quod
989 4576 1313 4634 sanabitur.
1347 4590 1459 4627 non
1510 4570 1847 4641 sagrotabit;
1898 4574 2039 4625 tunc

332 4673 485 4744 quod
520 4672 845 4735 satiabitur,
880 4684 992 4723 non
1029 4666 1240 4721 esuriat
1272 4668 1368 4718 aut
1388 4662 1584 4731 sitiet;
1617 4666 1752 4716 tunc
1774 4658 1931 4731 quod
1955 4675 2040 4714 re-

334 4760 658 4827 novabitur,
693 4776 807 4814 non
857 4760 1187 4813 veterascet.
1238 4756 1402 4809 Nunc
1433 4768 1565 4807 vero
1615 4752 1672 4804 in
1721 4751 1836 4806 illis
1876 4750 2041 4805 factis

334 4851 564 4910 Domini
597 4854 653 4906 et
683 4846 986 4905 salvatoris
1016 4846 1199 4901 nostri
1232 4846 1369 4899 Jesu
1404 4841 1640 4908 Christi,
1671 4847 1726 4895 et
1758 4857 2037 4896 caecorum

333 4940 518 5016 aperti
577 4937 749 5006 oculi,
791 4941 977 4992 morte
1024 4932 1209 4989 clausi
1269 4936 1443 4998 sunt;
1495 4935 1546 4985 et
1593 4929 2038 5001 paralyticorum

334 5032 587 5089 membra
634 5027 967 5092 constricta,
998 5028 1183 5078 morte
1242 5020 1526 5076 dissoluta
1574 5025 1750 5085 sunt;
1783 5028 1834 5074 et
1865 5020 2038 5090 quid-

332 5120 474 5194 quid
496 5126 758 5177 sanatum
780 5121 866 5173 est
887 5111 1280 5186 temporaliter
1301 5110 1357 5165 in
1376 5109 1650 5164 membris
1670 5108 2034 5175 mortalibus,

330 5210 389 5265 in
424 5212 537 5267 fine
584 5210 789 5267 defecit
822 5221 837 5263 :
869 5204 1067 5261 anima
1113 5218 1246 5258 vero
1279 5216 1404 5273 quae
1446 5198 1725 5267 credidit;
1762 5198 1829 5253 ad
1866 5198 2038 5253 vitam

333 5312 602 5359 cateruam
632 5304 946 5359 transitum
979 5299 1129 5354 fecit
1163 5294 1384 5350 Animas
1416 5307 1550 5364 ergo
1582 5291 1905 5357 crediturae,
1937 5305 2036 5343 cu-

400 5466 523 5515 lSic
555 5466 678 5515 editi
708 5472 761 5515 et
797 5469 915 5514 Mss.
944 5467 1138 5515 ferunt.
1176 5464 1329 5513 Forte
1362 5462 1703 5512 librariorum
1738 5458 1905 5521 lapsu,
1943 5471 2039 5521 pro

332 5538 377 5577 .vt
408 5530 693 5589 admirari,
724 5532 834 5576 sive
872 5531 944 5576 uti
994 5530 1120 5577 olim
1152 5528 1477 5581 scribebant.
1512 5533 1560 5573 et
1600 5520 1892 5578 ammirari,
1923 5520 2042 5569 sub-

333 5596 574 5643 ititutum
612 5591 728 5651 fuit,
755 5603 910 5653 quam
933 5592 1146 5641 mirari.
1265 5602 1267 5605 ‘

396 5656 419 5691 ²
441 5656 499 5707 In
532 5653 676 5711 Mem,
704 5667 941 5717 parvum.

2122 518 2345 571 nandos
2377 531 2439 570 se
2468 514 2896 579 humiliaverat,
2930 512 3000 565 de
3033 510 3139 564 hoc
3171 506 3444 578 languido
3476 508 3680 560 sancto
3715 517 3837 555 ma-

2120 621 2299 677 gnum
2341 607 2575 676 signum
2630 604 2809 658 dedit.
2860 600 3040 670 Cujus
3083 598 3163 653 rei
3209 604 3266 652 et
3305 598 3474 665 cujus
3504 592 3650 664 signi
3688 607 3830 661 pro-

2124 695 2366 750 fundum
2419 698 2879 760 sacramentum,
2930 697 3213 760 quantum
3279 685 3565 742 Dominus
3614 683 3834 737 donare

2120 786 2405 855 dignatur,
2440 782 2673 838 attentis
2701 780 2863 835 vobis
2902 785 2959 837 et
2989 779 3207 834 orando
3240 772 3653 845 adjuvantibus
3675 770 3838 825 infir-

2124 874 2385 928 mitatem
2411 880 2696 940 nostram,
2732 870 2941 940 loquar
2981 873 3043 922 ut
3066 871 3284 938 potero.
3314 861 3601 933 Quidquid
3636 863 3832 914 autem

2123 979 2238 1019 nou
2273 977 2534 1033 possum,
2566 959 2859 1031 supplebit
2897 958 2956 1013 in
2988 958 3150 1012 vobis
3180 955 3325 1025 ipse,
3360 969 3474 1024 quo
3514 950 3835 1021 adjuvante

2123 1054 2270 1109 facio
2303 1053 2455 1123 quod
2488 1067 2748 1123 possum.

2190 1143 2247 1197 2.
2278 1141 2358 1197 De
2388 1142 2496 1196 hac
2532 1142 2753 1211 piscina
2786 1156 2915 1211 quae
2948 1138 3199 1208 quinque
3230 1132 3547 1205 porticibus
3570 1130 3840 1200 cingeba-

2123 1238 2235 1300 tur,
2259 1232 2316 1287 in
2343 1232 2805 1303 quibusjacebat
2829 1245 3038 1301 magne
3063 1225 3376 1282 multitudo
3405 1220 3834 1294 languentium,

2124 1324 2358 1379 assidue
2388 1339 2492 1378 nos
2523 1328 2801 1377 tractasse
2832 1319 3107 1386 memini;
3142 1323 3193 1374 et
3241 1331 3358 1373 rem
3406 1314 3669 1369 dicturus
3701 1328 3834 1367 sum

2124 1429 2296 1484 quam
2334 1427 2563 1467 mecum
2599 1411 2796 1483 plures
2838 1412 3256 1480 recognoscent
3294 1405 3486 1475 petius
3522 1419 3696 1475 quam
3729 1417 3838 1457 co-

2123 1509 2429 1573 gnoscant.
2475 1500 2688 1555 Verum
2756 1499 2903 1555 nihil
2964 1503 3053 1554 est
3099 1497 3172 1553 ab
3204 1512 3281 1564 re,
3314 1496 3490 1550 etiam
3549 1496 3687 1549 nota
3745 1506 3839 1546 re-

2126 1601 2334 1663 petere,
2371 1595 2431 1645 ut
2475 1595 2531 1645 et
2561 1591 2662 1661 qui
2713 1606 2824 1645 non
2874 1593 3152 1644 noverant
3200 1586 3615 1648 instruantur;
3650 1586 3705 1637 et
3734 1573 3838 1652 qui

2126 1692 2397 1737 noverant
2426 1680 2866 1736 confirmentur.
2899 1678 3147 1734 Proinde
3186 1685 3465 1747 tanquam
3508 1678 3642 1727 nota
3702 1672 3839 1726 bre-

2125 1769 2271 1825 viter
2330 1770 2770 1841 perstringenda
2829 1777 2983 1838 sunt,
3042 1783 3156 1822 non
3226 1767 3409 1821 otiose
3465 1760 3834 1818 inculcanda.

2127 1862 2362 1917 Piscina
2391 1861 2489 1917 illa
2539 1866 2593 1918 et
2624 1879 2770 1933 aqua
2824 1860 2924 1916 illa
2967 1859 3245 1933 populum
3291 1856 3436 1912 mihi
3483 1854 3714 1909 videtur
3757 1852 3838 1907 si-

2122 1952 2429 2023 gniﬁcasse
2475 1953 2822 2008 Judteorum.
2869 1948 3192 2023 Significari
3224 1948 3381 2005 enim
3437 1944 3680 2018 populos
3731 1959 3837 1998 no-

2128 2042 2284 2099 mine
2336 2058 2642 2115 aquarum,
2694 2050 2890 2113 aperte
2938 2039 3109 2095 nobis
3176 2038 3397 2094 indicat
3459 2033 3839 2108 Apocalypsis

2126 2132 2407 2188 Joannis:
2461 2132 2560 2187 ubi
2594 2132 2643 2187 ei
2675 2146 2809 2187 cum
2842 2130 3293 2187 ostenderentur
3340 2143 3497 2196 aqua:
3531 2124 3747 2192 multa),
3780 2126 3839 2176 et

2126 2222 2538 2293 interrogasset
2573 2220 2712 2292 quid
2745 2225 2965 2286 essent,
2999 2234 3343 2291 responsum
3376 2214 3607 2285 accepit,
3644 2228 3839 2283 popu-

2130 2311 2217 2368 los
2249 2328 2373 2368 esse
2404 2314 2584 2384 (Apoc.
2619 2328 2755 2380 xvn,
2790 2311 2898 2382 15).
2933 2314 3099 2381 Aqua
3122 2325 3256 2381 ergo
3288 2308 3409 2375 illa,
3433 2304 3491 2361 id
3524 2309 3613 2359 est
3645 2319 3840 2375 popu-

2129 2402 2221 2456 lus
2246 2401 2363 2469 ille,
2388 2402 2666 2473 quimque
2686 2400 2852 2456 libris
2876 2399 3075 2471 Moysi.
3104 2404 3381 2469 tanquam
3417 2396 3674 2467 quinque
3705 2407 3843 2463 por-

2126 2491 2340 2547 ticibus
2371 2493 2769 2548 claudebatur.
2802 2490 2910 2545 Sed
2946 2488 3027 2544 illi
3074 2487 3204 2544 libri
3256 2485 3569 2558 prodebant
3616 2480 3845 2553 langui-

2131 2581 2258 2648 dos,
2286 2597 2399 2636 non
2431 2580 2733 2635 sanabant.
2766 2579 2880 2634 Lex
2900 2578 3058 2634 enim
3093 2581 3422 2649 peccatores
3446 2571 3843 2641 convincebat,

2132 2687 2247 2725 non
2282 2669 2634 2725 absolvebat.
2668 2668 2800 2723 ldeo
2831 2666 3023 2722 littera
3055 2667 3181 2722 sine
3212 2666 3397 2738 gratia
3428 2680 3555 2720 reos
3579 2662 3844 2725 faciebat,

2134 2776 2278 2830 quos
2309 2760 2649 2814 confitcntes
2679 2757 2867 2829 gratia
2887 2754 3193 2811 liberabat.
3228 2754 3371 2809 Nam
3398 2752 3508 2809 hoc
3528 2751 3668 2807 dicit
3689 2751 3842 2821 Apo-

2132 2850 2315 2903 stolus
2350 2867 2363 2904 ε
2398 2848 2462 2904 Si
2488 2850 2637 2903 enim
2684 2847 2813 2901 data
2856 2854 2989 2902 esset
3038 2847 3129 2901 lex
3157 2860 3282 2919 queo
3328 2846 3504 2916 posset
3542 2840 3844 2910 vivi/icore,

2134 2941 2356 2993 omnino
2407 2954 2477 2993 ea:
2520 2939 2656 3007 Lege
2702 2939 2838 2991 esset
2873 2934 3126 3004 justitia.
3160 2937 3343 3000 Quare
3392 2949 3525 3003 ergo
3572 2929 3706 2985 data
3759 2931 3849 2983 est

2136 3029 2296 3084 Lex?
2324 3028 2617 3099 Sequitur,
2651 3032 2705 3082 et
2738 3025 2877 3080 dicit
2912 3041 2925 3079 :
2959 3024 3059 3080 Sed
3104 3022 3369 3080 conclusit
3408 3021 3694 3091 Scriptura
3724 3034 3851 3074 om-

2137 3119 2235 3173 nia
2263 3119 2360 3173 sub
2386 3124 2624 3188 peccato,
2655 3124 2715 3171 ut
2746 3114 3042 3186 pramissio
3070 3131 3140 3171 ex
3167 3113 3273 3184 ﬁde
3299 3114 3423 3169 Iesu
3453 3111 3657 3167 Christi
3685 3108 3851 3164 dare-

2136 3214 2228 3265 tur
2272 3208 2620 3265 credentibus
2657 3205 2859 3278 (Galat.
2888 3222 2971 3273 in,
3003 3205 3095 3273 21,
3126 3203 3241 3275 22).
3284 3202 3431 3267 Quid
3469 3200 3796 3256 evidentius
3826 3198 3855 3253 ?

2136 3299 2341 3355 Nonne
2369 3298 2541 3353 verba
2574 3298 2694 3351 haec
2716 3299 3109 3366 exposuerunt
3138 3292 3306 3348 nobis
3350 3301 3401 3348 et
3431 3290 3690 3363 quinque
3721 3305 3854 3359 por-

2137 3390 2309 3456 ticus,
2327 3387 2803 3459 etlanguentium
2822 3384 3255 3441 multitudinem
3270 3382 3298 3438 ‘t
3312 3383 3579 3454 Quinque
3592 3380 3854 3453 porticus

2142 3480 2249 3535 Lex
2280 3483 2387 3534 est.
2422 3479 2608 3543 Quare
2648 3475 2905 3548 quinque
2959 3474 3218 3546 porticus
3266 3490 3379 3530 non
3412 3469 3853 3528 sanabantlan-

2139 3566 2427 3640 guentes?
2457 3567 2603 3631 Quia
2631 3568 2679 3622 si
2723 3566 2849 3621 data
2879 3568 3015 3621 esset
3063 3565 3153 3621 lex
3182 3556 3305 3636 qua?
3341 3569 3523 3635 posset
3550 3560 3853 3630 vivi/icore,

2140 3656 2363 3715 omnino
2388 3672 2456 3713 ex
2486 3658 2618 3727 Lege
2636 3660 2771 3711 esset
2790 3652 3042 3725 justitia.
3076 3655 3263 3718 Quare
3295 3666 3427 3723 ergo
3469 3648 3856 3707 continebant

2141 3764 2289 3819 quos
2320 3765 2435 3803 non
2486 3744 2819 3802 sanabant?
2850 3745 2993 3811 Quia
3031 3743 3295 3799 conclusit
3338 3742 3618 3814 Spiritum
3664 3740 3856 3795 omnia

2140 3839 2238 3894 sub
2265 3842 2501 3910 peccato,
2541 3845 2598 3892 ut
2624 3835 2914 3909 promissio
2943 3850 3011 3890 ex
3039 3833 3145 3904 ﬁde
3172 3835 3327 3891 Iesus
3377 3832 3584 3888 Christi
3618 3831 3859 3886 daretur

2140 3928 2505 3985 credentibus.

2211 4018 2263 4072 3.
2298 4018 2442 4084 Quid
2476 4033 2609 4086 ergo
2644 4016 2817 4072 fiebat
2849 4020 2913 4071 ut
2946 4016 3000 4072 in
3025 4031 3179 4086 aqua
3199 4014 3298 4070 illa
3328 4012 3559 4069 turbata
3574 4026 3862 4068 sanaren-

2142 4113 2260 4176 tur,
2295 4108 2395 4179 qui
2434 4107 2493 4163 in
2528 4107 2849 4179 porticibus
2899 4106 3094 4162 sanari
3128 4121 3241 4161 non
3293 4101 3614 4176 poterant?
3643 4101 3857 4158 Subito

2144 4198 2297 4253 enim
2355 4197 2659 4253 videbatur
2698 4208 2849 4268 aqua
2893 4196 3147 4263 turbata,
3180 4198 3237 4251 et
3267 4211 3300 4251 a
3336 4198 3479 4265 quot
3509 4192 3857 4258 urbabatur,

2146 4304 2261 4345 non
2292 4287 2616 4344 videbatur.
2664 4287 2877 4342 Credas
2923 4285 3032 4341 hoc
3062 4284 3327 4357 angelica
3355 4284 3562 4339 virtute
3594 4282 3715 4338 fieri
3751 4296 3862 4336 so-

2145 4377 2283 4442 lere,
2317 4393 2431 4432 non
2465 4382 2654 4431 tamen
2687 4376 2809 4431 sine
2839 4374 3204 4446 significante
3233 4372 3426 4444 aliquo
3465 4376 3855 4429 sacramento.

2148 4468 2280 4523 Post
2310 4485 2521 4540 aquam
2558 4469 2843 4522 turbatam
2881 4465 3145 4520 mittebat
3184 4479 3246 4520 se
3280 4479 3433 4519 unus
3463 4465 3559 4534 qui
3611 4465 3858 4533 poterat,

2149 4564 2203 4616 et
2234 4560 2551 4614 sanabatur
2588 4557 2751 4614 solus
2785 4574 2799 4612 :
2844 4560 2969 4627 post
2998 4556 3159 4612 illum
3191 4554 3457 4626 quisquis
3488 4570 3551 4610 se
3584 4555 3859 4624 mitteret,

2151 4650 2362 4705 frustra
2408 4649 2639 4703 faceret.
2689 4646 2835 4711 Quid
2885 4646 3017 4701 sibi'
3048 4662 3181 4715 ergo
3216 4645 3325 4701 hoc
3368 4646 3511 4713 vult,
3553 4644 3665 4700 nisi
3717 4644 3863 4716 quia

2148 4739 2303 4795 venit
2333 4754 2487 4792 unus
2530 4735 2798 4791 Christus
2830 4735 2899 4789 ad
2937 4734 3212 4806 populum
3263 4733 3630 4802 Iudaeorum;
3661 4738 3719 4790 et
3768 4734 3861 4790 fa-

2148 4829 2351 4885 ciendo
2402 4842 2633 4898 magna,
2665 4824 2925 4881 docendo
2961 4823 3149 4892 utilia,
3197 4823 3450 4879 turbavit
3499 4829 3858 4895 peceatores,

2150 4917 2405 4974 turbavit
2435 4933 2643 4985 aquam
2679 4917 2979 4987 praesentia
3001 4930 3129 4980 sua,
3153 4924 3209 4969 et
3233 4915 3503 4970 excitavit
3532 4915 3599 4969 ad
3632 4915 3859 4986 passio-

2151 5026 2285 5064 nem
2318 5005 2534 5064 suam?
2561 5007 2671 5062 Sed
2713 5005 2895 5061 latens
2940 5004 3205 5059 turbavit.
3242 5004 3301 5059 Si
3340 5004 3495 5059 enim
3550 5004 3863 5076 cognoviso

2151 5103 2300 5166 sent,
2335 5112 2633 5167 nunquam
2664 5094 2975 5150 Dominum
3026 5091 3222 5164 glorias
3253 5092 3675 5149 crucifixissent
3707 5094 3857 5163 (Cor.

2150 5204 2209 5255 Il,
2234 5189 2313 5253 8).
2346 5187 2707 5242 Descenderc
2761 5200 2897 5252 ergo
2926 5182 2983 5237 in
3016 5197 3229 5254 aquam
3283 5184 3603 5251 turbatam,
3626 5182 3734 5237 hoc
3773 5188 3868 5239 est

2150 5278 2451 5333 humiliter
2479 5276 2714 5331 credere
2747 5274 2802 5328 in
2839 5271 3065 5327 Domini
3113 5271 3463 5341 passionem.
3496 5270 3581 5326 Ibi
3613 5271 3870 5327 sanaba-

2150 5372 2247 5422 tur
2279 5383 2457 5433 unus,
2480 5365 2820 5436 signiﬁcans
2844 5362 3169 5427 unitatem;
3196 5366 3397 5432 postea
3414 5362 3680 5432 quisquis
3702 5363 3868 5419 veni-

2149 5462 2255 5521 ret,
2288 5473 2401 5511 non
2454 5453 2771 5510 sanabatur
2801 5466 2814 5505 :
2851 5450 2985 5522 quia
3034 5448 3295 5521 quisquis
3342 5454 3547 5521 praeter
3577 5450 3865 5507 unitatem

2148 5544 2345 5609 fuerit,
2379 5544 2569 5599 sanari
2606 5559 2720 5598 non
2756 5540 2986 5611 poterit.

2220 5636 2274 5691 4.
2308 5634 2623 5689 Videamus
2656 5648 2791 5704 ergo
2840 5630 2979 5703 quid
3027 5628 3276 5687 voluerit
3306 5629 3633 5701 significare
3669 5630 3726 5685 in
3764 5631 3863 5691 illo
