4146 6186
270 297 430 355 1529

266 446 405 498 ιιηο,
440 447 616 502 quem
649 433 825 488 etiam
861 435 982 505 ipse
1031 450 1265 492 servans
1315 437 1562 493 unitatis
1612 437 1978 510 mysterium,

265 522 419 577 sicut
472 525 822 594 praelocutus
873 543 1021 594 sum,
1071 527 1141 583 de
1199 536 1283 584 tot
1345 530 1760 601 languentibus
1804 546 1981 585 unum

265 628 475 668 sanare
509 615 787 685 dignatus
819 622 926 671 est.
966 618 1186 672 Invenit
1217 620 1271 672 in
1307 623 1478 674 annis
1511 623 1637 690 ejus
1671 635 1982 674 numerum

264 704 582 770 quemdam
616 705 918 778 languoris
951 725 966 762 :
1006 709 1255 779 Triginta
1297 721 1412 764 octo
1445 727 1617 765 annos
1651 711 1879 764 habebat
1924 711 1985 763 in

263 794 623 861 infirmitate.
660 796 759 851 Hic
791 815 1071 855 numerus
1104 803 1396 871 quomodo
1429 803 1614 872 magis
1646 807 1712 857 ad
1741 801 1982 870 languo-

263 898 385 938 rem
424 887 731 952 pertineat,
759 904 932 959 quam
965 889 1036 943 ad
1076 892 1408 959 sanitatem,
1445 890 1614 961 paulo
1647 889 1984 960 diligentius

262 976 675 1043 exponendum
709 988 815 1032 est.
851 979 1110 1035 Intentos
1135 997 1234 1035 vos
1267 981 1431 1048 volo;
1467 982 1644 1035 aderit
1677 979 1981 1047 Dominus,

261 1071 322 1116 ut
355 1079 615 1134 congrue
647 1066 872 1138 loquar,
906 1077 960 1122 et
1009 1071 1370 1125 sufﬁcienter
1401 1071 1676 1126 audiatis.
1727 1069 1985 1132 Quadra-

257 1157 542 1223 genarius
575 1171 853 1212 numerus
883 1165 1145 1214 sacratus
1190 1159 1354 1215 nobis
1403 1160 1460 1214 in
1512 1160 1758 1230 quadam
1795 1160 1980 1229 perfe-

256 1242 455 1296 ctione
505 1247 966 1303 eommendatur.
1001 1247 1209 1303 Notum
1261 1265 1388 1304 esse
1420 1249 1670 1303 arbitror
1707 1248 1982 1303 Charitati

255 1335 471 1384 vestrae
506 1348 520 1385 :
557 1337 840 1389 testantur
867 1337 1194 1406 saepissime
1233 1337 1437 1393 divinis
1469 1338 1795 1408 Scripturae.
1827 1337 1982 1406 Jeju-

255 1421 427 1476 nium
486 1423 589 1478 hoc
640 1441 882 1481 numero
931 1433 1335 1483 consecratum
1381 1437 1465 1484 est
1509 1445 1522 1482 :
1585 1429 1728 1483 bene
1778 1428 1981 1484 nostis.

253 1508 405 1564 Nam
439 1516 499 1566 et
531 1513 760 1585 Moyses
791 1517 1179 1587 quadraginta
1212 1517 1418 1573 diebus
1455 1518 1738 1587 jejunavit
1787 1515 1981 1586 (Exod.

251 1614 451 1667 xxxiv,
502 1602 614 1672 28),
673 1609 729 1658 et
790 1605 942 1660 Elias
1003 1607 1243 1662 totidem
1303 1606 1397 1677 {III
1470 1608 1600 1678 Reg.
1652 1623 1765 1672 xix,
1814 1608 1893 1676 8),
1926 1609 1983 1661 et

254 1690 384 1760 ipse
423 1693 707 1751 Dominus
742 1704 934 1754 noster
961 1703 1017 1754 et
1046 1699 1297 1754 salvator
1327 1699 1496 1754 Jesus
1528 1699 1790 1754 Christus
1824 1698 1978 1752 hunc

249 1780 464 1851 jejunii
501 1800 813 1844 numerum
840 1788 1102 1859 implevit
1134 1790 1340 1861 (Matth.
1388 1806 1463 1857 IV,
1496 1791 1572 1860 2).
1609 1790 1714 1844 Per
1747 1789 1976 1857 Moysen

254 1873 631 1944 signiﬁcatur
679 1883 811 1947 Lex,
845 1895 945 1952 per
991 1881 1168 1936 Etiam
1203 1881 1610 1953 signiﬁcantur
1658 1880 1975 1949 PrOphetaz,

256 1982 361 2035 per
394 1966 712 2026 Dominum
747 1972 1103 2042 signiﬁcatur
1153 1972 1549 2044 Evangelium.
1601 1973 1732 2027 Ideo
1779 1971 1835 2024 in
1879 1970 1978 2025 illo

258 2064 465 2114 monte
501 2068 618 2116 tres
650 2070 1067 2132 apparuerunt,
1119 2065 1217 2119 ubi
1269 2080 1329 2119 se
1381 2064 1686 2135 discipulis
1727 2061 1980 2118 ostendit

254 2149 313 2204 in
351 2151 628 2209 claritate
658 2153 855 2211 vultus
885 2160 940 2212 et
971 2157 1144 2212 vestis
1176 2173 1317 2212 suae.
1352 2156 1634 2227 Apparuit
1666 2154 1820 2210 enim
1857 2169 1978 2208 me-

254 2241 391 2296 dius
425 2243 584 2298 inter
613 2247 841 2316 Moysen
894 2255 949 2301 et
993 2248 1176 2302 Etiam
1210 2247 1313 2314 (Id.
1354 2262 1490 2312 xm,
1526 2247 1664 2316 1-3),
1697 2249 1978 2315 tanquam

255 2332 642 2404 Evangelium
668 2337 1072 2392 testimonium
1106 2337 1346 2392 haberet
1378 2353 1410 2391 a
1445 2337 1583 2407 Lege
1632 2340 1688 2391 et
1738 2335 1980 2406 Prophe-

250 2421 327 2476 tis
363 2424 551 2491 (Rom.
591 2442 673 2494 nr,
706 2426 820 2497 21).
853 2427 982 2481 Sive
1012 2442 1147 2496 ergo
1179 2428 1237 2481 in
1271 2427 1438 2498 Lege,
1482 2427 1600 2484 sive
1631 2426 1687 2480 in
1723 2425 1976 2497 Prophe-

248 2514 352 2578 tis,
387 2515 513 2569 sive
543 2516 602 2570 in
656 2518 980 2588 Evnngelia,
1014 2519 1516 2589 quadragenarius
1560 2533 1840 2572 numerus
1874 2532 1978 2570 no-

248 2604 337 2658 bis
358 2605 418 2658 in
441 2606 670 2675 jejunio
691 2607 1466 2678 commendatur.Jejunium
1483 2612 1674 2662 autem
1702 2621 1978 2677 magnum

246 2699 300 2751 et
335 2696 616 2764 generale
647 2701 758 2764 est,
800 2697 1090 2754 abstinere
1122 2697 1192 2752 ab
1223 2698 1637 2769 iniquitatibus
1677 2701 1734 2752 et
1761 2695 1981 2750 illicitis

247 2785 666 2856 voluptatibus
716 2786 911 2842 seculi
945 2788 1096 2858 quod
1149 2797 1234 2842 est
1283 2788 1593 2858 perfectum
1649 2786 1978 2856 jejunium:

249 2883 306 2927 ut
391 2877 724 2943 abneganles
776 2878 1114 2948 impietatem
1171 2885 1222 2932 et
1291 2878 1578 2932 saeculares
1631 2876 1977 2947 cupiditates,

253 2976 658 3035 temperanter,
713 2973 764 3023 et
821 2970 982 3036 iuste,
1034 2977 1084 3024 et
1120 2971 1211 3040 pie
1253 2971 1495 3024 vivamus
1524 2970 1580 3022 in
1623 2969 1722 3024 hoc
1759 2968 1977 3022 sarculo.

251 3056 409 3111 Huic
433 3056 665 3126 jejunio
715 3076 891 3127 quam
946 3062 1263 3116 mercedem
1293 3059 1450 3114 addit
1489 3059 1848 3129 Apostolus?
1878 3058 1980 3112 Se-

250 3146 490 3217 quitur,
525 3152 581 3201 et
612 3149 789 3202 dicit:
832 3152 1226 3219 Exspectantes
1260 3150 1419 3203 illam
1473 3151 1684 3204 beatam
1726 3165 1895 3219 spem,
1928 3155 1980 3204 et

249 3236 769 3306 manifestationem
798 3241 994 3309 gloria:
1030 3240 1172 3295 beati
1220 3240 1331 3304 Dei,
1383 3249 1432 3295 et
1473 3239 1757 3294 salvatoris
1805 3239 1981 3294 nostri

247 3328 386 3382 Iesu
431 3328 646 3383 Christi
693 3331 818 3396 (Tit.
878 3346 940 3396 ιι,
1002 3331 1088 3400 12,
1148 3330 1255 3400 13).
1330 3331 1387 3384 In
1439 3330 1547 3385 hoc
1589 3345 1723 3401 ergo
1772 3329 1979 3385 saaculo

248 3417 431 3486 quasi
466 3419 985 3489 Quadragesimam
1037 3421 1396 3475 abstinentiae
1429 3420 1813 3487 celebramus,
1848 3436 1978 3476 cum

248 3508 411 3563 bene
461 3506 732 3577 vivimus,
783 3525 915 3564 cum
975 3510 1045 3564 ab
1076 3509 1487 3581 iniquitatibus
1537 3515 1593 3566 et
1641 3512 1712 3566 ab
1754 3510 1980 3566 illicitis

247 3598 662 3669 voluptatibus
710 3599 1096 3656 abstinemus.
1131 3601 1240 3655 Sed
1295 3601 1428 3672 quia
1461 3600 1581 3656 haec
1628 3600 1981 3656 abstinentia

249 3698 391 3751 sine
435 3697 703 3752 mercede
757 3713 870 3752 non
920 3695 1050 3765 erit,
1102 3701 1504 3767 exspectamus
1553 3698 1773 3751 beatam
1823 3695 1980 3751 illam

248 3803 434 3858 spem,
486 3795 536 3841 et
565 3785 956 3841 revelationem
989 3786 1192 3858 gloria:
1240 3788 1429 3854 magni
1460 3787 1574 3855 Dei,
1607 3795 1658 3840 et
1687 3786 1980 3840 salvatoris

251 3875 442 3933 nostri
473 3876 600 3930 Iesu
633 3875 923 3930 Christum.
960 3875 1020 3929 In
1046 3875 1146 3930 illa
1179 3892 1301 3948 spe,
1335 3892 1464 3931 cum
1494 3875 1752 3930 fueritde
1774 3891 1873 3945 spe
1898 3875 1980 3929 fa-

255 3971 359 4021 cta
394 3981 514 4032 res,
544 3965 834 4037 accepturi
865 3982 1073 4020 sumus
1123 3967 1444 4022 mercedem
1497 3964 1819 4020 denarium.
1857 3966 1985 4037 Ipsa

254 4057 420 4112 enim
458 4070 676 4110 merces
706 4055 966 4111 redditur
995 4056 1268 4119 cperariis
1299 4055 1357 4112 in
1385 4056 1554 4112 vinea
1584 4055 1982 4110 laborantibus

252 4147 595 4202 secundum
648 4145 1018 4214 Evangelium
1069 4145 1278 4216 (lllatth.
1314 4163 1407 4212 xx,
1439 4145 1494 4212 9,
1548 4145 1654 4213 10),
1702 4147 1852 4215 quod
1885 4162 1982 4203 vos

254 4235 433 4292 credo
467 4235 806 4291 reminisci:
841 4253 1028 4307 neque
1059 4237 1214 4292 enim
1247 4237 1441 4291 omnia
1473 4236 1982 4291 commemoranda

252 4332 423 4394 sunt,
458 4336 736 4396 tanquam
787 4327 1033 4381 rudibus
1079 4331 1136 4381 et
1166 4325 1472 4397 imperitis.
1508 4325 1793 4380 Denarius
1845 4341 1982 4397 ergo

253 4416 360 4487 qui
398 4417 627 4486 accepit
659 4431 866 4470 nomen
893 4433 926 4472 a
950 4432 1189 4471 numero
1212 4417 1432 4481 decem,
1462 4416 1745 4481 redditur,
1769 4420 1824 4470 et
1846 4431 1980 4470 con-

245 4509 506 4576 junctus
521 4506 994 4577 quadragenario
1015 4508 1078 4560 ﬁt
1094 4506 1662 4576 quinquagenarius:
1684 4507 1836 4561 unde
1851 4522 1977 4562 cum

252 4595 460 4650 labore
493 4594 858 4651 celebramus
879 4596 1392 4666 Quadragesitnam
1432 4602 1562 4653 ante
1580 4598 1824 4666 Pascha;
1849 4614 1980 4654 cum

250 4685 462 4741 latitia
493 4701 650 4751 vero,
684 4689 960 4755 tanqmim
1011 4691 1248 4757 accepta
1281 4687 1566 4754 mercede,
1613 4689 1982 4762 Quinquage-

254 4775 480 4830 simam
517 4779 648 4844 post
679 4775 918 4830 Pascha.
953 4774 1095 4829 Nam
1141 4775 1278 4830 huic
1311 4780 1587 4846 tanquam
1623 4777 1869 4832 salutari
1899 4778 1982 4832 la-

258 4865 397 4919 bori
430 4864 562 4919 boni
617 4865 831 4933 operis,
893 4864 984 4934 qui
1037 4864 1285 4934 pertinet
1333 4866 1402 4920 ad
1453 4865 1982 4937 quadragenarium

255 4969 609 5018 numerum,
643 4955 876 5009 additur
907 4954 1117 5025 quietis
1147 4959 1204 5010 et
1251 4954 1542 5010 felicitatis
1592 4955 1885 5023 denarius,
1922 4963 1984 5012 ut

253 5042 813 5114 quinquagenarius
847 5044 966 5099 ﬁat.

327 5135 388 5188 5.
423 5133 797 5204 Signiﬁcavit
847 5135 955 5191 hoc
1006 5140 1060 5191 et
1093 5135 1218 5206 ipse
1270 5133 1547 5188 Dominus
1595 5134 1768 5190 Jesus
1801 5135 1983 5192 multo

249 5227 538 5290 apertius,
584 5225 823 5294 quando
895 5231 1023 5296 post
1077 5223 1562 5280 resurrectionem
1597 5225 1983 5295 quadraginta

248 5313 473 5369 diebus
525 5319 906 5370 conversatus
956 5321 1042 5371 est
1072 5315 1130 5370 in
1165 5320 1320 5370 terra
1361 5330 1496 5369 cum
1529 5314 1829 5381 discipulis
1861 5315 1983 5370 suis

248 5405 396 5471 (Art.
433 5421 476 5471 ι,
508 5404 603 5475 3);
640 5405 1090 5476 quadragesimo
1117 5415 1307 5460 autem
1342 5403 1432 5459 die
1464 5419 1593 5461 cum
1625 5404 1985 5460 ascendisset

245 5490 311 5548 in
369 5494 610 5560 malum,
668 5495 921 5565 peractis
951 5495 1146 5550 decem
1203 5494 1410 5549 diebus
1443 5493 1605 5549 misit
1648 5493 1983 5565 {mercedem

247 5582 518 5652 Spiritus
541 5584 735 5641 sancti
778 5585 876 5654 (Id.
927 5600 989 5650 ιι,
1022 5585 1162 5656 1α-4).
1194 5584 1530 5657 Signiﬁcata
1578 5591 1715 5641 sunt
1761 5584 1894 5651 ista,
1927 5589 1985 5642 et

245 5672 619 5744 quibusdam
653 5674 1182 5747 signiﬁcationibus
1206 5692 1297 5733 res
1325 5675 1462 5746 ipsa
1484 5678 1789 5746 praeventas
1820 5681 1979 5731 sunt.

1492 300 1950 362 TRAC'I‘A'I‘US
1999 300 2188 361 XVII.
2237 301 2496 364 CAPUT
2541 306 2614 365 V.

3656 309 3818 374 1530

2097 437 2622 509 Signiﬁcationibus
2655 441 2970 513 pascimur,
3005 447 3070 498 ut
3091 443 3165 499 ad
3193 460 3284 500 res
3311 445 3468 515 ipsas
3494 446 3815 516 perduran-

2095 535 2183 584 tes
2233 532 2530 601 pervenire
2601 534 2907 602 possimus.
2961 534 3220 602 0,!6P8l‘ll
3268 536 3425 590 enim
3475 553 3705 603 sumus,
3757 544 3813 593 et

2098 619 2285 674 adhuc
2332 622 2388 674 in
2421 621 2585 676 vinea
2618 623 2952 678 laboramus
2987 640 3000 678 :
3038 622 3203 678 ﬁnito
3255 624 3368 690 die,
3422 625 3586 680 ﬁnito
3620 642 3811 696 opere,

2098 726 2319 765 merces
2371 713 2722 768 restituetur.
2765 714 2874 767 Sed
2907 714 3038 785 quis
3072 714 3370 785 Operarius
3416 717 3695 785 perdurat
3742 715 3814 769 ad

2097 800 2492 869 accipiendam
2529 803 2876 870 mercedem,
2913 805 3020 858 nisi
3056 806 3156 874 qui
3194 805 3456 874 pascitur
3487 821 3618 860 cum
3654 805 3812 859 labo-

2097 893 2183 942 rat
2213 887 2239 940 ‘l
2270 889 2396 944 Non
2428 891 2581 946 enim
2617 896 2674 946 et
2710 897 2770 945 tu
2812 892 3076 962 operario
3130 902 3223 946 tuo
3259 897 3585 948 mercedem
3631 892 3812 948 solam

2097 980 2343 1034 daturus
2367 998 2426 1035 es
2455 998 2466 1034 :
2496 998 2606 1036 non
2632 982 2802 1037 etiam
2820 982 3022 1037 aﬁ‘eres
3056 982 3135 1036 illi
3154 983 3308 1037 unde
3331 983 3482 1038 vires
3507 989 3734 1053 reparet
3756 985 3813 1039 in

2097 1069 2292 1124 labore
2338 1071 2365 1124 ?
2425 1071 2611 1126 Pascis
2667 1073 2862 1140 utique
2921 1073 3010 1126 cui
3065 1076 3382 1128 mercedem
3429 1075 3673 1129 daturus
3731 1090 3809 1129 es.

2097 1159 2340 1215 Proinde
2373 1169 2426 1215 et
2460 1179 2561 1215 nos
2593 1162 2876 1217 Dominus
2905 1162 2961 1215 in
2995 1162 3126 1217 istis
3159 1163 3596 1231 Scripturarum
3631 1164 3814 1234 signi-

2098 1251 2467 1306 ﬁcationibus
2501 1252 2829 1306 laborantes
2862 1253 3059 1323 pascit.
3092 1251 3232 1306 Nam
3258 1253 3305 1308 si
3341 1255 3450 1307 ista
3483 1251 3812 1324 intelligen-

2096 1343 2302 1396 dorum
2355 1347 2848 1396 sacramentorum
2895 1342 3089 1397 laetitia
3144 1345 3528 1398 subtrahatur
3558 1361 3592 1398 a
3624 1344 3810 1410 nobis,

2095 1431 2400 1486 deﬁcimus
2449 1432 2506 1485 in
2556 1432 2771 1498 labore,
2821 1437 2877 1487 et
2926 1449 3040 1487 non
3089 1433 3200 1488 erit
3243 1434 3339 1503 qui
3391 1433 3687 1504 perveniat
3739 1433 3809 1487 ad

2097 1527 2439 1580 mercedem.

2165 1616 2217 1667 6.
2257 1615 2552 1678 Quomodo
2591 1630 2726 1684 ergo
2786 1615 3246 1685 quadragenario
3281 1631 3516 1671 numero
3577 1614 3807 1687 perﬁci-

2095 1708 2190 1760 tur
2219 1721 2363 1772 0pus
2395 1705 2422 1756 Ῥ
2451 1703 2722 1758 Fortasse
2756 1703 2909 1770 ideo,
2943 1705 3040 1774 qui
3094 1704 3205 1759 Lex
3256 1706 3311 1759 in
3347 1705 3546 1760 decem
3591 1720 3810 1776 prece-

2096 1795 2207 1864 ptis
2239 1794 2372 1846 data
2404 1797 2510 1853 est,
2545 1798 2600 1847 et
2625 1809 2721 1863 per
2753 1798 2935 1848 totum
2972 1795 3258 1849 mundum
3293 1795 3657 1864 praedicanda
3687 1800 3813 1850 erat

2093 1887 2203 1938 Lex
2236 1899 2247 1937 :
2283 1882 2382 1953 qui
2417 1887 2570 1937 totus
2605 1883 2863 1938 mundus
2908 1890 3156 1953 quatuor
3200 1885 3466 1954 partibus
3508 1900 3802 1940 commen-

2091 1973 2276 2038 datur,
2327 1973 2560 2027 Oriente
2617 1976 2673 2026 et
2731 1973 3066 2038 Occidente,
3117 1973 3351 2029 Meridie
3395 1978 3451 2030 et
3499 1974 3809 2044 Aquilone,

2092 2064 2244 2118 unde
2274 2062 2550 2118 denarius
2585 2079 2680 2133 per
2710 2069 2959 2134 quatuor
2991 2063 3427 2134 multiplicatus,
3461 2066 3527 2119 ad
3565 2065 3812 2136 quadra-

2090 2152 2390 2223 genarium
2445 2153 2723 2222 pervenit.
2774 2151 2874 2207 Vel
2908 2153 3044 2222 quia
3092 2168 3194 2223 per
3231 2153 3606 2225 Evangelium
3652 2155 3806 2224 quod

2090 2249 2336 2312 quatuor
2375 2241 2551 2296 libros
2583 2241 2780 2306 habet,
2828 2241 3100 2312 impletur
3150 2244 3293 2298 Lex:
3344 2243 3481 2312 quia
3530 2242 3587 2296 in
3624 2243 3805 2296 Evan-

2090 2333 2239 2402 gelio
2270 2332 2489 2387 dictum
2525 2336 2631 2396 est,
2683 2332 2797 2387 Non
2841 2334 2965 2387 veni
3009 2332 3211 2388 solvere
3243 2334 3455 2400 Legem,
3487 2333 3575 2386 sed
3627 2331 3809 2386 adim-

2087 2423 2236 2494 plere
2265 2422 2476 2495 (Matth.
2514 2439 2568 2490 v,
2595 2423 2701 2493 17).
2735 2424 2861 2478 Sive
2884 2439 3017 2494 ergo
3050 2423 3169 2488 illa,
3191 2422 3311 2477 sive
3341 2423 3448 2477 ista
3469 2438 3666 2490 causa,
3691 2423 3810 2478 sive

2090 2512 2202 2567 alia
2236 2512 2432 2583 aliqua
2457 2511 2864 2583 probabiliora,
2908 2529 3033 2584 quae
3068 2529 3170 2568 nos
3193 2511 3352 2579 latet,
3376 2511 3665 2567 doctiores
3689 2527 3804 2567 non

2091 2602 2232 2657 latet
2260 2620 2275 2674 ;
2305 2608 2526 2657 certum
2552 2607 2637 2658 est
2661 2606 2856 2657 tamen
2880 2603 3603 2673 quadragenarionumero
3623 2601 3808 2671 signi-

2090 2692 2247 2748 ﬁcari
2280 2693 2579 2764 quamdam
2613 2693 3022 2766 perfectionem
3057 2695 3116 2748 in
3149 2692 3419 2765 operibus
3451 2690 3636 2760 bonis,
3673 2707 3800 2762 quae

2091 2785 2342 2841 maxime
2374 2801 2550 2856 opera
2581 2786 2731 2841 bona
2776 2791 3118 2841 exercentur
3147 2786 3205 2839 in
3265 2783 3621 2839 abstinentia
3660 2799 3805 2853 qua-

2088 2875 2218 2928 dam
2255 2877 2323 2930 ab
2349 2875 2566 2930 illicitis
2595 2875 3011 2945 cupiditatibus
3049 2879 3064 2911 ι
3099 2873 3317 2941 saeculi,
3362 2875 3468 2929 hoc
3501 2881 3602 2941 est,
3637 2888 3806 2943 gene-

2089 2963 2190 3017 rali
2214 2964 2462 3034 jejunio.
2498 2964 2645 3017 Audi
2680 2968 2736 3017 et
2767 2964 3105 3034 Apostolum
3150 2964 3460 3029 dicentem,
3504 2963 3808 3017 Plenitudo

2091 3054 2244 3121 Legis
2295 3052 2542 3108 charitas
2573 3052 2743 3122 (Rom.
2796 3069 2917 3117 xm,
2973 3055 3077 3123 10).
3113 3053 3376 3108 Charitas
3418 3053 3570 3108 unde
3620 3052 3645 3106 ‘t
3701 3052 3804 3106 Per

2088 3142 2337 3214 gratiam
2374 3141 2489 3206 Dei,
2524 3157 2622 3212 per
2653 3141 2934 3213 Spiritum
2970 3148 3261 3198 sanctum.
3293 3141 3410 3197 Non
3443 3141 3596 3198 enim
3629 3141 3802 3196 liabe-

2090 3249 2284 3288 remus
2331 3233 2490 3288 illam
2550 3249 2615 3287 ex
2663 3231 2851 3298 nobis,
2885 3233 3052 3303 quasi
3107 3233 3378 3287 facientes
3419 3231 3575 3286 illam
3614 3230 3804 3285 nobis.

2089 3321 2188 3378 Dei
2221 3323 2439 3377 donum
2471 3327 2578 3388 est,
2611 3325 2667 3376 et
2702 3337 2978 3391 magnum
3009 3321 3228 3376 donum
3264 3336 3277 3376 :
3323 3321 3594 3386 Quoniam
3623 3318 3804 3373 chari-

2085 3416 2167 3467 tas
2192 3412 2304 3477 Dei,
2339 3412 2547 3482 inquit,
2571 3412 2774 3483 diffusa
2801 3417 2880 3466 est
2904 3414 2960 3465 in
2999 3411 3253 3466 cordibus
3284 3408 3486 3464 nostris
3542 3424 3637 3477 per
3676 3406 3807 3477 Spi-

2088 3504 2262 3556 ritum
2289 3507 2539 3557 sanctum
2577 3504 2672 3571 qui
2703 3502 2862 3556 datus
2901 3508 2980 3556 est
3009 3501 3162 3554 nobis
3189 3498 3292 3568 (Id.
3329 3514 3381 3564 ν,
3414 3497 3494 3566 5).
3540 3495 3804 3550 Charitas

2088 3612 2223 3667 ergo
2255 3594 2460 3665 implet
2495 3595 2724 3666 Legem,
2758 3599 2814 3648 et
2844 3591 3143 3647 verissime
3191 3590 3412 3644 dictum
3463 3592 3570 3656 est,
3621 3586 3812 3641 Pleni-

2089 3686 2213 3740 tudo
2237 3687 2390 3756 Legis
2411 3686 2672 3740 Charitas.
2698 3684 3038 3748 Quaeramus
3063 3682 3208 3737 hanc
3232 3680 3577 3734 charitatem
3602 3693 3804 3750 quem-

2089 3776 2397 3831 admodum
2455 3775 2473 3808 ί
2533 3775 2974 3829 commendatur
3032 3789 3064 3826 a
3121 3769 3386 3827 Domino.
3450 3768 3806 3824 Mementote

2089 3867 2228 3938 quid
2264 3865 2666 3937 proposuerim
2703 3883 2714 3920 :
2750 3880 3052 3919 numerum
3078 3862 3314 3932 triginta
3347 3868 3472 3918 octo
3513 3874 3802 3916 annorum

2090 3957 2148 4012 in
2209 3955 2309 4010 illa
2365 3954 2639 4025 languido
2683 3952 2809 4008 volo
2839 3967 3147 4024 exponere,
3185 3965 3364 4021 quare
3397 3964 3676 4004 numerus
3709 3946 3805 4002 ille

2090 4044 2425 4115 trigesimus
2456 4046 2695 4098 octavus
2720 4039 3019 4112 languoris
3050 4040 3128 4094 sit
3161 4039 3352 4109 potius
3385 4054 3554 4108 quam
3587 4035 3808 4091 sanita—

2089 4133 2183 4189 tis.
2237 4134 2404 4203 Ergo,
2459 4136 2522 4186 ut
2570 4130 2851 4199 dicebam,
2891 4130 3143 4185 cbaritas
3201 4127 3402 4199 implet
3452 4127 3674 4198 Legem.
3721 4122 3804 4177 Ad

2090 4220 2516 4294 plenitudinem
2546 4221 2712 4292 Legis
2733 4221 2789 4275 in
2814 4219 3090 4274 omnibus
3113 4219 3376 4287 cperibus
3399 4215 3648 4286 pertinet
3669 4227 3807 4282 qua-

2091 4313 2471 4384 dragenarius
2509 4327 2786 4367 numerus
2823 4326 2836 4363 :
2869 4309 2925 4362 in
2960 4307 3240 4363 charitate
3289 4309 3481 4361 autem
3515 4304 3626 4357 duo
3660 4317 3802 4372 prae-

2090 4407 2252 4473 cepta
2289 4403 2456 4457 nobis
2515 4400 3020 4455 commendantur.
3057 4394 3394 4460 Intuemini,
3445 4394 3705 4458 obsecro,
3751 4393 3808 4444 et

2091 4493 2245 4561 ﬁgite
2301 4489 2590 4547 memoriae
2650 4489 2800 4558 quod
2835 4487 3002 4554 dico;
3065 4502 3133 4541 ne
3187 4485 3318 4540 sitis
3376 4487 3804 4552 contemptores

2091 4583 2272 4651 verbi,
2303 4600 2374 4638 ne
2407 4582 2506 4636 ﬁat
2534 4579 2726 4635 anima
2772 4582 2962 4634 vestra
3005 4576 3114 4642 via,
3150 4576 3248 4631 ubi
3280 4591 3460 4645 grana
3499 4575 3658 4644 jacta
3689 4587 3803 4628 non

2091 4673 2420 4747 germinent
2452 4687 2468 4727 :
2501 4673 2575 4726 Et
2606 4670 2839 4736 venient,
2873 4667 3079 4738 inquit,
3112 4666 3359 4722 volatilia
3387 4665 3530 4730 caeli,
3570 4670 3621 4719 et
3648 4661 3807 4718 colli-

2089 4771 2214 4835 gent
2243 4779 2306 4818 ea
2336 4761 2520 4832 (Marc.
2574 4777 2650 4828 ιν,
2692 4760 2766 4829 4).
2819 4757 3118 4828 Percipite,
3151 4764 3207 4812 et
3252 4755 3544 4813 recondita
3583 4752 3644 4807 in
3677 4767 3806 4808 cor-

2092 4855 2265 4909 dibus
2297 4851 2528 4908 vestris.
2563 4848 2873 4906 Charitatis
2907 4852 3190 4920 praecepta
3238 4849 3348 4904 duo
3380 4852 3515 4903 sunt
3546 4861 3578 4898 a
3609 4840 3806 4895 Domi-

2091 4960 2166 4999 no
2215 4941 2618 4998 commendata
2660 4953 2691 5000 :_
2741 4938 2937 5008 Diliges
2986 4937 3277 4992 Dominum
3325 4937 3489 4991 Deum
3528 4940 3681 4986 tuum
3725 4927 3806 4996 iex

2091 5037 2201 5088 toto
2249 5030 2404 5087 corde
2448 5038 2556 5097 tuo,
2601 5036 2649 5084 et
2677 5044 2745 5084 ex
2774 5032 2885 5083 tota
2915 5028 3103 5082 anima
3135 5036 3251 5090 tua,
3286 5032 3337 5080 et
3381 5039 3449 5078 ac
3486 5023 3595 5075 tota
3629 5017 3805 5069 mente

2093 5126 2190 5178 tua
2212 5139 2233 5187 ;
2266 5125 2341 5189 et,
2372 5121 2572 5191 Diliges
2601 5120 2919 5189 proximum
2969 5124 3123 5171 tuum
3156 5121 3418 5184 tanquam
3449 5107 3707 5191 teipsum.
3740 5105 3807 5156 In

2095 5209 2181 5265 his
2227 5209 2434 5265 duobus
2493 5190 2790 5278 praeceptis
2847 5212 2957 5260 tota
3007 5206 3114 5258 Lex
3161 5200 3359 5272 pendet
3425 5202 3473 5254 et
3524 5190 3803 5264 Prophetas

2092 5300 2298 5370 (Matth.
2346 5315 2483 5365 xxii,
2516 5296 2730 5365 37-110).
2788 5294 2988 5348 Merito
3020 5295 3076 5346 et
3122 5290 3218 5345 illa
3265 5288 3436 5343 vidua
3466 5299 3670 5342 omnes
3711 5281 3804 5336 ia-

2092 5401 2328 5456 cullates
2388 5413 2548 5464 suas,
2576 5396 2689 5450 duo
2741 5393 2966 5448 minuta
2997 5389 3156 5445 misit
3201 5389 3259 5444 in
3320 5389 3472 5444 dona
3517 5383 3618 5441 Dei
3649 5383 3801 5453 (Luc.

2093 5507 2207 5558 χχι,
2241 5490 2405 5557 2—4):
2443 5488 2647 5542 merito
2678 5487 2736 5538 et
2785 5499 2885 5553 pro
2935 5480 3033 5536 illo
3085 5479 3362 5552 languido
3393 5497 3426 5534 a
3471 5473 3800 5534 latronibus

2156 5620 2172 5652 1
2193 5613 2338 5669 Mss.,
2370 5609 2750 5675 voluptatibus.

2158 5677 2345 5735 ηιον..
2372 5668 2812 5740 ᾳιιεάἀπιοάαηι,
2849 5673 3035 5724 Ceteri
3066 5673 3205 5737 libri,
3236 5668 3683 5738 quemadmodum.
