4146 6186
331 296 483 356 1531
500 352 503 353 ν

329 429 608 497 sauciata,
640 430 992 487 stabularius
1021 432 1169 487 duos
1209 447 1480 488 nummos
1509 431 1729 504 accepit
1759 433 1910 489 unde
1941 450 2035 489 sa-

330 533 567 580 naretur
620 525 770 594 (Luc.
803 541 861 590 x,
891 525 983 595 35)
1013 540 1028 580 :
1086 524 1291 580 merito
1342 526 1493 597 apud
1527 525 1920 581 Samaritanos
1952 525 2039 580 bi-

330 616 507 669 duum
546 616 677 671 fecit
703 616 891 682 Jesus,
926 625 982 671 ut
1013 632 1111 672 eos
1142 616 1421 672 charitate
1454 616 1710 670 lirmaret
1740 618 1921 685 (Joan.
1960 633 2036 685 1v,

329 706 439 775 40).
464 706 693 760 Binario
724 722 860 777 ergo
909 706 1018 762 isto
1071 723 1312 761 numero
1363 723 1492 761 cum
1525 706 1743 776 aliquid
1798 706 1929 760 boni
1961 707 2037 760 si-

325 794 635 863 gniﬁcatur
665 796 911 849 maxime
960 796 1235 865 bipertita
1274 796 1529 851 charitas
1569 797 2033 850 commendatur.

324 883 379 935 Si
411 899 543 953 ergo
574 884 1071 954 quadragenarius
1104 899 1378 939 numerus
1422 883 1597 938 habet
1628 884 2035 954 perfectionem

326 970 492 1043 Legis
522 978 577 1027 et
610 972 722 1028 Lex
773 989 884 1026 non
934 971 1210 1043 impletur
1257 971 1369 1026 nisi
1402 972 1457 1025 in
1492 971 1719 1043 gemino
1755 977 2039 1043 praecepto

328 1060 625 1116 charitatis
657 1078 671 1127 ;
706 1060 843 1130 quid
876 1060 1108 1115 miraris
1139 1059 1277 1130 quia
1321 1061 1629 1132 languebat
1660 1060 1757 1132 qui
1791 1060 1862 1115 ad
1895 1076 2036 1133 qua-

329 1149 612 1221 draginta,
647 1152 757 1206 duo
789 1151 987 1205 minus
1020 1150 1273 1205 habebat
1301 1151 1329 1205 ?

397 1243 450 1294 7.
512 1239 811 1296 Videamus
861 1240 1100 1311 proinde
1150 1241 1273 1310 jam
1336 1256 1451 1312 quo
1508 1247 1872 1298 sacramento
1930 1241 2041 1297 iste

323 1331 632 1401 languidus
665 1336 895 1388 curetur
923 1348 955 1387 a
986 1331 1253 1388 Domino.
1295 1331 1465 1387 Venit
1493 1332 1645 1388 enim
1687 1331 1812 1404 ipse
1842 1331 2041 1387 Domi-

327 1440 460 1491 nus,
494 1424 794 1480 charitatis
807 1426 1023 1489 doctor,
1046 1423 1324 1479 cbaritate
1340 1423 1561 1495 plenus,
1591 1423 1865 1488 brevians,
1889 1423 2042 1479 sicut

323 1514 394 1569 de
423 1512 521 1570 illo
554 1513 889 1584 praedictum
924 1517 1028 1580 est,
1084 1512 1305 1568 verbum
1334 1528 1499 1584 super
1546 1519 1755 1569 terram
1784 1515 1942 1583 (Isai.
1975 1529 2033 1577 x,

322 1603 412 1671 23,
444 1608 497 1660 et
524 1620 719 1669 xxvm,
769 1604 839 1658 22
872 1627 886 1671 ;
944 1605 1094 1660 Rom.
1128 1620 1210 1669 ιχ,
1242 1602 1331 1674 28)
1366 1618 1379 1660 :
1424 1607 1480 1658 et
1511 1604 1767 1659 ostendit
1806 1605 1866 1659 in
1896 1605 2041 1661 duo-

325 1693 435 1749 bus
468 1693 767 1766 praceptis
790 1692 1089 1749 charitatis
1112 1693 1364 1764 pendere
1388 1693 1593 1765 Legem
1624 1697 1681 1748 et
1702 1692 2039 1765 Prophetas.

324 1786 464 1841 Inde
501 1801 638 1856 ergo
681 1786 954 1858 pependit
984 1785 1209 1857 Moyses
1242 1784 1710 1856 quadragenario
1743 1801 1871 1853 suo,
1908 1784 2042 1842 inde

326 1875 478 1931 Elias
508 1892 638 1932 cum
690 1875 998 1943 suo,hunc
1047 1890 1356 1931 numerum
1411 1875 1608 1931 attulit
1669 1876 1947 1932 Dominus
1978 1875 2039 1934 in

328 1965 661 2023 testimonio
711 1983 837 2023 suo.
887 1966 1135 2022 Curatur
1180 1965 1290 2021 iste
1322 1964 1635 2036 languidus
1686 1982 1718 2020 a
1764 1970 2046 2038 praesente

329 2056 609 2125 Domino;
644 2057 742 2112 sed
769 2055 930 2127 prius
961 2055 1098 2127 quid
1122 2054 1174 2109 ei
1206 2053 1390 2110 dicit?
1426 2053 1512 2109 Vis
1540 2070 1703 2110 sanus
1724 2056 1847 2126 ﬁeri
1876 2055 1909 2110 ?
1942 2056 2047 2111 Re-

328 2145 565 2218 spondit
597 2146 695 2201 ille
724 2144 1023 2201 hominem
1059 2160 1118 2199 se
1149 2159 1264 2199 non
1296 2143 1531 2210 habere,
1566 2160 1598 2198 a
1641 2160 1752 2215 quo
1784 2143 1841 2199 in
1879 2144 2049 2214 pisci-

337 2251 475 2290 nam
528 2234 807 2290 mittatur.
858 2234 1002 2290 Vere
1048 2234 1418 2289 neeessarius
1464 2238 1589 2288 erat
1637 2233 1719 2288 illi
1772 2232 1946 2290 homo
1976 2236 2045 2290 ad

335 2325 659 2394 sanitatem,
692 2325 795 2383 sed
828 2325 1001 2381 homo
1032 2324 1128 2380 ille
1158 2324 1259 2396 qui
1290 2328 1347 2380 et
1376 2323 1529 2379 Deus
1561 2328 1666 2379 est.
1717 2325 1865 2380 Unus
1902 2326 2051 2380 enim

337 2418 495 2489 Deus,
526 2434 669 2473 unus
705 2426 755 2473 et
782 2417 1052 2473 mediator
1081 2417 1177 2473 Dei
1205 2421 1260 2472 et
1288 2410 1593 2480 hominum,
1625 2415 1782 2472 homo
1805 2416 2051 2473 Christus

334 2509 489 2563 Jesus
520 2510 561 2577 (Ι
594 2508 727 2564 Tim.
760 2524 820 2577 ιι,
869 2508 948 2576 5).
1000 2506 1171 2562 Venit
1201 2522 1335 2579 ergo
1367 2506 1541 2562 homo
1572 2507 1670 2577 qui
1693 2512 1818 2562 erat
1847 2522 2052 2563 neces-

331 2601 519 2655 sarius
542 2590 767 2670 :‘quare
798 2600 1018 2654 sanitas
1043 2596 1375 2653 differretur
1395 2596 1422 2650 ?
1452 2596 1643 2666 Surge,
1672 2598 1885 2667 inquit,
1916 2597 2052 2652 tolle

330 2688 632 2758 grabatum
671 2693 849 2753 tuum,
899 2692 951 2742 et
994 2686 1239 2743 ambula.
1271 2686 1407 2742 Tria
1457 2686 1622 2753 dixit,
1672 2685 1866 2757 Surge,
1924 2687 2054 2742 tolle

332 2779 622 2847 grabatum
665 2786 840 2843 tuum,
888 2783 940 2833 et
986 2777 1232 2832 ambula.
1282 2776 1389 2831 Sed
1431 2774 1627 2846 Surge,
1686 2792 1799 2831 non
1857 2777 2051 2847 operis

332 2867 643 2940 imperium
696 2868 822 2933 fuit,
874 2867 975 2923 sed
1024 2866 1282 2938 operatio
1340 2865 1630 2921 sanitatis.
1663 2865 1814 2921 Sano
1853 2871 2049 2921 autem

334 2956 450 3012 duo
480 2956 806 3029 imperavit,
832 2956 979 3011 Tolle
1000 2955 1288 3027 grabatum
1334 2958 1514 3019 tuum,
1541 2956 1590 3008 et
1620 2954 1862 3009 ambula.
1896 2954 2050 3027 Rogo

336 3064 460 3115 vos,
490 3063 596 3104 cur
644 3064 760 3103 non
810 3047 1122 3116 sufﬁceret,
1154 3044 1387 3101 Ambula
1416 3047 1441 3097 3’
1487 3047 1588 3099 aut
1619 3048 1771 3100 certe
1803 3061 1903 3101 cur
1934 3063 2048 3101 non

335 3137 649 3203 sufficeret,
680 3137 856 3209 Surge
883 3143 909 3192 Ρ
954 3136 1153 3208 Neque
1199 3135 1354 3192 enim
1386 3133 1481 3188 ille
1532 3149 1665 3189 cum
1699 3150 1882 3190 sanus
1914 3152 2051 3190 sur-

335 3227 597 3296 rexisset,
615 3228 672 3283 in
698 3226 821 3282 loco
845 3226 1237 3283 remansisset.
1263 3224 1465 3279 Nonne
1486 3225 1557 3280 ad
1585 3224 1690 3279 hoc
1711 3224 2053 3281 surrexisset

334 3320 399 3372 ut
427 3315 711 3373 abiisset?
742 3316 931 3373 Movet
962 3332 1096 3387 ergo
1120 3331 1209 3371 me
1229 3314 1401 3369 etiam
1437 3314 1589 3384 quod
1614 3314 1727 3369 duo
1759 3315 2047 3386 precepit,

334 3408 433 3479 qui
466 3406 636 3463 illum
668 3408 951 3479 iacentem
985 3407 1215 3463 duobus
1251 3404 1443 3460 minus
1475 3404 1694 3459 invenit
1727 3419 1741 3459 :
1773 3408 2050 3476 tanquam

336 3496 489 3553 enim
507 3497 622 3554 duo
647 3497 914 3570 quaedam
932 3497 1208 3569 iubendo,
1233 3495 1386 3567 quod
1409 3493 1601 3549 minus
1624 3497 1748 3549 erat
1769 3493 2047 3565 implevit.

406 3590 460 3645 8.
492 3590 788 3654 Quomodo
818 3605 951 3660 ergo
972 3585 1336 3644 inveniamus
1367 3584 1425 3640 in
1449 3583 1541 3639 his
1567 3582 1796 3639 duobus
1819 3583 2051 3640 Domini

326 3680 534 3752 jussis,
568 3682 679 3737 duo
702 3679 801 3736 illa
832 3684 1118 3751 praecepta
1139 3678 1466 3750 significata
1505 3673 1843 3730 charitatis?
1878 3675 2050 3745 Tolle,

334 3769 548 3841 inquit,
580 3770 877 3839 grabatum
904 3773 1082 3837 tuum,
1116 3773 1163 3823 et
1189 3768 1432 3823 ambula.
1467 3769 1598 3833 Quas
1639 3770 1780 3821 sunt
1809 3765 1906 3821 illa
1936 3767 2051 3822 duo

336 3868 641 3931 praecepta,
689 3860 916 3929 fratres,
950 3858 1183 3915 recolits
1236 3874 1485 3915 mecum.
1531 3860 1855 3916 Notissima
1894 3856 2050 3914 enim

338 3964 459 4004 esse
490 3948 717 4014 debent,
752 3964 854 4003 nec
883 3949 1052 4004 modo
1073 3950 1296 4003 tantum
1327 3949 1522 4004 venire
1542 3949 1600 4004 in
1636 3953 1888 4005 mentem
1920 3961 2051 4002 cum

342 4042 882 4094 commemorantur
900 4055 934 4094 a
955 4038 1141 4104 nobis,
1167 4040 1266 4093 sed
1292 4037 1468 4093 deleri
1498 4054 1808 4110 numquam
1840 4037 2054 4093 debent

342 4129 412 4184 de
444 4129 718 4185 cordibus
750 4128 974 4184 vestris.
998 4129 1240 4199 Semper
1270 4127 1507 4184 omnino
1534 4129 1781 4199 cogitate
1811 4126 2053 4198 diligen-

341 4222 483 4278 dum
518 4237 646 4279 esse
676 4221 857 4278 Deum
882 4225 938 4276 et
969 4218 1331 4291 proximum:
1363 4219 1533 4274 Deum
1556 4235 1628 4275 ea:
1652 4224 1759 4275 toto
1782 4217 1960 4286 corde,
1984 4233 2054 4274 ex

335 4316 449 4369 tota
477 4312 690 4381 anima,
722 4316 860 4369 etex
888 4314 995 4367 tota
1014 4314 1192 4366 mente
1211 4326 1231 4372 ,'
1253 4314 1310 4366 et
1337 4311 1652 4381 proximum
1685 4316 1950 4380 tanquam
1973 4324 2054 4364 se-

334 4404 534 4475 ipsum.
568 4404 697 4460 Haec
730 4418 956 4474 semper
1004 4401 1331 4473 cogitanda,
1354 4395 1495 4457 'hmc
1544 4399 1899 4469 meditanda,
1933 4399 2052 4455 haec

335 4495 657 4563 retinenda,
692 4493 813 4548 haec
863 4492 1105 4563 agenda,
1140 4490 1263 4546 haec
1302 4490 1598 4561 implenda
1625 4494 1786 4547 sunt.
1819 4488 1919 4545 Dei
1965 4488 2053 4544 di-

339 4582 507 4637 lectio
537 4583 695 4653 prior
736 4586 825 4637 est
864 4581 1063 4636 ordine
1112 4578 1480 4650 pracipiendi
1514 4596 1529 4646 ;
1586 4576 1831 4651 proximi
1862 4580 2051 4633 autem

342 4672 573 4728 dilectio
606 4673 761 4745 prior
791 4679 880 4728 est
900 4671 1102 4729 ordine
1131 4671 1401 4728 faciendi.
1423 4671 1623 4741 Neque
1639 4672 1793 4726 eni‘m
1824 4669 1924 4742 qui
1947 4668 2051 4725 tibi

345 4764 675 4837 praeciperet
721 4762 1089 4819 dilectionem
1138 4764 1305 4819 istam
1359 4763 1419 4818 in
1470 4762 1699 4819 duobus
1730 4766 2049 4834 praeceptis,

340 4856 500 4928 prius
532 4855 637 4911 tibi
670 4853 1105 4911 commendaret
1134 4852 1485 4923 proximum,
1522 4856 1579 4907 et
1600 4857 1799 4923 postea
1828 4851 2006 4907 Deum
2036 4871 2049 4920 ;

339 4948 437 5002 sed
476 4946 634 5017 prius
683 4949 885 5009 Deum,
930 4946 1130 5014 postea
1161 4941 1529 5011 proximum.-
1558 4944 1639 4994 Tu
1692 4944 1884 4995 autem
1918 4939 2053 5012 quia

335 5037 518 5092 Deum
561 5035 820 5092 nondum
880 5033 1060 5099 vides,
1107 5030 1401 5101 diligendo
1457 5030 1782 5101 proximum
1815 5045 2052 5102 prome-

338 5129 483 5183 reris
518 5144 692 5198 quem
718 5126 954 5192 videas;
988 5121 1284 5194 diligendo
1315 5120 1643 5191 proximum
1672 5134 1889 5191 purgas
1909 5132 2051 5175 ocu-

337 5215 458 5270 lum
512 5217 581 5271 ad
616 5218 929 5272 videndum
961 5212 1166 5278 Deum,
1218 5208 1511 5266 evidenter
1539 5209 1763 5264 Joanne
1802 5209 2049 5277 dicente,

342 5303 399 5358 Si
427 5306 627 5372 fratem
658 5322 815 5377 quem
843 5304 987 5361 vides
1015 5320 1130 5358 non
1154 5301 1363 5373 diligis,
1392 5300 1555 5356 Deum
1583 5314 1743 5370 quem
1774 5312 1880 5353 non
1904 5298 2053 5352 vides

343 5396 613 5465 ᾳυοπιοάο
643 5396 868 5465 diligere
896 5392 1345 5467 poteris(l.loan.
1379 5408 1453 5461 ιν,
1488 5390 1581 5461 20)
1608 5388 1635 5444 ‘l
1669 5389 1810 5445 Ecce
1840 5388 2055 5442 dicitur

340 5483 467 5547 tibi,
493 5480 675 5554 Dilige
706 5484 909 5539 Deum.
945 5485 1005 5539 Si
1036 5486 1194 5539 dicas
1227 5482 1393 5549 mihi,
1424 5482 1676 5537 Ostende
1702 5476 1849 5534 mihi
1880 5494 2053 5547 quem

338 5572 576 5646 diligam
600 5588 615 5642 ;
639 5573 778 5644 quid
812 5574 1190 5645 respondebo,
1217 5574 1326 5628 nisi
1350 5574 1502 5644 quod
1526 5571 1606 5629 ait
1626 5571 1747 5643 ipse
1766 5572 2049 5643 Joannes,

337 5668 508 5726 Deum
555 5680 713 5723 nemo
760 5662 904 5721 vidit
946 5679 1191 5736 unquam
1236 5662 1414 5733 (Joan.
1464 5677 1506 5731 ι,
1572 5662 1663 5731 18)
1690 5662 1718 5716 ‘l
1765 5660 1833 5717 Et
1877 5677 1951 5717 ne
2000 5666 2056 5721 te

1284 297 1365 357 IN
1411 294 1732 358 JOANNIS
1778 296 2323 371 EVANGELIUM,
2368 298 2433 360 S.
2479 294 2899 358 AUGUSTINI

3703 301 3861 363 1532

2143 433 2397 489 alienum
2429 432 2668 489 omnino
2699 448 2731 488 a
2760 431 2876 487 Deo
2906 430 3149 488 videndo
3182 448 3306 489 esse
3326 433 3625 490 arbitreris
3651 452 3665 491 :
3701 436 3862 520 Deus,

2143 526 2353 595 inquit,
2385 524 2629 580 charitas
2656 529 2736 578 est
2766 543 2785 589 ,-
2818 527 2867 579 et
2896 525 2989 594 qui
3023 532 3205 578 manet
3236 525 3294 579 in
3332 524 3616 594 eharilate,
3660 526 3721 581 in
3762 529 3866 583 Deo

2142 620 2326 669 manet
2358 616 2399 685 (l
2433 617 2593 671 Joan.
2631 631 2703 679 ιν,
2737 615 2842 684 16).
2883 613 3069 684 Dilige
3101 630 3232 683 ergo
3266 615 3594 685 proximum
3632 631 3645 672 :
3688 630 3743 672 et
3772 619 3872 673 in-

2144 709 2299 757 tuere
2350 704 2408 758 in
2442 710 2497 758 te
2530 706 2679 758 unde
2728 702 2924 773 diligis
2958 703 3281 773 proximum
3318 721 3331 770 ;
3376 704 3455 759 ibi
3506 705 3754 771 videbis,
3790 712 3856 761 ut

2142 792 2379 863 poteris,
2415 794 2613 848 Deum.
2643 792 2834 860 Incipe
2856 808 2992 862 ergo
3014 793 3254 865 diligere
3275 796 3625 864 proximum.
3652 801 3871 865 Frange

2140 884 2405 938 esurienti
2431 898 2627 953 panem
2649 887 2823 946 tuum,
2857 884 2907 935 et
2928 897 3158 952 egenum
3189 884 3310 938 sine
3338 889 3477 939 tecte
3509 885 3674 939 induc
3695 887 3751 940 in
3778 886 3873 942 do-

2142 988 2294 1026 mum
2323 980 2476 1026 tuam
2499 988 2520 1027 :
2550 972 2600 1025 si
2639 970 2837 1025 videris
2868 970 3098 1037 nudum,
3132 974 3288 1040 vesti,
3329 981 3380 1027 et
3428 972 3745 1030 domesticos
3774 989 3871 1029 se-

2144 1063 2317 1118 minis
2348 1061 2433 1117 tui
2453 1061 2865 1133 aedes/rexeris.
2892 1060 3132 1117 Faciens
3150 1067 3345 1118 autem
3368 1063 3478 1119 ista
3500 1064 3639 1134 quid
3662 1079 3869 1121 conse-

2143 1154 2336 1223 queris
2356 1153 2384 1209 τ
2406 1154 2547 1208 Tunc
2563 1158 2813 1223 erumpet
2833 1152 2977 1209 velut
3000 1154 3273 1209 matutina
3297 1154 3396 1208 lux
3416 1161 3510 1209 tua
3526 1154 3677 1225 (Isai.
3704 1170 3867 1212 LVlll'

2142 1244 2197 1309 7,
2228 1243 2302 1313 8).
2335 1247 2452 1298 Lux
2480 1248 2580 1298 tua
2611 1242 2762 1298 Deus
2802 1250 2937 1297 tuus
2967 1247 3072 1309 est,
3110 1242 3215 1298 tibi
3240 1246 3534 1312 matutina,
3566 1244 3705 1315 quia
3728 1250 3859 1318 post

2145 1334 2374 1386 noctem
2407 1330 2600 1387 saeculi
2632 1329 2736 1384 tibi
2786 1329 3014 1385 veniet:
3052 1346 3183 1385 nam
3227 1330 3325 1385 ille
3357 1347 3462 1386 nec
3508 1333 3713 1399 oritur,
3761 1349 3869 1391 nec

2145 1421 2353 1477 occidit
2388 1438 2402 1490 ;
2434 1422 2570 1493 quia
2590 1434 2823 1491 semper
2853 1425 3070 1476 manet.
3100 1421 3222 1476 Erit
3245 1422 3348 1477 tibi
3374 1422 3703 1479 matutinus
3724 1425 3867 1479 red-

2145 1515 2325 1580 eunti,
2358 1513 2456 1584 qui
2485 1513 2591 1568 tibi
2640 1528 2910 1568 occasum
2946 1511 3159 1568 fecerat
3209 1513 3491 1583 pereunti.
3527 1514 3689 1585 Ergo,
3724 1516 3871 1571 Tolle

2145 1604 2440 1673 grabatum
2485 1610 2663 1673 tuum,
2714 1600 2857 1657 mihi
2905 1602 3133 1658 videtur
3181 1602 3416 1671 dixisse,
3450 1602 3638 1676 Dilige
3679 1605 3869 1676 proxi-

2146 1709 2308 1749 mum
2345 1697 2539 1751 tuum.

2214 1785 2268 1838 9.
2302 1784 2411 1840 Sed
2443 1782 2712 1840 clausum
2753 1785 2843 1838 est
2871 1781 3081 1851 adhuc,
3113 1785 3171 1838 et
3216 1783 3579 1853 expositione
3616 1783 3871 1856 indiget,

2149 1878 2429 1937 Quantum
2462 1873 2732 1937 arbitror,
2767 1888 2948 1944 quare
2979 1872 3037 1926 in
3077 1871 3333 1929 tollendo
3364 1874 3608 1945 grabato
3638 1872 3869 1932 dilectio

2160 1964 2409 2035 proximi
2441 1964 2922 2020 commendetur:
2958 1961 3065 2017 nisi
3114 1962 3258 2018 forte
3304 1962 3416 2019 hoc
3451 1979 3556 2019 nos
3608 1962 3868 2025 oll‘endit,

2161 2044 2321 2116 quod
2353 2061 2453 2116 per
2472 2046 2804 2117 grabatum,
2830 2060 2951 2100 rem
2970 2044 3277 2114 quamdam
3302 2042 3565 2099 stolidam
3588 2049 3645 2100 et
3668 2045 3871 2101 insen-

2159 2140 2367 2204 satam,
2402 2136 2701 2208 proximus
2730 2135 3192 2191 commendatur.
3219 2139 3343 2191 Non
3380 2134 3657 2191 irascatur
3688 2135 3874 2206 proxi.

2161 2243 2313 2297 mus,
2347 2229 2396 2283 si
2429 2226 2876 2283 commendatur
2898 2224 3064 2281 nobis
3097 2241 3196 2297 per
3218 2242 3337 2281 rem
3371 2241 3498 2295 quis
3520 2225 3642 2281 sine
3673 2226 3874 2280 anima

2160 2322 2217 2373 et
2245 2317 2371 2374 siue
2400 2334 2575 2373 sensu
2608 2325 2711 2372 est.
2744 2316 2872 2387 Ipse
2902 2315 3185 2371 Dominus
3216 2323 3271 2371 et
3301 2315 3550 2371 salvator
3571 2319 3763 2372 noster
3786 2319 3874 2371 Je-

2160 2424 2264 2463 sus
2302 2407 2570 2464 Christus
2599 2406 2749 2477 lapis
2780 2405 3079 2478 angularia
3111 2405 3302 2461 dictus
3320 2409 3428 2472 est,
3462 2413 3521 2460 ut
3550 2403 3698 2460 duos
3728 2420 3876 2460 oon-

2160 2499 2321 2554 deret
2341 2499 2401 2553 in
2433 2514 2495 2554 se
2525 2497 2740 2569 (Ephes.
2772 2513 2835 2564 ιι,
2862 2497 3064 2565 14-20).
3092 2496 3293 2553 Dictus
3315 2501 3407 2553 est
3432 2500 3490 2551 et
3512 2501 3690 2565 petra,
3722 2496 3881 2551 unde

2161 2605 2313 2659 aqua
2344 2587 2617 2660 proﬂuxit
2650 2605 2662 2643 :
2698 2588 2860 2642 Petra
2881 2588 3203 2642 autemerat
3234 2585 3484 2643 Christus
3505 2586 3550 2656 (l
3575 2585 3694 2641 Cor.
3716 2602 3773 2650 x,
3798 2585 3877 2653 4).

2160 2678 2307 2744 Quid
2341 2694 2474 2748 ergo
2509 2678 2745 2745 mirum,
2792 2677 2839 2732 si
2892 2676 3061 2732 Petra
3090 2675 3375 2744 Christus,
3425 2675 3649 2745 lignum
3683 2675 3878 2747 proxi-

2162 2784 2295 2823 mus
2311 2768 2338 2823 ?
2364 2767 2484 2826 Non
2508 2771 2703 2824 tamen
2723 2765 3145 2838 qualecumque
3165 2765 3389 2838 lignum
3417 2781 3430 2821 :
3455 2766 3749 2837 quomodo
3772 2780 3884 2821 nec

2161 2857 2717 2930 illaqualiseumque
2740 2860 2915 2928 petra,
2941 2857 3041 2911 sed
3069 2856 3221 2913 unde
3250 2873 3403 2927 aqua
3424 2855 3777 2927 proﬂuxerat
3798 2855 3883 2909 si-

2160 2946 2438 3002 tientibus
2462 2964 2478 3017 ;
2502 2961 2605 3002 nec
2630 2944 3074 3016 qualiscumque
3095 2943 3264 3015 lapis,
3288 2945 3386 3001 sed
3418 2943 3738 3015 angularia,
3774 2942 3885 3013 qui

2160 3036 2219 3091 in
2260 3036 2574 3108 semetipso
2625 3034 2914 3107 copulavit
2964 3035 3112 3091 duos
3160 3034 3410 3106 parietes
3459 3051 3489 3089 e
3518 3035 3740 3091 diverso
3779 3049 3890 3089 ve-

2162 3125 2404 3182 nientes.
2439 3126 2532 3183 Sic
2564 3141 2670 3182 nec
2700 3124 3127 3196 qualecumque
3156 3113 3750 3195 lignum;proximum
3784 3139 3886 3178 ac-

2160 3214 2405 3287 ceperis,
2433 3217 2533 3272 sed
2558 3216 2885 3286 grabatum.
2909 3213 3055 3276 Quid
3087 3230 3226 3285 ergo
3256 3214 3315 3268 in
3342 3214 3600 3285 grabato,
3633 3213 3889 3269 obsecro

2159 3310 2215 3362 te
2244 3307 2271 3362 ’ἰ
2301 3306 2463 3378 quid,
2489 3306 2599 3363 nisi
2625 3304 2873 3377 quiaille
2894 3304 3209 3376 languidus
3227 3304 3464 3377 grabato
3495 3304 3840 3375 portabatur
3861 3303 3892 3358 ?

2162 3399 2348 3455 Sanus
2378 3403 2565 3454 autem
2597 3398 2902 3467 grabatum
2948 3399 3158 3466 portat.
3210 3394 3355 3462 Quid
3406 3396 3624 3450 dictum
3667 3401 3755 3449 est
3807 3394 3892 3449 ab

2163 3488 2432 3559 Apostolo
2462 3486 2490 3543 ‘l
2518 3486 2751 3543 Invicem
2766 3502 2931 3543 onera
2961 3491 3148 3542 vestra
3175 3490 3411 3556 portate,
3434 3487 3483 3540 et
3501 3485 3584 3540 sic
3607 3483 3893 3553 adimple-

2163 3578 2289 3636 bitis
2341 3579 2511 3650 legem
2569 3576 2779 3634 Christi
2825 3576 3031 3648 (Galut.
3077 3591 3155 3643 vi,
3212 3575 3291 3646 2).
3334 3575 3446 3631 Lex
3492 3591 3622 3644 ergo
3665 3573 3893 3629 Christi

2162 3668 2417 3724 charitas
2437 3674 2541 3735 est,
2574 3681 2678 3723 nec
2701 3665 2955 3721 charitas
2989 3663 3265 3735 impletur
3288 3664 3401 3719 nisi
3424 3662 3668 3719 invicem
3698 3679 3891 3720 onera

2163 3763 2364 3815 nostra
2388 3761 2707 3829 portemus.
2740 3754 3089 3826 Suﬁerentes,
3123 3754 3334 3824 inquit,
3366 3753 3603 3809 inuicem
3632 3754 3692 3807 in
3729 3752 3893 3810 dile-

2161 3852 2357 3916 ctione,
2380 3846 2653 3905 studentes
2667 3862 2890 3902 servare
2906 3845 3175 3901 unitatem
3197 3845 3424 3917 spiritus
3459 3845 3519 3899 in
3546 3844 3764 3900 uinculo
3778 3862 3898 3915 pa-

2162 3943 2239 3999 cis
2267 3940 2485 4015 (Ephes.
2517 3956 2596 4009 tv,
2626 3941 2680 4000 2,
2713 3938 2792 4009 3).
2846 3937 2991 3994 Cum
3020 3950 3175 3993 esses
3225 3935 3558 4006 languidus,
3606 3934 3901 4006 portabat

2160 4037 2216 4090 te
2247 4031 2544 4103 proximus
2576 4033 2744 4095 tuus;
2795 4044 2979 4084 sanus
3006 4028 3192 4084 factus
3223 4042 3306 4097 es,
3350 4030 3517 4097 porta
3548 4025 3903 4098 proximum

2163 4133 2327 4181 tuum
2362 4136 2377 4180 :
2408 4120 2651 4179 Invicem
2673 4136 2841 4177 onera
2862 4123 3041 4176 vestra
3066 4123 3303 4191 portate,
3325 4122 3379 4174 et
3410 4120 3488 4173 sic
3508 4116 3908 4188 adimplebitis

2165 4213 2337 4282 legem
2371 4210 2597 4269 Christi.
2630 4210 2723 4266 Sic
2752 4207 3123 4280 adimplebis,
3156 4224 3188 4263 o
3220 4207 3416 4275 homo,
3451 4206 3607 4278 quod
3640 4206 3744 4261 tibi
3777 4208 3903 4263 de-

2160 4312 2305 4366 erat.
2342 4308 2488 4363 Tolle
2506 4321 2635 4375 ergo
2662 4302 2948 4375 grabatum
2980 4311 3156 4358 tuum.
3196 4301 3305 4357 Sed
3336 4316 3470 4355 cum
3503 4298 3726 4369 tuleris,
3759 4300 3904 4356 noli

2162 4411 2481 4455 remanere.
2496 4393 2741 4451 ambula.
2764 4389 3067 4463 Diligendo
3090 4388 3447 4461 proximum,
3472 4392 3529 4443 et
3559 4403 3756 4443 curam
3782 4386 3913 4445 ha-

2162 4484 2351 4542 bendo
2382 4485 2452 4540 de
2494 4481 2754 4554 proximo
2805 4484 2926 4548 tuo,
2958 4478 3068 4536 iter
3114 4481 3261 4549 agis.
3292 4478 3416 4542 Quo
3448 4477 3556 4532 iter
3586 4477 3735 4547 agis,
3768 4476 3907 4532 nisi

2163 4580 2235 4636 ad
2265 4577 2580 4636 Dominum
2613 4579 2820 4639 Deum,
2853 4572 2924 4628 ad
2954 4587 3087 4628 eum
3119 4586 3294 4642 quem
3326 4570 3566 4638 diligere
3595 4566 3908 4625 debemus

2161 4686 2229 4726 ex
2259 4671 2377 4726 toto
2407 4666 2598 4731 corde,
2630 4679 2697 4722 ex
2744 4666 2868 4719 tota
2897 4661 3119 4727 anima,
3150 4676 3218 4716 ex
3243 4664 3363 4717 tota
3394 4656 3632 4715 mente?
3660 4655 3744 4711 Ad
3776 4656 3916 4714 Do-

2164 4759 2387 4815 minum
2418 4756 2573 4813 enim
2600 4753 2858 4813 nondum
2883 4750 3272 4825 pervenimus,
3296 4750 3394 4807 sed
3420 4748 3748 4821 proximum
3771 4763 3909 4805 no-

2162 4849 2386 4905 hiscum
2400 4846 2714 4903 habemus.
2738 4846 2914 4899 Porta
2943 4856 3078 4913 ergo
3101 4857 3258 4911 eum,
3277 4856 3411 4897 cum
3435 4855 3549 4911 quo
3571 4835 3859 4895 ambulas
3891 4861 3912 4916 ;

2162 4946 2228 4997 ut
2285 4941 2354 4995 ad
2405 4953 2540 4995 eum
2601 4934 2931 5009 pervenias,
2962 4949 3093 4990 cum
3140 4949 3256 5003 quo
3289 4946 3527 4988 manere
3557 4928 3912 4986 desideras.

2166 5031 2316 5089 Tolle
2346 5046 2480 5103 ergo
2508 5029 2798 5101 grabatum
2818 5033 2997 5093 tuum,
3028 5032 3080 5081 et
3108 5026 3356 5081 ambula.

2236 5123 2319 5177 10.
2354 5121 2505 5178 Fecit
2535 5120 2644 5176 hoc
2683 5118 2802 5186 ille,
2834 5122 2892 5173 et
2942 5115 3322 5174 scandalizati
3361 5116 3503 5171 sunt
3530 5110 3735 5169 Judaei.
3769 5110 3912 5168 Vi-

2161 5211 2375 5268 debaut
2417 5209 2573 5266 enim
2606 5206 2899 5265 hominem
2930 5207 3023 5262 die
3055 5206 3285 5262 sabbati
3318 5208 3642 5275 portantem
3672 5202 3918 5273 graba-

2160 5306 2285 5357 tum
2318 5316 2515 5369 suum,
2541 5315 2644 5355 nec
2676 5296 3197 5354 calumniahantur
3220 5294 3465 5351 Domino
3485 5294 3637 5365 quod
3665 5308 3913 5349 sanum

2161 5408 2291 5448 eum
2327 5391 2538 5446 fecerat
2568 5387 2832 5455 sabbato,
2865 5391 2930 5441 ut
2958 5390 3044 5441 eis
3066 5385 3414 5457 respondere
3443 5386 3640 5453 posset
3669 5383 3821 5451 quia
3849 5382 3917 5438 si

2161 5481 2511 5551 cujusquam
2562 5494 2764 5535 eorum
2804 5478 3141 5546 jumentum
3175 5475 3234 5530 in
3268 5479 3505 5547 puteum
3548 5471 3919 5545 cecidisset,

2164 5571 2365 5641 utique
2385 5570 2480 5625 die
2508 5568 2732 5626 sabbati
2751 5574 2972 5624 erueret
2992 5566 3161 5636 illud,
3190 5568 3247 5624 et
3271 5563 3521 5621 salvaret
3540 5562 3915 5636 jumentum

2164 5674 2340 5720 suum
2369 5656 2523 5731 (Luc,
2555 5675 2670 5730 xiv,
2700 5657 2803 5730 5):
2833 5673 2949 5716 non
2998 5656 3196 5729 itaque
3233 5655 3357 5727 jam
3407 5653 3495 5712 illi
3525 5652 3943 5732 objicieban‘,
