4146 6186
300 290 325 345 Ι
340 288 460 347 533

290 425 453 494 quod
486 424 579 479 dic
603 423 833 482 sabbati
870 444 1043 487 sanus
1077 431 1261 490 factus
1301 442 1461 493 esset
1485 438 1698 503 homo;
1733 444 1832 499 sed
1863 445 2016 515 quod

293 514 565 584 portabat
585 515 891 587 grabatum
915 535 1113 577 suum.
1139 523 1195 579 Si
1217 525 1439 582 sanitas
1466 546 1579 585 non
1616 536 1739 588 erat
1759 514 2023 589 differen-

290 605 388 666 da,
424 604 712 676 numquid
748 611 804 662 et
834 624 983 680 opus
1016 612 1201 668 fuerat
1233 615 1643 688 imperandum
1670 624 1698 676 ‘t
1747 621 1868 676 Non
1900 624 2021 679 licet

288 693 923 765 tibi,inquiunt,/‘acere
939 701 1079 771 quod
1098 705 1263 774 facis,
1285 708 1487 763 tollere
1510 710 1806 778 grabatum
1843 718 2020 769 tuum.

288 782 359 837 Et
388 782 486 838 ille
518 790 817 842 auctorem
849 791 1115 848 sanitatis
1147 811 1265 851 suae
1299 797 1612 867 objiciebat
1643 802 2024 861 calumniato-

287 874 455 929 ribus
487 890 503 929 :
542 876 667 947 Qui,
703 878 913 950 inquit,
960 898 1047 939 me
1092 887 1231 953 fecit
1273 905 1494 958 sanum,
1540 893 1655 963 ipse
1687 893 1824 948 mihi
1855 894 2019 963 dixit,

288 964 435 1020 Tolle
461 966 751 1036 grabatum
784 972 962 1037 tuum,
1011 978 1063 1029 et
1102 976 1344 1033 ambula.
1381 978 1502 1037 Non
1539 983 1858 1053 acciperem
1887 986 2018 1054 jus-

286 1053 521 1109 sionem
554 1073 583 1109 a
622 1073 735 1128 quo
772 1075 1098 1130 receperam
1131 1066 1437 1123 sanitatem
1467 1069 1495 1124 ‘2
1526 1070 1587 1125 Et
1622 1070 1737 1127 illi:
1774 1053 1912 1144 Quis
1935 1074 2016 1127 est

280 1142 553 1199 illehomo
570 1148 667 1217 qui
685 1146 786 1201 tibi
797 1148 961 1218 dixit,
990 1152 1131 1208 Tolle
1150 1156 1438 1225 grabatum
1466 1162 1645 1228 tuum,
1669 1170 1718 1217 et
1752 1142 2020 1221 ainbula?

360 1239 449 1293 11.
484 1239 589 1297 Sed
613 1243 708 1311 qui
735 1260 903 1299 sanus
948 1250 1068 1301 erat
1110 1249 1295 1317 factus
1343 1253 1615 1308 nesciebat
1655 1256 1777 1325 quis
1798 1265 1952 1325 esset,
1986 1275 2019 1313 a

281 1344 399 1398 quo
434 1327 544 1384 boc
590 1331 870 1388 audierat.
915 1338 1076 1391 Jesus
1123 1346 1325 1407 autem,
1360 1357 1491 1396 cum
1526 1342 1634 1398 hoc
1667 1344 1915 1413 fecisset,
1950 1351 2007 1402 et

277 1418 587 1488 jussisset,
619 1420 987 1479 declinaverat
1018 1427 1086 1480 ab
1117 1443 1177 1482 eo
1210 1429 1267 1483 in
1287 1432 1468 1486 turba.
1504 1432 1702 1490 Videte
1734 1438 2016 1507 quemad-

285 1508 531 1564 modum
568 1515 623 1565 et
680 1511 787 1568 hoc
830 1513 1163 1585 impleatur.
1218 1518 1523 1578 Portamus
1571 1526 1918 1596 proximum,
1951 1532 2007 1583 et

286 1598 687 1667 ambulamus,
717 1601 786 1656 ad
816 1601 994 1659 Deum
1033 1622 1047 1674 ;
1095 1607 1194 1662 sed
1232 1625 1360 1664 eum
1405 1612 1475 1667 ad
1530 1629 1704 1685 quem
1747 1616 2013 1673 ambula-

286 1704 443 1757 mus,
480 1691 742 1746 nondum
775 1691 1041 1751 videmus
1074 1711 1088 1750 :
1140 1696 1266 1754 ideo
1316 1705 1371 1756 et
1418 1700 1514 1756 ille
1545 1705 1805 1761 nondum
1840 1724 2013 1765 nove-

282 1786 379 1835 rat
417 1779 645 1837 Jesum.
695 1781 1139 1842 Sacramentum
1195 1788 1303 1846 boc
1361 1797 1833 1853 commendatum
1893 1804 2009 1873 est,

283 1870 417 1943 quia
446 1871 505 1926 in
539 1888 672 1927 eum
697 1874 991 1933 credimus
1025 1895 1195 1950 quem
1230 1881 1488 1939 nondum
1521 1885 1821 1944 videmus:
1873 1870 2014 1946 etut

288 1978 403 2016 non
440 1962 725 2033 videatur,
758 1964 1010 2023 declinat
1040 1969 1097 2024 in
1132 1970 1316 2027 turba.
1353 1972 1597 2031 Difficile
1627 1981 1715 2032 est
1744 1976 1804 2034 in
1837 1982 2006 2036 turba

281 2052 477 2107 Videre
532 2051 829 2110 Christum
872 2073 886 2112 :
931 2057 1185 2116 solitudo
1238 2064 1504 2133 quaedam
1552 2068 1881 2125 necessaria
1924 2074 2009 2126 est

284 2144 467 2197 menti
504 2148 752 2213 nostris;
792 2147 1042 2217 quadam
1072 2149 1388 2209 solitudine
1412 2154 1749 2213 intentionis
1782 2158 2010 2215 videtur

283 2231 461 2287 Deus.
496 2233 691 2289 Turba
709 2238 1010 2307 strepitum
1036 2238 1248 2309 habet;
1283 2240 1428 2299 visio
1464 2247 1573 2302 ista
1598 2253 1888 2304 secretum
1909 2250 2007 2305 de-

289 2320 527 2377 siderat.
566 2321 707 2379 Tolle
734 2325 1035 2396 grabatum
1086 2332 1264 2399 tuum,
1315 2340 1476 2404 porta
1518 2340 1780 2406 portatus
1815 2339 2010 2410 proxi-

287 2427 449 2467 mum
503 2417 719 2482 tuum;
762 2418 811 2472 et
848 2418 1092 2490 ambula,
1157 2426 1221 2477 ut
1269 2423 1589 2494 pervenias.
1640 2426 1764 2483 Noli
1807 2428 2005 2486 Jesum

286 2517 549 2574 quaerere
582 2503 639 2559 in
674 2506 865 2576 turba,
902 2525 1017 2565 non
1048 2514 1138 2566 est
1190 2516 1470 2585 tanquam
1506 2534 1657 2573 unus
1687 2518 1758 2574 de
1789 2521 1958 2576 turba
1990 2536 2004 2577 :

283 2593 570 2664 praevenit
627 2612 861 2652 omnem
916 2600 1164 2657 turbam.
1215 2602 1376 2660 Prior
1427 2607 1691 2663 ascendit
1730 2609 1808 2665 de
1860 2609 2007 2666 mari

281 2681 466 2753 piscis
487 2681 588 2738 ille
614 2700 884 2758 magnus,
919 2701 972 2744 et
1004 2689 1063 2746 in
1094 2691 1256 2747 caelis
1297 2696 1457 2751 sedet
1494 2696 1876 2769 interpellans
1903 2717 2006 2773 pro

284 2774 457 2829 nobis
486 2789 499 2827 :
527 2782 806 2847 tanquam
831 2780 1099 2836 sacerdos
1123 2797 1392 2855 magnus,
1418 2787 1817 2845 unusintravit
1846 2790 2008 2846 inin-

284 2863 496 2919 teriora
529 2865 638 2919 veli
678 2881 690 2921 :
725 2867 898 2923 turba
930 2869 1066 2926 foris
1107 2877 1241 2927 stat.
1275 2874 1521 2931 Ambula
1555 2882 1639 2946 tu,
1682 2880 1781 2949 qui
1814 2884 2008 2951 portas

282 2952 623 3024 proximum
653 2958 814 3013 tuum
843 2957 924 3025 ;si
945 2960 1197 3018 didicisti
1224 2970 1474 3035 portare,
1502 2966 1599 3038 qui
1625 2967 1853 3025 solebas
1878 2988 2008 3043 por-

280 3043 411 3097 tari.
447 3042 715 3116 Denique
760 3048 930 3104 modo
975 3052 1233 3109 nondum
1286 3054 1439 3109 nosti
1488 3054 1698 3125 Jesum,
1748 3042 2009 3116 nondum

280 3132 440 3190 vides
470 3134 679 3191 Jesum
716 3151 731 3193 :
765 3138 904 3209 quid
957 3147 1158 3212 postea
1208 3145 1473 3215 sequitur
1503 3145 1531 3201 ?
1568 3149 1847 3215 Quoniam
1895 3167 2008 3206 non

284 3224 513 3279 destitit
545 3224 646 3281 ille
677 3226 927 3283 tollendo
957 3231 1255 3301 grabatum
1301 3251 1498 3304 suum,
1542 3241 1597 3293 et
1628 3239 2007 3302 ambulando,

282 3316 442 3371 Vidit
473 3333 602 3373 eum
634 3323 817 3390 postea
844 3322 998 3377 Iesus
1030 3324 1086 3378 in
1146 3327 1368 3397 templo.
1420 3328 1483 3384 ln
1526 3330 1697 3387 turba
1729 3348 1842 3388 non
1875 3349 2007 3389 eum

278 3408 456 3478 vidit,
490 3408 551 3465 in
586 3410 803 3482 templo
851 3412 1014 3471 vidit.
1070 3414 1351 3475 Dominus
1400 3422 1633 3493 quidem
1666 3424 1831 3480 Jesus
1865 3429 1921 3481 et
1950 3425 2009 3480 in

286 3499 462 3553 turba
493 3515 631 3555 eum
666 3500 916 3573 videbat,
947 3509 1003 3561 et
1027 3506 1084 3561 in
1117 3508 1335 3581 templo
1364 3524 1378 3563 :
1416 3509 1510 3567 illc
1541 3517 1738 3570 autem
1772 3513 2009 3587 langui-

283 3589 396 3645 dus
423 3590 633 3647 Jesum
666 3592 725 3648 in
759 3595 930 3652 turba
963 3613 1075 3652 non
1106 3602 1424 3671 cognoscit,
1460 3603 1518 3659 in
1552 3604 1762 3677 templo
1795 3622 2008 3678 cogno-

282 3680 415 3736 scit.
452 3678 720 3737 Pervenit
758 3699 894 3756 ergo
943 3685 1042 3742 ille
1073 3688 1143 3743 ad
1193 3688 1505 3747 Dominum
1541 3711 1554 3759 ;
1586 3694 1729 3749 vidit
1767 3710 1898 3750 cum
1948 3696 2007 3750 in

284 3770 527 3839 templo,
561 3772 705 3828 vidit
732 3790 865 3831 eum
898 3776 959 3832 in
1003 3776 1128 3834 loco
1160 3785 1398 3849 sacrato,
1442 3784 1501 3839 in
1532 3782 1657 3840 loco
1690 3794 1907 3843 sancto.
1939 3786 2010 3842 Et

288 3861 429 3930 quid
453 3862 526 3917 ad
560 3879 627 3918 eo
660 3865 822 3920 audit
849 3865 875 3920 ?
904 3866 1035 3923 Ecce
1063 3869 1173 3937 iam
1204 3887 1377 3927 sanus
1413 3874 1590 3945 factus
1624 3891 1675 3931 es
1700 3890 1720 3938 ,ο
1740 3874 1859 3933 noti
1884 3892 2010 3949 pec-

282 3966 434 4019 care,
466 3968 539 4007 ne
566 3953 702 4024 quid
731 3953 837 4011 tibi
859 3957 1104 4014 deterius
1132 3962 1439 4034 contingat.

362 4042 449 4096 12.
482 4043 651 4098 Tunc
685 4044 799 4113 ille,
835 4052 1209 4121 posteaquam
1241 4053 1387 4109 vidit
1416 4055 1635 4124 Jesum,
1661 4062 1715 4112 et
1744 4058 2011 4129 cognovit

282 4132 484 4188 Iesum
509 4138 810 4191 auctorem
834 4139 1103 4195 sanitatis
1119 4157 1256 4211 suae,
1290 4160 1401 4199 nou
1429 4145 1537 4201 fuit
1568 4147 1729 4218 piger
1749 4146 1807 4202 in
1833 4164 2011 4204 evan-

283 4220 597 4292 gelizando
630 4240 801 4294 quem
845 4228 1070 4285 viderat
1102 4245 1116 4286 :
1149 4232 1330 4300 Abiit,
1378 4236 1430 4290 et
1483 4234 1764 4291 nuntiavit
1789 4235 2010 4294 Judéeis

285 4314 416 4384 quia
446 4312 602 4370 Iesus
630 4320 764 4372 esset
786 4318 881 4390 qui
909 4335 1036 4376 eum
1066 4338 1267 4379 sanum
1297 4325 1520 4393 fecerat.
1556 4324 1658 4382 Ille
1689 4328 2012 4384 annuntia-

287 4406 402 4468 hat,
435 4411 497 4460 et
525 4404 611 4461 illi
644 4406 1015 4467 insaniebant
1046 4428 1060 4469 :
1096 4413 1192 4470 ille
1240 4415 1486 4474 salutem
1536 4436 1699 4477 suam
1732 4421 2009 4493 praedica-

288 4494 407 4559 bat,
440 4495 524 4550 illi
558 4498 803 4555 salutem
838 4518 1006 4558 suam
1042 4522 1154 4561 non
1189 4509 1545 4579 quaerebant.

360 4585 449 4641 13.
502 4588 981 4659 Persequebantur
1036 4596 1211 4651 Judtei
1269 4599 1564 4656 Dominum
1612 4602 1818 4672 Jesum,
1876 4602 2010 4676 quia

280 4675 397 4731 hac
430 4679 667 4735 faciebat
700 4684 759 4735 in
788 4685 1026 4741 sabbato.
1059 4688 1209 4754 Quid
1229 4678 1362 4760 ergo
1394 4691 1670 4751 Dominus
1707 4697 1878 4751 modo
1910 4712 2010 4751 re-

287 4768 530 4836 spondit
559 4771 795 4842 Judteis,
829 4774 1158 4835 audiamus.
1185 4778 1260 4834 De
1287 4784 1442 4836 sanis
1475 4785 1635 4839 factis
1667 4784 2010 4842 hominibus

288 4860 556 4927 sabbato,
592 4862 707 4915 dixi
741 4863 882 4935 quid
914 4866 1091 4923 soleat
1140 4873 1507 4941 respondere,
1559 4876 1697 4946 quia
1738 4877 2010 4944 jumenta

286 4964 399 5004 sua
445 4965 563 5005 non
615 4953 1068 5013 contemnebant
1125 4959 1391 5031 sabbato,
1432 4961 1518 5018 vel
1574 4963 1871 5020 liberando
1920 4965 2009 5020 vel

287 5037 522 5095 alendo.
563 5040 638 5095 De
671 5044 913 5111 portabo
942 5046 1177 5117 grabato
1210 5051 1345 5119 quid
1384 5054 1681 5122 respondit
1710 5052 1737 5109 ‘2
1766 5054 2011 5111 Manife-

287 5134 447 5185 stum
480 5146 629 5200 Opus
661 5134 958 5204 corporale
988 5139 1196 5194 tactum
1234 5150 1349 5195 crat
1384 5148 1515 5197 ante
1545 5143 1745 5199 oculos
1774 5145 2010 5201 Judaeo-

290 5236 421 5274 rum
457 5235 472 5275 :
509 5237 628 5275 non
675 5226 898 5279 sanitas
947 5227 1220 5298 corporis,
1263 5230 1364 5286 sed
1415 5233 1667 5302 operatio
1717 5234 2014 5305 corporis;

290 5323 415 5379 qua:
464 5326 581 5365 non
631 5310 945 5367 videbatur
992 5312 1071 5369 ita
1121 5320 1470 5390 necessaria,
1525 5323 2016 5392 quemadmodum

293 5397 533 5453 sanitas.
586 5400 799 5468 Aperte
856 5416 991 5472 ergo
1049 5404 1327 5462 Dominus
1382 5407 1533 5464 dicat
1591 5420 2015 5469 sacramentum

290 5486 539 5553 sabbati,
574 5493 632 5544 et
660 5487 897 5560 signum
929 5490 1271 5551 observandi
1315 5498 1490 5553 unius
1544 5499 1657 5556 dici
1690 5501 1760 5557 ad
1792 5506 2023 5577 tempus

295 5579 497 5634 datum
529 5593 663 5635 esse
695 5578 955 5651 Judaeis;
992 5584 1388 5655 impletionem
1422 5604 1551 5648 vero
1592 5590 1779 5665 ipsam
1827 5610 2020 5651 sacra-

299 5671 473 5727 menti
508 5671 566 5726 in
601 5669 706 5726 illo
732 5670 987 5730 venisse.
1020 5674 1190 5732 Pater
1216 5693 1391 5753 meus,
1426 5678 1638 5754 inquit,
1670 5699 1842 5755 usque
1868 5685 2027 5743 modo

1502 302 1975 367 TRACTATUS
2016 306 2205 369 XVII.
2253 303 2515 366 CAPUT
2562 303 2635 365 V.

3675 301 3839 362 1534

2130 452 2412 517 ορεναγιυν,
2438 447 2493 497 et
2521 457 2616 511 ego
2655 456 2868 511 operor.
2904 438 3065 494 Misit
3091 438 3148 493 in
3180 453 3279 493 eos
3311 451 3585 509 magnum
3617 440 3845 495 tumul-

2132 541 2255 591 tum
2284 551 2297 601 ;
2332 534 2575 589 adventu
2612 531 2841 586 Domini
2871 531 3139 585 turbatur
3169 545 3339 599 aqua,
3373 527 3475 583 sed
3498 529 3594 600 qui
3624 531 3842 597 turbat,

2129 626 2289 682 latel.
2315 625 2532 679 Tamen
2557 623 2849 677 sanandus
2871 626 2957 676 est
2978 620 3209 676 turbata
3231 633 3543 690 squamger
3560 634 3709 674 unus
3726 636 3848 674 ma-

2132 732 2302 788 gnus,
2336 731 2506 786 passo
2534 714 2775 769 Domino
2808 719 2963 768 totus
2996 711 3271 766 mundus.

2205 807 2289 860 14.
2326 806 2640 861 Videamus
2672 822 2807 877 ergo
2849 803 3287 874 responsionem
3319 800 3597 856 Veritatis
3632 817 3645 855 :
3680 802 3846 856 Pater

2128 914 2280 952 meus
2310 914 2475 969 usque
2500 896 2653 952 modo
2685 901 2964 965 operatur,
2986 902 3036 947 et
3069 909 3164 962 ego
3194 907 3410 962 cperor.
3436 889 3670 945 Falsum
3705 906 3840 962 ergo

2129 989 2273 1044 dixit
2302 989 2595 1061 Scriptura
2626 988 2763 1059 quia
2794 987 2933 1041 Deus
2962 985 3232 1055 requievit
3268 983 3335 1038 ab
3374 983 3629 1039 omnibus
3658 982 3839 1053 operi-

2130 1078 2227 1134 bus
2255 1081 2369 1135 suis
2401 1080 2459 1134 in
2506 1077 2595 1133 die
2643 1079 2873 1149 septimo
2923 1070 3075 1148 (Gen.
3124 1091 3185 1141 li,
3220 1073 3273 1145 2)
3304 1072 3332 1127 ?
3379 1076 3433 1127 et
3461 1076 3664 1128 contra
3692 1071 3843 1127 hanc

2128 1169 2483 1240 Scripturam
2520 1185 2620 1240 per
2650 1168 2887 1239 Moysen
2910 1165 3320 1232 ministratam,
3352 1163 3610 1234 loquitur
3642 1161 3840 1218 Domi-

2128 1275 2239 1314 nus
2267 1258 2464 1326 Jesus,
2496 1274 2627 1313 cum
2652 1258 2775 1329 ipse
2798 1258 2947 1312 dicat
2976 1255 3217 1322 Judaeis,
3241 1250 3301 1308 Si
3327 1252 3619 1310 crederetis
3650 1251 3841 1323 Moysi,

2124 1348 2418 1403 crederetis
2450 1352 2499 1404 et
2528 1346 2669 1403 mihi
2699 1364 2718 1401 :
2766 1346 2831 1401 de
2858 1362 2946 1400 me
2986 1345 3129 1399 enim
3174 1344 3270 1399 ille
3306 1344 3525 1414 scripsit
3565 1344 3750 1410 (Joan.
3782 1356 3839 1407 v,

2124 1437 2214 1509 46)
2236 1437 2263 1492 ?
2283 1438 2482 1493 Videte
2501 1454 2637 1510 ergo
2660 1454 2730 1492 ne
2752 1434 2973 1506 aliquid
3008 1434 3187 1489 voluit
3222 1433 3549 1499 significare
3594 1431 3838 1504 Moyses,

2124 1530 2274 1602 quod
2306 1530 2444 1584 Deus
2476 1526 2743 1599 requievit
2766 1524 2826 1581 in
2856 1525 2947 1580 die
2974 1525 3221 1595 septimo.
3256 1520 3381 1577 Non
3422 1520 3573 1576 enim
3615 1521 3841 1575 defece-

2123 1627 2213 1677 rat
2244 1626 2392 1676 Deus
2424 1619 2715 1692 operando
2746 1610 3071 1673 creaturam
3105 1630 3290 1684 suam,
3323 1609 3716 1683 et,indigebat
3746 1624 3845 1664 re-

2122 1712 2257 1783 quie
2315 1711 2463 1766 sicut
2496 1710 2686 1765 homo.
2751 1707 3046 1774 Quomodo
3096 1706 3382 1760 defecerat
3421 1701 3522 1775 qui
3560 1700 3733 1756 verbo
3768 1699 3842 1755 fe-

2122 1806 2277 1857 cerat
2305 1800 2332 1855 ‘t
2361 1800 2575 1856 Tamen
2608 1804 2665 1855 et
2694 1798 2837 1853 illud
2872 1812 3069 1854 verum
3103 1799 3210 1861 est,
3244 1793 3378 1865 quia
3408 1789 3676 1865 requievit
3700 1790 3841 1845 Deus

2121 1894 2191 1947 ab
2220 1890 2474 1961 cperibus
2494 1889 2607 1944 suis
2636 1890 2696 1943 in
2726 1888 2812 1943 die
2830 1888 3093 1959 septimo,-
3124 1889 3179 1940 et
3210 1885 3317 1940 hoc
3347 1898 3546 1938 verum
3566 1880 3839 1980 estquod

2119 1980 2201 2037 ait
2231 1980 2423 2049 Jesus,
2464 1985 2630 2035 Pater
2662 1995 2813 2034 meus
2852 1993 3024 2049 usque
3050 1974 3203 2031 modo
3233 1978 3523 2046 operatur.
3554 1971 3671 2072 ,δεῖ-ά
3706 1971 3839 2072 quis

2117 2072 2362 2143 explicet
2390 2070 2610 2137 verbis,
2649 2069 2822 2124 homo
2862 2066 3220 2130 hominibus,
3256 2063 3529 2119 inﬁrmus
3553 2061 3830 2162 infirmis,

2117 2159 2389 2215 indoctus
2421 2160 2643 2215 discere
2678 2158 3072 2231 cupientibus,
3114 2160 3171 2212 et
3219 2156 3363 2210 forte
3411 2153 3460 2208 si
3492 2152 3630 2223 quid
3661 2152 3835 2221 sapit,

2119 2265 2383 2321 promere
2426 2250 2708 2318 eXplicare
2762 2264 2873 2304 non
2926 2247 3119 2301 valens
3183 2243 3538 2311 hominibus,
3599 2240 3835 2343 difﬁcile

2120 2340 2265 2395 forte
2296 2338 2683 2410 capientibus,
2705 2337 2876 2393 etiam
2911 2336 2958 2391 si
2993 2333 3262 2407 explicari
3292 2334 3473 2404 possit
3504 2333 3655 2404 quod
3680 2333 3837 2402 capi—

2118 2432 2219 2483 tur
2242 2428 2270 2485 ?
2299 2427 2459 2495 Quis,
2493 2428 2755 2500 inquam,
2792 2427 2996 2481 fratres
3029 2425 3162 2493 mei,
3195 2421 3440 2495 explicet
3464 2420 3654 2476 verbis
3684 2436 3833 2491 quo-

2119 2521 2288 2575 modo
2321 2518 2474 2575 Deus
2505 2526 2563 2575 et
2594 2517 2826 2590 quietus
2858 2522 3148 2590 operetur,
3184 2520 3237 2571 et
3268 2530 3513 2585 operans
3535 2510 3798 2584 quiescat

2117 2611 2367 2669 Obsecro
2399 2628 2520 2679 vos,
2563 2620 2621 2667 ut
2672 2611 2779 2666 hoc
2812 2609 2973 2665 vobis
3024 2607 3465 2681 proficientibus
3510 2602 3835 2670 diii‘eratis;

2117 2702 2265 2759 visio
2295 2702 2450 2758 enim
2483 2702 2599 2757 ista
2631 2701 2911 2773 templum
2944 2699 3043 2755 Dei
3078 2698 3309 2770 quaerit,
3341 2704 3607 2752 sanctum
3640 2694 3836 2749 locum

2121 2792 2333 2864 quierit
2364 2807 2379 2849 :
2414 2801 2634 2865 portate
2663 2792 2992 2865 proximum
3023 2794 3081 2846 et
3110 2787 3442 2856 ambulate;
3478 2785 3555 2842 ibi
3587 2799 3715 2842 eum
3747 2782 3834 2839 vi-

2119 2884 2354 2948 debitis,
2393 2885 2492 2941 ubi
2525 2884 2699 2940 verba
2726 2883 3032 2939 hominum
3071 2898 3181 2937 non
3216 2879 3511 2953 quaeratis.

2195 2975 2278 3028 15.
2328 2973 2446 3030 Hoc
2496 2975 2642 3029 forte
2674 2974 2870 3045 potius
2920 2973 3109 3028 dicere
3156 2970 3438 3039 valemus,
3491 2967 3629 3040 quia
3675 2972 3732 3023 et
3774 2966 3834 3023 in

2121 3077 2185 3118 eo
2210 3064 2363 3136 quod
2387 3065 2527 3119 Deus
2546 3064 2603 3118 in
2650 3062 2739 3118 die
2757 3063 2985 3133 septimo
3002 3061 3289 3135 requievit,
3313 3061 3503 3131 ipsum
3521 3056 3833 3113 Dominum

2121 3158 2178 3209 et
2209 3154 2553 3210 salvatorem
2589 3159 2858 3209 nostrum
2898 3152 3099 3209 Jcsum
3132 3150 3447 3217 Christum,
3483 3148 3582 3220 qui
3614 3146 3734 3202 haec
3757 3146 3836 3202 lo-

2119 3244 2408 3315 quebatur
2437 3249 2491 3300 et
2512 3244 2756 3308 dicebat,
2790 3245 2955 3299 Pater
2983 3257 3133 3299 meus
3164 3256 3334 3312 usque
3366 3238 3523 3295 modo
3555 3241 3835 3309 Operatur,

2119 3340 2170 3391 et
2194 3350 2291 3405 ego
2320 3351 2529 3407 operor,
2566 3350 2773 3406 magno
2814 3338 3179 3389 sacramento
3213 3328 3582 3403 signiﬁcavit.
3607 3328 3751 3391 Quia
3780 3330 3836 3380 et

2121 3424 2404 3483 Dominus
2441 3424 2613 3481 Jesus
2666 3425 2866 3496 utique
2898 3423 3072 3479 Deus.
3110 3422 3237 3494 Ipse
3267 3424 3357 3476 est
3385 3418 3541 3474 enim
3576 3416 3831 3471 Verbum

2121 3515 2241 3583 Dei,
2274 3519 2329 3571 et
2357 3515 2607 3570 audistis
2627 3515 2765 3585 quia
2787 3517 2843 3568 in
2864 3510 3147 3585 principio
3178 3517 3296 3566 erat
3324 3509 3597 3571 Verbum;
3632 3509 3687 3561 et
3717 3520 3832 3560 non

2119 3604 2540 3677 qualecumque
2616 3604 2893 3673 Verbum,
2962 3604 3061 3658 sed
3122 3602 3259 3657 Deus
3312 3605 3431 3695 erat
3472 3597 3722 3695 Yerburu,
3778 3596 3835 3695 et

2120 3695 2300 3751 omnia
2334 3710 2431 3767 per
2459 3697 2641 3767 ipsum
2670 3696 2818 3765 facta
2862 3697 2991 3749 sunt
3038 3691 3139 3763 (Id.
3174 3708 3213 3759 1,
3250 3691 3299 3786 t,
3331 3688 3387 3760 3)
3421 3704 3434 3743 :
3469 3686 3614 3786 forte
3644 3686 3837 3786 signi-

2121 3784 2331 3840 ﬁcatus
2362 3790 2452 3841 est
2483 3784 2856 3857 requieturus
2902 3784 2959 3839 in
3003 3782 3096 3839 die
3143 3779 3391 3853 septimo
3432 3777 3504 3833 ab
3560 3774 3836 3832 omnibus

2119 3876 2390 3947 operibus
2444 3877 2589 3933 suis.
2639 3876 2829 3948 Legite
2872 3875 3025 3930 enim
3077 3870 3479 3944 Evangelium,
3537 3872 3595 3925 et
3648 3866 3839 3922 videte

2121 3971 2341 4039 quanta
2376 3975 2646 4039 operatus
2680 3964 2758 4021 sit
2784 3966 2977 4022 Jesus.
3010 3967 3294 4035 Operatus
3324 3965 3411 4019 est
3450 3959 3833 4059 salutem-no-

2120 4065 2301 4114 stram
2332 4057 2392 4114 in
2426 4073 2616 4123 cruce,
2644 4062 2709 4112 ut
2740 4056 3120 4129 implerentur
3151 4055 3210 4109 in
3252 4070 3316 4109 eo
3339 4050 3533 4109 omnia
3564 4049 3836 4122 pradicta

2120 4147 2586 4220 PrOphetarum:
2634 4153 2946 4204 coronatus
2987 4150 3076 4201 est
3124 4144 3329 4216 spinis,
3370 4155 3698 4242 suspensus
3752 4140 3837 4242 est

2120 4238 2327 4311 ligno;
2389 4240 2556 4305 dixit,
2608 4239 2766 4305 Sitio,
2814 4237 3032 4307 accepit
3068 4246 3293 4292 acetum
3343 4234 3400 4287 in
3452 4232 3720 4302 spongia,
3768 4232 3833 4282 ut

2120 4331 2462 4402 impleretur
2492 4329 2648 4400 quod
2690 4329 2914 4383 dictum
2969 4331 3077 4395 est,
3127 4328 3192 4380 Et
3235 4325 3295 4379 in
3338 4324 3429 4377 siti
3460 4336 3583 4376 mea
3611 4323 3835 4391 potave-

2122 4428 2255 4479 runt
2287 4440 2371 4478 me
2402 4425 2549 4477 aceto
2583 4420 2752 4491 (Psal.
2788 4435 2980 4485 vam,
3011 4419 3126 4488 22).
3178 4421 3251 4471 At
3298 4414 3396 4469 ubi
3429 4411 3661 4482 impleta
3700 4413 3839 4464 sunt

2120 4513 2318 4569 omnia
2349 4528 2523 4582 opera
2553 4511 2701 4580 ejus,
2735 4514 2895 4565 sexta
2925 4506 3149 4563 sabbati
3182 4503 3458 4561 inclinato
3490 4498 3837 4599 capite-red.-

2122 4601 2269 4656 didit
2314 4600 2609 4671 spiritum,
2641 4602 2697 4652 et
2726 4596 2784 4651 in
2836 4593 3102 4668 sepulcro
3153 4592 3397 4649 sabbato
3446 4586 3729 4660 requievit
3766 4586 3838 4641 ab

2122 4690 2398 4748 omnibus
2445 4688 2718 4759 operibus
2760 4687 2884 4743 suis
2929 4686 3125 4755 ((Joan.
3172 4682 3309 4754 xxx).
3362 4680 3509 4752 Ergo
3555 4683 3836 4751 tanquam

2124 4783 2341 4838 diceret
2365 4779 2601 4847 Judaeis,
2624 4778 2771 4842 Quid
2802 4775 3147 4849 exspectatis
3172 4779 3236 4830 ut
3259 4788 3373 4829 non
3406 4785 3609 4843 operer
3639 4768 3841 4823 sabba‘

2121 4877 2179 4928 to
2198 4872 2228 4926 ?
2256 4871 2491 4927 Sabbati
2526 4870 2648 4925 dies
2678 4870 2840 4925 vobis
2861 4870 2925 4924 ad
2952 4866 3437 4939 significationem
3470 4875 3659 4916 meam
3694 4872 3837 4928 prse-

2125 4972 2326 5035 ceptus
2358 4966 2463 5019 est.
2516 4961 2700 5032 Opera
2748 4959 2848 5016 Dei
2900 4957 3235 5023 attenditis;
3270 4970 3375 5025 ego
3408 4950 3485 5006 ibi
3517 4960 3838 5050 eramncum

2128 5054 2349 5121 tierent,
2384 5069 2487 5125 per
2534 5069 2625 5108 me
2682 5053 2832 5107 facta
2881 5056 3018 5107 sunt
3065 5048 3279 5111 omnia,
3326 5058 3431 5114 ego
3462 5038 3637 5095 novi:
3670 5036 3842 5091 Pater

2125 5160 2277 5201 meus
2308 5158 2475 5215 usque
2502 5141 2658 5198 modo
2679 5147 2966 5213 Operatur.
2991 5140 3274 5210 Operatus
3307 5137 3397 5188 est
3424 5126 3837 5195 Paterlucem;

2128 5236 2229 5292 sed
2264 5233 2408 5289 dixit
2456 5239 2520 5289 ut
2567 5232 2725 5287 fieret
2776 5232 2875 5286 lux
2922 5228 3074 5297 (Gen.
3110 5244 3148 5292 ι,
3185 5225 3288 5288 3):
3338 5221 3387 5279 si
3441 5219 3609 5287 dixit,
3652 5215 3840 5273 Verbo

2127 5328 2398 5397 operatus
2429 5327 2516 5379 est
2548 5339 2562 5389 ;
2598 5321 2847 5376 Verbum
2878 5319 3004 5387 ejus
3035 5332 3139 5387 ego
3170 5328 3350 5411 eram,
3386 5326 3509 5383 'ego
3545 5324 3673 5366 sum
3696 5323 3844 5411 :per

2133 5432 2225 5473 me
2258 5416 2445 5470 factus
2465 5416 2555 5468 est
2579 5411 2836 5465 mundus
2854 5408 2912 5463 in
2939 5407 3054 5462 illis
3072 5404 3364 5478 cperibus,
3389 5418 3491 5475 per
3509 5417 3602 5456 me
3624 5404 3845 5471 regitur

2135 5506 2389 5561 mundus
2419 5505 2477 5557 in
2508 5501 2633 5557 istis
2660 5499 2951 5572 operibus.
2978 5497 3143 5554 Pater
3173 5512 3339 5552 meus
3368 5499 3425 5551 et
3463 5498 3600 5549 tunc
3637 5506 3844 5563 opera-

2135 5602 2231 5651 tus
2261 5596 2351 5651 est
2397 5609 2530 5649 cum
2578 5592 2712 5649 fecit
2756 5591 3064 5658 mundum,
3114 5593 3171 5646 et
3200 5602 3386 5661 usque
3432 5600 3589 5683 nunc
3634 5596 3846 5683 opera:

2140 5693 2231 5743 tur
2258 5700 2393 5742 cum
2440 5683 2589 5758 regit
2634 5681 2915 5741 mundum
2949 5698 2964 5740 :
3013 5697 3150 5755 ergo
3180 5684 3237 5738 et
3284 5693 3385 5750 per
3415 5688 3504 5733 me
3544 5673 3677 5729 fecit
3713 5682 3845 5725 cum
