4146 6186
229 286 380 343 1535

226 418 381 484 fecit,
416 423 471 475 et
504 435 604 490 per
635 436 723 477 me
751 420 897 491 regit
940 436 1071 477 cum
1117 421 1284 492 regit.
1319 418 1472 474 Dixit
1502 419 1640 485 hac,
1677 418 1774 472 sed
1810 417 1939 488 qui-

231 509 383 563 bus?
415 511 639 579 Surdis,
676 513 860 579 cacis,
894 511 1478 582 claudis,languidis,
1514 511 1800 564 medicum
1826 524 1938 562 non

231 601 699 669 agnoscentibus,
734 609 790 657 et
829 608 1104 673 tanquam
1151 601 1210 656 in
1253 601 1522 672 phrenesi
1576 605 1766 655 mente
1813 615 1942 670 per-

234 688 353 741 dita
385 691 642 745 occidere
672 694 1018 748 volentibus.

309 779 395 832 16.
430 780 676 836 Proinde
709 784 842 851 quid
887 787 1123 838 secutus
1172 781 1537 851 Evangelista
1586 780 1783 834 dixit?
1815 781 1946 832 Hinc

234 883 359 935 ergo
393 873 567 937 magis
599 873 922 941 quaerebant
953 890 1076 927 eum
1107 873 1287 928 Judaei
1319 871 1642 940 interﬁcere,
1676 872 1802 940 quia
1834 887 1942 923 non

230 959 406 1013 solum
437 962 672 1016 solvebat
702 964 1011 1032 sabbatum,
1057 964 1149 1019 sed
1190 974 1240 1017 et
1278 968 1492 1033 patrem
1536 979 1696 1017 suum
1742 963 1948 1026 dicebat

239 1050 420 1104 Deum.
453 1057 576 1106 Non
610 1055 1156 1124 quomodocumque
1189 1070 1204 1108 :
1237 1054 1336 1108 sed
1370 1052 1508 1124 quid
1535 1051 1559 1106 ‘?
1593 1054 1871 1122 xEqualem
1894 1067 1949 1107 se

232 1140 440 1207 faciens
470 1143 592 1196 Deo.
645 1149 780 1198 Nam
836 1162 1039 1200 omnes
1087 1144 1336 1200 dicimus
1386 1146 1522 1208 Deo,
1577 1150 1741 1200 Pater
1771 1153 1949 1198 uester

236 1229 333 1299 qui
384 1246 436 1284 es
490 1235 547 1286 in
591 1234 735 1288 caelis
785 1236 991 1306 (Matth.
1029 1252 1105 1300 VI,
1167 1236 1268 1305 9):
1325 1235 1569 1304 legimus
1615 1241 1670 1290 et
1717 1234 1947 1289 Judaos

237 1321 473 1389 dixisse,
509 1322 641 1377 Cum
670 1331 728 1379 tu
750 1329 823 1380 sis
851 1337 1006 1396 pater
1040 1332 1221 1382 noster
1250 1327 1400 1396 (lsai.
1436 1343 1588 1394 LXIII,
1625 1327 1688 1381 16
1717 1333 1766 1380 et
1800 1341 1946 1390 wa,

232 1406 306 1476 8).
341 1412 484 1481 Ergo
527 1430 640 1467 non
676 1414 812 1469 hinc
862 1415 1284 1484 irascebantur,
1335 1416 1469 1487 quia
1509 1425 1728 1487 patrem
1773 1430 1946 1470 suum

238 1497 464 1554 dicebat
494 1501 673 1556 Deum
711 1523 727 1570 ;
761 1506 856 1559 sed
891 1507 1039 1576 quod
1074 1506 1242 1578 longe
1281 1506 1392 1561 alio
1427 1508 1596 1561 modo
1631 1523 1806 1578 quam
1842 1505 1946 1559 ho-

242 1587 449 1644 mines.
484 1590 622 1647 Ecce
656 1594 990 1666 intelligunt
1037 1597 1220 1650 Judaei
1265 1595 1418 1667 quod
1453 1613 1563 1651 non
1615 1596 1951 1667 intelligunt

243 1679 463 1736 Ariani.
513 1681 714 1738 Ariani
764 1687 978 1757 quippe
1021 1687 1362 1756 inaqualem
1419 1686 1572 1742 Patri
1624 1686 1832 1741 Filium
1862 1686 1950 1740 di-

244 1774 403 1830 cunt,
438 1775 494 1824 et
524 1771 655 1827 inde
688 1773 924 1830 haresis
973 1780 1061 1833 est
1092 1776 1260 1848 pulsa
1311 1779 1379 1833 de
1427 1775 1684 1833 Ecclesia
1736 1779 1774 1830 ¹.
1810 1776 1951 1834 Ecce

233 1858 341 1927 ipsi
375 1861 527 1927 caci,
563 1863 674 1934 ipsi
706 1867 1104 1923 interfectores
1136 1867 1372 1934 Christi,
1415 1867 1821 1923 intellexerunt
1852 1873 1946 1922 ta-

251 1962 383 2003 men
416 1950 585 2006 verba
615 1953 850 2010 Christi.
886 1957 1006 2012 Non
1040 1973 1169 2012 eum
1203 1957 1608 2014 intellexerunt
1636 1973 1763 2012 esse
1791 1956 1955 2010 Chri-

250 2043 427 2107 stum,
463 2058 566 2097 nec
604 2059 732 2100 eum
770 2045 1176 2104 intellexerunt
1217 2047 1423 2104 Filium
1462 2049 1595 2104 Dei:
1628 2049 1727 2103 sed
1759 2052 1954 2102 tamen

248 2127 654 2188 intellexerunt
685 2135 741 2188 in
776 2136 893 2192 illis
923 2138 1127 2205 verbis,
1173 2139 1307 2209 quia
1338 2138 1471 2193 talis
1514 2139 1954 2193 commendare-

239 2220 330 2273 tur
359 2221 536 2277 Filius
569 2223 693 2293 Dei,
727 2227 827 2296 qui
876 2227 1116 2298 aqualis
1166 2236 1318 2284 esset
1364 2228 1492 2282 Deo.
1528 2227 1667 2290 Quis
1699 2232 1822 2283 erat
1853 2243 1952 2282 ne-

236 2309 498 2366 sciebant
529 2330 542 2380 ;
595 2315 769 2370 talem
805 2321 998 2373 tamen
1032 2318 1326 2389 praedicari
1362 2321 1779 2389 agnoscebant,
1814 2318 1951 2388 quia

237 2408 445 2469 patrem
474 2419 637 2458 suum
665 2406 878 2461 dicebat
930 2413 1126 2476 Deum,
1171 2407 1444 2480 aequalem
1495 2425 1550 2462 se
1580 2409 1795 2474 faciens
1826 2408 1951 2465 Deo.

243 2488 367 2545 Non
409 2501 524 2548 erat
582 2511 718 2566 ergo
767 2496 1002 2567 aqualis
1058 2497 1173 2554 Deo
1205 2499 1231 2552 ?
1275 2499 1396 2554 Non
1445 2499 1566 2570 ipse
1613 2515 1672 2554 se
1712 2496 1955 2552 faciebat

243 2580 546 2651 aqualem,
575 2585 671 2637 sed
694 2584 786 2640 ille
809 2585 976 2640 illum
1014 2592 1295 2657 genuerat
1327 2587 1628 2657 aqualem.
1655 2589 1706 2641 Si
1746 2587 1953 2657 seipse

245 2668 456 2723 faceret
485 2673 766 2741 aqualem
801 2675 934 2745 Deo,
965 2677 1193 2731 caderet
1226 2693 1324 2747 per
1353 2677 1634 2746 rapinam.
1663 2677 1767 2741 Qui
1801 2676 1955 2731 enim

243 2773 304 2811 se
335 2758 518 2816 voluit
558 2762 839 2833 aqualem
890 2765 1072 2820 facere
1107 2767 1223 2821 Deo
1272 2783 1403 2821 cum
1456 2783 1569 2822 non
1620 2775 1771 2821 esset
1810 2768 1954 2822 ceci-

241 2847 324 2902 dit
353 2849 504 2919 (lsai.
538 2868 651 2920 x1v,
698 2853 783 2921 14,
823 2853 930 2924 15),
986 2863 1040 2910 et
1088 2872 1154 2911 ex
1202 2856 1406 2928 angelo
1461 2857 1641 2911 faclus
1689 2861 1776 2911 est
1834 2855 1954 2910 dia-

245 2937 415 2994 bolus
448 2957 460 2995 :
509 2946 564 2996 et
595 2942 745 2999 hanc
797 2945 1126 3015 superbiam
1162 2946 1386 3002 homini
1419 2947 1767 3018 propinavit,
1804 2947 1959 3001 unde

245 3027 369 3098 ipse
401 3029 655 3100 dejectus
698 3038 805 3088 est.
840 3033 981 3089 Nam
1020 3035 1127 3091 hoc
1172 3036 1314 3092 dixit
1362 3036 1608 3104 homini,
1660 3036 1748 3091 cui
1781 3037 1958 3092 stanti

249 3115 449 3187 lapsus
483 3119 707 3190 invidit,
739 3127 980 3193 Gustate,
1010 3131 1061 3180 et
1092 3126 1249 3181 eritis
1281 3125 1421 3182 sicut
1453 3125 1537 3180 dii
1566 3127 1718 3197 (Gen.
1758 3144 1838 3193 ιιι,
1863 3127 1916 3197 5)
1945 3143 1956 3180 :

249 3206 303 3261 id
338 3213 446 3276 est,
478 3215 847 3283 usurpatione
879 3215 1060 3285 rapite
1092 3218 1240 3288 quod
1277 3217 1411 3272 facti
1456 3233 1567 3274 non
1601 3217 1742 3272 estis
1778 3235 1792 3285 ;
1826 3216 1963 3287 quia

248 3300 303 3350 et
333 3315 436 3369 ego
487 3302 761 3372 rapiendo
807 3305 1064 3375 dejectus
1121 3323 1275 3362 sum.
1329 3307 1452 3363 Non
1516 3307 1623 3362 hoc
1656 3307 1959 3378 prodebat,

243 3386 346 3442 sed
378 3389 484 3446 hoc
517 3394 818 3449 suadebat.
853 3394 1121 3452 Christus
1173 3408 1358 3452 autem
1394 3397 1634 3470 aequalis
1669 3397 1823 3452 Patri
1857 3414 1963 3453 na-

241 3485 336 3536 tus
378 3493 522 3551 erat,
572 3503 686 3540 non
727 3487 955 3544 factus:
1009 3495 1178 3544 natus
1234 3489 1304 3545 de
1363 3491 1694 3546 substantia
1755 3491 1960 3545 Patris-

248 3569 409 3628 Unde
445 3573 612 3630 illum
644 3577 727 3631 sic
765 3579 1136 3634 commendat
1168 3580 1480 3651 Apostolus
1515 3598 1526 3634 :
1581 3580 1688 3647 Qui
1733 3597 1854 3634 cum
1905 3582 1963 3634 in

249 3664 436 3735 forma
467 3668 568 3722 Dei
596 3679 746 3736 esset,
782 3688 889 3726 non
923 3673 1178 3743 rapinam
1209 3674 1510 3726 arbitratus
1539 3676 1614 3727 est
1646 3688 1755 3727 esse
1783 3687 1966 3743 aequa-

256 3755 322 3809 lis
355 3761 487 3812 Deo.
520 3757 664 3819 Quid
699 3765 806 3826 est,
858 3777 967 3816 non
1017 3764 1271 3832 rapinam
1320 3763 1628 3819 arbitratus
1677 3773 1754 3818 est
1785 3765 1813 3816 Ρ
1841 3765 1963 3820 Non

258 3848 562 3917 usurpavit
592 3849 981 3919 aequalitatem
1016 3854 1112 3906 Dei
1150 3871 1163 3919 ;
1219 3855 1314 3909 sed
1359 3860 1480 3908 erat
1512 3855 1568 3908 in
1611 3855 1727 3922 illa,
1764 3855 1820 3910 in
1852 3871 1966 3923 qua

253 3939 426 3990 natus
459 3941 595 3990 erat.
630 3937 697 3991 Et
728 3955 830 3993 nos
860 3941 929 3994 ad
964 3942 1243 4011 aqualem
1277 3943 1458 3998 Deum
1509 3945 1801 4014 quomodo
1835 3961 1965 4016 per-

248 4026 576 4081 veniremus
597 4028 623 4080 ?
653 4026 1009 4100 Semetipsum
1040 4034 1351 4089 exinanivit
1379 4037 1613 4103 formam
1646 4034 1789 4089 servi
1819 4034 1964 4089 acri.

244 4116 398 4186 piens
427 4116 701 4187 (Philipp.
733 4134 796 4185 11,
826 4120 879 4186 6,
912 4121 986 4190 7).
1040 4122 1163 4177 Non
1195 4139 1329 4194 ergo
1367 4140 1425 4178 se
1455 4123 1768 4179 exinanivit
1801 4125 1968 4178 amit-

253 4212 377 4262 tens
412 4208 558 4277 quod
603 4211 739 4276 erat,
801 4210 900 4264 sed
957 4211 1248 4284 accipiens
1299 4215 1446 4282 quod
1483 4230 1597 4268 non
1645 4218 1784 4270 erat.
1816 4216 1970 4270 llanc

256 4298 498 4354 formam
532 4300 677 4354 servi
731 4307 1177 4358 contemnentes
1219 4303 1424 4374 Judai,
1473 4304 1778 4360 Dominum
1812 4303 1971 4360 Chri—

255 4391 410 4444 stum
443 4389 718 4460 aqualem
752 4391 903 4447 Patri
937 4393 1254 4465 inlelligere
1286 4413 1399 4450 non
1435 4403 1733 4467 poterant;
1766 4411 1970 4466 quam«

255 4479 342 4532 vis
373 4495 504 4534 eum
540 4481 647 4536 hoc
673 4481 742 4538 de
769 4498 826 4537 se
858 4483 1048 4540 dicere
1081 4486 1321 4540 minime
1361 4486 1724 4554 dubitabant,
1760 4489 1816 4541 et
1845 4485 1971 4542 ideo

252 4569 602 4624 saviebant:
653 4576 708 4626 et
756 4573 946 4628 adhuc
995 4581 1189 4631 tamen
1240 4591 1341 4631 eos
1390 4575 1487 4630 ille
1531 4576 1878 4648 perferebat,
1915 4580 1972 4630 et

253 4658 562 4714 sanitatem
598 4663 958 4720 saevientium
994 4668 1348 4739 requirebat.

777 4752 1196 4810 TRACTATUS
1244 4755 1446 4810 XVIII.

249 4836 312 4892 1n
349 4853 473 4893 eum
507 4841 791 4912 Evangelii
817 4844 1014 4913 locum,
1047 4847 1252 4913 Amen,
1287 4862 1452 4901 amen
1484 4844 1614 4900 dico
1641 4845 1824 4911 vobis,
1856 4862 1972 4900 non

328 4933 519 5000 potest
549 4930 778 4988 Filiusa
811 4950 868 4989 se
901 4934 1085 4990 facere
1114 4935 1457 5006 quidquam,
1495 4934 1606 4990 nisi
1633 4934 1789 5004 quod
1816 4933 1974 4990 vide-

330 5020 402 5073 rit
433 5019 662 5076 Patrem
688 5021 994 5077 facientem
1025 5038 1036 5078 :
1065 5039 1446 5094 quacumque
1465 5025 1618 5078 enim
1641 5021 1737 5078 ille
1759 5023 1977 5106 fecerit,

317 5107 450 5171 .bac
482 5117 537 5168 et
568 5111 752 5169 Filius
785 5112 1049 5170 similiter
1082 5114 1236 5170 facit.
1275 5114 1402 5186 Cap.
1427 5131 1480 5180 v,
1515 5114 1567 5184 ᾗ.
1607 5114 1689 5168 19.

326 5197 379 5251 1.
409 5198 663 5259 Joannes
694 5204 1048 5278 evangelista
1081 5204 1236 5260 inter
1274 5209 1573 5260 consortes
1619 5209 1674 5260 et
1705 5221 1974 5275 compar-

257 5287 459 5356 ticipcs
509 5309 645 5348 suos
695 5294 837 5351 alios
895 5295 1309 5368 evangelistas,
1352 5295 1460 5352 hoc
1509 5295 1863 5368 pracipuum
1921 5299 1978 5349 et

325 5401 812 5482 {Sicnvnetusncodea
830 5412 1371 5482 Carcassonensis,_et
1394 5413 1586 5482 melius
1615 5427 1626 5461 :
1662 5427 1785 5482 nam
1810 5411 1972 5482 infra,

261 5465 601 5543 T13ct.23,ln.
626 5471 677 5542 ti,
705 5473 988 5543 ubi_s_erm_o
1002 5482 1078 5525 est
1101 5465 1974 5543 de_Apolli_naristis,sicloquitur3

271 5545 292 5578 α
305 5529 707 5600 7F_ueru_ntenim‘
719 5535 935 5600 quidam
951 5529 1260 5593 haretici,e't
1279 5539 1416 5600 pulsi
1435 5545 1562 5588 sunt
1582 5529 1646 5587 ab
1660 5529 1923 5598 Ecclesia;
1951 5558 1972 5583 υ

267 5594 453 5668 et_hgc
481 5593 921 5668 lpqpendfmodo
950 5602 1144 5660 passim
1163 5593 1345 5649 utitur.
1382 5599 1451 5664 [et
1483 5601 1604 5652 inde
1633 5602 1849 5652 haeresis
1859 5593 1977 5665 pul-

265 5661 346 5708 sat
381 5656 708 5724 Ecclesium].

1185 282 1262 344 IN
1305 281 1633 345 JOANNIS
1682 273 2206 344 EVANGELIUM,
2258 268 2320 328 S.
2368 263 2789 328 AUGUSTINI

3602 254 3759 314 1536

2055 403 2353 480 proprium
2405 402 2620 456 donum
2681 395 2904 466 accepit
2959 411 2992 449 a
3049 392 3297 448 Domino
3357 389 3557 462 (super
3591 390 3762 459 cujus

2049 501 2252 567 pectus
2311 493 2367 546 in
2411 487 2670 546 convivio
2702 485 3105 541 discumbebat
3164 484 3507 553 (Joan.x111,
3537 481 3646 547 ‘25),
3700 484 3767 534 ut

2049 600 2148 657 per
2203 583 2310 636 hoc
2351 578 2710 650 significaret
2758 574 2896 646 quia
2946 577 3163 629 secreta
3208 570 3411 626 altiora
3441 571 3513 624 de
3560 568 3765 622 intimo

2049 673 2177 741 ejus
2209 670 2378 726 corde
2437 666 2712 738 potabat),
2748 671 2812 718 ut
2851 680 2918 718 ea
2958 663 3174 717 diceret
3221 661 3288 714 de
3334 659 3474 714 Filio
3515 659 3614 713 Dei
3646 673 3765 727 qua

2054 763 2429 834 parvulorum
2471 765 2693 813 mentes
2745 757 3011 811 lortassis
3062 757 3310 809 intentas
3358 753 3604 806 excitare
3640 765 3768 820 pos-

2053 852 2169 906 sint
2205 869 2216 918 ;
2254 850 2493 920 implere
2532 855 2725 901 autem
2767 849 3028 900 nondum
3074 860 3320 914 capaces
3353 858 3466 896 non
3501 844 3766 910 possint;

2059 940 2493 1014 grandiusculis
2527 943 2719 992 autem
2755 939 3083 1007 quibusque
3113 933 3400 989 mentibus
3433 938 3488 986 et
3520 933 3589 985 ad
3626 941 3768 984 ata-

2063 1039 2174 1086 tem
2209 1030 2526 1100 quamdam
2585 1027 2829 1082 interius
2877 1024 3100 1082 virilem
3148 1021 3638 1095 pervenientibus,
3672 1021 3769 1072 dat

2054 1122 2276 1194 aliquid
2319 1122 2509 1175 verbis
2542 1118 2655 1185 his,
2688 1134 2800 1189 quo
2831 1124 2887 1172 et
2915 1120 3310 1182 exerceantur,
3344 1120 3402 1168 et
3435 1116 3765 1183 pascantur.

2057 1212 2316 1264 Audistis
2348 1225 2479 1265 cum
2530 1207 2839 1276 legeretur,
2887 1211 2944 1261 et
2992 1206 3144 1259 unde
3183 1218 3372 1258 sermo
3413 1202 3520 1255 iste
3551 1196 3770 1253 venerit

2059 1300 2425 1357 meministis.
2462 1298 2741 1352 Ilesterno
2772 1296 2928 1351 enim
2955 1295 3044 1351 die
3076 1294 3292 1348 lectum
3325 1297 3437 1358 est,
3468 1291 3623 1361 quod
3647 1302 3770 1356 pro-

2051 1398 2245 1461 pterea
2283 1391 2530 1444 volebant
2565 1388 2755 1444 Jesum
2793 1386 2978 1455 judeei
3023 1384 3352 1454 inter/icere,
3387 1385 3512 1453 quia
3541 1395 3651 1435 non
3681 1393 3770 1434 so-

2057 1481 2168 1534 lum
2207 1480 2444 1535 solvebat
2473 1478 2784 1546 sabbatum,
2815 1476 2903 1531 sed
2932 1476 3106 1530 etiam
3129 1478 3342 1546 patrem
3382 1487 3539 1526 suum
3560 1469 3772 1522 dicebat

2055 1572 2245 1638 Deum,
2277 1570 2548 1641 aequalem
2581 1584 2638 1622 se
2665 1568 2875 1637 faciens
2922 1567 3026 1620 Deo
3078 1565 3181 1635 (Ιιί.
3215 1581 3270 1632 ν,
3324 1562 3431 1631 18).
3480 1559 3643 1624 Quod
3671 1568 3772 1611 Ju-

2056 1662 2193 1716 dais
2224 1661 2587 1732 displicebat,
2638 1658 2744 1714 hoc
2802 1659 2913 1728 ipsi
2958 1659 3113 1711 Patri
3162 1655 3446 1726 placebat.
3488 1652 3604 1706 Hoc
3645 1653 3769 1704 sine

2057 1753 2234 1807 dubio
2268 1752 2456 1822 placet
2485 1750 2659 1804 etiam
2695 1748 2776 1803 eis
2815 1749 2914 1819 qui
2965 1748 3351 1802 honorificant
3380 1742 3614 1812 Filium,
3649 1739 3760 1794 sic-

2058 1848 2122 1898 ut
2179 1841 2569 1896 bonorificant
2613 1839 2888 1905 Patrem;
2939 1837 3075 1907 quia
3120 1836 3169 1891 si
3219 1836 3301 1890 eis
3350 1850 3465 1888 non
3521 1831 3768 1902 placeat,

2064 1931 2479 2003 displicebunt.
2513 1933 2636 1984 Non
2668 1927 2824 1982 enim
2857 1927 3006 1982 Deus
3037 1926 3148 1981 erit
3179 1926 3382 1994 major,
3419 1923 3555 1992 quia
3584 1919 3774 1991 placet

2065 2023 2170 2077 tibi
2205 2038 2220 2089 ;
2254 2023 2354 2076 sed
2387 2027 2444 2075 tu
2482 2019 2687 2085 minor,
2721 2018 2769 2073 si
2805 2017 3070 2088 displicet
3116 2016 3240 2070 tibi.
3283 2016 3576 2068 Adversus
3626 2010 3773 2063 hanc

2065 2118 2259 2168 autem
2291 2126 2490 2166 eorum
2524 2109 2903 2176 calumniam,
2931 2107 3255 2162 venientem
3284 2104 3370 2158 vel
3401 2104 3469 2158 de
3501 2103 3770 2172 ignoran-

2066 2205 2163 2271 tia,
2199 2200 2286 2257 vel
2328 2203 2398 2256 de
2447 2200 2692 2270 malitia,
2747 2198 3008 2270 loquitur
3047 2197 3333 2258 Dominus
3373 2211 3485 2248 non
3533 2189 3770 2246 omnino

2064 2295 2216 2366 quod
2268 2295 2514 2364 capiant,
2562 2307 2654 2346 sec
2699 2294 2851 2345 unde
2899 2292 3189 2361 agitentur
3238 2291 3293 2341 et
3337 2280 3772 2343 conturbantur,

2064 2391 2120 2440 et
2150 2385 2389 2438 fortasse
2420 2381 2507 2437 vel
2539 2380 2864 2436 conturbali
2903 2378 3197 2434 medicum
3231 2380 3513 2448 quaerant.
3548 2372 3783 2427 Dicebat

2065 2479 2259 2529 autem
2311 2489 2432 2544 qua
2501 2471 2916 2538 scriberentur,
2976 2476 3040 2525 ut
3083 2469 3254 2524 etiam
3300 2485 3332 2521 a
3377 2464 3541 2520 nobis
3587 2469 3784 2531 postea

2065 2563 2410 2633 legerentur.
2453 2561 2791 2615 Viderimus
2825 2575 2959 2631 ergo
2993 2560 3128 2631 quid
3181 2560 3238 2612 in
3285 2556 3617 2612 Judaorum
3668 2567 3787 2606 cor-

2064 2654 2231 2707 dibus
2263 2655 2475 2706 factum
2511 2651 2600 2716 sit,
2635 2667 2766 2705 cum
2801 2651 2916 2705 hac
2965 2650 3277 2705 audirent:
3334 2646 3468 2717 quid
3510 2645 3567 2698 in
3617 2641 3784 2698 nobis

2066 2745 2164 2798 tiat
2201 2759 2332 2798 cum
2392 2742 2511 2797 hac
2558 2744 2851 2810 audimus,
2897 2740 3154 2812 amplius
3202 2740 3537 2810 cogitamus.
3589 2733 3788 2803 Neque

2065 2837 2220 2891 enim
2253 2841 2399 2892 natae
2440 2841 2577 2890 sunt
2609 2835 2879 2902 haereses,
2931 2840 2987 2890 et
3034 2833 3298 2903 quadam
3348 2831 3616 2900 dogmata
3664 2840 3786 2895 pcr-

2068 2928 2358 2983 versitatis
2392 2926 2766 2998 illaqueantia
2807 2927 3031 2980 animas
3065 2929 3120 2979 et
3149 2924 3206 2977 in
3257 2920 3613 2992 profundum
3649 2931 3786 2985 pra-

2070 3019 2391 3091 cipitanlia,
2422 3021 2532 3076 nisi
2567 3025 2706 3074 dum
2732 3019 3040 3088 Scriptura
3064 3018 3227 3071 bona
3253 3013 3656 3083 intelliguntur
3675 3022 3789 3060 non

2073 3112 2212 3166 bene
2248 3130 2262 3181 ;
2296 3117 2352 3166 et
2383 3111 2538 3181 quod
2589 3112 2647 3164 in
2697 3111 2778 3165 eis
2837 3126 2949 3164 non
3001 3109 3150 3162 bene
3201 3104 3567 3172 intelligitur,
3614 3099 3792 3153 etiam

2073 3210 2284 3257 temere
2331 3210 2381 3256 et
2441 3201 2717 3256 audacter
2791 3199 3093 3255 asseritur.
3153 3180 3791 3268 Itaque,'charissimi,

2072 3295 2237 3354 valde
2269 3301 2432 3352 caute
2465 3295 2585 3350 hac
2637 3293 2834 3348 audire
2876 3291 3176 3358 debemus,
3233 3291 3306 3340 ad
3352 3301 3479 3355 qua
3514 3280 3798 3358 capienda

2073 3387 2296 3460 parvuli
2329 3404 2534 3444 sumus
2568 3405 2581 3455 ;
2615 3391 2671 3442 et
2701 3386 2871 3442 corde
2921 3384 3015 3454 pio
3075 3385 3294 3438 etcum
3331 3381 3601 3440 tremore,
3635 3355 3802 3426 sicut

2075 3485 2356 3554 scriptum
2393 3488 2499 3553 est,
2552 3481 2702 3537 hanc
2761 3483 3025 3536 tenentes
3081 3474 3338 3546 regulam
3388 3465 3669 3531 smitatis,
3731 3472 3801 3522 ut

2076 3582 2224 3650 quod
2252 3578 2575 3635 secundum
2602 3575 2776 3629 fidem
2807 3588 2918 3644 qua
2950 3569 3162 3625 imbuti
3197 3582 3429 3632 sumus,
3477 3561 3804 3628 intelligere

2074 3672 2453 3739 valuerimus,
2513 3677 2788 3740 tanquam
2849 3669 2916 3721 de
2979 3666 3107 3720 cibo
3173 3663 3457 3734 gaudeam
3485 3658 3710 3728 quodus
3777 3665 3792 3704 :

2077 3768 2266 3819 autem
2301 3762 2619 3819 secundum
2641 3775 2845 3814 sanam
2876 3757 3006 3811 fidei
3029 3753 3288 3824 regulam
3311 3749 3630 3819 intelligere
3654 3758 3798 3798 non-

2076 3855 2214 3909 dum
2247 3848 3064 3922 potuerimus,dubitationem
3096 3844 3450 3906 auferamus,
3477 3834 3805 3904 intelligen-

2077 3931 2218 3997 tiam
2243 3942 2577 3996 differamus
2600 3964 2613 4008 ;
2633 3939 2744 3995 hoc
2767 3941 2871 4004 est,
2891 3935 3141 3991 utetiam
3161 3933 3204 3988 si
3225 3931 3365 4003 quid
3390 3929 3461 3984 sit
3480 3926 3793 3987 nescimus,

2077 4033 2296 4088 bonum
2332 4037 2522 4087 tamen
2551 4034 2607 4085 et
2644 4044 2843 4083 verum
2888 4042 3016 4082 esse
3067 4023 3306 4078 minime
3338 4020 3692 4075 dubitemus.
3725 4013 3800 4068 Et

2079 4139 2206 4194 ego,
2241 4122 2467 4188 fratres,
2487 4119 2583 4191 qui
2608 4117 2840 4189 suscepi
2859 4115 3014 4186 loqui
3040 4113 3224 4179 vobis,
3250 4109 3593 4183 cogitandus
3617 4121 3744 4161 sum
3773 4121 3807 4158 a

2082 4213 2241 4269 vobis
2264 4212 2355 4283 qui
2373 4209 2751 4282 susceperim,
2767 4213 2824 4263 et
2847 4223 2970 4278 quae
2985 4203 3369 4274 susceperim:
3395 4196 3622 4269 suscepi
3644 4196 3805 4251 enim

2080 4303 2384 4359 tractanda
2415 4301 2611 4357 divina
2660 4298 2857 4366 homo,
2911 4294 3239 4368 spiritualia
3288 4290 3556 4356 carnalis,
3591 4292 3808 4342 aterna

2084 4392 2365 4450 mortalis.
2397 4391 2587 4446 Etiam
2658 4409 2688 4446 a
2746 4405 2861 4458 me,
2911 4384 3267 4452 charissimi,
3315 4381 3486 4453 longe
3542 4379 3620 4434 sit
3657 4392 3809 4430 vana

2085 4479 2481 4554 prasumptio,
2516 4478 2564 4532 si
2618 4476 2746 4532 volo
2791 4491 2973 4531 sanus
3018 4475 3077 4528 in
3109 4473 3281 4527 domo
3313 4469 3411 4524 Dei
3455 4463 3805 4531 conversari,

2086 4588 2210 4644 qua
2243 4573 2329 4626 est
2357 4566 2611 4624 Ecclesia
2641 4565 2740 4622 Dei
2790 4565 2921 4634 vivi,
2953 4561 3226 4620 columna
3272 4563 3328 4615 et
3376 4558 3807 4612 ﬁrmamentum

2085 4642 2338 4718 veritatis
2371 4658 2413 4728 (Ι
2449 4659 2582 4712 Tim.
2616 4671 2700 4722 111,
2737 4656 2824 4727 15)
2859 4670 2872 4708 :
2907 4671 3009 4726 pro
3043 4652 3276 4707 modulo
3299 4664 3426 4704 meo
3457 4647 3622 4718 capio
3653 4642 3810 4713 quod

2085 4751 2250 4808 vobis
2279 4765 2505 4822 appono
2541 4773 2555 4815 ;
2590 4746 2689 4802 ubi
2723 4745 3002 4815 aperitur,
3051 4759 3257 4815 pascor
3306 4738 3609 4795 vobiscum
3643 4750 3656 4801 ;
3706 4732 3810 4788 ubi

2088 4842 2403 4908 clauditur,
2439 4837 2604 4910 pulso
2634 4836 2961 4893 vobiscum.

2158 4935 2213 4987 2.
2261 4927 2548 4985 Commoti
2591 4929 2730 4983 sunt
2772 4941 2906 4997 ergo
2935 4922 3145 4989 Judai,
3200 4928 3254 4976 et
3296 4916 3586 4990 indignati
3617 4916 3757 4970 sunt
3791 4940 3805 4989 ς

2090 5021 2292 5078 merito
2326 5018 2584 5089 quidem,
2617 5015 2768 5087 quod
2802 5015 3052 5070 audebat
3101 5011 3272 5068 homo
3304 5007 3591 5081 aqualem
3624 5020 3686 5060 se
3727 5004 3815 5059 fa-

2091 5127 2220 5167 cere
2251 5108 2366 5165 Deo
2403 5126 2416 5164 :
2463 5107 2560 5163 sed
2648 5106 2776 5162 ideo
2808 5105 3118 5171 immerito,
3155 5101 3377 5174 quiain
3409 5097 3648 5154 homine
3689 5110 3815 5150 non

2088 5200 2486 5271 intelligebant
2514 5197 2719 5253 Deum.
2752 5197 2994 5252 Carnem
3043 5193 3334 5260 videbant,
3375 5190 3556 5246 Deum
3589 5185 3818 5241 nescie-

2086 5292 2275 5347 bant:
2324 5287 2726 5345 habitaculum
2755 5285 3090 5354 cernebant,
3141 5283 3529 5338 habitatorem
3580 5277 3821 5348 ignora-

2086 5381 2244 5436 banl.
2282 5380 2423 5435 Caro
2456 5379 2554 5434 illa
2587 5375 2863 5448 templum
2916 5381 3060 5442 erat,
3111 5373 3264 5429 Deus
3304 5368 3672 5426 inhabitabat
3721 5364 3819 5418 in-

2089 5478 2205 5526 tus.
2239 5469 2362 5525 Non
2399 5486 2536 5542 ergo
2569 5472 2742 5525 Jesus
2771 5482 3007 5525 carnem
3038 5465 3310 5536 aquabat
3335 5459 3510 5525 Patri,
3545 5473 3659 5514 non
3695 5455 3822 5510 for-

2090 5576 2243 5617 mam
2285 5559 2431 5615 servi
2463 5558 2710 5615 Domino
2757 5556 3177 5630 comparabat;
3225 5570 3340 5610 non
3390 5549 3545 5622 quod
3595 5547 3822 5604 factum

2087 5656 2178 5709 est
2234 5653 2468 5722 propter
2500 5666 2630 5720 nos,
2685 5650 2783 5706 sed
2843 5647 2999 5720 quod
3059 5649 3180 5702 erat
3230 5642 3460 5715 quando
3519 5635 3652 5693 fecit
3684 5647 3822 5690 ηοε-
