4146 6186
353 276 503 339 1³537

346 413 477 480 Quis
516 428 771 484 namque
803 412 878 470 sit
906 412 1194 483 Christus,
1246 415 1554 472 Catholicis
1584 415 1809 488 loquor,
1843 416 2051 486 nostis,

347 504 481 575 quia
514 503 661 559 bene
691 504 1017 560 credidistis
1044 520 1057 559 :
1084 521 1199 560 non
1222 505 1469 562 Verbum
1502 510 1756 576 tantum,
1791 524 1894 564 nec
1921 524 2050 565 caro

342 599 609 662 tantum;
659 595 757 651 sed
790 593 1046 651 Verbum
1098 611 1231 652 caro
1281 596 1492 653 factum
1525 601 1633 663 est,
1669 603 1733 654 ut
1767 600 2051 659 habitaret

341 685 393 738 in
429 682 621 739 nobis.
676 683 966 739 Recenseo
997 684 1067 739 de
1112 684 1299 740 Verbo
1339 686 1492 757 quod
1546 689 1773 744 nostis:
1804 691 1864 744 In
1894 694 2052 762 prin-

335 775 476 841 cipio
522 778 645 828 erat
698 774 957 839 Verbum,
1008 780 1057 829 et
1111 775 1346 829 Verbum
1392 779 1510 831 erat
1547 777 1697 847 apud
1744 779 1938 847 Deum,
1997 787 2049 835 et

338 865 475 921 Deus
523 873 643 919 erat
703 866 931 921 Verbum
964 882 984 922 :
1032 864 1123 920 hic
1173 864 1473 937 aequalitas
1520 883 1649 922 cum
1698 873 1881 924 Patre.
1937 870 2047 925 Sed

340 956 575 1010 Verbum
605 970 731 1009 caro
761 955 972 1023 factum
1005 961 1102 1019 est,
1136 959 1185 1010 et
1215 954 1488 1011 habitavit
1513 958 1570 1010 in
1601 957 1763 1013 nobis
1791 960 1972 1027 (Joan.
2007 978 2045 1029 ι,

337 1046 533 1118 1ο14);
578 1045 688 1101 bac
755 1062 930 1101 carne
997 1048 1181 1119 major
1229 1051 1319 1101 est
1370 1046 1558 1103 Pater.
1628 1051 1712 1104 Ita
1779 1050 1944 1108 Pater
1994 1057 2050 1106 et

333 1136 596 1207 aequalis,
647 1140 703 1191 et
749 1136 936 1205 major
977 1152 992 1192 :
1046 1136 1286 1207 aequalis
1335 1138 1545 1203 Verbo,
1599 1140 1783 1209 major
1832 1156 2046 1209 carne;

330 1226 577 1297 aequalis
606 1226 655 1281 ei
690 1242 792 1297 per
821 1241 996 1297 quem
1051 1226 1183 1281 fecit
1224 1243 1351 1295 nos,
1404 1228 1591 1297 major
1625 1244 1691 1283 eo
1723 1230 1825 1300 qui
1859 1230 2046 1285 factus

329 1320 418 1370 est
452 1320 686 1388 propter
709 1332 831 1371 nos.
861 1315 941 1370 Ad
966 1314 1115 1371 hanc
1138 1316 1402 1387 regulam
1426 1333 1631 1372 sanam
1668 1318 2043 1385 catholicam,

328 1432 506 1487 quam
560 1413 844 1486 praecipue
912 1430 1078 1469 nosse
1143 1415 1389 1482 debetis,
1464 1432 1640 1488 quam
1706 1420 1897 1474 tenete
1946 1420 2047 1491 qui

330 1507 541 1571 nostis,
575 1523 608 1561 a
638 1521 756 1576 qua
803 1522 1042 1577 prorsus
1094 1505 1237 1561 fides
1280 1512 1473 1562 vestra
1521 1507 1635 1562 labi
1690 1524 1805 1564 non
1855 1510 2045 1581 debet,

328 1612 460 1668 quae
511 1594 691 1650 nullis
740 1592 1050 1649 hominum
1102 1596 1466 1667 argumentis
1516 1599 1914 1670 exlorqucnda
1962 1604 2050 1656 est

327 1685 497 1741 cordi
562 1690 776 1750 vestro,
837 1684 1165 1757 dirigamus
1217 1702 1284 1742 ea
1335 1703 1457 1757 quas
1509 1687 1939 1761 intelligimus;
1994 1696 2049 1747 et

327 1793 463 1847 quas
501 1776 648 1831 forte
681 1791 796 1830 non
829 1774 1234 1847 intelligimus,
1269 1776 1577 1849 dirigenda
1607 1780 1678 1834 ad
1713 1779 1861 1836 hanc
1883 1795 2049 1853 regu-

328 1865 448 1920 lam
504 1864 861 1936 quandoque
910 1864 1268 1931 differamus,
1322 1883 1453 1921 cum
1504 1867 1692 1923 idonei
1736 1869 2043 1927 fuerimus.

324 1956 613 2011 Novimus
646 1970 779 2025 ergo
811 1954 1086 2025 aequalem
1127 1955 1280 2010 Patri
1314 1955 1525 2011 Filium
1560 1956 1682 2024 Dei,
1718 1959 1854 2029 quia
1886 1961 2047 2016 novi-

325 2061 460 2099 mus
511 2044 572 2098 in
612 2042 893 2115 principio
950 2050 1131 2099 Deum
1182 2045 1456 2101 Verbum.
1509 2046 1653 2113 Quid
1705 2064 1841 2120 ergo
1868 2051 2053 2107 Juclwi

327 2136 597 2193 volebant
655 2151 780 2189 eum
829 2136 1182 2205 interﬁcere?
1231 2137 1375 2204 Quia
1423 2152 1531 2193 non
1574 2138 1750 2193 solum
1816 2140 2051 2196 solvebat

320 2228 639 2289 sabbatum,
672 2224 763 2279 sed
796 2230 845 2279 et
870 2231 1087 2296 patrem
1117 2242 1276 2280 suum
1307 2226 1521 2281 dicebat
1557 2228 1743 2295 Deum,
1777 2230 2049 2302 aequalem

320 2332 373 2371 se
401 2317 625 2385 faciens
659 2314 764 2367 Deo
787 2330 807 2369 :
840 2312 1099 2370 videntes
1149 2331 1405 2383 carnem,
1461 2333 1570 2372 non
1606 2316 1875 2374 videntes
1906 2318 2045 2374 Ver-

327 2406 503 2461 bum.
540 2403 837 2476 Loquatur
884 2418 1016 2472 ergo
1046 2408 1103 2459 et
1132 2408 1333 2460 contra
1374 2422 1472 2462 eos
1502 2406 1755 2463 Verbum
1790 2424 1891 2480 per
1921 2425 2048 2465 car-

328 2510 499 2561 nem,
550 2496 609 2548 et
655 2490 901 2547 interior
949 2492 1237 2549 habitator
1287 2501 1453 2550 sonet
1495 2512 1597 2566 per
1643 2496 2047 2554 habitaculum

326 2600 513 2641 suum
540 2599 554 2650 ;
580 2587 641 2638 ut
673 2582 772 2653 qui
805 2587 1016 2654 potest,
1053 2584 1273 2640 noverit
1305 2585 1437 2657 quis
1472 2586 1627 2642 intus
1662 2587 1902 2644 habitet.

394 2674 455 2728 3.
497 2671 646 2738 Quid
679 2686 814 2742 ergo
865 2673 947 2726 eis
993 2670 1184 2726 dicit?
1230 2673 1526 2743 Respondit
1572 2676 1760 2747 itaque
1788 2677 1965 2746 Jesus,
1996 2681 2046 2735 et

324 2762 477 2817 dixit
525 2762 626 2827 eis,
680 2759 988 2815 commotis
1036 2761 1188 2831 quod
1238 2762 1514 2833 aequalem
1549 2781 1611 2819 se
1644 2764 1855 2821 faceret
1902 2765 2045 2833 Deo,

319 2853 517 2916 Amen,
552 2864 713 2903 amen
744 2847 870 2903 dico
912 2850 1083 2916 vobis,
1133 2866 1241 2905 non
1280 2854 1450 2920 potest
1498 2853 1673 2908 Filius
1703 2871 1736 2909 a
1765 2870 1821 2908 se
1866 2856 2049 2924 facere

320 2938 662 3010 quidquam,
694 2939 807 2992 nisi
834 2938 973 3010 quod
1002 2939 1207 2995 viderit
1236 2940 1453 2996 Patrem
1482 2944 1795 3011 facientem.
1822 2945 1903 2999 Ad
1928 2944 2049 3000 base

322 3029 464 3101 quid
505 3026 917 3098 responderint
963 3027 1171 3099 Judmi,
1221 3029 1505 3099 scriptum
1541 3047 1652 3086 non
1685 3036 1811 3093 est:
1845 3040 1898 3088 et
1930 3032 2047 3088 for-

324 3123 491 3173 tasse
516 3120 854 3172 tacuerunt.
878 3116 1122 3184 Quidam
1140 3126 1355 3188 tamen,
1374 3118 1842 3190 quichristianos
1864 3137 1926 3176 se
1946 3121 2047 3177 ha-

320 3207 447 3261 beri
484 3204 713 3268 volunt,
747 3221 863 3260 non
900 3209 1111 3273 tacent,
1145 3214 1197 3261 et
1238 3209 1666 3277 quodammodo
1697 3225 1763 3265 ex
1797 3208 1888 3265 his
1918 3226 2044 3266 ver-

325 3295 413 3351 bis
440 3293 786 3365 concipiunt
810 3295 1073 3366 quaedam
1099 3297 1344 3353 dicenda
1365 3302 1564 3353 contra
1588 3315 1730 3355 nos:
1764 3316 1894 3371 quas
1915 3316 2045 3357 con-

320 3385 652 3440 temnenda
683 3400 799 3439 non
833 3388 994 3454 sunt,
1026 3390 1081 3440 et
1112 3391 1346 3458 propter
1377 3387 1536 3460 ipsos
1565 3394 1622 3444 et
1651 3396 1888 3462 propter
1919 3408 2039 3449 DOS'

321 3475 529 3529 Ariani
564 3475 787 3545 quippe
813 3473 1067 3530 haeretici
1090 3475 1373 3546 dicentes,
1397 3495 1509 3534 non
1538 3496 1639 3551 per
1660 3496 1919 3551 carnem,
1943 3483 2043 3537 sed

319 3570 459 3620 ante
496 3579 762 3631 carnem,
798 3564 1012 3619 Filium
1037 3564 1231 3636 ipsum
1256 3567 1355 3638 qui
1378 3568 1631 3640 suscepit
1654 3586 1913 3639 carnem,
1940 3571 2044 3626 mi-

319 3670 531 3710 norem
566 3669 701 3709 esse
729 3670 901 3723 quam
928 3653 1090 3709 Pater
1113 3660 1220 3721 est,
1245 3662 1434 3712 etnon
1460 3673 1584 3713 esse
1604 3654 1870 3729 ejusdem
1904 3661 2043 3717 sub-

316 3744 553 3800 stantiae
588 3746 761 3813 cuius
794 3743 961 3799 Pater
990 3744 1096 3812 eat,
1129 3747 1365 3817 capiunt
1394 3764 1463 3802 ex
1495 3748 1586 3804 his
1618 3750 1808 3805 verbis
1839 3767 2045 3808 ansam

318 3835 665 3903 calumnias,
692 3840 747 3890 et
773 3835 1128 3904 respondent
1150 3836 1312 3891 nobis
1333 3853 1346 3891 :
1369 3837 1590 3894 Videtis
1604 3841 1739 3911 quia
1761 3840 2046 3898 Dominus

318 3926 518 3989 Iesus,
554 3942 691 3980 cum
742 3926 1234 3981 animadverteret
1279 3928 1513 3984 Judaeos
1553 3946 1618 3985 ex
1650 3930 1758 3987 hoc
1810 3934 2045 4002 moveri,

320 4017 483 4088 quod
516 4015 675 4071 Patri
713 4016 824 4071 Deo
865 4016 1143 4087 aequalem
1178 4031 1237 4071 se
1270 4019 1501 4088 faceret,
1535 4019 1673 4077 talia
1703 4022 1879 4079 verba
1908 4024 2045 4079 sub-

313 4106 542 4174 junxit,
578 4110 648 4160 ut
681 4120 745 4159 se
776 4104 1053 4175 aequalem
1087 4122 1201 4161 non
1233 4122 1362 4162 esse
1390 4113 1756 4166 monstraret.
1788 4112 2051 4168 Movebat

319 4195 480 4249 enim
508 4194 757 4259 iudazos,
788 4193 1751 4270 aiunt,adversusChristum,quia
1773 4201 2048 4270 aequalem

323 4299 387 4338 se
420 4283 677 4338 faciebat
707 4281 823 4338 Deo
849 4299 864 4352 ;
894 4288 951 4339 et
973 4282 1170 4339 volens
1201 4301 1301 4341 eos
1330 4288 1616 4359 corrigere
1646 4290 1717 4344 ab
1750 4289 1857 4345 hoc
1890 4296 2050 4347 motu

320 4373 630 4437 Christus,
664 4378 722 4430 et
750 4373 839 4428 eis
867 4373 1271 4430 demonstrare
1304 4376 1521 4432 Filium
1555 4394 1665 4433 non
1700 4395 1827 4435 esse
1858 4398 2051 4453 requa-

322 4463 440 4519 lem
468 4462 652 4526 Patri,
678 4462 734 4515 id
759 4462 1167 4533 est,zequalem
1191 4463 1443 4532 Deo,ait,
1467 4468 1635 4536 quasi
1663 4467 1881 4535 dicens,
1905 4471 2050 4535 Quid

319 4551 703 4608 irascimini?
737 4550 871 4619 quid
890 4552 1318 4623 indignemini?
1337 4554 1459 4611 Non
1475 4572 1602 4610 sum
1626 4558 1890 4628 aequalis,
1916 4561 2052 4632 quia

319 4660 441 4696 non
472 4650 653 4712 potest
677 4641 853 4695 Filius
873 4659 905 4696 a
928 4658 984 4697 se
1000 4645 1190 4711 facere
1210 4642 1530 4715 quidquam,
1554 4648 1667 4702 nisi
1685 4649 1835 4718 quod
1850 4650 2054 4705 viderit

322 4740 563 4789 Patrem
593 4733 916 4799 facientem.
961 4732 1067 4796 Qui
1102 4732 1259 4788 enim
1291 4750 1400 4788 non
1429 4741 1627 4804 potest,
1653 4738 1946 4810 inquiunt,
1974 4743 2055 4811 fa-

320 4837 451 4878 cere
480 4839 515 4876 a
546 4836 606 4876 re
635 4821 1077 4892 quidquam,nisi
1096 4821 1235 4893 quod
1255 4823 1457 4879 viderit
1488 4826 1706 4880 Patrem
1734 4830 2051 4899 facientem,

321 4914 544 4984 utique
578 4910 776 4966 minor
806 4917 910 4976 est,
948 4927 1062 4966 non
1106 4913 1367 4983 aequalis.

396 5004 453 5058 4.
491 5002 555 5058 In
588 5001 700 5057 hac
734 5001 945 5074 regula
972 5002 1163 5057 cordis
1183 5004 1273 5057 sui
1299 5003 1547 5060 distorta
1570 5009 1627 5060 et
1652 5023 1847 5078 prava,
1884 5008 2052 5066 haere-

320 5093 483 5147 ticus
506 5091 709 5147 audiat
728 5107 837 5147 nos
855 5092 1113 5147 nondum
1145 5091 1543 5165 objurgantes,
1567 5096 1665 5151 sed
1681 5096 1871 5153 adhuc
1889 5101 2052 5170 quasi

321 5184 690 5251 quaerentes,
726 5185 783 5236 et
812 5180 1061 5253 explicet
1092 5181 1259 5238 nobis
1288 5185 1439 5253 quod
1470 5184 1668 5241 sentit.
1702 5184 1847 5242 Puto
1879 5189 2053 5257 enim,

321 5286 355 5325 ο
388 5269 677 5341 quisquis
710 5268 809 5325 ille
838 5285 901 5325 es
924 5271 1224 5341 (faciamus
1247 5272 1399 5327 enim
1426 5288 1556 5329 eum
1591 5279 1869 5346 tanquam
1908 5293 2052 5347 prie-

322 5369 558 5415 senlem
594 5360 848 5430 adesse).
880 5365 1043 5418 tenes
1066 5363 1372 5418 nobiscum
1396 5363 1529 5433 quia
1554 5366 1610 5419 in
1632 5367 1910 5437 principio
1943 5376 2057 5425 erat

330 5450 594 5505 Verbum.
648 5450 866 5517 Teneo,
918 5450 1129 5524 inquit.
1177 5453 1248 5507 Et
1288 5453 1426 5525 quia
1481 5455 1710 5512 Verbum
1749 5462 1867 5512 erat
1913 5458 2057 5528 apud

329 5540 555 5593 Deum?
585 5539 651 5595 Et
680 5538 815 5605 hoc,
867 5539 1080 5612 inquit,
1133 5546 1322 5600 teneo.
1377 5545 1628 5617 Sequere
1675 5562 1831 5620 ergo,
1864 5554 1919 5603 et
1950 5547 2057 5604 hoc

296 5662 299 5667 ι
327 5628 550 5687 fortius
583 5637 735 5700 tene,
760 5630 905 5701 quia
934 5631 1073 5687 Deus
1117 5636 1243 5689 erat
1299 5634 1551 5692 Verbum.
1580 5636 1647 5693 Et
1677 5635 1808 5705 hoc,
1842 5637 2054 5708 inquit,

1534 278 2008 341 TRACTATUS
2052 279 2269 343 XVIII.
2321 281 2573 343 CAPUT
2618 281 2693 341 V.

3707 277 3907 369 1538’

2162 422 2329 475 teneo
2366 422 2500 477 :scd
2556 420 2650 475 ille
2680 419 2828 475 Deus
2882 420 3087 491 major,
3139 418 3234 474 ille
3285 419 3435 474 Deus
3486 418 3694 475 minor.
3735 417 3865 472 Jam

2166 510 2362 565 nescio
2397 513 2532 583 quid
2567 526 2855 583 paganum
2881 509 3133 566 redolet:
3159 524 3293 564 cum
3318 509 3629 566 christiano
3661 526 3751 565 me
3783 509 3863 565 lo-

2161 599 2259 671 qui
2294 601 2639 656 arbitrabar.
2665 600 2722 655 Si
2744 604 2832 655 est
2854 599 3008 655 Deus
3032 600 3240 668 major,
3265 604 3317 654 et
3341 603 3429 655 est
3450 598 3604 654 Deus
3640 598 3867 665 minor;

2162 690 2308 744 duos
2341 690 2477 745 deos
2511 690 2781 757 colimus,
2806 706 2916 744 non
2944 704 3128 743 unum
3153 687 3357 743 Deum.
3394 688 3601 753 Quare,
3632 687 3871 757 inquit?

2161 782 2216 833 et
2250 783 2307 833 tu
2343 795 2455 834 non
2488 778 2635 833 duos
2668 779 2802 833 deos
2838 778 2983 832 dicis
3012 779 3257 847 aequales
3287 778 3445 833 sibi?
3477 777 3592 832 Hoc
3624 792 3727 849 ego
3752 793 3866 832 non

2162 870 2287 924 dico
2314 886 2327 924 :
2359 869 2747 941 aequalitatem
2783 871 2935 924 enim
2961 869 3129 923 istam
3155 870 3239 923 sic
3261 869 3547 940 intelligo,
3587 876 3647 923 ut
3680 869 3758 923 ibi
3784 869 3867 923 in-

2161 958 2416 1029 telligam
2450 960 2622 1014 etiam
2663 958 3020 1014 individuam
3066 959 3446 1028 cbaritatem;
3481 966 3538 1013 et
3570 960 3616 1013 si
3650 958 3867 1013 indivi-

2162 1049 2335 1102 duam
2372 1048 2705 1104 charitatem
2734 1052 2773 1115 ί,
2801 1050 3112 1120 perfectam
3140 1050 3437 1103 unitatem.
3460 1049 3515 1102 Si
3540 1049 3695 1103 enim
3730 1047 3866 1103 cha-

2160 1135 2299 1189 ritas
2324 1152 2498 1205 quam
2523 1136 3033 1190 misithominibus
3058 1136 3321 1201 Deus,de
3345 1135 3540 1191 multis
3562 1136 3869 1191 hominum

2161 1224 2435 1279 cordibus
2470 1224 2602 1279 facit
2631 1240 2727 1278 cor
2760 1241 2960 1293 unum,
2984 1229 3040 1279 et
3065 1224 3279 1280 multas
3311 1226 3611 1281 hominum
3646 1225 3872 1280 animas

2161 1314 2297 1369 facit
2327 1312 2579 1368 animam
2616 1330 2815 1379 unam,
2849 1314 2993 1368 sicut
3016 1315 3086 1368 de
3109 1314 3482 1370 credentibus
3515 1330 3757 1387 seseque
3788 1314 3869 1368 in-

2161 1404 2341 1459 vicem
2375 1402 2758 1474 diligentibus
2782 1404 3071 1473 scriptum
3095 1408 3183 1458 est
3205 1404 3262 1458 in
3294 1405 3531 1459 Actibus
3561 1403 3865 1476 Apostolo-

2160 1510 2311 1559 rum,
2335 1494 2472 1548 Erat
2494 1493 2609 1548 illis
2632 1495 2841 1548 anima
2858 1500 3345 1563 una,etcorunum
3367 1496 3425 1547 in
3447 1496 3614 1549 Deum
3637 1496 3772 1563 (Art.
3789 1511 3866 1563 iv,

2156 1584 2251 1655 32)
2266 1602 2278 1639 ε
2296 1584 2339 1638 si
2358 1600 2492 1656 ergo
2507 1583 2702 1639 anima
2721 1599 2849 1639 mea
2864 1591 2915 1638 et
2932 1583 3127 1639 anima
3151 1587 3412 1651 tua,cum
3433 1585 3585 1638 idem
3600 1586 3862 1653 sapimus

2160 1688 2378 1743 nosque
2409 1672 2730 1743 diligimus,
2757 1672 2820 1727 fit
2841 1672 3038 1727 anima
3061 1688 3176 1727 una
3200 1688 3213 1727 :
3248 1676 3466 1742 quanto
3490 1673 3679 1744 magis
3702 1671 3867 1727 Pater

2157 1768 2311 1817 Deus
2332 1770 2384 1816 et
2407 1761 2585 1817 Filius
2605 1762 2762 1817 Deus
2783 1761 2841 1816 in
2867 1762 3021 1817 fonte
3043 1761 3369 1817 dilectionis
3396 1765 3546 1817 Deus
3572 1777 3723 1816 unus
3743 1760 3867 1817 est?

2227 1852 2281 1906 5.
2313 1850 2526 1907 Verum
2551 1853 2621 1907 ad
2656 1852 2777 1908 haec
2809 1852 3001 1918 verba,
3027 1852 3237 1923 quibus
3267 1856 3623 1907 commotum
3656 1856 3745 1908 est
3771 1866 3871 1907 cor

2162 1943 2347 2009 tuum,
2382 1941 2638 2008 intende,
2671 1945 2727 1997 et
2757 1942 2944 1997 recole
2995 1957 3221 1997 mecum
3264 1942 3420 2013 quod
3454 1941 3524 1995 de
3554 1941 3742 1995 Verbo
3775 1957 3868 1997 reu—

2163 2032 2558 2102 quirebamus.
2601 2032 2726 2088 Jam
2778 2036 3068 2100 tenemus,
3120 2033 3256 2087 Deus
3301 2038 3421 2088 erat
3457 2031 3730 2087 Verbum:
3759 2032 3866 2087 ad-

2156 2120 2337 2191 jungo
2368 2121 2546 2185 aliud,
2580 2121 2715 2193 quia
2746 2137 2879 2176 cum
2916 2120 3179 2190 dixisset,
3212 2122 3318 2176 Hoc
3346 2124 3465 2176 erat
3495 2122 3558 2177 in
3588 2121 3862 2192 principio

2160 2212 2307 2283 apud
2335 2216 2529 2281 Deum,
2556 2214 2832 2270 continuo
2856 2214 3106 2284 subjecit
3129 2213 3513 2285 Evangelista,
3538 2214 3738 2269 Omnia
3767 2230 3866 2285 per

2158 2306 2333 2374 ipsum
2354 2306 2507 2375 facta
2535 2311 2684 2359 sunt.
2714 2307 2879 2359 Nunc
2910 2308 2965 2360 te
2996 2303 3305 2374 quaerendo
3340 2303 3588 2375 exagito,
3623 2318 3777 2360 nunc
3807 2308 3864 2359 te

2159 2402 2360 2451 contra
2391 2398 2447 2451 te
2481 2412 2702 2461 moveo,
2735 2404 2788 2451 et
2811 2401 2865 2451 te
2887 2399 3086 2451 contra
3115 2398 3171 2450 te
3202 2394 3537 2466 interpello:
3575 2398 3705 2449 tene
3736 2400 3871 2450 tan-

2162 2491 2284 2539 tum
2320 2485 2649 2541 memoriter
2671 2486 2781 2541 ista
2802 2486 2872 2541 de
2892 2484 3100 2551 Verbo,
3125 2484 3263 2556 quia
3293 2484 3428 2540 Deus
3458 2488 3579 2539 erat
3616 2485 3868 2551 Verbum,

2164 2578 2221 2630 et
2251 2577 2438 2631 omnia
2468 2591 2568 2647 per
2587 2577 2767 2647 ipsum
2785 2576 2942 2647 facta
2962 2581 3112 2643 sunt,
3142 2574 3433 2645 Audijam
3454 2572 3626 2629 verba
3655 2573 3871 2645 quibus

2159 2670 2486 2722 commotus
2537 2680 2619 2733 es,
2653 2669 2716 2721 ut
2765 2664 3049 2721 minorem
3099 2665 3319 2721 diceres
3367 2663 3600 2733 Filium,
3654 2680 3865 2737 nempe

2158 2755 2297 2827 quia
2327 2754 2489 2824 dixit,
2514 2755 2626 2811 Non
2655 2758 2824 2827 potest
2849 2753 3022 2810 Filius
3054 2771 3086 2809 a
3113 2768 3169 2808 se
3191 2755 3376 2824 facere
3398 2753 3719 2826 quidquam,
3752 2755 3866 2811 nisi

2158 2844 2299 2916 quod
2320 2844 2520 2901 viderit
2542 2846 2763 2900 Patrem
2783 2843 3098 2914 facientem.
3119 2843 3226 2911 Ita,
3248 2842 3464 2914 inquit.
3499 2844 3733 2916 Expone
3756 2844 3862 2900 hoc

2159 2936 2304 2991 mihi
2337 2936 2644 3009 paululum
2671 2953 2683 2991 :
2713 2936 2818 3005 sic,
2845 2940 3132 3008 quantum
3156 2934 3382 3007 opinor,
3408 2934 3707 3007 intelligis,
3730 2952 3866 3006 quo-

2158 3024 2312 3081 niam
2336 3026 2605 3098 quwdam
2631 3024 2767 3081 facit
2788 3029 2969 3091 Pater,
2983 3024 3167 3080 Filius
3183 3031 3374 3080 autem
3391 3023 3639 3079 attendit
3660 3040 3869 3095 quem-

2156 3116 2466 3172 admodum
2516 3114 2683 3171 faciat
2732 3115 2920 3183 Pater,
2956 3118 3021 3169 ut
3062 3114 3237 3185 possit
3286 3118 3343 3169 et
3390 3115 3517 3185 ipse
3564 3129 3633 3170 ea
3682 3116 3868 3171 facere

2155 3221 2287 3277 quae
2306 3205 2513 3261 viderit
2536 3204 2761 3261 Patrem
2786 3204 3113 3260 facientem.
3139 3208 3289 3259 Duos
3309 3205 3475 3275 quasi
3502 3203 3695 3261 fabros
3717 3220 3858 3260 con-

2155 3295 2393 3354 stituisti
2422 3312 2433 3350 :
2468 3295 2549 3351 ita
2578 3297 2805 3352 Patrem
2838 3299 2894 3350 et
2924 3292 3157 3361 Filium,
3208 3298 3272 3348 ut
3314 3293 3488 3348 etiam
3520 3293 3861 3359 magistrum

2154 3392 2210 3443 et
2239 3384 2621 3457 discipulum,
2664 3385 2956 3456 quomodo
3006 3382 3196 3439 solent
3245 3386 3433 3453 patres
3475 3381 3625 3437 fabri
3658 3381 3864 3438 docere

2154 3476 2307 3531 filios
2339 3492 2478 3531 suos
2511 3480 2697 3531 artem
2730 3490 2918 3531 suam.
2964 3474 3108 3529 Ecce
3142 3472 3430 3527 descendo
3461 3473 3530 3527 ad
3564 3471 3859 3528 carnalem

2154 3581 2394 3621 sensum
2428 3569 2617 3631 tuum,
2651 3565 2732 3620 ita
2766 3563 2995 3618 interim
3029 3561 3219 3633 cogito
3253 3565 3317 3615 ut
3346 3565 3445 3614 tu:
3480 3560 3779 3617 videamus
3811 3562 3861 3618 si

2153 3654 2418 3723 cogitatio
2451 3654 2572 3709 haec
2602 3658 2799 3708 nostra
2846 3651 3104 3707 inveniat
3150 3650 3370 3705 exitum
3403 3649 3726 3705 secundum
3754 3649 3857 3708 illa

2155 3762 2277 3816 qua:
2319 3745 2441 3815 jam
2481 3745 2550 3799 de
2600 3745 2780 3799 Verbo
2833 3743 3045 3813 pariter
3092 3740 3269 3797 locuti
3301 3755 3505 3796 sumus
3536 3740 3860 3811 pariterque

2155 3834 2458 3902 sentimus,
2491 3834 2629 3905 quia
2660 3835 2797 3889 Deus
2834 3834 3085 3900 Verbum,
3118 3834 3175 3887 et
3205 3829 3397 3886 omnia
3424 3846 3521 3901 per
3550 3831 3726 3901 ipsum
3757 3834 3856 3902 fu-

2152 3933 2244 3982 cta
2273 3932 2419 3980 sunt.
2453 3928 2608 3980 Pone
2634 3925 2812 3995 igitur
2831 3923 3060 3979 Patrem
3094 3927 3372 3993 tanquam
3424 3920 3676 3986 fabrum,
3710 3935 3861 3991 quaa-

2156 4017 2284 4071 dam
2308 4032 2484 4087 opera
2506 4014 2834 4082 facientem,
2851 4012 3060 4068 Filium
3077 4016 3267 4067 autem
3290 4016 3573 4083 tanquam
3596 4010 3854 4079 discipu-

2157 4105 2300 4173 lum,
2334 4106 2433 4177 qui
2463 4122 2571 4161 non
2605 4110 2774 4178 potest
2803 4108 2987 4175 facere
3007 4102 3333 4176 quidquam,
3356 4101 3471 4156 nisi
3500 4102 3640 4172 quod
3663 4100 3860 4157 viderit

2156 4199 2377 4252 Patrem
2398 4198 2691 4262 facientem
2715 4211 2735 4249 :
2754 4194 3174 4251 intenditenim
3209 4192 3635 4263 quodammodo
3659 4193 3716 4245 in
3742 4207 3863 4245 ma-

2161 4304 2271 4343 nus
2303 4287 2507 4352 Patris,
2541 4292 2605 4342 ut
2636 4287 2920 4357 quomodo
2951 4282 3161 4338 viderit
3192 4297 3324 4337 eum
3358 4280 3659 4343 fabricare,
3694 4280 3778 4334 sic
3807 4284 3865 4334 et

2158 4379 2279 4450 ipse
2310 4379 2423 4435 tale
2444 4376 2665 4449 aliquid
2706 4376 2945 4431 fabricet
2975 4375 3033 4430 in
3065 4372 3338 4442 operibus
3369 4369 3513 4425 suis.
3550 4369 3657 4424 Sed
3691 4368 3858 4423 Pater

2161 4471 2269 4526 iste
2300 4468 2494 4524 omnia
2526 4467 2626 4521 illa
2656 4481 2786 4537 qua:
2817 4465 2973 4531 facit,
3008 4472 3061 4518 et
3093 4461 3214 4516 vult
3237 4465 3300 4515 ut
3330 4457 3594 4515 attendat
3624 4473 3751 4513 eum
3778 4458 3868 4512 Fi-

2162 4559 2277 4614 lius
2297 4562 2353 4613 et
2385 4557 2521 4613 talia
2540 4560 2596 4611 et
2617 4558 2742 4627 ipse
2767 4554 2973 4621 faciat;
3010 4568 3111 4623 per
3134 4566 3311 4622 quem
3338 4547 3469 4604 lacit
3489 4549 3510 4582 ²
3530 4548 3558 4603 ?
3579 4548 3678 4603 Eia
3709 4562 3865 4603 nunc

2162 4652 2250 4703 est
2274 4651 2333 4702 ut
2355 4647 2514 4703 adsis
2537 4644 2837 4701 sententias
2852 4646 2965 4699 tuae
2986 4640 3184 4714 priori,
3211 4655 3385 4710 quam
3412 4654 3639 4695 mecum
3663 4654 3864 4694 recen-

2162 4737 2333 4795 suisti
2356 4752 2694 4806 mecumque
2720 4733 2973 4801 tenuisti,
2996 4732 3135 4805 quia
3155 4733 3216 4788 in
3235 4730 3509 4802 principio
3537 4730 3785 4797 Verbum,
3811 4736 3863 4785 et

2162 4828 2309 4901 apud
2342 4828 2505 4884 Deum
2557 4827 2805 4892 Verbum,
2848 4831 2905 4881 et
2936 4826 3070 4881 Deus
3126 4822 3373 4888 Verbum,
3424 4825 3479 4877 et
3526 4823 3717 4876 omnia
3769 4837 3866 4889 per

2164 4922 2345 4993 ipsum
2372 4921 2524 4989 facta
2553 4924 2706 4974 sunt.
2740 4918 2826 4974 Tu
2860 4933 2994 4989 ergo
3030 4930 3160 4971 cum
3192 4928 3413 4970 meeum
3447 4912 3704 4965 tenueris
3732 4910 3866 4980 quia

2140 5001 2264 5083 'per
2293 5011 2544 5066 Verbum
2576 5013 2719 5068 facta
2753 5015 2891 5065 sunt
2912 5008 3104 5064 omnia
3126 5026 3141 5075 ;
3167 5019 3393 5060 rursum
3417 5000 3633 5056 carnali
3658 5016 3863 5071 sapore

2164 5105 2221 5156 et
2242 5099 2447 5170 puerili
2475 5110 2630 5156 motu
2655 5098 2798 5154 facis
2819 5096 2925 5153 tibi
2958 5097 3017 5151 in
3041 5095 3237 5149 animo
3262 5098 3439 5147 Deum
3467 5088 3788 5156 facientem,
3810 5095 3860 5143 et

2163 5190 2420 5247 Verbum
2472 5192 2887 5257 attendentem,
2919 5190 2985 5243 ut
3007 5202 3141 5242 cum
3176 5181 3369 5238 fecerit
3401 5180 3570 5246 Deus,
3607 5178 3775 5235 faciat
3806 5183 3864 5235 et

2163 5280 2439 5337 Verbum.
2474 5281 2618 5347 Quid
2654 5279 2809 5335 enim
2857 5277 2989 5332 facit
3042 5280 3190 5328 Deus
3238 5278 3442 5343 praeter
3470 5268 3722 5325 Verbum
3745 5270 3773 5324 ?
3803 5270 3863 5326 Si

2166 5372 2323 5426 enim
2357 5372 2512 5437 facit,
2546 5386 2657 5424 non
2683 5367 2879 5422 omnia
2916 5381 3015 5432 per
3035 5362 3287 5418 Verbum
3315 5362 3462 5416 facta
3482 5366 3617 5415 sunt
3644 5376 3658 5427 ;
3683 5360 3868 5432 perdi-

2230 5462 2245 5495 1
2280 5460 2570 5508 Duodecim
2606 5459 2747 5517 Mss,
2771 5458 2820 5501 et
2848 5454 2923 5503 sic
2952 5449 3645 5517 individuampharitntem.

2138 5547 2151 5554 -
2230 5521 2250 5554 2
2274 5522 2392 5569 Lov.
2420 5522 2496 5569 sic
2527 5512 2894 5567 habent'hunc
2912 5516 3121 5566 locum:
3151 5514 3256 5564 Sed
3282 5515 3437 5564 Pater
3461 5515 3557 5562 iste
3575 5514 3747 5561 omnia
3762 5512 3864 5560 illa

2143 5588 2276 5645 ’ραι
2294 5583 2439 5644 facit,
2463 5582 2576 5645 vult
2590 5585 2645 5630 ut
2664 5582 2901 5645 attendat
2921 5593 3034 5629 eum
3070 5578 3233 5628 Filius
3252 5582 3298 5627 et
3326 5576 3463 5628 (alia
3484 5582 3531 5626 et
3549 5576 3655 5639 ipse
3668 5577 3857 5635 faciat,

2142 5643 2256 5709 ‘per
2283 5658 2430 5709 quem
2461 5644 2613 5708 lacit.
2680 5643 2749 5694 Μ.
