4126 6194
308 250 463 314 1539

312 389 448 447 disti
471 384 623 459 quod
648 379 887 439 tenebas
913 395 925 435 :
951 376 997 430 si
1023 377 1216 430 autem
1242 370 1439 427 omnia
1460 386 1556 440 per
1581 367 1833 423 Verbum
1862 366 2013 459 facta

312 488 473 548 sunt,
492 457 723 544 corrige
756 471 906 545 quod
956 466 1103 522 male
1136 463 1521 535 intelligebas.
1556 459 1712 515 Fecit
1744 461 1931 548 Pater,
1956 457 2013 509 et

313 590 427 631 non
463 571 596 624 fecit
645 564 755 619 nisi
793 579 890 631 per
938 560 1219 615 Verbum:
1255 552 1548 626 quomodo
1591 550 1837 606 attendit
1866 547 2010 601 Ver—

312 666 475 728 bum,
497 667 553 714 ut
580 657 769 710 videat
794 652 1016 706 Patrem
1042 648 1344 703 facientem
1370 645 1495 699 sine
1517 641 1725 709 Verbo,
1760 644 1907 711 quod
1930 637 2013 691 si-

314 753 534 809 militer
578 749 749 803 faciat
795 738 1109 796 Verbum?
1155 734 1443 805 Quidquid
1499 733 1625 785 fecit
1678 730 1860 795 Pater,
1915 742 2013 796 per

312 842 564 897 Verbum
602 834 775 891 fecit:
808 835 907 886 aut
940 829 1149 883 falsum
1183 832 1289 880 est.
1327 824 1519 879 Omnia
1540 836 1638 891 per
1660 820 1833 889 ipsum
1865 820 2011 886 facta

310 942 457 989 sunt.
483 928 594 986 Sed
612 939 811 979 verum
826 926 932 986 est,
952 919 1149 975 Omnia
1164 917 1448 983 peripsum
1462 914 1610 983 facta
1633 913 1777 963 sunt.
1803 908 2011 963 Parum

314 1026 557 1078 fortasse
587 1016 688 1069 tibi
724 1011 1025 1068 videbatur
1045 1008 1071 1062 ‘l
1104 1008 1164 1061 Et
1194 1005 1315 1060 sine
1344 1006 1457 1074 ipso
1486 1004 1703 1071 factum
1733 1006 1810 1056 est
1842 998 2009 1053 nihil.

382 1113 436 1166 6.
472 1106 693 1164 Recede
722 1118 856 1172 ergo
890 1100 961 1154 ab
991 1098 1103 1152 ista
1126 1094 1317 1150 carnis
1340 1092 1671 1164 prudentie,
1705 1095 1760 1143 et
1790 1104 2013 1159 quiera-

315 1217 447 1258 mus
469 1194 958 1267 quemadmodum
983 1189 1204 1242 dictum
1230 1186 1327 1250 sit,
1359 1188 1476 1240 Non
1499 1186 1671 1252 potest
1704 1181 1873 1233 Filius
1904 1195 1937 1233 a
1958 1194 2015 1233 se

313 1294 491 1362 facere
520 1284 843 1356 quidquam,
876 1278 991 1333 nisi
1030 1276 1168 1349 quod
1202 1274 1399 1329 viderit
1429 1274 1674 1362 Patrem
1695 1271 2014 1362 facientem.

312 1359 673 1448 Quaeramus,
706 1374 752 1428 si
783 1370 945 1443 digni
979 1383 1181 1424 sumus
1212 1366 1308 1436 qui
1346 1360 1879 1434 apprehendamus.
1915 1359 2017 1413 Fa-

311 1478 435 1529 teor
466 1469 646 1531 enim,
684 1478 897 1534 magna
931 1476 1019 1515 res
1043 1460 1156 1525 est,
1179 1455 1363 1510 ardua
1395 1453 1653 1521 omnino,
1686 1450 1882 1507 videre
1914 1451 2016 1504 Pa-

313 1569 461 1620 trem
497 1558 800 1615 facientem
838 1568 934 1622 per
952 1550 1183 1612 Filium,
1209 1562 1323 1601 non
1347 1544 1573 1615 singula
1604 1558 1777 1613 opera
1811 1541 2021 1595 facien-

313 1659 432 1710 tem
455 1653 677 1707 Patrem
704 1650 760 1700 et
783 1644 990 1700 Filium
1017 1641 1031 1675 ¹
1056 1640 1153 1695 sed
1178 1635 1480 1709 quodlibet
1502 1650 1650 1706 opus
1669 1632 1895 1688 Patrem
1922 1647 2021 1701 per

312 1742 549 1807 Filium,
584 1742 650 1794 ut
694 1733 856 1791 nulla
899 1747 1067 1801 Opera
1102 1728 1243 1783 fiant
1290 1725 1375 1780 vel
1422 1742 1453 1779 a
1483 1726 1651 1779 Patre
1691 1722 1819 1778 sine
1858 1720 2020 1799 Filio,

319 1834 409 1892 vel
445 1848 477 1885 a
510 1828 653 1885 Filio
703 1825 829 1880 sine
883 1823 1075 1877 Patre:
1126 1818 1261 1889 quia
1307 1816 1493 1871 omnia
1540 1829 1637 1884 per
1668 1815 1843 1883 ipsum
1876 1814 2025 1881 facta

309 1927 460 1990 sunt,
483 1916 1020 1988 etsineipsofactum
1038 1908 1295 1965 estnihil.
1320 1906 1543 1974 Quibus
1564 1905 1620 1959 in
1642 1905 2018 1959 fundamento

312 2012 449 2069 ﬁdei
472 2006 787 2066 ﬁrmissine
809 2000 1167 2067 constitutis,
1187 1999 1310 2068 jam
1335 1994 1505 2067 quale
1526 1999 1611 2049 est
1643 1994 1851 2056 videre,
1885 1992 2023 2062 quia

312 2120 424 2161 non
444 2105 615 2173 potest
644 2097 821 2156 Filius
839 2111 870 2149 a
891 2108 948 2147 se
966 2094 1148 2160 facere
1185 2088 1503 2160 quidquam,
1528 2084 1641 2139 nisi
1660 2083 1800 2155 quod
1824 2082 2020 2173 viderit

310 2172 534 2250 Patrem
567 2181 1143 2263 facientemmuteris,
1169 2184 1232 2232 ut
1253 2179 1475 2242 opinor,
1512 2191 1679 2230 nosse
1713 2174 1920 2228 Filium
1948 2172 2022 2225 fa-

313 2262 604 2348 cientem;
639 2291 833 2351 quaere
867 2276 1029 2346 prius
1072 2286 1243 2326 nosse
1277 2268 1477 2323 Filium
1510 2267 1825 2321 videntem.
1859 2262 2022 2317 Certe

309 2374 467 2432 enim
489 2370 630 2443 quid
664 2366 790 2423 ait?
821 2366 934 2421 Non
961 2365 1138 2433 potest
1158 2360 1330 2414 Filius
1355 2375 1385 2413 a
1417 2372 1473 2412 se
1495 2358 1676 2425 facere
1697 2354 2019 2427 quidquam,

310 2465 423 2520 nisi
445 2462 582 2534 quod
604 2457 808 2515 viderit
832 2461 1049 2511 Patrem
1070 2450 1387 2521 facientem.
1416 2449 1654 2503 Intende
1676 2446 1829 2534 quod
1855 2443 2019 2534 dixit,

313 2554 428 2609 nisi
451 2532 607 2622 quod
638 2546 836 2603 viderit
865 2546 1085 2599 Patrem
1113 2537 1413 2609 facientem
1440 2532 1743 2589 .Prsecedit
1777 2532 1939 2598 visio,
1964 2533 2019 2585 et

318 2641 583 2712 sequitur
615 2635 877 2691 affectio:
914 2630 1065 2683 videt
1087 2628 1243 2681 enim
1268 2634 1332 2680 ut
1357 2625 1547 2679 faciat.
1580 2622 1663 2676 Tu
1697 2622 1837 2693 quid
1861 2635 2018 2712 quaa-

312 2710 545 2799 ris'jam
580 2739 754 2780 nosse
800 2718 1091 2792 quomodo
1143 2716 1334 2783 faciat,
1384 2716 1523 2768 dum
1578 2712 1836 2765 nondum
1870 2710 2020 2763 scias

315 2817 606 2892 quomodo
644 2810 882 2868 videat?
912 2807 1057 2873 Quid
1110 2806 1295 2860 curris
1326 2804 1397 2858 ad
1450 2802 1505 2856 id
1539 2801 1693 2873 quod
1719 2799 2020 2892 posterius

314 2888 422 2977 est,
458 2906 658 2963 relicto
690 2900 843 2972 quod
880 2898 1041 2970 prius
1082 2896 1216 2951 est?
1245 2893 1547 2947 Videntem
1584 2905 1645 2945 se
1676 2890 1821 2943 dixit
1851 2893 1907 2942 et
1939 2888 2021 2941 fa-

314 3003 561 3059 cientem
589 3017 603 3066 ;
638 3011 774 3060 non,
810 2990 1119 3046 facientem
1152 2992 1207 3041 et
1239 2985 1525 3039 videntem
1553 2998 1565 3038 :
1615 2982 1750 3053 quia
1780 2996 1890 3034 non
1920 2995 2019 3051 po-

312 3095 419 3148 test
447 3108 481 3145 u
503 3105 557 3145 se
585 3092 766 3157 facere
797 3080 1116 3154 quidquam,
1148 3076 1265 3131 nisi
1294 3074 1430 3146 quod
1462 3073 1663 3127 viderit
1694 3076 1915 3125 Patrem
1939 3074 2024 3141 fa-

311 3182 565 3238 cientem.
586 3175 684 3230 Vis
706 3179 768 3229 ut
789 3170 1071 3242 explicem
1093 3167 1192 3222 tibi
1208 3165 1500 3239 quomodo
1526 3162 1697 3218 faciat
1716 3163 1744 3217 ?
1767 3162 1851 3217 Tu
1880 3160 2019 3215 mihi

314 3269 531 3342 explica
564 3266 850 3337 quomodo
883 3259 1098 3314 videat.
1131 3256 1187 3310 Si
1225 3256 1328 3311 hoc
1361 3263 1417 3307 tu
1443 3251 1737 3342 explicare
1771 3266 1882 3342 non
1916 3266 2019 3319 po-

315 3339 425 3429 tes,
474 3372 578 3412 nec
627 3369 730 3425 ego
762 3348 946 3405 illud:
984 3347 1030 3402 si
1065 3348 1170 3401 hoc
1205 3352 1261 3399 tu
1301 3341 1595 3414 percipere
1646 3339 1905 3394 nondum
1956 3353 2018 3393 es

317 3449 578 3512 idoneus,
605 3458 709 3499 nec
730 3455 834 3511 ego
857 3436 1025 3492 illud.
1050 3434 1301 3503 Uterque
1332 3447 1462 3498 ergo
1484 3433 1746 3485 nostrum
1773 3431 2016 3499 quaerat,

317 3542 557 3603 uterque
591 3530 801 3602 pulset,
835 3533 900 3583 ut
932 3532 1178 3596 uterque
1230 3521 1490 3592 accipere
1521 3524 1831 3573 mereatur.
1867 3517 2016 3581 Quid

312 3624 476 3697 quasi
508 3624 717 3678 doctus
745 3614 1120 3674 calumniaris
1145 3614 1371 3668 iudocto
1393 3609 1420 3664 ‘l
1437 3610 1555 3681 Ego
1578 3611 1645 3663 ad
1669 3606 2016 3673 faciendum,

312 3721 371 3770 tu
399 3714 467 3769 ad
500 3710 843 3771 videndum,
865 3704 1033 3760 ambo
1059 3701 1275 3758 indocti
1302 3717 1335 3755 a
1359 3702 1636 3770 magistro
1660 3712 2016 3769 quaeramus,

313 3820 428 3859 non
460 3801 514 3854 in
544 3796 744 3854 schola
765 3798 891 3865 ejus
916 3792 1206 3863 pueriliter
1246 3790 1565 3860 ligitemus.
1589 3788 1810 3842 Tamen
1843 3784 2017 3840 simul

306 3895 429 3963 jam
460 3886 772 3943 didicimus
801 3883 938 3954 quia
968 3884 1153 3938 omnia
1181 3895 1279 3951 per
1320 3882 1496 3949 ipsum
1521 3880 1671 3946 facta
1690 3886 1837 3932 sunt.
1872 3876 2016 3947 Ergo

310 3979 687 4038 manifestum
718 3978 810 4029 est
842 3970 977 4041 quia
1011 3987 1123 4024 non
1157 3968 1270 4023 alia
1298 3984 1474 4039 opera
1508 3969 1638 4021 facit
1670 3966 1855 4034 Pater,
1888 3981 2015 4036 quae

308 4071 501 4127 videat
530 4063 733 4131 Filius,
768 4066 831 4116 ut
861 4061 982 4129 ipse
1007 4058 1177 4114 faciat
1200 4056 1417 4113 similia
1442 4074 1455 4112 :
1484 4056 1583 4110 sed
1610 4057 1808 4110 eadem
1842 4071 2017 4125 opera

308 4158 444 4216 facit
475 4157 643 4213 Pater
662 4168 763 4225 per
794 4149 1029 4217 Filium,
1058 4148 1192 4219 quia
1222 4147 1421 4201 omnia
1453 4160 1553 4216 per
1585 4144 1830 4200 Verbum
1866 4143 2016 4199 facta

311 4257 466 4307 sunt.
499 4247 631 4303 Jam
665 4240 960 4317 quomodo
984 4238 1155 4293 faciat
1178 4242 1328 4292 Deus
1352 4236 1484 4307 quis
1508 4234 1664 4289 novit
1683 4233 1710 4288 ‘I
1740 4232 1861 4287 Non
1886 4232 2014 4287 dico

309 4337 602 4413 quomodo
634 4331 829 4391 fecerit
857 4328 1163 4395 mundum,
1190 4326 1290 4381 sed
1333 4323 1623 4397 quomodo
1659 4322 2017 4413 feceritqocu-

309 4409 431 4486 lum
462 4438 647 4497 tuutn,
680 4425 774 4482 cui
799 4420 1115 4478 carnaliter
1136 4417 1446 4479 inhaerens,
1471 4412 1724 4469 visibilis
1753 4409 2017 4467 invisibi-

312 4520 467 4575 libus
497 4530 819 4588 comparas.
854 4511 1019 4567 Talia
1038 4510 1191 4566 enim
1216 4508 1285 4562 de
1307 4507 1421 4563 Deo
1444 4505 1683 4577 cogitas,
1706 4502 1900 4577 qualia
1923 4500 2015 4557 his

310 4608 498 4665 oculis
511 4608 702 4661 videre
715 4601 1032 4660 consuesti.
1058 4600 1115 4655 Si
1138 4603 1330 4654 autem
1355 4597 1484 4652 istis
1498 4596 1679 4651 oculis
1694 4594 1869 4649 videri
1892 4609 2018 4665 pos-

309 4700 399 4751 set
420 4694 590 4760 Deus,
617 4709 729 4748 non
746 4692 980 4753 diceret,
998 4689 1162 4743 Beati
1173 4687 1374 4743 mundo
1386 4685 1566 4750 corde,
1584 4687 1711 4756 quia
1724 4685 1827 4754 ipsi
1846 4682 2017 4736 Deum

309 4784 569 4842 videbunt
600 4778 817 4851 (Matth.
849 4793 905 4845 v,
929 4777 1160 4847 8).Ergo
1192 4776 1373 4830 babes
1404 4773 1634 4830 oculum
1661 4772 1913 4842 corporis
1944 4771 2014 4825 ad

308 4872 623 4932 videndum
641 4864 999 4932 fabrum,sed
1018 4864 1273 4919 nondum
1295 4864 1475 4918 habes
1487 4862 1718 4917 oculum
1738 4862 1929 4916 cordis
1945 4859 2014 4913 ad

306 4964 620 5021 videndum
644 4963 857 5014 Deum:
879 4955 1005 5009 ideo
1025 4952 1173 5021 quod
1193 4952 1345 5008 soles
1360 4952 1551 5007 videre
1567 4952 1625 5006 in
1643 4951 1826 5019 fabro,
1844 4955 2018 5005 trans-

308 5059 457 5113 ferre
486 5054 572 5111 vis
596 5052 671 5110 ad
702 5052 906 5107 Deum.
933 5046 1084 5101 Pone
1116 5046 1173 5099 in
1200 5053 1346 5100 terra
1368 5050 1617 5113 terrena,
1644 5060 1872 5100 sursum
1896 5060 2013 5099 cor.

376 5147 434 5202 7.
471 5145 619 5212 Quid
650 5158 810 5212 ergo,
856 5134 1240 5195 charissimi‘t
1289 5135 1627 5204 erplicaturi
1679 5150 1884 5189 sumus
1917 5150 2019 5189 nos

311 5235 462 5306 quod
497 5231 1015 5304 interrogavimus,
1043 5228 1337 5297 quomodo
1367 5225 1558 5283 videat
1589 5225 2021 5295 Verbum,quo-

314 5322 487 5377 modo
518 5322 687 5376 Pater
718 5322 983 5377 videatur
1006 5338 1040 5378 a
1070 5319 1279 5387 Verbo,
1314 5319 1454 5389 quid
1489 5317 1563 5373 sit
1583 5315 1774 5372 videre
1806 5312 2020 5369 Verbi?

312 5410 436 5466 Non
472 5426 603 5465 sum
637 5420 751 5465 tam
774 5410 986 5475 audax,
1005 5416 1127 5467 tam
1150 5410 1516 5477 temerarius,
1543 5413 1606 5463 ut
1630 5407 1736 5463 hoc
1767 5405 2018 5478 explica-

315 5516 375 5556 re
409 5498 683 5572 pollicear
712 5503 769 5552 et
800 5514 890 5553 me
918 5506 977 5554 et
1005 5516 1144 5559 vos:
1180 5508 1497 5573 utcumque
1528 5499 1792 5571 suspicor
1828 5496 2022 5551 modu-

384 5603 401 5643 ι
426 5597 671 5664 Plerique
690 5594 835 5645 Μη..
850 5609 951 5645 non
972 5598 1174 5663 singula
1194 5615 1347 5667 opera
1361 5601 1586 5665 faciente
1606 5601 1757 5652 Patre
1784 5602 1832 5649 et
1861 5597 2021 5657 Filio.

1246 234 1326 297 IN
1370 228 1691 317 JOANNIS
1740 227 2276 304 EVANGELIUM,
2325 230 2389 293 S.
2435 230 2867 296 AUGUSTINI

3665 241 3825 304 1540

2117 364 2238 421 lum
2274 371 2554 435 vestrum,
2599 368 2729 424 novi
2751 373 2940 424 tamen
2971 385 3187 427 meum.
3215 371 3273 427 Si
3302 387 3437 443 ergo
3473 372 3679 443 placet,
3705 393 3817 430 nnn

2117 456 2339 511 diutius
2364 458 2439 511 im
2452 474 2761 525 moremur,
2782 476 3187 529 percurramus
3208 464 3535 525 lectionem.
3552 471 3609 519 et
3625 467 3819 519 videa-

2122 563 2251 602 mus
2282 548 2471 603 verbis
2496 547 2719 603 Domini
2745 552 3155 606 turbaricorda
3179 553 3431 607 cam-ilia
3454 573 3469 621 ;
3496 556 3562 607 ad
3591 562 3824 609 noctur-

2120 638 2265 703 bari,
2303 654 2371 708 n_e
2403 638 2459 691 in
2493 655 2558 693 eo
2590 641 2741 710 quod
2780 648 2982 695 tenent
3015 652 3372 697 remaneant.
3404 644 3823 715 Extorqueatur

2122 732 2401 799 tanquam
2440 729 2633 798 pueris
2667 730 2955 785 ludicrum
3008 749 3203 787 nescno
3235 734 3396 803 quid.
3426 750 3542 805 quo
3574 751 3635 789 se
3669 736 3824 790 malo

2121 822 2381 884 avocant,
2418 823 2477 872 ut
2511 818 2737 889 possint
2789 820 2963 874 inseri
3018 821 3250 876 utiliora
3297 825 3727 893 grandioribus,
3759 831 3829 880 ut

2124 908 2347 980 possint
2376 906 2651 978 proficere
2675 911 2771 980 qui
2798 912 3070 980 rspebant
3093 912 3149 965 in
3173 917 3347 967 terra.
3373 913 3577 982 Surge,
3607 933 3823 986 quaere,

2122 999 2369 1069 suspira,
2403 999 2613 1053 anhela
2643 1000 2951 1067 desiderio,
2983 1009 3038 1056 et
3067 1003 3138 1057 ad
3173 1004 3373 1057 clausa
3407 1006 3594 1075 pulsa.
3628 1006 3687 1059 Si
3720 1023 3823 1060 au-

2124 1094 2237 1143 tem
2272 1089 2529 1143 nondum
2565 1090 2986 1161 desideramus,
3028 1092 3285 1147 nondum
3326 1092 3643 1162 inhiamus,
3677 1113 3825 1151 non-

2123 1178 2264 1232 dum
2279 1177 2666 1248 suspiramus,
2684 1179 3315 1251 margaritasquibuscu
3328 1198 3499 1253 mque
3515 1186 3824 1254 projecturi

2125 1283 2350 1334 sumus,
2385 1272 2483 1323 aut
2518 1270 2854 1340 margaritas
2877 1268 3339 1342 qualescumque
3361 1289 3465 1328 nos
3495 1274 3606 1345 ipsi
3638 1277 3832 1331 inven-

2124 1357 2240 1412 turi
2286 1374 2505 1412 sumus.
2535 1357 2806 1413 Moverim
2832 1375 2989 1431 ergo,
3014 1359 3369 1427 charisstmi,
3393 1361 3743 1419 desiderium
3770 1364 3831 1420 in

2126 1448 2299 1503 corde
2329 1453 2537 1502 vestro.
2564 1447 2750 1503 Mores
2780 1451 3105 1521 perducunt
3128 1451 3196 1503 ad
3224 1450 3664 1521 intelligentiam
3693 1472 3708 1510 :
3746 1471 3835 1527 ge-

2128 1554 2241 1593 nus
2273 1536 2397 1591 vitas
2423 1539 2689 1609 perducit
2737 1538 2806 1592 ad
2858 1555 3041 1608 genus
3094 1540 3237 1595 vitae.
3272 1540 3399 1596 Alia
3433 1545 3551 1597 vita
3584 1550 3835 1614 terrena,

2130 1631 2243 1688 alia
2276 1631 2389 1685 vita
2419 1630 2710 1697 cmlestis;
2745 1630 2856 1685 alia
2877 1632 2997 1686 vita
3029 1648 3321 1703 pecorum,
3356 1632 3470 1689 alia
3500 1635 3617 1689 vita
3651 1636 3834 1692 homi-

2132 1740 2299 1790 num,
2330 1721 2443 1778 alia
2475 1722 2589 1777 vita
2609 1721 2984 1794 Angelorum.
3016 1723 3146 1778 Vita
3172 1739 3447 1795 pecorum
3483 1727 3723 1782 terrenis
3750 1745 3838 1784 vo.

2132 1812 2452 1883 Inptatibus
2483 1818 2709 1877 aestuat,
2732 1811 2856 1868 sola
2878 1817 3107 1867 terrena
3127 1813 3437 1884 conquirit,
3471 1814 3529 1869 in
3563 1831 3631 1872 ea
3654 1833 3839 1887 prona

2129 1909 2301 1974 atque
2330 1904 2583 1973 projects
2604 1905 2728 1958 est:
2756 1903 2871 1958 vita
2888 1903 3235 1975 Angelorum
3261 1905 3377 1960 sola
3402 1906 3654 1962 ccelestis
3678 1924 3691 1962 :
3718 1908 3839 1963 vita

2130 1992 2435 2048 hominum
2470 1993 2655 2047 media
2685 1998 2771 2048 est
2802 1993 2948 2048 inter
2978 1993 3330 2065 Angelorum
3362 2003 3413 2051 et
3446 2013 3740 2068 pecorum.
3777 1997 3838 2053 Si

2130 2082 2267 2137 vivit
2289 2082 2460 2137 homo
2482 2083 2801 2138 secundum
2829 2100 3081 2150 carnem,
3109 2084 3408 2154 pecoribus
3435 2091 3836 2156 comparatur:

2132 2172 2179 2228 si
2205 2171 2338 2226 vivit
2362 2173 2686 2227 secundum
2711 2172 3005 2243 spiritum,
3031 2173 3267 2245 Angelis
3291 2178 3563 2233 sociatur.
3586 2177 3832 2241 Quando

2131 2263 2454 2319 secundum
2490 2262 2761 2333 spiritum
2794 2261 2958 2329 vivis,
2991 2279 3179 2333 quaere
3212 2263 3380 2318 etiatn
3412 2263 3468 2319 in
3502 2266 3622 2336 ipsa
3651 2282 3830 2338 ange-

2130 2351 2241 2407 lica
2272 2352 2387 2407 vita
2420 2360 2614 2407 utrum
2648 2369 2854 2423 parvus
2876 2369 2947 2407 an
2971 2352 3209 2422 grandis
3234 2353 3337 2409 sis.
3362 2352 3419 2408 Si
3451 2355 3602 2409 enim
3636 2355 3837 2413 adhuc

2130 2458 2342 2514 parvus
2372 2458 2453 2510 es,
2507 2442 2707 2497 dicunt
2755 2442 2859 2497 tibi
2908 2441 3149 2511 Angeli:
3187 2446 3428 2512 Cresce;
3478 2460 3580 2500 nos
3622 2461 3834 2517 panem

2127 2535 2572 2599 manducamus,
2608 2537 2665 2588 tu
2695 2532 2841 2589 lacte
2892 2533 3137 2601 nutrire,
3170 2533 3320 2589 lacte
3352 2534 3507 2600 fidei,
3544 2542 3608 2590 ut
3640 2553 3838 2607 perve-

2132 2621 2256 2676 nias
2281 2622 2350 2676 ad
2374 2622 2568 2676 cibum
2590 2623 2825 2693 speciei.
2851 2622 2910 2678 Si
2934 2627 3125 2677 autem
3152 2622 3341 2677 adhuc
3375 2623 3634 2679 inhiatur
3653 2626 3842 2680 sordi-

2130 2711 2220 2766 dis
2248 2709 2665 2782 voluptatibus,
2690 2713 2740 2768 si
2763 2711 2953 2767 adhuc
2976 2712 3207 2767 fraudes
3229 2712 3579 2785 cogitantur,
3603 2714 3648 2770 si
3681 2731 3840 2770 men-

2130 2802 2297 2857 dacia
2320 2818 2433 2857 non
2456 2802 2731 2872 vitantur,
2749 2803 2793 2857 si
2815 2803 3110 2858 mendacia
3125 2804 3395 2874 perjuriis
3419 2805 3835 2873 cumulantur;

2130 2893 2247 2944 tam
2283 2891 2659 2946 immundum
2694 2908 2792 2947 cor
2815 2891 2990 2948 audet
3012 2892 3221 2959 dicere,
3256 2890 3489 2962 Explica
3522 2894 3663 2948 mihi
3694 2909 3843 2964 quo-

2131 2982 2300 3036 modo
2350 2981 2503 3035 videt
2535 2981 2819 3049 Verbum;
2872 2983 3044 3037 etiam
3078 2982 3124 3036 si
3157 2982 3402 3053 possim,
3452 2982 3623 3038 etiam
3658 2982 3705 3037 si
3729 2999 3840 3053 ego

2125 3071 2243 3142 jam
2280 3072 2504 3127 videam
2534 3070 2561 3125 ‘l
2583 3071 2759 3127 Porro
2782 3075 2974 3125 autem
2999 3072 3048 3126 si
3073 3071 3216 3127 forte
3237 3087 3342 3143 ego
3367 3088 3481 3127 non
3504 3088 3635 3127 sum
3660 3071 3717 3126 in
3743 3072 3843 3127 his

2132 3160 2414 3225 moribus,
2440 3166 2497 3215 et
2521 3166 2715 3216 tamen
2735 3161 2803 3215 ab
2818 3160 2933 3217 ista
2947 3161 3346 3230 visionelonge
3360 3178 3487 3216 sum
3506 3179 3521 3230 ;
3545 3167 3840 3233 quantum

2130 3250 2227 3305 ille
2259 3252 2357 3322 qui
2392 3251 2651 3305 nondum
2675 3250 2784 3307 isto
2806 3267 3059 3321 superno
3082 3250 3371 3307 desiderio
3394 3251 3639 3323 rapitur,
3661 3255 3842 3307 terre-

2131 3340 2222 3396 nis
2262 3339 2567 3395 desideriis
2614 3341 3057 3413 praegravalus?
3100 3341 3343 3396 Multum
3394 3341 3638 3398 interest
3684 3342 3844 3398 inter

2129 3441 2487 3486 aversantem
2505 3432 3000 3487 etdesiderantem
3026 3448 3041 3487 :
3061 3436 3119 3486 et
3140 3431 3348 3486 iterum
3373 3431 3628 3486 multum
3652 3431 3841 3487 inter-

2128 3532 2213 3579 est
2238 3522 2386 3578 inter
2414 3522 2840 3578 desiderantem
2875 3532 2929 3578 et
2962 3524 3269 3578 fruentem.
3305 3521 3462 3577 Vivis
3494 3527 3559 3577 ut
3599 3538 3837 3595 pecora,

2129 3613 2411 3668 aversaris
2436 3628 2451 3669 :
2482 3613 2686 3685 Angeli
2710 3613 3107 3685 perfruuntur.
3131 3613 3215 3668 Tu
3238 3618 3433 3668 autem
3458 3612 3507 3668 si
3542 3628 3655 3668 non
3686 3613 3843 3671 vivis

2130 3708 2195 3758 ut
2226 3719 2451 3774 pecora,
2474 3704 2599 3776 jam
2634 3719 2745 3758 non
2795 3703 3079 3761 aversaris
3106 3718 3121 3760 :
3172 3703 3467 3759 desideras
3498 3702 3742 3773 aliquid,
3775 3709 3847 3759 et

2128 3810 2243 3849 non
2267 3796 2459 3866 capis;
2485 3794 2769 3851 inchoasti
2792 3794 2919 3866 ipso
2945 3794 3234 3851 desiderio
3253 3794 3424 3849 vitam
3446 3793 3841 3865 Angelorum.

2127 3885 2353 3941 Crescat
2389 3886 2446 3941 in
2479 3889 2556 3957 te,
2579 3891 2636 3943 et
2657 3886 2993 3958 perficiatur
3016 3886 3072 3941 in
3099 3890 3154 3942 te
3180 3904 3197 3957 ;
3223 3894 3274 3942 et
3297 3885 3495 3957 capias
3524 3884 3634 3941 hoc
3665 3901 3781 3941 non
3810 3902 3848 3941 a

2127 3991 2239 4041 me,
2272 3976 2371 4031 sed
2405 3977 2476 4032 ab
2509 3976 2608 4032 illo
2640 3977 2739 4049 qui
2770 3985 2824 4032 et
2856 3992 2947 4032 me
2978 3976 3109 4032 fecit
3138 3982 3193 4033 et
3223 3981 3301 4033 te.

2195 4067 2249 4122 8.
2282 4066 2501 4123 Tamen
2538 4083 2651 4123 non
2700 4073 3016 4139 utcumque
3046 4084 3152 4124 nos
3195 4067 3413 4123 dimisit
3442 4072 3499 4123 et
3522 4066 3844 4137 Dominus,

2126 4157 2226 4230 qui
2258 4156 2441 4213 voluit
2470 4157 2711 4228 intelligi
2746 4158 2884 4229 quia
2912 4158 2971 4214 in
3003 4174 3070 4213 eo
3102 4158 3257 4229 quod
3305 4157 3470 4225 dixit,
3502 4157 3622 4213 Non
3661 4166 3847 4227 potest

2126 4247 2296 4302 Filius
2328 4264 2360 4301 a
2388 4264 2443 4302 se
2477 4246 2664 4319 facere
2703 4247 3026 4318 quidquam,
3056 4248 3170 4302 nisi
3209 4245 3347 4317 quod
3378 4244 3573 4302 viderit
3604 4247 3845 4303 Patrem

2122 4337 2439 4403 facientem,
2506 4353 2621 4391 non
2670 4338 2786 4392 alia
2834 4353 3008 4406 opera
3056 4336 3226 4393 Pater
3277 4334 3413 4391 facit
3460 4352 3590 4407 qua
3637 4336 3847 4392 videat

2125 4426 2324 4495 Filius,
2358 4432 2414 4481 et
2446 4426 2558 4482 alia
2592 4426 2774 4482 Filius
2804 4442 2942 4482 cum
2972 4426 3181 4482 viderit
3212 4426 3434 4481 Patrem
3478 4425 3789 4481 facientem
3827 4445 3842 4495 ;

2125 4516 2226 4572 sed
2283 4516 2483 4572 eadem
2523 4533 2697 4584 Opera
2743 4518 2868 4588 ipse
2915 4522 2971 4573 et
3019 4516 3189 4572 Pater
3240 4521 3297 4572 et
3339 4515 3539 4571 Filius.
3582 4515 3847 4573 Secutus

2132 4606 2287 4662 enim
2336 4605 2454 4662 ait:
2518 4608 2878 4679 Quaecumque
2924 4605 3078 4662 enim
3126 4607 3223 4661 ille
3258 4607 3468 4676 fecerit,
3510 4605 3627 4661 haec
3655 4608 3707 4660 et
3735 4606 3848 4661 Fi-

2131 4694 2242 4751 lius
2262 4697 2525 4752 similiter
2547 4700 2710 4768 facit.
2744 4696 2869 4751 Non
2920 4713 3053 4751 cum
3107 4696 3204 4751 ille
3253 4695 3467 4763 fecerit,
3502 4695 3615 4750 alia
3648 4694 3846 4751 Filius

2127 4786 2401 4842 similiter
2431 4786 2605 4855 facit;
2643 4787 2741 4842 sed
2778 4802 3124 4859 quaecumque
3154 4787 3249 4841 ille
3267 4787 3482 4855 fecerit,
3516 4784 3630 4839 haec
3656 4793 3713 4838 et
3741 4786 3848 4840 Fi-

2127 4877 2237 4931 lius
2265 4877 2530 4932 similiter
2547 4880 2705 4947 facit.
2730 4876 2783 4930 Si
2816 4876 2937 4932 haec
2968 4877 3097 4931 facit
3130 4875 3311 4932 Filius
3340 4892 3467 4946 qua)
3500 4874 3703 4930 fecerit
3722 4878 3843 4929 Pa-

2127 4975 2235 5035 ter,
2265 4986 2364 5040 per
2399 4968 2603 5023 Filium
2640 4969 2775 5023 facit
2827 4968 3031 5023 Pater:
3061 4966 3112 5023 si
3160 4983 3261 5037 per
3298 4966 3501 5021 Filium
3536 4966 3671 5021 facit
3703 4982 3844 5037 qua

2125 5059 2265 5114 facit
2294 5059 2480 5126 Pater,
2516 5074 2627 5113 non
2658 5056 2766 5111 alia
2796 5059 2983 5125 Pater,
3026 5057 3141 5113 alia
3179 5057 3361 5113 Filius
3391 5056 3559 5123 facit;
3595 5055 3691 5110 sed
3727 5071 3843 5111 ea-

2127 5151 2257 5204 dem
2291 5166 2465 5219 opera
2516 5154 2652 5204 sunt
2698 5148 2885 5204 Patris
2925 5153 2982 5204 et
3030 5148 3177 5204 Filii.
3214 5149 3281 5204 Et
3311 5148 3600 5219 quomodo
3630 5149 3845 5201 eadem

2126 5238 2261 5306 facit
2290 5246 2344 5295 et
2372 5238 2549 5294 Filius
2570 5239 2597 5293 ‘l
2628 5238 2697 5293 Et
2726 5238 2927 5293 eadem
2959 5242 3017 5293 et
3035 5237 3313 5293 similiter.
3342 5237 3422 5293 Ne
3455 5237 3597 5291 forte
3626 5236 3840 5290 eadem

2128 5330 2224 5385 sed
2261 5329 2665 5385 dissimiliter:
2700 5328 2917 5397 Eadem,
2959 5328 3170 5400 inquit,
3201 5332 3251 5384 et
3281 5328 3556 5382 similiter.
3586 5326 3653 5380 Et
3682 5340 3850 5395 quo-

2129 5420 2298 5476 modo
2323 5429 2510 5490 posset
2526 5420 2726 5475 eadem
2747 5436 2858 5475 non
2878 5419 3186 5474 similiter?
3204 5420 3458 5489 Accipite
3478 5414 3847 5485 exemplum,

2131 5510 2285 5582 quod
2318 5516 2459 5581 puto
2491 5511 2563 5565 ad
2596 5526 2695 5566 vos
2728 5527 2841 5564 non
2866 5510 2941 5566 sit
2963 5510 3180 5579 lgrande
3202 5525 3215 5563 :
3240 5524 3373 5563 cum
3408 5506 3723 5562 scribimus
3747 5503 3854 5560 lit-

2134 5602 2319 5668 teras,
2353 5599 2490 5654 lacit
2536 5614 2635 5654 eas
2683 5596 2872 5671 primo
2904 5612 3002 5654 cor
3042 5601 3329 5663 nostrum,
3361 5599 3417 5651 et
3444 5590 3655 5650 deinde
3682 5606 3858 5652 man.
