4146 6186
281 240 435 304 1541

273 379 494 429 nostra.
521 376 688 430 Certe
733 374 886 430 unde
929 388 1130 430 omnes
1163 373 1554 441 acclamastis,
1584 374 1692 430 nisi
1726 375 1864 446 quia
1895 392 1997 430 co-

275 465 1124 537 gnovislis?(lertumestqu0d
1148 465 1288 536 dixi,
1311 472 1367 521 et
1393 467 1766 521 manifestum
1801 466 1990 522 omnio

276 554 387 608 bus
421 554 606 609 nobis.
644 554 866 610 Litterae
892 555 1035 610 ﬁunt
1069 554 1254 624 primo
1279 573 1311 610 a
1341 557 1511 611 corde
1542 560 1765 620 nostro,
1791 557 1997 612 deinde

271 661 304 698 a
337 661 580 715 corpore
607 652 840 711 nostro;
868 661 1075 699 manus
1105 645 1280 700 servit
1310 647 1616 716 imperanti
1650 647 1832 713 cordi,
1863 663 1995 702 eas-

274 734 407 789 dem
446 733 670 790 litteras
696 736 900 790 facitet
929 739 1096 790 coret
1120 752 1327 790 manus
1365 751 1379 792 :
1411 736 1697 806 numquid
1717 736 1860 792 alias
1877 753 1996 821 cor,

273 824 422 880 alias
437 840 651 880 manus
676 825 960 880 ?Easdem
978 826 1218 896 quidem
1248 826 1384 880 facit
1407 842 1632 891 manus,
1653 827 1750 881 sed
1779 843 1890 881 non
1927 828 2000 881 si-

275 913 490 970 militer
522 930 536 969 :
573 930 672 970 cor
717 917 876 972 enim
935 921 1200 971 nostrum
1237 916 1373 972 facit
1403 931 1498 971 eas
1531 915 1994 986 intelligibiliter,

277 1021 492 1060 manus
523 1011 718 1060 autem
752 1005 1074 1061 visibiliter.
1111 1007 1254 1061 Ecce
1285 1007 1571 1076 quomodo
1602 1006 1753 1062 fiunt
1797 1008 1998 1062 eadem

275 1094 663 1150 dissimiliter.
702 1095 860 1151 Unde
909 1111 1109 1167 parum
1155 1096 1263 1150 fuit
1304 1095 1550 1151 Domino
1582 1097 1793 1163 dicere,
1827 1098 1994 1164 Qum-

274 1200 509 1256 cumque
540 1185 706 1239 Pater
732 1185 942 1255 fecerit,
968 1185 1085 1241 hac
1113 1192 1168 1239 ct
1198 1185 1372 1241 Filius
1399 1188 1566 1256 facit,
1599 1185 1706 1240 nisi
1741 1186 1996 1256 adderet,

274 1284 328 1330 et
359 1276 646 1331 similiter.
679 1276 826 1340 Quid
861 1274 909 1330 si
944 1276 1100 1330 enim
1134 1275 1242 1331 hoc
1276 1277 1442 1332 modo
1475 1275 1829 1346 intelligeres
1861 1293 1999 1347 quo-

280 1365 452 1419 modo
487 1381 869 1435 quaecumque
899 1381 999 1420 cor
1051 1365 1202 1434 facit,
1240 1365 1357 1421 hinc
1388 1374 1440 1420 et
1473 1381 1682 1420 manus
1706 1365 1860 1432 facit,
1894 1367 1995 1421 sed

276 1471 389 1510 non
427 1454 697 1509 similiter
718 1455 744 1509 ?
774 1455 876 1510 Hie
901 1471 1030 1510 vero
1051 1456 1293 1523 addidit,
1321 1457 1439 1513 haec
1465 1461 1517 1512 et
1546 1455 1714 1510 Filius
1737 1455 1998 1511 similiter

273 1545 435 1614 facit.
468 1545 524 1598 Si
559 1549 615 1599 et
645 1544 766 1599 haec
817 1544 972 1613 facit,
1006 1550 1063 1600 et
1092 1546 1365 1601 similiter
1393 1545 1545 1612 facit,
1579 1545 1993 1616 expergiscere,

274 1637 599 1707 stringatur
652 1636 912 1702 Judaeus,
945 1635 1142 1692 credat
1190 1636 1579 1704 Christianus,
1620 1636 1996 1692 convincatur

275 1728 628 1793 haereticus;
665 1725 904 1796 aequalis
935 1731 1024 1782 est
1053 1727 1209 1783 Patri
1244 1727 1440 1782 Filius.

347 1821 400 1874 9.
438 1821 609 1874 Pater
633 1819 786 1874 enim
817 1821 1004 1890 diligit
1034 1820 1258 1888 Filium,
1290 1829 1340 1875 et
1369 1821 1558 1875 omnia
1588 1820 1922 1876 demonstrat
1945 1821 1994 1875 ei

275 1926 396 1980 quae
457 1912 573 1980 ipse
629 1912 766 1979 facit
813 1910 993 1980 (Joan.
1026 1926 1083 1973 ν,
1113 1910 1226 1980 20).
1266 1911 1404 1966 Ecce
1451 1918 1536 1966 est
1587 1910 1751 1979 illud,
1784 1911 1998 1967 demon-

273 2005 436 2055 strat.
473 2003 820 2055 Demonstrat
848 1999 1010 2069 quasi
1036 2000 1125 2054 cui
1147 2000 1173 2053 ‘I
1204 1999 1408 2069 Utique
1431 2001 1596 2071 quasi
1622 2001 1861 2056 videnti.
1888 2001 1995 2056 Re-

275 2093 479 2146 dimus
511 2091 581 2144 ad
613 2090 665 2144 id
700 2090 856 2161 quod
887 2089 1170 2160 explicare
1202 2107 1314 2146 non
1345 2107 1681 2162 possumus,
1707 2092 1995 2162 quomodo

276 2181 538 2236 Verbum
574 2179 780 2235 videat.
814 2181 956 2236 Ecce
1005 2181 1178 2236 homo
1226 2180 1410 2236 factus
1441 2185 1528 2237 est
1562 2199 1659 2252 per
1687 2183 1944 2238 Verbum
1978 2201 1992 2252 ;

275 2271 380 2327 sed
414 2270 589 2325 homo
647 2271 820 2325 habet
876 2269 1095 2338 oculos,
1129 2269 1301 2326 habet
1330 2287 1523 2338 aures,
1555 2271 1730 2327 habet
1763 2288 1992 2340 manus,

275 2362 510 2415 diversa
546 2361 810 2415 membra
833 2359 884 2413 in
908 2376 1148 2430 corpore
1181 2377 1193 2415 :
1229 2376 1328 2430 per
1349 2361 1547 2416 oculos
1576 2365 1758 2431 potest
1779 2363 1993 2437 videre,

280 2468 379 2522 per
414 2467 592 2505 aures
626 2454 817 2519 potest
843 2450 1064 2517 audire,
1099 2466 1200 2520 per
1233 2467 1442 2506 manus
1465 2452 1686 2522 operari
1719 2477 1733 2520 ;
1767 2451 1996 2509 diversa

276 2541 568 2606 membra,
588 2540 818 2595 diversa
835 2541 1224 2596 mebmrorurn
1260 2540 1610 2596 ofﬁcia.Non
1628 2545 1816 2613 potest
1852 2541 1993 2598 illud

273 2631 606 2685 membrum
642 2630 795 2702 quod
828 2634 1014 2700 potest
1059 2628 1300 2685 alterum
1335 2646 1349 2684 :
1382 2635 1573 2686 tamen
1607 2636 1843 2703 propter
1873 2648 1996 2687 cor-

272 2721 432 2790 poris
476 2720 787 2787 unitatem,
821 2720 1023 2776 oculus
1055 2726 1112 2776 et
1143 2720 1254 2777 sibi
1303 2725 1360 2777 et
1390 2724 1515 2778 auri
1547 2722 1717 2790 videt,
1750 2727 1805 2778 et
1835 2722 1992 2778 auris

269 2809 385 2863 sibi
418 2819 468 2864 el
503 2809 673 2864 oculo
705 2809 882 2864 audit.
908 2810 1204 2880 Numquid
1236 2810 1349 2865 tale
1370 2810 1588 2881 aliquid
1617 2813 1672 2865 in
1697 2810 1880 2866 Verbo
1901 2829 1990 2865 ar-

282 2898 626 2953 bitrandum
662 2905 916 2964 estesse,
951 2899 1226 2968 quoniam
1280 2900 1476 2954 omnia
1525 2916 1626 2970 per
1653 2900 1848 2970 ipsum
1872 2900 1898 2954 ‘2
1929 2901 1993 2967 El

289 2989 438 3042 dixit
467 2988 768 3058 Scriptura
800 2988 857 3042 in
900 2988 1150 3057 Psalmo,
1200 2989 1520 3058 Inleltigitc,
1552 2991 1648 3060 qui
1675 2988 1993 3059 insipientes

265 3081 396 3133 estis
433 3079 497 3132 in
527 3079 725 3148 papula
747 3095 767 3140 ,·
798 3084 851 3133 et
878 3078 1363 3150 stulti,aliquando
1383 3081 1575 3150 sapite.
1597 3079 1704 3149 Qui
1721 3080 1993 3150 plantavit

269 3183 468 3222 aurem
495 3182 606 3221 non
638 3166 828 3222 audiet
853 3171 987 3223 ?aut
1007 3173 1098 3239 qui
1119 3169 1281 3238 ﬁnxit
1305 3167 1528 3224 oculum
1548 3184 1655 3224 non
1680 3169 1992 3224 considerat

269 3259 443 3330 (l’sul.
506 3275 665 3325 xcni,
695 3260 749 3325 8,
794 3259 850 3330 9)
882 3257 908 3314 Ξ
939 3260 995 3314 Si
1045 3276 1178 3329 ergo
1229 3261 1395 3315 finxit
1443 3260 1676 3316 oculum
1718 3259 1988 3331 Verbum,

268 3350 412 3418 quia
443 3349 643 3403 omnia
671 3364 770 3420 per
787 3348 1037 3404 Verbum
1062 3369 1077 3417 ;
1104 3349 1147 3404 si
1175 3349 1458 3420 plantavit
1483 3365 1685 3405 aurem
1708 3349 1988 3416 Verbum,

270 3439 412 3508 quia
444 3437 648 3492 omnia
683 3454 783 3509 per
817 3439 1067 3495 Verbum
1104 3455 1120 3496 :
1155 3456 1266 3495 non
1299 3441 1992 3510 possumusdieere,Non

275 3529 444 3582 audit
479 3531 758 3593 Verbum,
794 3545 904 3584 non
950 3530 1108 3585 videt
1159 3529 1454 3597 Verbum;
1491 3548 1562 3586 ne
1592 3532 1860 3603 obiurget
1889 3549 1994 3587 nos

276 3619 578 3683 Psalmus,
610 3625 668 3673 et
720 3620 898 3685 dicat,
927 3621 1122 3687 Stulti,
1153 3619 1452 3692 aliquando
1481 3624 1678 3690 sapite.
1714 3623 1916 3692 Itaque
1947 3621 1995 3676 si

277 3711 446 3764 audit
481 3710 732 3765 Verbum
779 3722 836 3766 et
863 3712 1016 3765 videt
1045 3712 1319 3780 Verbum,
1353 3713 1516 3768 audit
1547 3713 1726 3768 Filius
1757 3717 1813 3767 et
1844 3713 1998 3767 videt

281 3800 463 3854 Filius
499 3819 511 3854 :
552 3802 835 3871 numquid
862 3806 1048 3857 tamen
1084 3807 1140 3856 et
1170 3802 1226 3857 in
1261 3805 1387 3873 ipso
1416 3803 1658 3858 diversis
1679 3802 1819 3858 locis
1841 3819 1996 3874 quai-

274 3891 447 3946 situri
481 3907 691 3945 sumus
723 3891 916 3947 oculos
948 3896 1002 3946 et
1034 3908 1203 3947 aures
1224 3893 1252 3947 ?
1281 3893 1528 3948 Aliunde
1554 3894 1734 3958 audit,
1765 3893 1999 3949 aliunde

274 3980 469 4049 videt;
500 3985 562 4035 et
589 3979 748 4035 auris
782 3983 908 4051 ejus
937 3999 1048 4038 non
1083 3985 1274 4052 potest
1292 3984 1445 4055 quod
1479 3983 1697 4053 oculos,
1720 3989 1774 4038 et
1793 3983 1999 4039 oculus

275 4088 390 4126 non
420 4074 612 4141 potest
644 4073 792 4141 quod
820 4079 1003 4142 potest
1034 4073 1193 4128 auris
1214 4074 1242 4128 ?
1273 4079 1356 4127 An
1391 4077 1546 4129 totus
1578 4073 1672 4129 ille
1702 4075 1859 4130 visus
1890 4078 1998 4145 est,

273 4168 332 4216 et
362 4167 518 4216 lotus
553 4162 792 4216 auditus
825 4162 851 4216 ?
888 4164 1196 4219 Forteita:
1229 4164 1348 4219 imo
1384 4181 1495 4218 non
1537 4164 1703 4232 forte,
1738 4166 1838 4219 sed
1873 4181 2000 4220 vere

275 4251 397 4316 ita;
434 4253 579 4305 dum
616 4256 806 4306 tamen
841 4257 896 4307 et
925 4252 1119 4322 ipsum
1153 4254 1284 4323 ejus
1315 4254 1532 4320 videre,
1565 4259 1622 4309 et
1650 4254 1839 4325 ipsum
1874 4256 1998 4322 ejus

275 4341 504 4406 audire,
542 4340 712 4409 longe
746 4341 861 4397 alio
894 4343 1058 4397 modo
1086 4359 1262 4413 quam
1297 4348 1558 4398 nostrum
1589 4344 1680 4396 sit.
1716 4345 1784 4399 Et
1807 4344 2000 4398 videre

278 4438 334 4487 et
363 4431 574 4486 audire
596 4430 773 4486 simul
796 4432 852 4486 in
877 4431 1063 4489 Verbo
1088 4439 1195 4496 est,
1226 4451 1330 4490 nec
1356 4433 1510 4489 aliud
1544 4439 1632 4488 est
1662 4434 1741 4488 ibi
1774 4433 1998 4502 audire,

276 4525 333 4575 et
364 4521 526 4574 aliud
566 4521 759 4576 videre
787 4539 800 4587 ;
836 4523 937 4577 sed
972 4523 1208 4578 auditus
1248 4524 1430 4587 visus,
1462 4529 1518 4578 et
1551 4525 1710 4579 visus
1741 4524 1996 4579 auditus.

354 4611 440 4665 lO.
475 4611 546 4664 Et
579 4627 684 4665 nos
716 4612 815 4681 qui
849 4612 1011 4668 aliter
1042 4613 1337 4682 audimus,
1370 4613 1538 4668 aliter
1584 4613 1868 4680 videmus,
1891 4614 1999 4668 hoc

279 4699 435 4755 unde
469 4700 741 4755 novimus
768 4702 795 4755 ‘t
820 4703 1096 4758 Redimus
1129 4705 1269 4758 forte
1299 4703 1371 4758 ad
1405 4720 1531 4772 nos,
1563 4703 1611 4757 si
1646 4719 1756 4757 non
1791 4719 1999 4758 sumus

281 4790 778 4857 praevaricatores,
811 4793 1022 4861 quibus
1054 4793 1271 4848 dictum
1305 4798 1413 4861 est,
1449 4793 1998 4861 Redite,praeuarica-

276 4884 444 4944 tores,
467 4879 540 4934 ad
587 4895 680 4934 cor
729 4881 878 4949 (lsai.
913 4899 1058 4949 xLW,
1090 4884 1168 4954 8).
1204 4885 1404 4938 Redite
1437 4883 1512 4937 ad
1559 4899 1693 4938 cor:
1728 4882 1868 4953 quid
1900 4881 1998 4936 itis

277 4985 311 5023 λ
332 4969 519 5032 vobis,
552 4975 609 5024 et
640 4972 844 5041 peritis
878 4973 1166 5027 cxvobis?
1190 4973 1332 5044 quid
1367 4973 1465 5027 itis
1484 4971 1822 5027 solitudinis
1841 4971 2000 5026 vias?

278 5059 498 5113 Erratis
529 5059 828 5129 vagando;
874 5061 1072 5119 redite.
1123 5063 1294 5127 Quo?
1326 5063 1403 5116 Ab
1452 5061 1787 5117 Dominum.
1847 5061 1998 5116 Cito-

277 5149 362 5200 est
398 5149 410 5181 ¹
447 5161 461 5198 :
496 5148 686 5215 primo
716 5148 837 5203 redi
867 5149 936 5203 ad
972 5165 1069 5204 cor
1098 5154 1290 5216 tuum,
1322 5149 1488 5206 exsul
1509 5168 1538 5204 a
1570 5156 1626 5206 te
1658 5149 1884 5221 vagaris
1918 5149 1997 5204 fo-

277 5233 355 5289 ris
387 5254 400 5300 ;
436 5235 696 5306 teipsum
747 5255 860 5293 non
915 5241 1084 5306 nosti,
1115 5248 1172 5295 et
1204 5241 1410 5310 quaeris
1463 5258 1495 5296 a
1528 5256 1640 5312 quo
1672 5241 1858 5296 factus
1889 5256 1950 5294 es
1983 5253 1999 5295 :

279 5323 449 5392 Redi,
486 5326 612 5380 redi
679 5328 747 5382 ad
810 5344 930 5395 cor,
964 5330 1099 5385 tolle
1139 5334 1194 5385 te
1221 5349 1252 5385 a
1280 5348 1515 5402 corpore
1550 5347 1803 5403 :corpus
1835 5334 1999 5385 tuum

281 5413 579 5470 habitatio
603 5420 700 5471 tua
733 5422 822 5473 est
851 5436 866 5488 ;
900 5435 998 5475 cor
1045 5425 1210 5476 tuum
1245 5423 1424 5476 sentit
1457 5422 1628 5477 etiam
1666 5438 1762 5493 per
1793 5437 2002 5492 corpus

347 5540 562 5614 !_.Lov._.
599 5543 670 5614 a_d
715 5543 987 5614 Dominum
1035 5547 1174 5609 cito;
1225 5550 1441 5612 omisso,
1502 5553 1595 5606 est,
1641 5549 1783 5614 quod
1825 5549 2002 5600 caeteri

282 5603 504 5653 codices
541 5604 763 5658 habent.

1460 239 1924 302 TRACTATUS
1968 238 2184 300 XVIII.
2233 240 2494 302 CAPUT
2538 241 2611 300 V.

3649 252 3805 315 1542

2103 378 2270 430 tuum
2306 391 2319 430 :
2353 376 2450 430 sed
2485 391 2694 447 corpus
2729 381 2892 432 tuum
2927 395 3041 434 non
3065 379 3219 450 quod
3242 397 3338 437 cor
3360 386 3811 452 tuum;dimitte

2106 471 2161 520 et
2191 482 2402 536 corpus
2428 472 2615 531 tuum,
2652 470 2767 521 redi
2805 471 2874 523 ad
2908 486 3004 524 cor
3041 477 3226 528 tuum.
3263 478 3321 528 In
3343 491 3577 545 corpore
3602 483 3696 532 tuo
3723 479 3809 533 in-

2100 555 2374 611 veniebas
2408 557 2540 610 alibi
2575 560 2793 624 oculos,
2824 560 2959 614 alibi
2993 578 3198 616 aures:
3236 564 3291 617 in
3325 568 3493 620 corde
3517 573 3615 620 tuo
3641 585 3808 623 num-

2103 647 2238 718 quid
2273 647 2381 702 hoc
2416 649 2684 703 invenis?
2716 663 2798 705 An
2835 653 2890 706 in
2925 656 3094 710 corde
3127 661 3226 711 tuo
3259 673 3371 711 non
3406 657 3581 712 habes
3599 675 3768 715 aures
3789 661 3816 714 ‘l

2104 739 2184 794 De
2215 739 2428 809 quibus
2451 755 2584 808 ergo
2623 743 2898 798 Dominus
2929 746 3170 812 dicebat,
3208 748 3310 815 Qui
3335 749 3492 802 habet
3526 766 3684 805 aures
3714 767 3814 805 au-

2103 827 2306 894 diendi,
2341 829 2530 884 audiat
2586 833 2735 901 (Luc.
2771 849 2892 894 vui.
2923 835 2980 907 8)
3007 835 3034 888 Ῡ
3063 837 3144 890 An
3200 838 3254 890 in
3289 839 3457 894 corde
3490 856 3602 894 non
3635 840 3815 895 habes

2103 918 2349 973 oculos?
2383 919 2539 975 Unde
2568 922 2709 976 dicit
2732 924 3062 992 Apostolus,
3094 927 3442 982 Illuminatos
3472 931 3652 984 oculos
3682 948 3814 986 cor-

2103 1008 2188 1062 dis
2237 1011 2399 1064 vestri
2446 1010 2658 1079 (Ephes.
2715 1013 2764 1079 1,
2804 1014 2910 1083 18).
2945 1015 3088 1070 Redi
3131 1017 3199 1070 ad
3237 1033 3371 1084 cor;
3405 1019 3632 1072 videibi
3669 1021 3810 1090 quid

2105 1098 2321 1152 sentias
2365 1100 2505 1153 forte
2535 1101 2602 1154 de
2635 1105 2766 1166 Deo,
2801 1105 2935 1170 quia
2962 1104 3040 1158 ibi
3073 1109 3159 1159 est
3191 1106 3379 1177 imago
3410 1107 3532 1162 Dei.
3571 1110 3628 1163 In
3663 1109 3815 1164 inte-

2105 1188 2252 1241 riore
2285 1187 2520 1242 homine
2552 1189 2777 1244 habitat
2806 1191 3074 1248 Christus
3109 1194 3218 1264 (Id.
3254 1214 3334 1260 iii,
3371 1199 3458 1263 i6,
3493 1199 3601 1265 17),
3635 1199 3693 1253 in
3725 1203 3813 1253 in-

2102 1276 2312 1332 teriore
2337 1277 2568 1331 homine
2594 1281 2883 1334 renovaris
2907 1283 2976 1334 ad
3000 1282 3310 1354 imaginem
3341 1286 3455 1350 Dei,
3482 1287 3536 1340 in
3564 1287 3822 1360 imagine

2103 1383 2210 1420 sua
2266 1381 2548 1437 cognosce
2595 1373 2885 1423 auctorem
2945 1373 3092 1439 ejus.
3143 1372 3286 1427 Vide
3324 1377 3818 1444 quemadmodum

2103 1470 2307 1511 omnes
2334 1457 2591 1526 corporis
2626 1473 2838 1512 sensus
2867 1460 3027 1514 cordi
3054 1461 3205 1516 intro
3239 1465 3662 1535 nuntientquid
3685 1484 3819 1522 sen-

2093 1547 2284 1601 serint
2319 1547 2458 1601 foris
2482 1562 2495 1601 :
2521 1547 2649 1602 vide
2671 1565 2845 1619 quam
2872 1551 3087 1606 multos
3108 1552 3405 1608 ministros
3429 1554 3642 1610 habent
3665 1573 3818 1615 unus

2102 1634 2340 1690 interior
2373 1635 2705 1704 imperator,
2741 1643 2798 1692 et
2829 1639 2967 1709 quid
2991 1641 3139 1710 apud
3166 1658 3224 1696 se
3247 1642 3424 1697 etiam
3449 1644 3571 1699 sine
3594 1645 3683 1700 his
3709 1648 3820 1702 mi-

2095 1725 2305 1781 nistris
2337 1730 2489 1794 agat.
2529 1725 2886 1782 Renuntiant
2907 1729 3058 1784 oculi
3083 1731 3238 1786 cordi
3261 1731 3390 1787 alba
3420 1738 3476 1788 et
3498 1734 3663 1805 nigra
3687 1756 3700 1804 ;
3726 1753 3820 1793 re-

2104 1815 2379 1870 nuntiant
2412 1832 2581 1871 aures
2611 1817 2794 1872 eidem
2821 1820 2978 1873 cordi
3002 1835 3210 1875 canora
3230 1825 3286 1876 et
3305 1822 3544 1879 dissona
3570 1843 3584 1894 ;
3611 1842 3822 1882 renun-

2104 1906 2252 1959 tiant
2283 1922 2449 1961 nares
2481 1907 2666 1960 eidem
2701 1907 2857 1962 cordi
2889 1909 3064 1964 odora
3093 1915 3149 1965 et
3182 1913 3443 1982 putentia
3473 1933 3486 1981 ;
3524 1917 3822 1971 renuntiat

2103 2000 2314 2065 gustus
2346 1995 2531 2052 eidem
2565 1997 2722 2052 cordi
2755 2015 2950 2053 amara
2969 2007 3020 2054 et
3048 2000 3282 2069 dulcia;
3313 2004 3603 2058 renuntiat
3626 2010 3819 2064 tactus

2103 2086 2291 2141 eidem
2325 2087 2482 2142 cordi
2512 2086 2663 2142 lenia
2693 2092 2748 2142 et
2777 2105 2982 2158 aspera
3015 2105 3029 2144 :
3062 2092 3362 2147 renuntiat
3393 2098 3448 2148 et
3479 2095 3591 2149 sibi
3623 2096 3816 2167 ipsum

2106 2176 2381 2244 corjusta
2427 2180 2482 2230 et
2524 2177 2761 2246 injusta.
2795 2177 2901 2232 Cor
2949 2183 3116 2234 tuum
3167 2187 3225 2236 et.
3264 2182 3424 2238 videt
3469 2193 3520 2239 et
3545 2187 3730 2253 audit,
3762 2192 3822 2242 et

2106 2271 2307 2321 caetera
2337 2265 2638 2322 sensibilia
2661 2268 2938 2338 dijudieat
2967 2287 2980 2337 ;
3015 2275 3072 2323 et
3103 2287 3214 2338 quo
3249 2288 3361 2327 non
3393 2274 3654 2344 aspir-ant
3676 2292 3813 2330 cor-

2109 2356 2262 2427 poris
2293 2372 2521 2422 sensus,
2549 2358 2709 2426 justa
2739 2366 2792 2412 et
2816 2358 3052 2427 injusta,
3085 2359 3236 2415 mala
3265 2367 3320 2417 et
3350 2362 3502 2417 bona
3520 2365 3818 2422 discernit.

2105 2443 2355 2499 Ostende
2388 2444 2531 2500 mihi
2562 2443 2784 2511 oculos,
2811 2463 3002 2515 aures,
3039 2465 3206 2503 nares
3229 2451 3420 2505 cordis
3445 2452 3545 2507 lui.
3585 2453 3821 2509 Diversa

2107 2540 2242 2588 sunt
2272 2549 2400 2603 qua
2429 2534 2498 2587 ad
2519 2549 2614 2588 cor
2636 2538 2801 2589 tuum
2821 2535 3170 2604 referuntur,
3195 2543 3250 2591 et
3271 2539 3500 2595 diversa
3531 2541 3608 2595 ibi
3636 2557 3818 2597 mem-

2109 2623 2207 2677 bra
2237 2639 2349 2678 non
2376 2623 2769 2678 inveniuntur.
2795 2629 2856 2679 In
2879 2640 3050 2680 carne
3071 2631 3174 2680 tua
3197 2626 3333 2683 alibi
3353 2629 3546 2694 audis,
3577 2629 3715 2686 alibi
3737 2632 3823 2686 vi-

2106 2714 2246 2768 des:
2281 2713 2339 2768 in
2373 2715 2545 2769 corde
2576 2718 2676 2770 tuo
2712 2715 2790 2770 ibi
2821 2717 3011 2782 audis,
3046 2718 3142 2771 ubi
3173 2718 3353 2774 vides.
3385 2719 3441 2775 Si
3461 2720 3568 2776 hoc
3598 2722 3817 2795 imago,

2105 2808 2326 2872 quanto
2359 2804 2653 2876 potentius
2689 2805 2784 2859 ille
2807 2807 2978 2875 cujus
3013 2807 3202 2878 imago
3225 2809 3419 2881 ?Ergo
3441 2817 3498 2865 et
3528 2813 3692 2867 audit
3727 2814 3819 2869 Fi-

2104 2893 2241 2958 lius,
2275 2898 2330 2948 et
2361 2895 2512 2950 videt
2554 2894 2756 2963 Filius,
2789 2903 2844 2950 et
2874 2896 2998 2967 ipsa
3030 2897 3174 2952 visio
3205 2903 3260 2953 et
3291 2901 3484 2954 audito
3508 2901 3685 2957 Filius
3713 2919 3727 2958 :
3762 2909 3820 2959 et

2104 2983 2214 3038 hoc
2244 2987 2332 3038 est
2352 2983 2435 3036 illi
2457 2983 2659 3038 audire
2685 2986 2837 3054 quod
2861 3002 3005 3052 esse,
3033 2987 3217 3042 ethoc
3239 2993 3327 3044 est
3348 2988 3430 3043 illi
3451 2989 3639 3046 videre
3663 2995 3816 3064 quod

2103 3089 2254 3130 esse.
2287 3072 2414 3127 Tibi
2437 3088 2549 3128 non
2569 3073 2673 3128 hoc
2690 3079 2780 3128 est
2798 3074 2990 3130 videre
3012 3078 3161 3146 quod
3183 3093 3306 3132 esse
3340 3093 3355 3133 :
3387 3079 3524 3150 quia
3537 3085 3592 3134 et
3613 3081 3659 3136 si
3686 3099 3817 3153 per-

2103 3164 2205 3217 das
2220 3164 2433 3229 visum,
2451 3166 2612 3234 potes
2632 3179 2762 3219 esse
2785 3179 2798 3229 ;
2816 3169 2871 3218 et
2887 3165 2936 3220 si
2953 3166 3162 3233 perdas
3176 3167 3467 3235 auditum,
3490 3178 3650 3241 potes
3666 3189 3812 3228 esse.

2176 3255 2261 3309 ll.
2296 3257 2652 3310 Putamusne
2702 3255 3110 3326 pulsavimus?
3150 3259 3413 3315 Erectum
3466 3267 3553 3318 est
3591 3263 3808 3335 aliquid

2104 3344 2162 3423 in
2199 3345 2368 3399 nobis
2418 3362 2531 3416 quo
2583 3346 2670 3400 vel
2721 3348 2972 3400 tenuiter
3019 3350 3389 3418 suspicemur
3429 3352 3582 3405 unde
3614 3351 3811 3410 lumen

2106 3435 2298 3490 veniat
2357 3435 2579 3490 nobis?
2640 3437 2801 3504 Puto,
2858 3436 3077 3504 fratres,
3133 3439 3274 3508 quia
3324 3455 3456 3493 cum
3526 3440 3812 3510 loquimur

2106 3525 2236 3590 ista,
2261 3528 2317 3578 et
2351 3540 2483 3578 cum
2507 3524 2882 3590 meditamur,
2906 3542 3239 3580 exercemus
3265 3543 3388 3582 nos.
3418 3528 3483 3582 Et
3504 3545 3810 3586 cumexer-

2108 3630 2305 3669 cemus
2337 3630 2442 3669 nos
2465 3615 2520 3668 in
2557 3614 2718 3682 ipsis,
2752 3619 2808 3668 et
2839 3631 3040 3670 rursus
3082 3617 3249 3687 quasi
3291 3619 3640 3674 reﬂectimur
3669 3638 3814 3692 pon-

2109 3705 2241 3759 dere
2275 3708 2470 3758 nostro
2493 3703 2562 3758 ad
2601 3705 2710 3758 ista
2743 3709 3043 3770 consueta,
3079 3706 3223 3761 tales
3255 3723 3460 3762 sumus
3483 3709 3684 3780 quales
3709 3711 3818 3782 lip-

2110 3792 2359 3865 pientes,
2390 3808 2520 3847 cum
2583 3794 2983 3862 producuntur
3032 3795 3103 3849 ad
3163 3795 3471 3853 videndum
3513 3797 3736 3868 lumen,
3771 3799 3821 3856 si

2112 3882 2254 3938 forte
2285 3887 2455 3937 antea
2484 3882 2674 3938 visum
2709 3883 2946 3938 omnino
2972 3901 3085 3939 non
3109 3884 3418 3954 habebant,
3454 3892 3510 3942 et
3539 3889 3824 3961 incipiunt

2110 3973 2390 4028 eumdum
2407 3973 2594 4028 visum
2626 3989 2727 4044 per
2747 3973 3111 4046 diligentiam
3135 3977 3486 4033 medicorum
3506 3984 3823 4052 utcumque

2112 4078 2401 4134 reparare.
2431 4063 2652 4117 Etcum
2687 4065 2932 4135 probare
2963 4062 3085 4118 vult
3117 4065 3374 4120 medicus
3405 4077 3690 4137 quantum
3735 4085 3825 4123 sa-

2112 4154 2251 4209 lutis
2283 4155 2368 4208 eis
2399 4153 2733 4219 accesserit,
2770 4157 2956 4208 tentat
2987 4155 3066 4210 eis
3116 4157 3414 4211 ostendere
3444 4157 3601 4226 quod
3634 4158 3823 4213 videre

2112 4246 2534 4314 desiderabant,
2571 4254 2622 4300 et
2682 4263 2794 4300 non
2850 4251 3110 4315 poterant
3163 4262 3294 4300 cum
3326 4246 3457 4299 caeci
3490 4253 3731 4302 essent:
3767 4254 3824 4303 et

2113 4337 2393 4391 redeunte
2415 4335 2538 4405 jam
2573 4347 2890 4403 utcumque
2921 4334 3042 4389 acie
3065 4334 3391 4400 oculorum,
3417 4336 3822 4403 producuntur

2112 4427 2180 4481 ad
2215 4425 2444 4492 lucem;
2478 4429 2534 4479 et
2565 4441 2698 4478 cum
2736 4424 3005 4491 viderint,
3037 4425 3257 4495 fulgore
3291 4427 3416 4496 ipso
3449 4429 3819 4482 reverberan-

2111 4521 2205 4570 tur
2220 4518 2660 4588 quodammodo,
2678 4521 2730 4567 et
2755 4515 3109 4579 respondent
3124 4515 3349 4569 medico
3367 4515 3822 4587 demonstranti,

2111 4605 2237 4660 Jam
2266 4606 2388 4674 jam
2422 4603 2559 4670 vidi,
2593 4605 2692 4657 sed
2724 4602 2917 4659 videre
2934 4618 3046 4658 non
3076 4607 3500 4675 possum.0uid
3526 4624 3660 4680 ergo
3686 4608 3823 4662 facit

2114 4696 2370 4751 medicus
2393 4694 2420 4748 ?
2451 4694 2698 4748 Revocat
2719 4695 2785 4747 ad
2809 4693 2996 4761 solita,
3031 4698 3086 4748 et
3117 4695 3275 4748 addit
3305 4695 3630 4768 collyrium,
3657 4702 3719 4752 ut
3753 4699 3822 4752 ad

2113 4785 2253 4840 illud
2287 4785 2441 4857 quod
2476 4785 2663 4838 visum
2697 4788 2868 4850 est,et
2886 4783 3068 4839 videri
3095 4801 3204 4840 non
3232 4787 3437 4855 potuit,
3463 4787 3817 4842 desiderium

2114 4876 2349 4943 nutriat,
2383 4880 2440 4929 et
2497 4890 2564 4928 ex
2613 4874 2741 4946 ipso
2803 4874 3090 4929 desiderio
3121 4884 3358 4930 curetur
3391 4876 3655 4946 plenius;
3691 4885 3742 4929 ct
3774 4877 3818 4928 si

2113 4982 2228 5037 qua
2264 4965 2557 5020 mordacia
2589 4964 3173 5031 reparandmsanitati
3199 4967 3566 5028 adhibentur,
3597 4964 3821 5018 lortiter

2115 5057 2348 5118 ferut,ut
2371 5069 2567 5108 amore
2589 5053 2747 5108 illius
2768 5054 2915 5108 lucis
2933 5070 3216 5109 accensus
3238 5055 3391 5110 dicat
3414 5053 3556 5106 sibi:
3579 5053 3817 5115 Quando

2114 5146 2221 5201 erit
2251 5153 2312 5200 ut
2342 5144 2486 5199 illud
2509 5143 2694 5198 firmis
2724 5143 2910 5198 oculis
2943 5145 3188 5208 videam,
3224 5143 3373 5211 quod
3404 5143 3617 5196 sauciis
3651 5142 3818 5196 infir-

2131 5235 2363 5307 misque
2397 5251 2507 5288 non
2545 5233 2700 5304 potui
2727 5231 3338 5303 ?Urgetmedicum,et
3371 5236 3528 5301 rogat
3562 5236 3622 5284 ut
3645 5237 3822 5288 curet.

2115 5327 2279 5395 Ergo,
2307 5327 2532 5389 fratres,
2567 5323 2610 5375 si
2646 5323 2792 5377 forte
2812 5321 2920 5376 tale
2945 5319 3162 5390 aliquid
3197 5321 3412 5375 factum
3447 5321 3610 5376 estin
3647 5323 3828 5378 cordi-

2116 5417 2225 5470 bus
2257 5415 2480 5475 vestris,
2525 5411 2573 5465 si
2625 5417 2944 5480 utcumque
2975 5407 3238 5462 erexistis
3285 5425 3380 5464 cor
3432 5417 3683 5466 vestrum
3748 5413 3816 5466 ad

2117 5507 2422 5563 videndum
2472 5504 2744 5570 Verbum,
2787 5511 2839 5556 et
2871 5500 3058 5572 ipsius
3093 5503 3214 5556 luce
3245 5505 3590 5559 reverberati
3626 5506 3694 5559 ad
3721 5522 3818 5559 so-

2116 5597 2216 5654 lita
2245 5593 2564 5660 recidistis;
2593 5598 2784 5663 rogate
2835 5593 3126 5650 medicum
3165 5598 3231 5649 ut
3272 5595 3546 5651 adhibeat
3582 5594 3818 5665 collyria
