4126 6194
349 312 508 373 1543

356 449 669 518 mordacis,
732 454 1013 522 prmcepta
1044 443 1311 517 justitiaz.
1348 444 1444 500 Est
1501 444 1654 516 quod
1699 445 1918 509 videas,
1971 443 2070 497 sed

355 557 472 596 non
503 544 589 595 est
623 541 777 596 unde
825 539 1040 594 videas.
1084 537 1205 590 Non
1255 534 1391 589 mihi
1438 539 1607 589 antea
1631 534 1904 589 credebas
1937 533 2075 603 quia

354 640 434 688 est
468 632 623 703 quod
659 631 857 686 videas
892 646 904 684 :
940 631 1085 682 duce
1113 626 1365 697 quadam
1401 625 1624 680 ratione
1647 626 1937 679 adductus
1961 639 2021 678 es
2059 639 2072 678 :

358 721 788 795 propinquasti,
839 717 1162 780 intendisti,
1210 714 1532 787 palpitasti,
1607 715 1886 784 refugisti.
1949 713 2074 768 Scis

354 818 508 868 certe
538 828 665 867 esse
697 809 854 881 quod
924 809 1140 873 videas,
1170 807 1267 860 sed
1294 807 1566 859 idoneum
1603 821 1714 858 non
1740 810 1793 857 te
1825 820 1952 857 esse
1976 803 2073 874 qui

357 904 573 958 videas.
611 902 757 972 Ergo
785 915 1008 954 curare.
1044 894 1639 962 Quaesuntcollyria?
1673 893 1794 947 Noli
1819 892 2072 960 mentiri,

357 993 476 1049 noli
512 991 831 1062 perjurare,
866 987 982 1042 noli
1015 986 1368 1047 adulterare,
1403 984 1520 1038 noli
1553 983 1752 1048 furari,
1789 982 1905 1035 noli
1928 982 2074 1036 frau-

356 1086 516 1138 dare.
549 1081 654 1136 Sed
690 1077 1009 1143 consuesti,
1044 1083 1096 1128 et
1116 1091 1248 1128 cum
1273 1075 1466 1144 aliquo
1492 1072 1735 1128 dolores
1756 1077 2074 1126 consuetu-

356 1173 487 1226 dine
522 1170 807 1224 revocaris
843 1165 986 1221 :hoc
1010 1170 1098 1219 est
1129 1165 1280 1235 quod
1310 1163 1555 1228 mordet,
1584 1164 1680 1218 sed
1713 1166 1898 1216 sanat.
1929 1161 2072 1216 Nam

356 1262 483 1315 dico
502 1259 604 1312 tibi
632 1257 892 1322 liberius,
916 1271 981 1309 ex
1002 1255 1209 1308 timore
1227 1257 1282 1307 et
1304 1268 1429 1307 meo
1452 1258 1506 1307 et
1524 1261 1617 1306 luo
1640 1269 1650 1305 :
1675 1253 1720 1307 si
1743 1250 1930 1306 curari
1950 1251 2077 1305 des-

358 1349 564 1414 titeris,
596 1352 791 1401 etesse
814 1344 1059 1400 idoneus
1077 1344 1144 1398 ad
1175 1343 1589 1414 perfruendum
1616 1342 1863 1396 hacluce
1885 1339 2076 1410 negle-

355 1436 862 1505 xeris,valetudinc
893 1435 1198 1491 oculorum
1225 1439 1490 1498 tuorum;
1521 1435 1786 1488 tenebras
1812 1432 2072 1500 amabis;

359 1535 414 1586 et
429 1529 674 1584 amando
691 1526 1048 1592 tenebras,in
1064 1526 1318 1581 tenebris
1335 1524 1662 1579 remanebis
1679 1542 1692 1591 ;
1709 1528 1766 1578 et
1781 1539 2076 1578 remanen-

359 1621 505 1674 dom
526 1618 802 1684 tenebris,
824 1617 1000 1671 etiam
1017 1615 1075 1669 in
1093 1615 1353 1670 tenebras
1368 1615 1677 1668 exteriores
1701 1612 2024 1683 projicieris
2057 1628 2074 1668 :

345 1709 440 1764 .ibi
475 1708 580 1762 erit
613 1708 782 1762 ﬁetus
814 1712 868 1761 et
901 1705 1112 1760 stridor
1142 1705 1401 1759 dentium
1457 1703 1667 1774 (Matth.
1704 1720 1836 1769 χχιι,
1877 1703 1984 1772 l3).
2016 1701 2074 1754 Si

362 1798 504 1854 nihil
541 1799 598 1853 in
629 1802 684 1852 te
715 1797 957 1852 faciebat
1007 1813 1169 1850 amor
1221 1793 1388 1856 lucis,
1425 1794 1596 1849 faciat
1637 1794 1811 1849 timor
1840 1791 2073 1848 doloris.

435 1891 520 1946 12.
555 1887 922 1943 Sufﬁcienter
955 1902 1044 1939 me
1071 1884 1326 1939 locutum
1361 1884 1624 1950 arbitror,
1659 1887 1714 1937 et
1767 1883 2072 1937 lectionem

361 1983 553 2032 tamen
587 1976 978 2046 evangelicum
1016 1991 1126 2029 non
1167 1975 1325 2028 ﬁnivi
1361 1990 1372 2027 :
1409 1974 1455 2028 si
1490 1973 1676 2028 dicam
1703 1972 1921 2043 reliqua
1943 1989 2080 2027 one-

361 2070 497 2125 rabo
521 2085 642 2136 vos,
675 2073 732 2123 et
764 2067 938 2122 timeo
973 2083 1043 2122 ne
1075 2066 1246 2121 etiam
1281 2066 1435 2135 quod
1465 2065 1737 2119 haustum
1772 2069 1861 2118 est
1891 2064 2079 2118 effun-

360 2159 565 2224 datur;
600 2156 898 2213 sufﬁciant
926 2172 1063 2227 ergo
1098 2156 1208 2211 ista
1238 2155 1515 2210 Charitati
1541 2159 1755 2210 vestrae.
1785 2153 2081 2208 Debitores

362 2265 592 2314 sumus,
624 2264 735 2302 non
795 2262 969 2309 nunc,
1005 2246 1098 2299 sed
1160 2261 1393 2315 semper
1452 2243 1735 2315 quamdiu
1784 2243 2078 2309 vivimus;

361 2339 495 2408 quia
518 2342 748 2409 propter
773 2353 872 2391 vos
900 2337 1160 2391 vivimus.
1189 2335 1598 2390 Verumtamen
1619 2333 1792 2388 vitam
1820 2339 2078 2388 nostram

359 2426 528 2480 istam
589 2425 908 2491 inﬁrmant,
971 2423 1342 2491 laboriosam,
1404 2423 1815 2492 periculosam,
1859 2424 1917 2476 in
1973 2421 2081 2476 hoc

358 2515 577 2571 mundo
609 2531 786 2570 conso
809 2512 1013 2568 lamini
1046 2513 1190 2568 bene
1222 2513 1485 2577 vivendo,
1510 2513 1686 2567 nolite
1720 2527 1823 2566 nos
1862 2510 2086 2565 contri-

357 2609 511 2659 stare
529 2607 584 2657 et
598 2607 843 2658 atterere
869 2600 1040 2656 malis
1059 2601 1319 2655 moribus
1335 2601 1708 2657 vestris.Cum
1733 2601 1821 2653 eni
1836 2617 1884 2652 in
1901 2599 2080 2654 ofl'en-
2135 2630 2139 2635 -

357 2692 550 2746 dimur
568 2692 719 2746 mala
743 2692 861 2746 vita
883 2700 1091 2754 vestra,
1107 2690 1151 2743 si
1170 2690 1518 2758 refugiamus
1534 2707 1566 2743 a
1585 2690 1764 2757 Vobis,
1784 2695 2084 2759 etsepare-

356 2797 490 2836 mus
506 2797 610 2835 nos
643 2797 674 2832 a
694 2780 872 2844 vobis,
893 2780 1032 2835 etad
1059 2796 1159 2834 vos
1194 2795 1303 2833 non
1339 2780 1707 2846 accedamus;
1726 2795 1915 2833 nonne
1937 2794 2081 2834 cou-

355 2868 758 2941 queremini,et
775 2869 1007 2924 dicetis:
1028 2869 1152 2922 Etsi
1177 2868 1909 2937 languebamus,curaretis
1928 2887 1942 2934 ;
1960 2868 2079 2924 etsi

357 2958 822 3025 inﬁrmabamur,
857 2955 1208 3012 visitaretis?
1242 2957 1379 3012 Ecce
1411 2974 1705 3025 curamus,
1731 2975 1860 3013 ecce
1883 2958 2078 3013 visita-

356 3064 484 3104 mus
515 3048 610 3104 sed
647 3064 762 3103 non
792 3047 960 3102 nobis
986 3047 1085 3101 ﬁat
1107 3047 1400 3117 quomodo
1418 3048 1668 3102 audistis
1690 3048 1761 3102 ab
1779 3048 2078 3118 Apostolo,

356 3139 534 3193 Timeo
560 3153 627 3192 ne
654 3138 778 3194 sine
802 3153 967 3193 causa
991 3136 1362 3191 laboraverim
1390 3138 1444 3190 in
1470 3153 1558 3193 vos
1594 3140 1609 3173 ¹
1644 3138 1844 3208 (Gatat.
1867 3155 1938 3207 iv,
1964 3139 2073 3209 11).

916 3262 1350 3319 TRACTATUS
1391 3263 1534 3318 XIX.

357 3377 430 3432 Ab
457 3391 515 3432 eo
547 3375 689 3447 quod
719 3375 987 3446 scriptum
1017 3378 1117 3440 est,
1151 3373 1272 3427 Non
1307 3378 1495 3444 potest
1527 3390 1560 3428 a
1591 3389 1650 3429 se
1684 3373 1865 3428 Filius
1891 3374 2075 3430 facere

427 3467 771 3538 quidquam,
807 3463 918 3519 nisi
953 3466 1106 3535 quod
1140 3463 1342 3518 viderit
1362 3463 1585 3518 Patrem
1611 3465 1914 3520 facientem
1943 3487 1955 3533 ;
1982 3482 2072 3520 us-

427 3573 528 3630 que
563 3556 734 3621 adid,
769 3556 906 3627 quia
951 3572 1062 3610 non
1116 3572 1307 3626 quaero
1339 3554 1690 3610 voluntatem
1731 3572 1937 3620 meam,
1973 3556 2072 3611 sed

425 3648 780 3703 voluntatem
841 3647 968 3718 ejus
1027 3645 1126 3718 qui
1191 3646 1345 3701 misit
1377 3662 1484 3701 me.
1524 3645 1631 3718 Cap
1665 3663 1717 3713 ν,
1755 3648 1784 3715 3*
1822 3691 1833 3702 .
1875 3646 2068 3701 19-30.

427 3776 477 3829 1.
511 3775 791 3829 Sermone
807 3774 1073 3843 pristino,
1101 3777 1386 3843 quantum
1412 3779 1675 3828 nostrum
1703 3775 1879 3828 movit
1900 3774 2071 3828 affec-

354 3867 478 3917 tum
541 3867 597 3916 et
656 3863 1020 3930 intelligendi
1080 3869 1499 3931 paupertatem,
1537 3862 1713 3918 locuti
1745 3880 1972 3925 sumus,
2005 3880 2074 3918 ex

353 3951 657 4007 occasione
718 3953 1022 4005 verborum
1079 3951 1570 4019 evangelicorum,
1626 3953 1724 4006 ubi
1785 3957 2069 4023 scriptum

356 4047 464 4106 est,
492 4041 609 4093 Non
641 4045 815 4108 potest
846 4039 1023 4092 Filius
1049 4057 1084 4092 a
1115 4056 1171 4094 se
1220 4040 1408 4109 facere
1437 4043 1753 4111 quidquam,
1787 4043 1902 4096 nisi
1928 4044 2072 4113 quod

351 4130 559 4183 viderit
605 4129 826 4183 Patrem
871 4128 1185 4196 facientem,
1233 4129 1369 4199 quid
1423 4129 1500 4182 sit
1548 4131 1739 4185 videre
1781 4131 1928 4198 Filii,
1967 4133 2071 4187 hoc

355 4226 464 4285 est,
495 4218 688 4273 videre
734 4217 928 4284 Verbi,
961 4219 1099 4288 quid
1161 4219 1337 4273 Filius
1381 4218 1630 4272 Verbum
1668 4236 1680 4273 :
1719 4227 1773 4273 et
1802 4223 1940 4288 quia
1975 4238 2073 4291 per

354 4309 607 4365 Verbum
644 4309 793 4364 facta
836 4314 976 4364 sunt
1025 4309 1242 4373 omnia,
1287 4309 1578 4380 quomodo
1613 4311 1796 4380 possit
1827 4311 2068 4381 intelligi

356 4401 510 4470 quod
570 4400 764 4453 videat
815 4398 996 4454 Filius
1055 4398 1242 4468 primo
1270 4403 1499 4453 Patrem
1561 4399 1889 4466 facientem,
1931 4406 2069 4456 tunc

357 4490 593 4543 demum
639 4493 696 4544 et
742 4487 867 4560 ipse
915 4487 1079 4543 faciat
1127 4505 1250 4559 quas
1298 4489 1446 4543 facta
1497 4492 1898 4560 conspexerit;
1933 4506 2068 4545 cum

355 4578 518 4632 Pater
552 4577 691 4631 nihil
728 4577 839 4633 nisi
874 4593 974 4647 per
1015 4577 1224 4633 Filium
1273 4578 1487 4633 fecerit.
1528 4579 1724 4634 Omnia
1756 4579 1910 4634 enim
1967 4597 2075 4650 per

360 4667 538 4734 ipsum
581 4667 731 4734 facta
790 4669 940 4731 sunt,
970 4677 1020 4722 et
1069 4669 1190 4723 sine
1249 4666 1362 4738 ipso
1401 4673 1611 4736 factum
1646 4674 1720 4724 est
1752 4670 1910 4724 nihil.
1945 4669 2069 4725 Non

355 4757 552 4808 tamen
603 4755 953 4824 explicatum
1006 4756 1227 4827 aliquid
1279 4758 1572 4824 diximus;
1624 4760 1724 4814 sed
1785 4762 1922 4829 quia
1965 4775 2070 4817 nec

355 4842 711 4914 explicatum
771 4843 988 4911 aliquid
1052 4845 1469 4902 intelleximus.
1529 4847 1856 4916 Aliquando
1891 4850 2068 4920 quip-

356 4950 425 5004 pe
483 4948 676 4986 sermo
761 4931 978 4998 deﬁcit,
1042 4935 1139 4988 ubi
1193 4936 1367 4990 etiam
1413 4935 1744 4991 intellectus
1795 4939 2066 5006 proficit;

357 5023 592 5095 quando
626 5022 807 5089 magis
837 5037 1026 5076 sermo
1061 5026 1280 5092 patitur
1298 5024 1701 5094 defectionem,
1727 5027 1957 5096 quando
1981 5029 2068 5083 in-

355 5112 625 5169 tellectus
651 5128 762 5166 non
798 5109 971 5165 habet
994 5113 1402 5180 perfectionem
1425 5111 1452 5167 ‘t
1472 5113 1637 5170 Nunc
1654 5115 1865 5186 itaque,
1889 5133 2068 5188 quan-

358 5205 482 5255 tum
516 5201 800 5257 Dominus
813 5200 1010 5270 donat,
1033 5200 1276 5258 breviter
1299 5219 1708 5272 percurramus
1738 5205 2068 5274 lectionem,

358 5294 414 5344 et
459 5290 545 5344 vel
594 5291 766 5346 hodie
817 5289 1150 5361 expleamus
1204 5290 1461 5347 debitum
1523 5309 1788 5364 pensum.
1823 5295 1882 5349 Si
1931 5297 2068 5367 quid

362 5377 505 5432 forte
534 5381 880 5437 remanserit
906 5382 992 5436 vel
1025 5386 1302 5451 temporis
1352 5382 1437 5438 vel
1471 5383 1698 5451 virium,
1733 5387 2071 5441 retractabi-

365 5481 514 5532 mus,
546 5468 594 5521 si
627 5472 990 5538 potuerimus
1021 5474 1331 5544 (quantum
1358 5480 1414 5530 et
1445 5493 1476 5530 a
1506 5474 1674 5530 nobis
1707 5485 1757 5530 ct
1788 5477 1939 5546 apud
1968 5493 2068 5532 vos

364 5553 488 5610 ﬁeri
519 5557 752 5627 potest),
785 5560 920 5628 quid
954 5561 1032 5615 sit
1053 5563 1246 5619 videre
1279 5565 1474 5632 Verbi,
1507 5566 1644 5635 quid
1681 5566 2068 5622 demonstrari

426 5654 442 5690 1
471 5654 611 5717 Lov.,
631 5653 684 5703 in
708 5653 862 5706 vobis.
887 5657 1025 5706 Editi
1051 5660 1135 5710 alii
1167 5665 1218 5711 et
1245 5662 1389 5719 Mss.,
1414 5663 1471 5714 in
1496 5679 1605 5722 vos;
1635 5665 1788 5728 juxta
1816 5680 2065 5730 graecum.

1316 305 1392 365 IN
1439 305 1768 367 JOANNIS
1819 294 2357 379 EV‘ANGELIUM,
2405 303 2468 365 S.
2519 304 2940 366 AUGUSTINI

3748 310 3772 369 l
3785 309 3898 370 5M

2185 442 2391 497 Verbo.
2426 441 2633 496 Omnia
2682 444 2894 512 quippe
2952 441 3104 496 dicta
3135 446 3272 497 sunt
3303 442 3418 511 hic,
3451 458 3575 513 quas
3604 444 3650 499 si
3679 444 3904 500 intelli—

2185 536 2396 604 gantur
2418 533 2740 586 secundum
2777 532 3095 587 humanum
3121 549 3358 588 sensum
3384 534 3719 598 carnaliter,
3756 534 3898 591 nihil

2186 623 2341 679 aliud
2405 622 2568 677 nobis
2629 622 2765 677 facit
2830 624 3027 678 anima
3075 624 3244 693 plena
3295 623 3746 694 phantasmatis,
3791 626 3901 682 nisi

2186 713 2473 783 quasdam
2508 712 2793 783 imagines
2826 713 2977 767 velut
3007 715 3254 768 duorum
3292 714 3592 769 hominum
3623 717 3812 770 Patris
3845 722 3900 771 et

2185 803 2333 867 Filii,
2360 803 2534 856 unius
2576 803 2983 869 ostendentis;
3018 803 3256 858 alterius
3287 803 3536 859 videntis
3566 821 3579 871 ;
3608 804 3783 859 unius
3816 805 3899 861 lo-

2187 893 2439 964 quentis,
2475 893 2717 947 alterius
2751 893 3043 948 audientis
3078 909 3243 964 :quaa
3292 895 3490 948 omnia
3521 895 3678 950 idola
3708 896 3898 952 cordis

2186 987 2325 1036 sunt
2353 999 2513 1053 ;qum
2547 983 2593 1037 si
2626 984 2742 1052 iam
2767 983 2992 1051 dejecta
3014 992 3140 1037 sunt
3167 984 3236 1038 de
3270 983 3503 1055 templis
3534 984 3897 1055 suis,quanto

2189 1073 2372 1141 magis
2405 1071 2731 1143 dejicienda
2765 1077 2903 1126 sunt
2933 1075 3002 1127 de
3042 1073 3374 1144 pectoribus
3406 1074 3741 1130 Christianis
3767 1076 3793 1130 ἲ)

2255 1167 2312 1216 2.
2347 1162 2460 1216 Νοη
2501 1167 2694 1232 potest,
2745 1162 2960 1233 inquit,
3007 1163 3179 1217 Filius
3215 1180 3247 1217 a
3277 1179 3334 1217 se
3381 1167 3564 1232 facere
3599 1165 3896 1236 quidquam

2185 1254 2295 1306 nisi
2323 1253 2466 1322 quod
2523 1253 2721 1307 viderit
2770 1254 2988 1308 Patrem
3032 1254 3350 1322 facientem.
3400 1254 3604 1309 Verum
3650 1259 3738 1309 est
3768 1256 3894 1322 hoc,

2187 1347 2374 1398 tenete
2405 1344 2513 1398 hoc
2541 1359 2554 1398 :
2587 1344 2725 1398 dum
2762 1350 2951 1398 tamen
2987 1360 3098 1398 non
3134 1344 3414 1399 amittatis
3447 1346 3599 1415 quod
3632 1345 3685 1399 in
3713 1345 3895 1417 ipsius

2187 1433 2475 1504 Evangelii
2547 1434 2787 1490 exordio
2849 1433 3146 1502 tenuistis,
3201 1433 3338 1504 quia
3369 1435 3424 1488 in
3482 1437 3754 1506 principio
3784 1441 3898 1490 erat

2192 1523 2438 1587 Verbum,
2497 1531 2547 1576 et
2617 1523 2843 1577 Verbum
2894 1531 3012 1577 erat
3070 1522 3214 1592 apud
3273 1526 3468 1588 Deum,
3495 1527 3543 1578 et
3602 1525 3750 1579 Deus
3783 1532 3895 1580 erat

2194 1613 2451 1674 Verbum;
2484 1617 2540 1668 et
2573 1613 2856 1683 praecipue
2896 1613 3032 1684 quia
3063 1616 3247 1668 omnia
3273 1629 3370 1684 per
3403 1617 3576 1683 ipsum
3606 1617 3750 1683 facta
3771 1621 3894 1671 sunt

2189 1703 2371 1774 (toan.
2409 1720 2447 1768 ι,
2485 1704 2535 1768 1,
2563 1703 2641 1769 3).
2673 1702 2831 1765 Quod
2873 1719 3029 1757 nunc
3068 1703 3223 1757 enirn
3264 1703 3530 1767 audistis,
3566 1707 3894 1775 conjungite

2187 1792 2266 1846 illi
2331 1792 2578 1860 auditui,
2648 1796 2703 1846 et
2767 1797 3081 1862 utrumque
3147 1793 3458 1847 concordet
3525 1794 3584 1847 in
3627 1794 3895 1849 cordibus

2186 1881 2410 1936 vestris.
2437 1882 2529 1935 Sic
2563 1881 2757 1951 itaque
2806 1897 2912 1935 non
2955 1887 3130 1952 potest
3176 1881 3350 1937 Filius
3379 1899 3411 1936 a
3443 1898 3497 1936 se
3522 1888 3708 1951 facere
3735 1883 3894 1952 quid-

2187 1987 2371 2042 quam,
2421 1972 2535 2024 nisi
2573 1971 2718 2040 quod
2755 1971 2958 2026 viderit
3013 1977 3228 2026 Patrem
3261 1973 3578 2040 facientem,
3612 1977 3672 2026 ut
3701 1977 3892 2027 tamen

2190 2061 2358 2116 Pater
2389 2077 2450 2114 ea
2483 2077 2607 2130 quae
2651 2062 2789 2116 facit
2821 2078 2932 2116 non
2989 2061 3164 2116 faciat
3207 2061 3318 2117 nisi
3374 2079 3476 2133 per
3507 2062 3736 2126 Filium,
3763 2063 3898 2133 quia

2190 2151 2369 2205 Filius
2429 2156 2516 2206 est
2563 2152 2691 2220 eius
2725 2151 3011 2207 Verbum:
3045 2157 3103 2207 et
3135 2173 3163 2201 «
3197 2152 3254 2206 in
3299 2151 3577 2223 principio
3608 2157 3730 2206 erat
3761 2150 3897 2207 Ver-

2190 2243 2355 2306 bum,
2387 2247 2444 2298 et
2474 2242 2730 2297 Verbum
2765 2248 2886 2298 erat
2917 2245 3069 2314 apud
3103 2243 3310 2310 Deum,
3343 2247 3400 2297 et
3429 2243 3574 2297 Deus
3600 2246 3722 2297 erat
3751 2242 3894 2297 Ver-

2191 2335 2352 2403 bum,
2382 2357 2408 2382 »
2432 2338 2488 2388 et
2519 2357 2546 2384 «
2569 2333 2767 2388 omnia
2795 2350 2892 2404 per
2925 2333 3116 2403 ipsum
3153 2332 3299 2389 facta
3330 2337 3486 2388 sunt.
3507 2333 3900 2403 Quacumque

2191 2425 2347 2478 enim
2381 2423 2476 2477 ille
2507 2423 2724 2487 fecerit,
2763 2425 2877 2478 haec
2910 2428 2968 2478 et
2999 2423 3178 2478 Filius
3213 2423 3478 2478 similiter
3510 2424 3643 2478 facit
3675 2439 3689 2478 :
3723 2444 3750 2471 »ι
3784 2439 3900 2478 non

2192 2513 2324 2579 alia,
2359 2515 2455 2568 sed
2491 2513 2610 2568 hac
2635 2533 2648 2580 ;
2675 2530 2779 2569 nec
2810 2513 3193 2583 dissimiliter,
3227 2515 3322 2569 sed
3357 2513 3648 2568 similiter.

2265 2605 2315 2656 3.
2355 2609 2519 2658 Pater
2549 2603 2697 2658 enim
2725 2604 2916 2674 diligit
2949 2606 3171 2671 Filium,
3203 2614 3252 2659 et
3283 2607 3474 2660 omnia
3491 2603 3828 2658 demonstrat
3849 2607 3900 2659 ei

2190 2709 2307 2763 qua:
2341 2695 2455 2763 ipse
2481 2692 2639 2763 facit.
2675 2695 2758 2747 Ad
2784 2693 2892 2748 hoc
2924 2695 3074 2763 quod
3109 2711 3282 2764 supra
3312 2694 3474 2760 dixit,
3507 2693 3616 2747 nisi
3646 2693 3787 2763 quod
3819 2695 3900 2747 vi-

2189 2783 2330 2838 derit
2390 2784 2609 2838 Patrem
2654 2787 2964 2852 facientem,
3013 2785 3245 2840 videtur
3299 2784 3589 2855 pertinere
3637 2789 3692 2838 et
3740 2783 3902 2854 quod

2189 2874 2371 2928 omnia
2403 2873 2736 2928 demonstrat
2766 2875 2818 2928 ei
2865 2889 2990 2945 quae
3041 2876 3155 2943 ipse
3181 2876 3336 2945 facit.
3371 2874 3482 2929 Sed
3515 2873 3558 2927 si
3593 2873 3756 2928 Pater
3789 2874 3898 2928 de-

2189 2968 2474 3018 monstrat
2503 2979 2628 3034 quae
2661 2963 2814 3029 facit,
2849 2979 2955 3018 nec
2987 2964 3164 3018 Filius
3197 2968 3384 3035 potest
3407 2963 3591 3018 facere
3610 2961 3716 3016 nisi
3733 2962 3902 3018 Pater

2190 3054 2688 3123 demonstraverit,
2732 3056 3012 3126 Paterque
3069 3058 3461 3110 demonstrare
3522 3069 3632 3109 non
3706 3057 3902 3124 potest

2188 3143 2300 3198 nisi
2338 3144 2561 3210 fecerit;
2596 3161 2958 3216 consequens
2987 3145 3096 3199 erit
3127 3154 3186 3199 ut
3215 3161 3329 3199 non
3364 3159 3462 3214 per
3482 3144 3689 3198 Filium
3724 3142 3903 3198 faciat

2189 3235 2386 3288 omnia
2419 3238 2624 3289 Pater:
2659 3250 2826 3304 porro
2857 3235 2905 3289 si
2940 3234 3117 3289 ﬁxum
3152 3237 3327 3304 atque
3361 3235 3779 3288 inconcussum
3818 3238 3902 3288 te-

2188 3339 2396 3379 nemus
2428 3325 2566 3393 quia
2599 3339 2698 3393 per
2727 3324 2936 3378 Filium
2985 3325 3181 3378 omnia
3212 3324 3374 3378 Pater
3395 3323 3549 3390 facit,
3581 3327 3900 3391 antequam

2187 3413 2381 3481 faciat,
2433 3414 2793 3469 demonstrat
2846 3414 3005 3470 Filio.
3039 3413 3178 3469 Nam
3237 3414 3282 3468 si
3343 3413 3508 3468 Pater
3559 3428 3693 3468 cum
3744 3413 3906 3467 fece—

2185 3503 2255 3556 rit
2315 3503 2676 3559 demonstrat
2730 3504 2893 3571 Filio,
2927 3508 2990 3558 ut
3047 3503 3226 3558 Filius
3272 3504 3670 3559 demonstrata
3721 3502 3906 3557 faciat

2183 3611 2310 3664 qua:
2345 3595 2890 3662 demonstratajam
2925 3595 3076 3648 facta
3093 3598 3270 3658 sunt;
3303 3592 3523 3662 aliquid
3559 3591 3756 3663 procul
3800 3594 3908 3646 du-

2185 3682 2278 3736 bio
2309 3682 2467 3736 Pater
2499 3682 2623 3737 sine
2657 3682 2797 3737 Filio
2833 3683 2982 3737 facit.
3018 3683 3124 3737 Sed
3161 3698 3273 3736 non
3309 3682 3446 3735 facit
3478 3681 3644 3736 Pater
3673 3680 3903 3751 aliquid

2183 3774 2309 3826 sine
2342 3771 2506 3835 Filio,
2540 3771 2676 3841 quia
2709 3771 2886 3825 Filius
2919 3771 3014 3826 Dei
3049 3771 3301 3826 Verbum
3339 3770 3434 3825 Dei
3484 3777 3592 3836 est,
3617 3775 3674 3825 et
3695 3774 3906 3824 omnia

2184 3877 2284 3933 per
2317 3861 2504 3930 ipsum
2540 3862 2686 3915 facta
2717 3869 2867 3916 sunt.
2903 3865 3181 3916 Remanet
3204 3862 3376 3931 igitur
3399 3861 3634 3914 fortasse
3666 3865 3731 3914 ut
3767 3877 3905 3932 qua

2182 3955 2355 4007 Pater
2401 3953 2660 4006 facturus
2709 3955 2818 4016 est,
2867 3952 3219 4005 demonstret
3262 3951 3542 4020 facienda,
3577 3959 3636 4004 ut
3670 3967 3776 4021 per
3811 3952 3910 4006 Fi-

2183 4042 2327 4096 lium
2361 4041 2478 4095 sint
2510 4043 2677 4096 facta.
2711 4039 2851 4095 Nam
2883 4043 2930 4095 si
2955 4041 3135 4095 Filius
3159 4055 3224 4094 ea
3248 4041 3528 4111 facitque:
3558 4041 3721 4096 Pater
3744 4041 3907 4097 facta

2182 4132 2568 4196 demonstrat;
2587 4147 2652 4185 ea
2667 4147 2788 4200 quas
2806 4131 2970 4186 Pater
2990 4133 3135 4185 facta
3149 4131 3530 4195 demonstrat,
3552 4146 3664 4184 non
3693 4129 3908 4201 utique

2185 4239 2281 4293 per
2297 4221 2505 4277 Filium
2531 4223 2680 4276 fecit.
2706 4222 3006 4276 Monstrari
3031 4223 3184 4276 enim
3214 4238 3325 4276 non
3359 4229 3588 4288 possent
3613 4220 3755 4275 Filio
3785 4219 3907 4275 nisi

2182 4313 2371 4378 facta;
2409 4313 2593 4366 facere
2626 4311 2805 4365 Filius
2837 4328 2950 4366 non
2987 4311 3316 4379 posset,nisi
3351 4316 3670 4365 monstrata
3702 4325 3715 4364 :
3757 4327 3906 4381 ergo

2181 4402 2307 4456 sine
2341 4400 2481 4455 Filio
2517 4402 2681 4455 facta.
2703 4400 2810 4454 Sed
2843 4416 3038 4454 verum
3063 4405 3170 4466 est,
3196 4399 3394 4455 Omnia
3413 4413 3510 4469 per
3541 4397 3717 4468 ipsum
3748 4403 3909 4468 facta

2179 4496 2311 4545 sunt
2343 4507 2360 4542 :
2393 4505 2528 4559 ergo
2561 4496 2864 4558 antequam
2893 4489 3060 4558 facta,
3099 4493 3417 4543 monstrata
3447 4492 3604 4542 sunt.
3639 4486 3748 4541 Sed
3791 4487 3907 4542 hoc

2182 4580 2436 4635 diximus
2452 4579 2832 4633 differendum
2847 4595 2991 4643 esse,
3009 4595 3118 4648 quo
3147 4578 3508 4632 redeundum
3527 4577 3601 4631 sit
3617 4591 3909 4646 percursa

2179 4670 2445 4736 lectione,
2469 4669 2608 4736 si,ut
2632 4669 3128 4740 diximus,aliquid
3154 4668 3238 4724 vel
3269 4668 3550 4738 temporis
3568 4668 3652 4722 vel
3673 4667 3906 4724 virium

2182 4761 2350 4817 nobis
2372 4761 2738 4827 remanserit,
2763 4761 2828 4814 ad
2864 4777 2932 4815 ea
2964 4776 3089 4832 quas
3122 4759 3462 4814 distulimus
3495 4760 3905 4815 retractanda.

2253 4852 2305 4904 4.
2363 4848 2630 4920 Amplius
2690 4851 2885 4904 audite
2933 4859 2986 4903 et
3035 4848 3372 4903 difficilius:
3423 4847 3484 4902 Et
3533 4847 3742 4918 majora
3789 4849 3904 4912 his,

2184 4939 2392 5010 inquit,
2420 4939 2809 4995 demonstrabit
2839 4939 2895 4994 ei
2915 4954 3100 5008 opera,
3134 4946 3193 4992 ut
3223 4953 3314 4992 vos
3346 4939 3647 4992 miremini.
3679 4935 3906 5001 Maiora

2183 5031 2263 5086 his
2311 5030 2523 5100 quibus
2571 5028 2835 5096 majora?
2879 5029 3064 5084 Facile
3111 5029 3385 5096 occurrit,
3417 5029 3488 5083 iis
3534 5043 3677 5099 quas
3714 5027 3905 5081 modo

2180 5118 2864 5184 audistis,curatiouibus
2888 5119 3233 5190 languorum
3249 5118 3659 5189 corporalium.
3678 5120 3754 5169 Ue
3782 5115 3905 5171 isto

2179 5211 2332 5265 enim
2348 5209 2443 5279 qui
2465 5209 2703 5280 triginta
2725 5215 2781 5264 et
2805 5216 2934 5266 octo
2959 5226 3141 5265 annos
3172 5209 3419 5264 habebat
3442 5211 3500 5265 in
3526 5208 3905 5272 inﬁrmitate,

2179 5307 2234 5358 et
2266 5301 2473 5356 Christi
2507 5299 2680 5355 verbo
2715 5304 2956 5355 sanatus
2995 5304 3100 5368 est,
3139 5306 3272 5355 nata
3303 5308 3388 5354 est
3433 5299 3610 5369 huius
3656 5298 3905 5354 occasio

2181 5395 2294 5445 tota
2319 5391 2608 5445 sermonis
2634 5395 2722 5444 :et
2755 5395 2985 5461 propter
3016 5391 3122 5445 hoc
3146 5389 3426 5444 Dominus
3457 5389 3647 5444 dicere
3662 5389 3902 5455 potuit:

2179 5482 2382 5550 Majora
2414 5481 2497 5535 his
2517 5480 2907 5536 demonstrabit
2925 5485 2975 5536 ei
3003 5497 3190 5552 opera,
3217 5485 3273 5534 ut
3291 5497 3380 5537 vos
3409 5482 3714 5536 miremini.
3733 5481 3824 5535 Su
3837 5498 3908 5536 nt

2179 5569 2331 5626 enim
2391 5586 2564 5640 opera
2625 5571 2845 5641 majora
2902 5586 3076 5641 quam
3113 5571 3240 5639 ista,
3277 5576 3333 5625 et
3363 5571 3794 5626 demonstrabit
3829 5587 3908 5626 ea

2183 5661 2350 5715 Pater
2373 5659 2535 5716 Filio.
2553 5660 2676 5718 Non
2702 5661 3140 5728 demonstravit,
3165 5666 3438 5733 tanquam
3469 5665 3536 5719 de
3553 5661 3855 5734 preterito
3886 5681 3903 5731 ;
