4126 6194
230 235 374 297 1545

228 371 317 427 sed
349 369 765 441 demonstrabit,
788 370 860 426 de
883 368 1099 435 futuro,
1129 366 1239 423 hoc
1270 369 1379 433 est,
1417 366 1922 422 demonstraturus

224 466 317 518 est.
354 458 573 514 Rursus
604 459 861 515 difficilis
892 457 1073 513 oritur
1104 457 1366 529 quaestio.
1393 458 1494 510 Est
1516 458 1671 509 enim
1697 453 1919 525 aliquid

223 550 365 624 apud
383 551 619 609 Patrem
635 552 782 620 quod
802 548 941 604 Filio
958 548 1213 603 nondum
1233 548 1634 601 demonstratu
1648 544 1821 598 msit?
1837 548 1920 598 est

218 642 424 713 aliquid
441 642 599 714 apud
614 640 841 695 Patrem
858 637 1007 709 quod
1023 636 1212 690 adhuc
1229 631 1919 703 IatebatFilium,quando

218 734 324 789 ista
354 733 538 789 Filius
570 729 951 803 loquebatur?
980 728 1038 782 Si
1062 726 1217 781 enim
1241 723 1659 788 demonstrabit,
1688 724 1793 777 hoc
1808 732 1920 792 est,

216 823 721 878 demonstraturus
752 823 877 885 est;
912 817 1173 871 nondum
1205 813 1659 879 demonstravit;
1686 816 1741 866 et
1774 808 1919 865 Filio

218 906 868 967 tuncdemonstraturus
881 911 983 971 est,
1003 906 1237 977 quando
1251 904 1449 960 etistis
1465 920 1477 958 :
1494 901 1919 973 sequiturenim

216 1005 265 1057 ut
296 1018 389 1057 vos
417 1001 725 1057 miremini.
758 999 821 1053 Et
863 996 970 1052 hoc
1002 996 1237 1050 difﬁcile
1269 1002 1355 1050 est
1385 995 1598 1059 videre,
1634 992 1919 1062 quomodo

214 1095 481 1162 tanquam
494 1086 888 1160 temporaliter
902 1086 1043 1141 Filio
1057 1088 1337 1140 coeterno
1351 1082 1546 1153 aliqua
1559 1080 1923 1136 demonstrat

213 1188 457 1238 aeternus
488 1183 674 1245 Pater,
708 1178 907 1233 omnia
937 1175 1141 1231 scienti
1165 1192 1290 1246 quae
1311 1180 1446 1229 sunt
1480 1172 1631 1243 apud
1667 1171 1916 1225 Patrem.

275 1273 331 1326 5.
370 1272 509 1335 Qum
540 1276 679 1326 sunt
711 1274 906 1324 tamen
942 1267 1046 1320 illa
1080 1266 1301 1336 majora
1332 1263 1359 1319 ‘t
1409 1264 1524 1319 Hoc
1572 1262 1727 1317 enim
1782 1262 1923 1314 torte

214 1363 373 1421 facile
406 1370 498 1418 est
531 1360 868 1431 intelligere.
891 1359 1049 1413 Sicut
1080 1359 1226 1411 enim
1247 1358 1430 1421 Pater,
1456 1352 1669 1425 inquit,
1698 1354 1923 1406 suscitat

213 1461 475 1519 mortuos,
510 1456 557 1507 et
598 1450 871 1519 vivi/ient;
908 1451 986 1501 sic
1032 1450 1082 1502 et
1131 1447 1304 1501 Filius
1340 1460 1469 1515 quos
1519 1442 1918 1511 rultvimﬁcat.

214 1543 434 1613 Majora
455 1558 595 1613 ergo
617 1544 754 1595 sunt
776 1554 951 1607 opera
970 1544 1228 1591 mortuos
1251 1536 1555 1598 suscitare,
1593 1548 1771 1603 quam
1800 1533 1919 1583 Ian-

213 1633 422 1707 guidos
453 1646 678 1687 sanare.
712 1629 819 1685 Sed
850 1630 993 1683 sicut
1024 1617 1245 1681 suscitat
1266 1626 1431 1680 Pater
1475 1632 1715 1678 mortuos
1737 1628 1788 1677 et
1838 1622 1923 1676 vi—

211 1726 418 1794 viﬁcat,
447 1724 529 1778 sic
555 1728 607 1777 et
625 1720 802 1777 Filius
821 1734 952 1791 quos
979 1718 1091 1773 vult
1112 1718 1369 1786 viviﬁcat.
1400 1715 1555 1771 Alios
1578 1728 1713 1785 ergo
1733 1712 1919 1777 Pater,

215 1815 354 1871 alios
388 1812 571 1867 Filius
602 1811 629 1865 ?
680 1809 786 1866 Sed
832 1806 1030 1863 omnia
1070 1823 1171 1878 per
1220 1807 1455 1877 ipsum:
1518 1804 1675 1875 ipsos
1729 1801 1922 1870 itaque

214 1890 415 1970 Filius,
446 1918 594 1972 quos
625 1908 677 1956 et
710 1900 911 1962 Pater;
950 1896 1086 1969 quia
1116 1914 1229 1952 non
1264 1896 1403 1961 alia,
1439 1910 1544 1950 nec
1577 1892 1765 1960 aliter,
1817 1891 1918 1947 sed

212 1995 323 2049 hac
355 1998 410 2046 et
445 1992 617 2049 Filius
637 1988 896 2045 similiter
934 1988 1087 2055 facit.
1126 1987 1208 2039 ita
1260 1985 1428 2056 plane
1479 1981 1923 2052 intelligendum

212 2085 313 2148 est,
349 2086 414 2137 et
462 2082 541 2143 ita
589 2077 956 2133 tenendum:
1017 2075 1112 2129 sed
1159 2076 1507 2129 mementote
1562 2072 1698 2141 quia
1744 2070 1922 2124 Filius

213 2190 335 2245 quos
360 2172 487 2227 vult
519 2167 775 2238 viviﬁcat.
811 2168 1029 2222 Tenete
1061 2165 1149 2220 his
1188 2180 1324 2234 ergo
1370 2180 1480 2218 non
1525 2161 1716 2216 solum
1762 2165 1920 2231 pote-

212 2266 425 2317 statam
462 2258 611 2325 Filii,
635 2272 836 2312 verum
859 2255 1032 2311 etiam
1059 2254 1444 2309 voluntatem.
1475 2252 1542 2306 Et
1563 2250 1743 2305 Filius
1776 2265 1922 2320 quos

214 2350 323 2405 vult
352 2348 631 2415 viviﬁcat,
667 2354 716 2400 et
750 2349 923 2400 Pater
950 2359 1094 2415 quos
1146 2342 1269 2398 vult
1316 2342 1602 2408 vivificat;
1642 2334 1716 2394 'et
1762 2340 1921 2410 ipsos

216 2441 391 2495 Filius
423 2454 571 2510 quos
592 2441 649 2491 et
678 2437 847 2491 Pater
881 2451 894 2489 :
927 2450 991 2490 ac
1014 2450 1116 2505 per
1140 2434 1244 2488 hoc
1276 2432 1477 2487 eadem
1504 2430 1691 2485 Patris
1713 2432 1771 2483 et
1793 2427 1921 2483 Filii

214 2536 262 2587 et
288 2534 558 2603 potestas
588 2530 677 2583 est
698 2531 754 2581 et
782 2524 1071 2581 voluntas.
1105 2524 1247 2588 Quid
1279 2530 1363 2578 est
1395 2537 1529 2593 ergo
1553 2520 1709 2592 quod
1732 2520 1923 2589 sequi-

212 2626 350 2676 tur?
374 2618 563 2690 Neque
608 2617 758 2671 enim
795 2617 959 2671 Pater
991 2613 1203 2683 judicat
1251 2627 1597 2683 quemquam,
1656 2608 1746 2664 sed
1774 2607 1919 2677 judi-

212 2713 353 2765 cium
388 2723 554 2763 omne
582 2705 729 2761 dedit
770 2706 929 2769 Filio,
974 2708 1037 2758 ut
1080 2718 1265 2758 omnes
1298 2702 1653 2771 honori/irent
1686 2698 1918 2758 Filium,

212 2805 345 2854 sicut
378 2797 757 2866 honeri/icant
802 2795 1022 2848 Patrem
1051 2809 1069 2847 :
1103 2792 1255 2863 quod
1298 2793 1379 2845 ita
1427 2792 1745 2859 subjunxit,
1797 2796 1918 2843 tan-

214 2903 380 2959 quam
416 2888 699 2943 rationem
724 2883 971 2938 reddens
991 2882 1304 2953 superioris
1334 2879 1651 2935 sententian
1675 2878 1920 2932 Multum

215 2984 430 3040 movet,
462 2972 672 3029 intenti
702 2976 905 3028 estote.
930 2970 1107 3025 Filius
1131 2986 1275 3042 quos
1307 2969 1431 3024 vult
1452 2968 1722 3035 vivificat,
1757 2967 1923 3021 Pater

217 3082 359 3137 quos
398 3064 524 3119 vult
569 3061 872 3118 vivificat:
923 3059 1101 3115 Filius
1139 3059 1379 3115 suscitat
1436 3063 1717 3125 mortuos,
1768 3056 1922 3111 sicut

209 3156 374 3211 Pater
436 3154 685 3209 suscitat
747 3156 1025 3206 mortuos.
1077 3152 1256 3222 Neque
1296 3154 1445 3205 enim
1502 3152 1668 3204 Pater
1715 3148 1920 3216 iudicat

212 3259 563 3316 quemquam.
597 3242 657 3297 Si
688 3240 983 3311 injudicio
1014 3240 1334 3295 suscitandi
1356 3246 1491 3294 sunt
1510 3239 1747 3305 mortui,
1770 3254 1920 3309 quo-

213 3334 381 3390 modo
418 3333 586 3388 Pater
616 3331 864 3385 suscitat
886 3334 1163 3397 mortuos,
1194 3328 1243 3383 si
1278 3346 1387 3384 non
1431 3328 1658 3399 judicat
1717 3343 1920 3399 quem-

211 3439 381 3493 quam
418 3420 446 3475 τ
474 3423 650 3479 Omne
679 3418 892 3490 quippe
922 3420 1185 3488 iudicium
1216 3418 1368 3474 dedit
1397 3418 1557 3473 Filio.
1582 3419 1644 3473 In
1689 3416 1786 3473 illo
1819 3433 1917 3472 au-

212 3520 320 3569 tem
349 3512 582 3584 judicio
616 3510 977 3567 suscitantur
1007 3510 1259 3577 mortui;
1294 3514 1348 3564 et
1375 3514 1677 3577 resurgunt
1706 3508 1804 3563 alii
1846 3507 1918 3561 ad

214 3604 422 3673 vitam,
456 3601 554 3657 alii
585 3602 653 3655 ad
689 3616 917 3670 pinnam
953 3615 966 3655 :
1012 3600 1164 3673 quod
1214 3603 1400 3654 totum
1453 3601 1501 3653 si
1550 3597 1729 3653 Filius
1764 3598 1917 3668 facit,

217 3696 384 3747 Pater
415 3696 612 3745 autem
646 3690 773 3745 ideo
806 3705 917 3744 non
969 3690 1126 3754 facit,
1177 3688 1313 3760 quia
1355 3693 1523 3743 Pater
1564 3704 1672 3744 non
1708 3688 1921 3755 iudicat

214 3797 561 3852 quemquam,
612 3780 707 3834 sed
752 3794 911 3834 omne
947 3778 1223 3850 judicium
1277 3779 1430 3834 dedit
1477 3777 1637 3845 Filio,
1697 3782 1920 3832 contra-

218 3870 366 3925 rium
392 3870 689 3924 videbitur
716 3869 767 3923 ei
801 3870 954 3939 quod
988 3870 1209 3923 dictum
1242 3872 1351 3934 est,
1376 3868 1527 3922 Sicut
1550 3869 1711 3922 Pater
1738 3868 1939 3921 susci-.

220 3969 297 4015 tat
326 3966 579 4016 mortuos
602 3964 654 4015 et
682 3958 957 4027 viviﬁcat,
989 3961 1069 4014 sic
1097 3970 1149 4013 et
1170 3959 1346 4014 Filius
1362 3974 1491 4031 quos
1510 3962 1625 4015 vult
1657 3958 1917 4027 viviﬁcat.

221 4048 409 4104 Simul
438 4064 575 4120 ergo
607 4049 913 4103 suscitant.
945 4048 1001 4102 Si
1034 4046 1206 4102 simul
1232 4050 1543 4113 suscitant,
1577 4046 1753 4101 simul
1777 4046 1923 4100 vivi-

222 4138 414 4195 ﬁcant.
449 4138 637 4194 Simul
665 4138 1124 4209 ergojudicant:
1174 4141 1462 4208 quomodo
1495 4138 1687 4209 itaque
1726 4153 1921 4192 verum

222 4234 325 4294 est,
385 4229 567 4299 Neque
604 4229 756 4282 enim
787 4229 957 4282 Pater
994 4226 1207 4295 iudicat
1248 4243 1593 4298 quemquam,
1641 4227 1734 4282 sed
1773 4242 1931 4283 omne

220 4318 490 4384 iudicium
537 4318 684 4372 dedit
737 4317 930 4372 Filio?
982 4318 1247 4373 Moveant
1312 4317 1545 4373 interim
1615 4318 1926 4390 propositae

224 4407 593 4478 questiones,
628 4406 926 4476 praestabit
957 4405 1240 4462 Dominus
1264 4411 1331 4461 ut
1374 4407 1576 4463 solutae
1624 4406 1927 4463 delectent.

223 4496 304 4549 lta
335 4499 448 4564 est,
485 4497 730 4561 fratres;
762 4496 952 4550 omnis
983 4496 1226 4568 quaestio
1261 4496 1368 4549 nisi
1404 4496 1690 4551 intentum
1739 4498 1934 4551 fecerit

225 4585 539 4656 proposita,
594 4601 706 4639 non
754 4584 1066 4640 delectabit
1117 4585 1398 4655 exposita.
1458 4586 1749 4657 Sequatur
1795 4600 1933 4655 ergo

225 4672 349 4744 ipse
379 4672 690 4741 Dominus,
723 4689 795 4728 ne
826 4674 969 4729 forte
1007 4673 1067 4727 in
1101 4674 1173 4729 iis
1206 4690 1329 4743 quas
1361 4674 1675 4740 subnectit,
1720 4674 1937 4744 aperiat

225 4763 699 4834 sealiquantum.
728 4764 990 4818 Subtexit
1021 4765 1177 4819 enim
1212 4764 1411 4819 nubilo
1442 4764 1629 4820 lucem
1660 4781 1822 4819 suam
1843 4785 1856 4832 ;
1881 4768 1937 4819 et

228 4852 463 4907 difﬁcile
493 4859 582 4909 est
611 4853 818 4922 aquilae
850 4868 1008 4908 more
1038 4854 1231 4907 volare
1262 4870 1438 4923 super
1469 4869 1705 4907 omnem
1752 4854 1937 4906 nebu-

228 4941 340 4996 lam
364 4958 476 5011 qua
510 4944 725 5012 tegitur
754 4943 943 4997 omnis
974 4947 1127 4998 terra
1154 4944 1346 5014 (Eccli.
1378 4960 1529 5011 XXIV,
1554 4944 1633 5010 6),
1667 4950 1719 4997 et
1750 4942 1938 4999 videre

228 5028 286 5082 in
319 5031 510 5085 verbis
548 5031 776 5085 nomini
808 5031 1263 5087 sincerissimam
1297 5032 1506 5088 lucem.
1531 5032 1613 5087 Ne
1636 5032 1779 5087 forte
1800 5048 1937 5103 ergo

228 5118 421 5175 colore
440 5120 741 5176 radiorum
766 5137 1004 5177 suorum
1028 5121 1297 5177 discutiat
1324 5121 1629 5193 caliginem
1651 5128 1935 5184 nostram.

228 5213 283 5262 et
316 5210 687 5281 aliquantum
704 5211 836 5266 sein
866 5212 1366 5283 consequentibus
1392 5212 1617 5284 aperire
1640 5214 1936 5284 dignetur,

228 5296 427 5353 dilatis
460 5299 589 5354 istis
620 5300 921 5370 sequentia
960 5301 1278 5356 videamus.

298 5387 355 5441 6.
393 5388 497 5456 Qui
516 5404 625 5443 non
658 5388 979 5459 honoriﬁcat
1002 5390 1231 5454 Filium,
1254 5406 1362 5446 non
1380 5391 1700 5463 honoriﬁcat
1723 5393 1940 5449 Patrem

233 5477 334 5547 qui
368 5480 515 5533 misit
546 5478 731 5532 illum.
765 5478 882 5533 Hoc
914 5495 1115 5534 verum
1147 5485 1235 5536 est
1256 5486 1311 5535 et
1345 5482 1580 5553 planum
1624 5492 1725 5539 est.
1768 5483 1941 5540 Omne

234 5566 455 5637 quippe
477 5566 753 5637 judicium
783 5566 929 5623 dedit
949 5568 1119 5635 Filio,
1150 5571 1303 5627 sicut
1331 5589 1507 5643 supra
1533 5574 1703 5642 dixit,
1726 5582 1785 5629 ut
1828 5590 1941 5631 om-

568 5694 837 5758 Pa'raos.
880 5695 1117 5760 XXXV.

1442 227 1905 291 TRACTA'I‘US
1948 227 2106 288 XIX.
2154 228 2410 291 CAPUT
2461 231 2534 291 V.

3586 232 3744 296 1546

2033 387 2124 428 nes
2192 373 2544 444 honoriﬁcent
2586 379 2819 446 Filium,
2871 379 3013 436 sicut
3067 382 3431 452 honoriﬁcant
3494 386 3738 444 Patrem.

2030 459 2173 522 Quid
2206 460 2255 517 si
2288 463 2665 522 inveniuntur
2694 470 2791 539 qui
2816 472 3037 524 Patrem
3072 468 3478 540 honorificam,
3525 479 3582 530 et
3612 492 3727 533 non

2034 548 2415 606 honorificant
2446 554 2655 610 Filium
2688 556 2715 611 ‘2
2755 558 2879 613 Non
2943 562 3146 629 potest,
3188 560 3395 631 inquit,
3438 563 3598 619 fieri:
3634 566 3739 632 Qui

2030 654 2139 694 non
2182 640 2506 711 honori/ient
2552 646 2781 713 Filium,
2833 665 2945 701 non
2992 649 3316 717 honori/iret
3366 651 3589 707 Patrem
3645 653 3741 724 qui

2030 730 2179 783 misit
2211 731 2391 785 illum.
2426 732 2547 787 Non
2580 740 2766 804 potest
2795 752 2930 809 ergo
2964 739 3157 794 dicere
3186 740 3420 811 aliquis.
3467 741 3584 813 Ego
3637 742 3742 799 Pa-

2030 822 2178 875 trem
2214 821 2684 897 bonoriﬁcaham,
2719 829 2857 899 quia
2906 828 3114 884 Filium
3186 847 3298 886 non
3353 847 3649 889 noveram.
3684 835 3742 889 Si

2032 913 2290 969 nondum
2317 915 2526 971 Filium
2551 918 3001 989 honoriﬁcabas,
3026 938 3131 977 nec
3153 926 3376 978 Patrem
3403 924 3746 983 honorifica-

2033 1001 2309 1066 bas.Quid
2327 1008 2975 1066 estenimhonoriﬁcare
2991 1011 3350 1075 Patrem,nisi
3368 1015 3516 1084 quod
3532 1015 3745 1072 habeat

2038 1092 2468 1152 Filium?AIiud
2495 1107 2579 1152 est
2606 1100 2759 1154 enim
2793 1116 2925 1155 cum
2960 1102 3062 1155 tibi
3095 1104 3539 1159 commendatur
3563 1105 3737 1161 Deus.

2032 1184 2166 1252 quia
2183 1183 2336 1239 Deus
2354 1192 2441 1241 est
2456 1205 2468 1254 ;
2484 1192 2541 1241 et
2560 1186 2714 1242 aliud
2733 1196 2822 1243 est
2838 1205 2970 1245 cum
2992 1190 3094 1245 tibi
3109 1194 3746 1260 commendaturDeus,

2034 1272 2171 1341 quia
2197 1272 2365 1329 Pater
2394 1282 2502 1330 est.
2526 1276 2667 1331 Cum
2696 1280 2801 1334 tibi
2825 1280 2958 1349 quia
2990 1280 3138 1335 Deus
3160 1287 3251 1337 est
3279 1286 3745 1355 commendatur,

2033 1367 2258 1417 creator
2288 1364 2392 1419 tibi
2425 1368 2880 1434 commendatur,
2914 1372 3287 1440 omnipotens
3320 1372 3418 1426 tibi
3454 1390 3742 1430 commen-

2034 1451 2474 1523 datur,spiritus
2489 1455 2724 1525 quidam
2742 1460 3747 1529 summus,asternus,invisibilis,in-

2032 1543 2465 1599 commutabilis
2499 1544 2602 1598 tibi
2634 1548 3119 1601 commendatur:
3156 1565 3286 1602 cum
3320 1566 3453 1604 vero
3476 1551 3578 1604 tibi
3604 1553 3743 1623 quia

2036 1628 2204 1685 Pater
2234 1637 2322 1686 est
2349 1634 2809 1701 commendatur,
2844 1634 2987 1689 nihil
3020 1634 3122 1689 tibi
3156 1635 3313 1691 aliud
3340 1653 3515 1707 quam
3548 1642 3606 1693 et
3638 1638 3739 1693 Fi-

2031 1718 2147 1774 lius
2169 1722 2645 1784 commendatur;
2678 1722 2817 1794 quia
2848 1728 3015 1779 Pater
3045 1724 3156 1780 dici
3192 1742 3305 1781 non
3341 1730 3552 1797 potest,
3578 1727 3627 1784 si
3650 1726 3742 1782 Fi-

2032 1807 2173 1863 lium
2207 1826 2321 1865 non
2346 1809 2557 1878 habet;
2590 1812 2741 1868 sicut
2772 1828 2876 1868 nec
2912 1812 3109 1882 Filius,
3143 1814 3191 1869 si
3230 1815 3455 1872 Patrem
3479 1832 3594 1872 non
3630 1816 3744 1873 ha-

2032 1901 2149 1955 bet.
2181 1901 2285 1955 Sed
2338 1917 2410 1957 ne
2458 1902 2605 1957 forte
2655 1906 2885 1958 Patrem
2937 1905 3174 1975 quidem
3226 1905 3576 1964 honorifices
3609 1912 3744 1965 tan-

2032 2005 2206 2060 quam
2227 1991 2761 2060 majorem,Filium
2803 2010 2934 2049 vero
2984 2000 3267 2067 tanquam
3320 1997 3627 2069 minorem,
3679 2003 3745 2054 ut

2032 2082 2193 2135 dicas
2216 2083 2377 2147 mihi,
2398 2082 2723 2139 Honorifico
2749 2084 2999 2151 Patrem,
3025 2086 3144 2140 scio
3168 2088 3322 2142 enim
3348 2091 3497 2160 quod
3534 2089 3741 2145 habeat

2033 2170 2275 2239 Filium;
2299 2183 2351 2225 et
2387 2189 2501 2226 non
2525 2188 2653 2228 erro
2686 2174 2743 2228 in
2766 2174 2955 2229 Patris
2982 2177 3235 2246 nomine,
3268 2193 3379 2231 non
3422 2178 3578 2233 enim
3630 2178 3739 2233 Pa-

2031 2264 2179 2315 trem
2210 2258 2471 2331 intelligo
2504 2260 2629 2315 sine
2662 2261 2824 2330 Filio,
2863 2262 3181 2319 honoriﬁco
3213 2269 3406 2320 tamen
3431 2274 3485 2320 et
3524 2264 3738 2321 Filium

2033 2353 2309 2420 tanquam
2336 2348 2659 2409 minorem:
2696 2350 2932 2421 corrigit
2954 2355 3008 2405 te
3034 2350 3157 2423 ipse
3190 2351 3388 2418 Filius,
3422 2359 3478 2410 et
3507 2360 3742 2411 revocat

2030 2443 2086 2494 te
2116 2440 2337 2507 dicens,
2361 2444 2422 2493 ut
2458 2454 2643 2494 omnes
2673 2439 3030 2509 honoriﬁcent
3050 2441 3280 2510 Filium,
3313 2459 3427 2498 non
3473 2444 3739 2511 inferius,

2032 2530 2132 2586 sed
2163 2531 2297 2583 sicut
2320 2529 2683 2597 honoriﬁcant
2715 2530 2953 2585 Patrem.
2989 2534 3101 2602 Qui
3130 2547 3266 2603 ergo
3305 2548 3417 2586 non
3466 2532 3740 2604 honoriﬁ-

2030 2627 2117 2675 cat
2147 2618 2371 2685 Filium,
2423 2634 2532 2674 non
2581 2618 2902 2689 honori/inut
2941 2620 3164 2674 Patrem
3214 2622 3310 2691 qui
3348 2620 3504 2676 misit
3552 2622 3737 2680 illum.

2032 2714 2165 2782 Ego,
2227 2708 2442 2780 inquis,
2501 2708 2779 2777 majorem
2833 2709 3107 2763 honorem
3168 2708 3295 2764 volo
3362 2711 3499 2766 dare
3553 2711 3739 2777 Patri,

2034 2804 2319 2856 minorem
2356 2800 2519 2855 Filio.
2553 2799 2632 2854 lbi
2677 2800 2833 2855 tollis
2871 2799 3147 2854 honorem
3187 2800 3357 2864 Patri,
3392 2803 3487 2857 ubi
3547 2804 3735 2857 mino-

2034 2906 2151 2944 rem
2186 2890 2290 2943 das
2323 2889 2485 2943 Filio.
2521 2888 2662 2951 Quid
2700 2888 2855 2942 enim
2890 2888 3047 2943 aliud
3083 2889 3185 2943 tibi
3225 2891 3456 2945 videtur
3485 2893 3562 2946 ita
3603 2908 3737 2947 sen-

2030 2979 2217 3042 tienti,
2250 2977 2362 3031 nisi
2396 2978 2531 3047 quia
2563 2981 2728 3031 Pater
2758 2977 3037 3047 aequalem
3072 2979 3183 3032 sibi
3210 2979 3419 3033 Filium
3452 2996 3733 3051 generare

2031 3074 2133 3123 aut
2163 3069 2366 3132 noluit,
2402 3070 2499 3119 aut
2533 3082 2644 3119 non
2679 3066 2893 3136 potuit!
2929 3066 2985 3121 Si
3024 3067 3233 3134 noluit,
3262 3068 3469 3123 invidit
3503 3069 3589 3135 ;si
3623 3087 3738 3125 non

2031 3155 2221 3228 potuit
2266 3153 2495 3209 defecit.
2527 3153 2649 3208 Non
2706 3169 2842 3225 ergo
2891 3153 3048 3209 vides
3093 3156 3230 3225 quia
3274 3156 3357 3211 ita
3414 3158 3739 3226 sentiendo,

2031 3246 2128 3302 ubi
2163 3247 2438 3314 majorem
2465 3245 2737 3299 honorem
2764 3243 2847 3297 vis
2882 3245 3018 3298 dare
3042 3245 3216 3311 Patri,
3250 3246 3332 3301 ibi
3356 3263 3417 3301 es
3435 3253 3735 3303 contume-

2030 3334 2286 3390 liosusin
2323 3332 2583 3387 Patrem?
2607 3331 2849 3386 Proinde
2883 3331 2966 3386 sic
3001 3332 3315 3387 honoriﬁca
3341 3334 3569 3404 Filium,
3595 3352 3737 3401 quo-

2032 3425 2201 3479 modo
2232 3421 2580 3477 honoriﬁcus
2614 3420 2862 3488 Patrem,
2884 3420 2933 3475 si
2981 3421 3069 3477 vis
3096 3421 3475 3478 honoriﬁcare
3524 3431 3577 3479 et
3627 3424 3732 3479 Pa-

2031 3521 2175 3569 trem
2207 3518 2265 3567 et
2299 3510 2529 3566 Filium.

2099 3604 2154 3656 7.
2188 3606 2379 3663 Amen,
2398 3616 2557 3655 amen
2578 3599 2697 3656 dico
2721 3601 2891 3665 vobis,
2916 3602 3049 3671 quia
3066 3615 3165 3670 per
3185 3600 3409 3656 verbum
3431 3618 3616 3657 meum
3637 3620 3740 3658 au-

2029 3696 2127 3764 dit,
2157 3697 2210 3748 et
2238 3692 2407 3746 credit
2426 3693 2480 3746 ei
2499 3690 2595 3762 qui
2622 3690 2771 3745 misit
2792 3707 2897 3755 me,
2926 3690 3086 3745 habet
3107 3690 3277 3746 vitam
3300 3698 3563 3747 internum
3583 3697 3664 3754 :ct
3679 3696 3744 3750 in

2022 3783 2299 3856 judicium
2328 3796 2439 3836 non
2466 3779 2637 3845 venit,
2670 3779 3030 3841 sedtransiit,
3059 3796 3171 3835 nou
3200 3798 3354 3836 nunc
3376 3783 3608 3847 transit,
3643 3784 3745 3839 sed

2023 3876 2150 3945 jam
2184 3872 2414 3927 transiit
2442 3888 2475 3925 a
2505 3880 2677 3926 morte
2705 3872 2763 3924 in
2796 3872 2983 3925 vitam.
3028 3871 3095 3925 Et
3126 3870 3233 3926 hoc
3285 3873 3584 3938 attendite,
3642 3874 3750 3942 Qui

2034 3962 2255 4018 verbum
2286 3976 2468 4016 meum
2499 3959 2657 4015 audit
2690 3975 2709 4014 :
2737 3963 2793 4014 et
2826 3976 2939 4015 non
2973 3960 3136 4025 dixit,
3188 3960 3381 4016 Credit
3412 3961 3593 4029 mihi;
3647 3964 3747 4018 sed

2032 4052 2208 4108 credit
2232 4049 2284 4106 ei
2313 4048 2409 4122 qui
2460 4066 2550 4104 me
2582 4051 2751 4103 misit.
2787 4049 3035 4104 Verbum
3070 4066 3206 4121 ergo
3249 4050 3376 4106 Filii
3424 4051 3642 4119 audiat,
3686 4056 3752 4107 ut

2036 4143 2185 4198 Patri
2221 4142 2437 4197 credat.
2464 4140 2654 4205 Quare
2675 4140 2914 4195 verbum
2946 4139 3105 4194 audit
3137 4147 3326 4207 tuum,
3356 4149 3409 4194 et
3436 4141 3619 4197 credit
3665 4140 3750 4195 al-

2038 4234 2143 4289 teri
2178 4231 2205 4285 ?
2236 4237 2436 4286 Nonne
2456 4246 2590 4285 cum
2622 4230 2861 4285 verbum
2915 4228 3165 4299 alicujus
3216 4228 3513 4295 audimus,
3563 4228 3751 4283 eidem

2038 4323 2279 4379 verbum
2315 4318 2625 4387 proferenti
2679 4318 3004 4383 credimus,
3053 4316 3315 4387 loquenti
3361 4316 3528 4370 nobis
3577 4316 3750 4371 ﬁdem

2042 4408 2557 4466 accommodamus
2590 4406 2617 4461 ?
2637 4405 2779 4470 Quid
2806 4420 2939 4473 ergo
2962 4405 3144 4459 voluit
3165 4404 3378 4470 dicere,
3404 4404 3510 4467 Qui
3528 4404 3755 4459 verbum

2044 4516 2224 4554 meum
2256 4496 2430 4561 audit,
2462 4504 2511 4550 et
2539 4493 2712 4549 credit
2730 4495 2779 4547 ei
2810 4495 2905 4563 qui
2926 4492 3296 4557 memisitme;
3328 4492 3753 4564 nisi,quiaver-

2046 4590 2187 4642 bum
2223 4588 2351 4656 ejus
2384 4590 2472 4638 est
2490 4585 2546 4638 in
2583 4599 2675 4638 me
2697 4581 2725 4636 7
2748 4584 2815 4636 Et
2835 4580 2975 4652 quid
2996 4587 3103 4651 est,
3127 4582 3527 4639 auditverbum
3546 4600 3751 4651 meum,

2045 4676 2183 4741 nisi,
2208 4674 2367 4730 audit
2388 4672 2922 4728 me?Creditautem
2940 4670 2993 4725 ei
3022 4673 3289 4743 quimisit
3321 4689 3440 4729 me:
3472 4674 3749 4745 quiacum

2042 4766 2128 4821 illi
2171 4763 2372 4831 credit,
2434 4764 2607 4819 verbo
2630 4763 2761 4832 ejus
2784 4762 2995 4817 credit:
3029 4778 3162 4817 cum
3186 4768 3381 4819 autem
3414 4764 3587 4819 verbo
3618 4764 3745 4832 ejus

2046 4854 2251 4923 credit,
2287 4853 2430 4908 mihi
2453 4852 2674 4919 credit;
2697 4852 2831 4921 quia
2853 4852 3097 4907 Verbum
3126 4853 3312 4907 Patris
3332 4869 3437 4924 ego
3461 4868 3614 4906 sum.
3640 4851 3755 4904 Pax

2046 4962 2181 5016 ergo
2213 4945 2269 4999 in
2303 4944 2638 5013 Scripturis,
2670 4948 2725 4998 et
2774 4942 2971 4997 omnia
3024 4943 3330 5013 disposita,
3384 4953 3754 5010 nequaquam

2047 5034 2406 5088 rixantia.Tu
2426 5032 2610 5103 abjice
2627 5032 2781 5088 litem
2799 5031 3379 5101 cordistui,intellige
3402 5027 3761 5084 concordiam

2048 5122 2274 5193 Scriptu
2285 5138 2502 5178 rarum.
2526 5122 2818 5194 Numquid
2836 5120 3243 5177 contrariasibi
3263 5119 3479 5174 diceret
3496 5116 3753 5173 veritas?

2118 5214 2169 5267 8.
2208 5213 2311 5279 Qui
2338 5213 2561 5267 verbum
2583 5228 2762 5267 meum
2792 5212 2977 5277 audit,
3008 5216 3057 5263 et
3087 5208 3265 5263 credit
3287 5209 3336 5262 ei
3360 5207 3457 5277 qui
3477 5205 3629 5261 misit
3646 5222 3756 5274 me,

2051 5303 2217 5359 habet
2242 5306 2411 5358 vitam
2439 5312 2742 5358 aeternam:
2788 5307 2839 5356 et
2878 5300 2934 5354 in
2975 5297 3255 5371 judicium
3283 5314 3395 5351 non
3431 5300 3600 5367 venit,
3660 5299 3759 5353 sed

2052 5396 2275 5449 transiit
2312 5411 2345 5447 a
2374 5397 2546 5447 morte
2577 5394 2634 5446 in
2665 5393 2853 5445 vitam.
2900 5387 3246 5445 Meministis
3284 5388 3440 5459 quod
3490 5388 3758 5460 superius

2054 5498 2456 5555 posueramus,
2479 5482 2615 5533 sicut
2640 5478 2779 5551 quia
2798 5481 2964 5534 Pater
2990 5478 3245 5549 suscitat,
3277 5488 3514 5533 mortuos
3540 5481 3591 5533 et
3621 5476 3759 5533 vivi-

2053 5574 2198 5643 ﬁcat,
2232 5571 2313 5626 sic
2333 5578 2385 5626 et
2403 5571 2577 5626 Filius
2617 5585 2748 5643 quos
2771 5569 2885 5625 vult
2916 5567 3179 5637 viviﬁcat.
3215 5567 3423 5640 Incipit
3444 5568 3568 5639 jam
3620 5582 3757 5637 ape-

2953 5693 3522 5777 (Quarante-neuf.)
