4126 6194
339 349 491 411 1547

333 502 450 559 rire
481 513 562 565 se,
596 498 652 551 et
678 491 839 564 loqui
871 491 942 545 de
971 487 1386 545 resurrectione
1418 491 1800 547 mortuorum,
1826 483 1881 535 et
1909 493 2038 533 ecce

326 592 451 662 jam
483 591 794 657 resurgunt
826 578 1061 637 mortui.
1098 577 1203 645 Qui
1222 576 1377 631 enim
1411 572 1632 629 verbum
1653 584 1836 625 meum
1859 566 2033 662 audit,

333 656 384 737 et
412 678 580 735 credit
597 679 648 732 ei
662 656 763 746 qui
784 671 933 727 misit
954 685 1055 735 me,
1080 667 1237 722 habet
1258 666 1424 720 vitam
1440 669 1787 725 aeternam,“
1805 662 1863 713 in
1875 656 2036 731 judi-

332 772 481 826 cium
507 783 616 823 non
647 765 846 820 veniet.
882 760 1067 816 Proba
1098 756 1235 830 quia
1276 754 1608 811 resurrexit.
1640 751 1749 808 Sed
1784 749 2031 814 transiit,

331 858 547 931 inquit,
580 874 613 910 a
642 858 812 910 morte
837 854 893 905 in
925 851 1095 904 vitam
1118 845 1221 910 Qui
1241 842 1522 899 transiit'a
1546 846 1728 895 morte
1748 839 1818 894 ad
1834 838 2032 931 vitam,

334 927 496 1005 nullo
528 944 829 1002 dubitante
856 939 1057 1009 utique
1089 930 1557 990 resurrexit.Non
1587 929 1741 984 enim
1765 927 2038 983 transiret

333 1040 405 1094 de
438 1044 617 1093 morte
637 1035 705 1090 ad
731 1032 934 1097 vitam,
970 1027 1081 1082 nisi
1114 1024 1298 1096 primo
1324 1021 1553 1078 essetin
1588 1024 1794 1085 morte,
1832 1022 1889 1072 et
1922 1033 2035 1079 non

334 1131 491 1184 esset
520 1127 577 1181 in
607 1123 724 1177 vita
757 1138 771 1176 :
804 1134 939 1175 cum
964 1119 1160 1177 autem
1192 1109 1507 1177 transierit,
1539 1112 1681 1175 erat,
1725 1112 1781 1161 et
1802 1107 1938 1173 vita,
1981 1109 2037 1160 et

334 1235 451 1276 non
488 1216 598 1272 erit
627 1214 688 1269 in
737 1214 940 1266 morte.
994 1206 1253 1262 Mortuus
1302 1217 1434 1274 ergo
1494 1202 1636 1265 erat,
1666 1202 1723 1254 et
1780 1195 2034 1252 revixit:

332 1308 603 1382 perierat,
635 1310 687 1359 et
716 1302 985 1357 inventus
1016 1300 1105 1353 est
1138 1296 1316 1382 _(Luc.-
1346 1308 1437 1359 xv,
1497 1290 1609 1361 32).
1652 1288 1742 1382 Ij‘it
1800 1285 2036 1381 proinde

324 1369 452 1462 iam
510 1369 777 1459 quaedam
842 1377 1211 1462 resurrectio,
1270 1369 1973 1462 ethtranseunthomin’es‘
2006 1382 2037 1420 a

332 1448 801 1540 mortquuadam
836 1461 907 1516 ad
939 1459 1255 1531 quamdam
1288 1454 1461 1540 vitam
1482 1469 1509 1540 _:
1539 1469 1591 1540 _a
1622 1458 1811 1540 morte
1832 1448 2040 1540 intide-

329 1550 538 1619 litatis,
568 1530 653 1603 .ad
684 1545 857 1601 vitam
902 1530 1067 1607 fidei;
1117 1556 1149 1594 a
1200 1540 1379 1593 morte
1422 1531 1695 1589 falsitatis
1744 1531 1814 1586 ad
1864 1530 2038 1619 vitam

335 1618 619 1704 veritatis;
655 1653 686 1691 a
709 1635 894 1689 morte
924 1625 1267 1701 iniquitatis,
1300 1625 1371 1679 ad
1425 1622 1602 1678 vitam
1636 1618 1907 1691 justitiaa.
1940 1618 2041 1673 Est

331 1746 466 1802 ergo
499 1732 556 1784 et
586 1727 691 1781 ista
722 1720 988 1794 quaedam
1024 1714 1372 1775 resurrectio
1405 1716 1787 1802 mortuorum.

402 1795 455 1872 ᾗ.
480 1815 709 1887 Aperiat
760 1810 920 1865 illam
974 1805 1222 1879 plenius,
1268 1808 1322 1859 et
1372 1801 1686 1858 dilucescat
1736 1795 1924 1864 nobis,
1979 1800 2040 1851 ut

331 1907 522 1978 coepit.
557 1905 746 1969 Amen,
779 1915 941 1955 amen
970 1897 1090 1953 dico
1120 1895 1292 1960 vobis,
1316 1894 1446 1964 quia
1478 1892 1621 1945 venit
1644 1887 1802 1954 hora,
1825 1890 1874 1941 et
1896 1900 2042 1940 nunc

330 2000 429 2053 est.
465 1994 580 2052 Nos
620 1989 1067 2062 expectabamus
1097 1986 1159 2041 in
1199 1984 1312 2039 line
1362 1979 1842 2038 resurrectionem
1885 1991 2037 2031 mor-

330 2091 565 2144 tuorum
592 2102 608 2153 ;
667 2096 800 2139 nam
833 2080 911 2135 ita
945 2076 1297 2134 credidimus
1328 2088 1341 2129 :
1368 2073 1486 2127 imo
1520 2087 1633 2127 non
1662 2066 2036 2139 exspectaba-

336 2193 492 2247 mus,
525 2175 627 2232 sed
670 2172 841 2246 plane
888 2170 1224 2240 exspectare
1271 2164 1589 2229 debemus;
1644 2174 1823 2232 neque
1879 2157 2036 2213 enim

334 2266 549 2321 falsum
582 2262 875 2319 credimus
902 2258 964 2313 in
993 2257 1108 2312 ilne
1138 2258 1399 2311 mortuos
1422 2252 1871 2307 resurrecturos.
1896 2250 2035 2301 Cum

331 2368 468 2426 ergo
500 2351 671 2409 vellet
702 2349 980 2406 Dominus
1008 2346 1171 2401 Jesus
1199 2343 1500 2398 insinuare
1529 2339 1699 2396 nobis
1719 2337 2037 2409 quamdam

334 2441 819 2500 resurrectionem
843 2441 1204 2493 mortuorum
1221 2436 1353 2489 ante
1374 2430 1856 2487 resurrectionem
1881 2442 2037 2481 mor—

336 2538 572 2591 tuorum
608 2550 623 2600 ;
648 2547 763 2587 non
787 2528 936 2586 sicut
969 2524 1163 2581 Lazari
1194 2524 1371 2595 (Joan.
1389 2537 1467 2591 x1,
1488 2520 1575 2586 43,
1595 2520 1710 2589 Ui),
1732 2518 1820 2574 vel
1839 2515 1945 2571 ﬁlii
1968 2515 2037 2570 il-

339 2625 457 2680 lius
497 2623 680 2678 viduas
705 2622 855 2689 (Luc.
889 2635 965 2683 v1,
1021 2616 1105 2682 14,
1160 2614 1269 2683 15),
1303 2610 1391 2667 vel
1419 2610 1546 2665 filiis
1588 2605 2038 2679 arcbisynagogi

338 2715 527 2785 (Mare.
563 2730 618 2780 v,
651 2712 743 2778 41,
773 2710 883 2780 42),
918 2708 1012 2777 qui
1072 2706 1512 2760 resurrexerunt
1560 2698 1825 2755 morituri
1874 2698 2036 2768 (nam

334 2807 391 2859 et
415 2803 677 2873 ipsorum
711 2801 1076 2854 mortuorum
1110 2793 1373 2864 quaedam
1407 2788 1749 2847 resurrectio
1774 2788 1924 2843 facta
1954 2793 2041 2843 est

335 2895 469 2946 ante
502 2886 983 2946 resurrectionem
1020 2880 1405 2952 mortuorum)
1435 2879 1565 2935 :sed
1590 2879 1741 2935 sicut
1764 2877 1856 2934 hic
1878 2877 2038 2946 dicit,

336 2982 528 3048 Habet,
552 2978 763 3050 inquit,
796 2977 1244 3030 vitamazternam
1265 2988 1277 3025 :
1300 2968 1707 3041 etinjudicium
1737 2984 1846 3023 non
1870 2970 2039 3037 venit,

334 3069 427 3126 sed
458 3068 679 3124 transiit
708 3083 742 3121 a
781 3072 954 3119 morte
984 3062 1053 3117 ad
1109 3061 1298 3116 vitam.
1340 3059 1424 3115 Ad
1474 3074 1649 3129 quam
1684 3058 1858 3112 vitam
1881 3060 1909 3112 ?
1959 3058 2040 3113 Ad

337 3164 636 3217 aeternam.
668 3156 791 3212 Non
810 3170 942 3223 ergo
962 3153 1333 3223 sicutcorpus
1354 3149 1581 3204 Lazari:
1615 3149 1852 3204 transiit
1883 3148 2038 3204 enim

334 3254 391 3307 et
420 3248 518 3304 ille
550 3265 583 3305 a
609 3249 794 3303 morte
816 3242 1060 3315 sepulcri
1088 3242 1158 3298 ad
1202 3241 1380 3296 vitam
1416 3239 1747 3303 hominum,
1781 3239 1880 3294 sed
1925 3254 2040 3295 non

333 3343 630 3407 aeternam,
644 3336 857 3391 iterum
872 3333 1192 3390 moriturus
1210 3347 1222 3397 ;
1243 3329 1622 3386 resurrecturi
1646 3334 1838 3385 autem
1855 3328 1911 3384 in
1929 3329 2043 3385 fine

335 3426 529 3484 saeculi
563 3424 797 3489 mortui,
828 3423 888 3477 in
937 3420 1108 3476 vitam
1160 3424 1434 3475 aeternam
1486 3416 1842 3473 transibunt.
1895 3417 2038 3473 Cum

333 3534 469 3589 ergo
491 3515 661 3572 vellet
689 3512 972 3570 Dominus
1008 3515 1204 3566 noster
1231 3510 1402 3567 Jesus
1433 3508 1719 3573 Christus,
1763 3506 2041 3578 magister

334 3605 605 3673 ccclesiis,
634 3602 894 3657 Verbum
930 3600 1118 3655 Patris
1146 3603 1204 3655 et
1232 3598 1473 3667 Veritas,
1502 3598 1893 3653 demonstrare
1934 3614 2041 3652 no-

332 3697 421 3753 bis
436 3694 754 3768 quamdam
778 3690 1260 3747 resurrectionem
1284 3694 1647 3744 mortuorum
1671 3687 1729 3742 in
1764 3695 2037 3743 aeternam

330 3789 532 3852 vitam,
566 3791 698 3841 ante
722 3783 1202 3840 resurrectionem
1261 3791 1615 3837 mortuorum
1652 3782 1710 3835 in
1767 3788 2037 3836 aeternam

331 3879 511 3931 vitam
539 3890 551 3930 :
591 3875 740 3930 Venit
772 3873 925 3939 hora,
960 3872 1168 3943 inquit.
1216 3872 1299 3925 Tu
1328 3870 1523 3938 procul
1551 3870 1728 3925 dubio
1774 3871 2037 3927 imbutus

333 3966 447 4021 ﬁde
468 3964 913 4020 resurrectionis
946 3963 1156 4029 carnis,
1193 3963 1575 4032 exspectabas
1625 3962 1829 4017 horam
1877 3962 2036 4018 illam

332 4053 469 4109 finis
494 4051 712 4113 szeculi,
737 4051 1139 4120 diemjudicii,
1166 4068 1340 4121 quam
1369 4068 1438 4105 ne
1461 4052 1516 4105 in
1548 4050 1659 4107 isto
1693 4052 1815 4107 loco
1839 4069 2037 4124 exspe-

331 4149 536 4212 ctares,
589 4140 833 4209 addidit,
886 4143 937 4195 et
978 4156 1125 4195 nunc
1163 4146 1261 4194 est.
1309 4140 1469 4203 Quod
1502 4156 1637 4210 ergo
1670 4140 1829 4211 dicit,
1878 4144 2039 4198 Venit

330 4236 489 4303 hera,
528 4251 641 4291 non
676 4233 820 4289 dicit
851 4233 920 4288 de
952 4230 1052 4287 illa
1084 4232 1227 4287 hora
1246 4231 1580 4296 novissima,
1606 4232 1701 4286 ubi
1734 4233 1962 4305 injussu
1985 4240 2036 4290 et

331 4328 393 4382 in
423 4340 545 4381 voce
575 4323 917 4394 archangeli,
948 4328 999 4377 et
1034 4324 1089 4375 in
1126 4322 1254 4376 tuba
1269 4322 1366 4377 Dei
1396 4324 1660 4377 Dominus
1682 4322 1796 4389 ipse
1814 4323 2032 4380 descen-

329 4414 416 4471 det
446 4414 509 4469 de
546 4412 705 4481 cado,
750 4416 799 4467 et
860 4413 1067 4469 mortui
1122 4412 1181 4467 in
1235 4410 1450 4468 Christo
1484 4421 1767 4483 resurgent
1810 4416 2034 4484 primo:

325 4503 518 4560 deinde
547 4520 643 4559 nos
673 4504 913 4558 viventes
944 4501 1041 4574 qui
1071 4502 1276 4573 reliqui
1304 4518 1512 4570 sumus,
1534 4501 1709 4557 simul
1746 4503 2033 4573 rapiemur

326 4612 447 4651 eum
471 4595 596 4651 illis
619 4597 675 4650 in
700 4594 933 4651 nubibus
950 4594 1155 4649 obviam
1177 4595 1389 4650 Christo
1410 4593 1465 4649 in
1486 4610 1635 4662 aera,
1665 4602 1718 4649 et
1731 4596 1804 4649 ita
1822 4612 2036 4667 semper

326 4702 453 4741 cum
487 4687 713 4739 Domino
746 4684 956 4739 erimus
981 4684 1027 4755 (ἰ
1061 4685 1236 4739 Thess.
1272 4702 1347 4751 1v,
1384 4685 1449 4739 15
1477 4692 1529 4740 et
1566 4686 1670 4755 16).
1700 4683 1903 4743 Veniet
1935 4687 2034 4743 illa

326 4776 491 4843 hora,
526 4776 624 4830 sed
660 4791 771 4829 non
804 4780 893 4830 est
927 4792 1099 4830 nunc.
1134 4776 1285 4831 Hora
1309 4792 1438 4831 vero
1481 4775 1591 4830 ista
1622 4793 1751 4848 quas
1791 4778 1887 4845 sit,
1932 4780 2031 4834 ad-

329 4867 575 4925 vertite:
614 4864 770 4923 Venit
802 4866 957 4936 hora,
983 4870 1033 4920 et
1066 4883 1212 4921 nunc
1233 4874 1332 4922 est.
1370 4867 1513 4930 Quid
1542 4867 1595 4920 in
1622 4883 1685 4922 ea
1718 4867 1779 4922 tit
1808 4868 1834 4921 ?
1864 4869 2027 4939 Quid,

324 4957 438 5017 nisi
462 4953 809 5012 resurrectio
844 4961 1204 5011 mortuorum
1236 4956 1264 5009 ?
1294 4955 1362 5010 Et
1400 4954 1586 5025 qualis
1633 4959 1974 5014 resurrectio
2005 4960 2031 5014 ‘l

320 5050 394 5107 Ut
426 5048 527 5122 qui
560 5052 892 5120 resurgunt,
927 5047 984 5102 in
1017 5054 1292 5102 aeternum
1343 5046 1557 5101 vivant.
1601 5044 1717 5101 lIoc
1748 5047 1855 5102 erit
1885 5052 1941 5103 et
1970 5049 2028 5106 in

319 5138 637 5197 novissima
668 5138 828 5195 hora.

392 5230 476 5285 10.
510 5228 657 5294 Quid
686 5226 856 5300 igitur
879 5228 906 5284 ‘l
937 5225 1226 5300 quomodo
1270 5222 1657 5297 intelligimus
1705 5226 1849 5284 duas
1888 5229 2029 5290 istas

321 5316 775 5374 resurrectiones
804 5317 832 5372 ?
860 5315 1156 5389 Numquid
1188 5314 1330 5371 forte
1361 5312 1459 5385 qui
1494 5329 1650 5369 nunc
1694 5329 2025 5390 resurgunt,

320 5410 461 5461 tunc
491 5422 603 5461 non
629 5416 929 5481 resurgant
956 5426 968 5476 ;
1006 5414 1063 5463 ut
1086 5406 1331 5462 aliorum
1362 5405 1634 5460 ﬁatnunc
1656 5413 2023 5482 resurrectio,

319 5493 565 5551 aliorum
597 5495 779 5549 tunc?
807 5499 931 5551 Non
957 5502 1046 5551 est
1075 5498 1172 5552 ita.
1208 5495 1354 5551 Nam
1389 5495 1497 5549 ista
1511 5497 1953 5570 resurrectione,
1978 5503 2025 5557 si

318 5585 473 5639 recte
501 5580 880 5650 credidimus,
910 5584 1333 5640 resurreximus
1364 5600 1378 5650 ;
1412 5586 1469 5637 et
1499 5600 1604 5639 nos
1637 5584 1743 5655 ipsi
1777 5588 1875 5658 qui
1902 5592 2023 5661 jam

317 5669 760 5738 resurreximus,
794 5672 1034 5728 alteram
1072 5675 1129 5729 in
1156 5676 1269 5731 {ine
1300 5674 1782 5733 resurrectionem
1816 5682 2028 5752 'exspe-

1274 308 1724 399 IN‘JOANNIS
1768 330 2295 405 EVANGELIUM,
2347 330 2413 393 s.
2458 331 2890 396 AUGUSTINl

3709 332 3866 396 1M8

2144 475 2390 524 ctamus.
2423 468 2531 524 Sed
2555 470 2611 525 et
2639 482 2796 523 nunc
2827 468 2885 524 in
2907 472 3177 524 aeternam
3203 465 3380 523 vitam
3402 467 3860 537 resurreximus,

2147 556 2276 613 siin
2299 556 2414 611 fide
2438 557 2567 627 ipsa
2584 564 3012 626 perseveranter
3036 573 3340 613 manemus
3361 562 3447 626 ;et
3469 559 3679 615 tuncin
3702 562 3865 615 mter-

2147 662 2281 700 nam
2305 646 2482 700 vitam
2500 661 2899 717 resurgemus,
2916 648 3152 719 quando
3170 647 3407 720 Angelis
3423 648 3869 721 comquabimur

2144 736 2296 804 (Luc.
2330 752 2421 805 xx,
2449 735 2562 807 36).
2590 737 2716 807 Ipse
2746 752 2880 808 ergo
2911 736 3257 809 distinguat,
3289 739 3416 810 ipse
3447 740 3669 811 aperiat
3698 740 3859 811 quod

2143 822 2303 897 loqui
2328 826 2453 881 ausi
2488 841 2698 882 sumus
2732 842 2745 882 :
2781 827 3070 898 quomodo
3106 828 3204 883 fiat
3232 829 3583 885 resurrectio
3614 835 3749 886 ante
3771 846 3862 885 re-

2146 914 2591 985 surrectionem,
2616 931 2729 971 non
2753 915 3002 971 aliorum
3015 920 3072 971 et
3086 915 3355 984 aliorum,
3370 919 3469 973 sed
3493 918 3863 988 eorumdem;

2146 1018 2251 1058 nec
2275 1003 2409 1058 talis
2440 1005 2627 1075 qualis
2660 1003 2879 1075 Lazari,
2904 1007 3000 1061 sed
3024 1005 3085 1059 in
3109 1006 3284 1061 vitam
3311 1014 3607 1064 aeternam.
3627 1008 3866 1078 Aperiat

2145 1092 2338 1165 plane.
2358 1095 3031 1153 Auditedilucescentem
3053 1096 3421 1168 magistrum,
3438 1102 3495 1153 et
3514 1097 3860 1155 illabentem

2145 1184 2419 1240 cordibus
2452 1185 2668 1240 nostris
2691 1185 2873 1241 solem
2898 1192 3196 1253 nostrum;
3233 1202 3349 1241 non
3398 1202 3573 1258 quem
3626 1188 3857 1244 deside-

2148 1280 2275 1328 rant
2293 1274 2445 1329 oculi
2468 1274 2685 1342 carnis,
2705 1275 2804 1331 sed
2832 1275 2923 1331 cui
2949 1279 3198 1331 aestuant
3214 1276 3423 1348 aperiri
3444 1275 3627 1332 oculis
3646 1277 3861 1333 cordis.

2152 1366 2348 1436 Ipsum
2404 1383 2536 1437 ergo
2570 1368 2878 1423 audiamus
2914 1384 2926 1422 :
2958 1370 3145 1436 Amen,
3176 1384 3334 1424 amen
3374 1367 3493 1425 dico
3524 1368 3694 1436 vobis,
3727 1368 3863 1441 quia

2146 1456 2295 1509 venit
2314 1456 2469 1522 hora,
2491 1460 2541 1513 et
2557 1471 2703 1511 nunc
2722 1464 2819 1525 est,
2856 1457 3080 1528 quando
3101 1458 3329 1526 mortui,
3355 1456 3566 1513 'videte
3608 1458 3862 1530 exprimi

2159 1546 2663 1617 resurrectionem,
2696 1546 2920 1617 quando
2973 1547 3179 1603 mortui
3226 1546 3461 1604 audient
3503 1562 3687 1604 vocem
3722 1548 3862 1603 Filii

2148 1635 2262 1702 Dei,
2297 1638 2346 1690 et
2376 1637 2473 1709 qui
2501 1635 2783 1692 audierint
2811 1636 3017 1694 vivent.
3050 1639 3236 1703 Quare
3264 1637 3507 1705 addidit,
3540 1641 3653 1709 Qui
3692 1640 3862 1695 audi-

2147 1726 2293 1781 erint
2314 1725 2493 1783 vivent
2516 1730 2540 1780 .9
2566 1728 2809 1784 Possent
2840 1727 2996 1783 enim
3016 1728 3217 1785 audire
3236 1727 3348 1784 nisi
3371 1728 3628 1785 viverent
3643 1729 3670 1787 ?
3685 1729 3857 1787 Sufﬁ-

2149 1820 2305 1872 ceret
2334 1832 2492 1888 ergo,
2531 1818 2694 1874 Venit
2725 1818 2879 1884 hora,
2913 1822 2966 1872 et
2995 1834 3141 1873 nunc
3159 1825 3260 1885 est,
3293 1818 3511 1890 quando
3531 1820 3736 1875 mortui
3753 1836 3864 1876 an-

2148 1906 2302 1962 dient
2324 1922 2497 1962 vocem
2529 1907 2668 1965 Filii
2690 1908 2799 1963 Dei.
2834 1908 2963 1964 Jam
2988 1923 3094 1963 nos
3118 1907 3579 1979 intelligeremus
3600 1909 3859 1967 viventes

2148 2012 2269 2065 eos;
2304 1997 2537 2068 quando
2569 1998 2683 2053 nisi
2723 1997 2998 2064 viverent,
3039 1996 3239 2053 audire
3262 2014 3377 2053 non
3415 2003 3673 2070 possent.
3707 1997 3858 2069 Non,

2154 2086 2368 2158 inquit,
2387 2087 2522 2158 quia
2540 2086 2739 2143 vivunt
2757 2087 3022 2152 audiunt,
3041 2087 3139 2143 sed
3161 2087 3450 2144 audiendo
3467 2087 3856 2147 reviviscunt:

2151 2175 2412 2243 audient,
2441 2184 2493 2232 et
2510 2177 2607 2249 qui
2626 2176 2905 2233 audierint
2923 2179 3124 2233 vivent.
3140 2176 3286 2244 Quid
3310 2180 3399 2232 est
3419 2191 3572 2249 ergo,
3590 2178 3861 2236 audient:

2154 2265 2289 2333 nisi,
2303 2266 2617 2322 obaudient
2630 2268 2658 2323 ?
2673 2268 2962 2332 Quantum
2993 2268 3147 2323 enim
3163 2266 3412 2339 pertinet
3426 2268 3494 2323 ad
3511 2267 3670 2324 auris
3687 2269 3857 2325 audi-

2156 2362 2296 2423 tum,
2332 2373 2449 2412 non
2479 2372 2683 2413 omnes
2714 2357 2815 2428 qui
2839 2357 3073 2413 audient
3104 2357 3291 2413 vivent
3322 2372 3337 2414 :
3375 2356 3541 2413 multi
3569 2357 3727 2414 enim
3757 2374 3858 2415 au-

2153 2446 2321 2500 diunt
2346 2450 2403 2502 et
2428 2462 2543 2503 non
2566 2448 2845 2515 credunt;
2875 2447 3162 2504 audiendo
3186 2454 3238 2503 et
3271 2462 3386 2503 non
3417 2448 3706 2504 credendo
3740 2465 3857 2504 non

2152 2535 2503 2592 obaudiunt:
2525 2552 2638 2591 non
2659 2535 3021 2593 obaudiendo
3042 2552 3156 2593 non
3174 2538 3609 2609 vivunt.ltaque
3630 2537 3740 2609 hic,
3760 2540 3861 2610 qui

2150 2627 2403 2696 audient,
2437 2625 2581 2683 nihil
2605 2630 2694 2682 est
2723 2624 2877 2681 aliud
2896 2642 3072 2698 quam
3097 2625 3195 2697 qui
3221 2624 3555 2682 obaudient.
3588 2627 3695 2693 Qui
3717 2644 3857 2701 ergo

2151 2716 2542 2781 obaudierint,
2559 2715 2777 2771 vivent:
2796 2716 2937 2771 certi
2961 2715 3099 2785 sint,
3117 2716 3304 2772 securi
3320 2716 3460 2785 sint,
3486 2716 3695 2772 vivent.
3713 2717 3861 2772 Pra-

2151 2804 2376 2861 dicatur
2398 2805 2665 2861 Christus
2686 2804 2942 2861 Verbum
2975 2805 3096 2874 Dei,
3125 2804 3303 2861 Filius
3325 2804 3449 2871 Dei,
3476 2821 3759 2878 perquam
3780 2809 3859 2862 ta-

2150 2900 2242 2952 cta
2256 2900 2395 2952 sunt
2409 2896 2782 2966 omnia,certe
2797 2896 3340 2969 (a)dispensationis
3355 2897 3543 2968 gratia
3558 2904 3860 2971 assumpta

2152 3004 2324 3043 carne
2356 2991 2528 3043 natus
2559 3002 2625 3043 ex
2654 2987 2907 3058 Virgine,
2940 2986 3136 3042 infans
3184 2986 3242 3041 in
3297 3001 3493 3055 carne,
3527 2985 3761 3058 juvenis
3794 2988 3853 3042 in

2152 3092 2344 3144 carne,
2380 3075 2595 3145 patiens
2627 3076 2684 3131 in
2719 3091 2909 3142 carne,
2942 3074 3199 3131 moriens
3233 3074 3291 3129 in
3324 3089 3517 3143 carne,
3542 3090 3860 3148 resurgens

2150 3165 2209 3221 in
2253 3181 2442 3233 carne,
2487 3166 2809 3222 accendens
2860 3165 2919 3219 in
2968 3180 3159 3226 carne,
3208 3165 3555 3237 promittens
3603 3181 3859 3221 resurre-

2151 3255 2403 3310 ctionem
2462 3255 2641 3322 carni,
2696 3254 3039 3327 promittens
3099 3254 3578 3311 resurrectionem
3650 3254 3859 3321 menti,

2154 3347 2331 3403 menti
2363 3351 2495 3403 ante
2527 3364 2779 3417 carnem,
2805 3346 2965 3401 carni
3008 3349 3135 3415 post
3165 3348 3435 3402 mentem.
3473 3346 3579 3410 Qui
3607 3347 3771 3402 audit
3802 3352 3863 3403 et

2151 3438 2391 3493 obaudit
2421 3438 2571 3493 vivet
2604 3454 2618 3495 :
2652 3437 2751 3509 qui
2774 3437 2937 3492 audit
2966 3440 3022 3493 et
3054 3453 3168 3493 non
3187 3436 3443 3504 obaudit,
3484 3437 3541 3492 id
3566 3437 3861 3505 est,audit

2150 3532 2207 3582 et
2236 3527 2581 3593 contemnit,
2613 3527 2775 3583 audit
2807 3530 2863 3583 et
2903 3544 3018 3583 non
3051 3527 3229 3583 credit
3278 3542 3396 3582 non
3455 3527 3625 3582 vivet.
3667 3526 3859 3591 Quare

2150 3635 2262 3674 uou
2301 3618 2443 3673 vivet
2472 3619 2498 3673 ‘t
2528 3618 2674 3685 Quia
2706 3617 3020 3674 nonaudit.
3054 3617 3200 3685 Quid
3229 3619 3337 3684 est,
3371 3633 3484 3674 non
3519 3615 3862 3674 auditiNon

2149 3707 2406 3765 obaudit.
2444 3710 2587 3781 Ergo
2617 3711 2713 3781 qui
2741 3708 3048 3774 audierint,
3082 3710 3281 3765 vivent.

2220 3799 2306 3853 ll.
2340 3801 2586 3855 Attende
2618 3816 2771 3855 nunc
2793 3799 2947 3870 quod
2982 3799 3314 3854 dixeramus
3351 3797 3758 3865 differendum,
3794 3802 3866 3853 ut

2150 3905 2323 3954 nunc,
2350 3890 2398 3946 si
2432 3890 2553 3945 ﬁeri
2588 3890 2864 3962 potuerit,
2896 3888 3209 3961 aperiatur.
3261 3888 3522 3959 Subjecit
3568 3888 3853 3946 continuo

2147 3980 2216 4035 de
2249 3982 2355 4037 hac
2382 3984 2508 4055 ipsa
2538 3980 2971 4038 resurrectione.
3005 3980 3158 4037 Sicut
3186 3983 3333 4037 enim
3354 3986 3525 4037 Pater
3561 3981 3718 4038 habet
3765 3984 3855 4037 vi-

2146 4079 2260 4126 tam
2290 4074 2347 4125 in
2371 4074 2676 4143 semetipso,
2699 4073 2776 4127 sic
2804 4071 2952 4127 dedit
2981 4078 3033 4127 et
3062 4070 3210 4127 Filio
3238 4074 3408 4127 vitam
3430 4071 3654 4128 haberet
3675 4074 3738 4127 in
3766 4089 3854 4128 se-

2144 4164 2391 4233 metipso.
2418 4163 2563 4227 Quid
2587 4166 2696 4228 est,
2722 4162 2879 4217 habet
2899 4163 3072 4217 vitam
3102 4162 3267 4216 Pater
3286 4160 3344 4216 in
3375 4162 3705 4233 semetipso?
3724 4161 3854 4217 Non

2145 4251 2284 4307 alibi
2316 4250 2487 4307 habet
2511 4250 2710 4319 vitam,
2763 4250 2865 4306 sed
2913 4250 2966 4305 in
3001 4251 3337 4322 semetipso.
3386 4249 3589 4308 Vivere
3635 4252 3855 4323 quippe

2145 4358 2318 4397 suum
2354 4342 2410 4397 in
2445 4339 2543 4396 illo
2573 4345 2695 4408 est;
2728 4357 2844 4396 non
2867 4339 3122 4408 aliunde,
3148 4357 3260 4395 nan
3284 4340 3541 4396 alienum
3575 4344 3694 4396 est:
3732 4357 3853 4397 non

2146 4431 2312 4505 quasi
2350 4434 2645 4486 mutuatur
2674 4430 2870 4499 vitam,
2907 4445 3010 4486 nec
3043 4429 3210 4503 quasi
3255 4429 3549 4502 particeps
3602 4429 3665 4485 fit
3696 4430 3851 4504 vitae,

2143 4524 2271 4593 ejus
2304 4522 2427 4576 vitae
2458 4537 2583 4592 quae
2619 4538 2732 4575 non
2764 4524 2847 4577 est
2878 4520 3029 4592 quod
3064 4520 3188 4592 ipse
3221 4536 3234 4587 ;
3269 4519 3371 4577 sed
3402 4519 3561 4576 habet
3588 4521 3755 4576 vitam
3786 4519 3853 4575 in

2140 4616 2443 4683 semetipso,
2478 4615 2540 4666 ut
2572 4612 2692 4682 ipsa
2722 4611 2834 4666 vita
2865 4610 2974 4667 sibi
3009 4612 3083 4666 sit
3109 4610 3253 4683 ipse.
3287 4609 3347 4667 Si
3380 4614 3621 4683 potuero
3653 4609 3852 4668 adhuc

2144 4702 2439 4758 modicum
2480 4700 2617 4772 quid
2654 4700 2787 4755 inde
2833 4700 3045 4766 dicere,
3087 4700 3371 4771 exemplis
3425 4700 3735 4771 propositis
3775 4702 3853 4756 ad

2139 4790 2586 4863 intelligentiam
2620 4795 2869 4845 vestram
2902 4788 3354 4855 informandum,
3392 4788 3637 4846 Domino
3686 4789 3857 4860 adju-

2140 4885 2311 4937 vante
2368 4885 2587 4953 potero,
2640 4884 2696 4934 et
2755 4879 2962 4949 pietate
3011 4878 3359 4935 intentionis
3404 4883 3645 4945 vestrm.
3693 4880 3854 4937 Vivit

2141 4971 2315 5038 Deus,
2351 4969 2487 5024 vivit
2517 4974 2573 5025 et
2604 4968 2798 5023 anima
2831 4985 2844 5025 :
2880 4969 2976 5024 sed
3010 4969 3127 5025 vita
3160 4968 3259 5025 Dei
3294 4968 3686 5027 immutabilis
3730 4976 3847 5039 est,

2140 5061 2265 5115 vitae
2298 5058 2505 5114 animae
2531 5057 2826 5114 mutabilis
2848 5062 2953 5114 est.
2992 5059 3141 5115 Deus
3172 5058 3542 5131 necjproilcit,
3568 5074 3671 5115 nec
3701 5060 3851 5115 deti-

2138 5150 2244 5206 eit:
2276 5150 2373 5205 sed
2399 5156 2483 5204 est
2512 5149 2635 5219 ipse
2658 5164 2887 5219 semper
2908 5147 2965 5204 in
2991 5164 3075 5215 se,
3098 5153 3187 5205 est
3214 5149 3290 5205 ita
3315 5152 3378 5204 ut
3400 5152 3518 5205 est:
3543 5163 3658 5206 non
3677 5148 3853 5207 aliter

2137 5256 2309 5306 nunc,
2354 5237 2519 5295 aliter
2576 5242 2793 5310 postea,
2844 5238 3008 5295 aliter
3051 5242 3240 5295 antea.
3291 5238 3514 5296 Animae
3571 5254 3701 5296 vero
3758 5241 3851 5296 vi-

2135 5334 2213 5396 ta,
2250 5327 2414 5383 valde
2457 5325 2624 5383 aliter
2681 5333 2857 5399 atque
2910 5329 3074 5387 aliter
3113 5346 3126 5383 :
3171 5330 3399 5386 vivebat
3446 5327 3647 5398 stulta,
3706 5329 3853 5386 vivit

2135 5421 2366 5493 sapiens
2398 5434 2410 5485 ;
2442 5417 2671 5473 vivebat
2705 5417 2930 5491 iniqua,
2986 5421 3123 5478 vivit
3161 5422 3321 5492 justa
3355 5437 3367 5476 :
3421 5435 3578 5475 nunc
3634 5420 3847 5476 memi-

2136 5512 2241 5577 nit,
2275 5524 2426 5565 nunc
2449 5506 2853 5576 obliviscitur;
2889 5527 3042 5566 nunc
3062 5510 3253 5577 discit,
3289 5526 3444 5565 nunc
3475 5508 3697 5564 discere
3729 5526 3850 5567 non

2137 5604 2352 5671 potest;
2388 5612 2543 5652 nunc
2594 5597 2783 5668 perdit
2833 5601 2985 5671 quod
3046 5601 3347 5669 didicerat,
3401 5616 3556 5656 nunc
3598 5599 3853 5671 percipit

2196 5690 2274 5751 (a)
2305 5687 2410 5738 Seu
2440 5692 2605 5739 certe.

2872 60 2911 65 Ψ
2924 62 2927 65 '
2940 60 3155 77 ’Ὗνν-ῃιυ
