4146 6186
299 270 454 331 1549

1542 271 2008 334 TRACTATUS
2051 271 2212 332 XIX.
2269 269 2526 330 CAPUT
2571 269 2618 328 l.

3675 279 3703 337 1
3720 278 3839 338 550

293 404 452 476 quod
502 402 1156 460 amiseratzmutabilis
1203 403 1317 460 vita
1364 405 1592 461 animm.
1626 406 1853 463 Etcum
1886 409 2023 464 vivit
2127 407 2329 464 Nonne
2386 406 2706 473 ambulant,
2767 411 3095 477 operantur,
3157 409 3374 480 vident,
3435 413 3706 485 audiunt,
3759 417 3845 474 10--

297 492 499 548 anima
557 492 616 548 in
659 491 991 563 iniquitate,
1045 508 1202 547 mors
1247 493 1374 563 ejus
1415 496 1692 550 estzcum
1728 501 1924 553 autem
1958 499 2023 552 fit

289 585 480 654 justa,
513 582 577 636 tit
626 582 916 652 particeps
965 581 1204 638 alterius
1261 584 1412 647 vitm,
1448 599 1574 653 quae
1614 602 1726 640 non
1760 589 2021 659 estquod

301 675 454 745 ipsa,
487 673 762 743 erigendo
793 688 855 728 se
889 672 1098 744 quippe
1130 673 1204 728 ad
1236 673 1414 728 Dvum
1439 679 1495 728 et
1529 675 1859 731 inhaerendo
1883 678 2020 746 Deo,

2133 501 2395 568 quuntur
2425 504 2477 550 et
2517 495 2702 564 stulti,
2737 500 2793 550 et
2829 495 3012 567 impii,
3062 500 3117 552 et
3155 497 3362 570 injusti
3389 501 3416 554 ?
3445 502 3590 559 Cum
3626 519 3755 562 vero
3785 523 3844 563 se

2132 587 2302 658 erigit
2342 588 2414 641 ad
2447 585 2663 657 aliquid
2727 587 2878 656 quod
2931 587 3056 656 ipsa
3115 605 3228 643 non
3261 594 3368 658 est,
3401 596 3457 645 et
3487 595 3634 660 quod
3669 611 3845 666 supra

2133 679 2319 748 ipsam
2379 681 2570 745 est,et
2631 692 2664 730 a
2721 692 2835 746 quo
2895 676 3020 745 ipsa
3051 683 3158 745 est,
3203 680 3447 752 percipit
3473 684 3843 754 sapientiam,

303 777 374 817 ex
406 762 508 817 illo
543 761 1173 831 justiﬁcatur.Dictum
1197 767 1282 817 est
1305 763 1458 816 enim
1497 781 1508 818 :
1547 763 1879 820 Ονειίιιηιίὶη
1901 783 2024 822 eum
2130 767 2441 836 justitiam,
2479 765 2744 833 pietatem
2782 781 2795 818 :
2830 764 2956 819 sine
3005 767 3215 836 quibus
3248 785 3378 824 cum
3413 778 3583 837 esset,
3619 783 3846 833 mortua

303 854 405 924 qui
434 852 695 921 iustiﬁcat
720 852 974 921 impium,
1005 850 1299 921 deputatur
1327 852 1459 919 ﬁdes
1489 855 1606 922 ejus
1640 854 1716 908 ad
1754 855 2026 925 justitiam

306 943 490 1012 (Rom.
523 958 596 1008 ιν,
623 942 706 1015 5).
737 940 1066 996 Deﬁciendo
1098 943 1168 994 ab
1202 941 1299 997 illo
1333 942 1396 994 fit
1425 942 1641 1012 iniqua,
1679 943 2030 1013 proficiendo

308 1032 381 1086 ad
432 1030 599 1086 illum
664 1031 728 1084 tit
760 1031 941 1101 justa.
975 1029 1176 1085 Nonne
1208 1030 1438 1085 videtur
1469 1032 1568 1084 tibi
1607 1037 1774 1102 quasi
1809 1033 2028 1104 aliquid

310 1120 593 1191 {rigidum
628 1120 746 1191 igni
775 1120 1073 1176 admotum
1104 1122 1436 1186 fervescere,
1467 1129 1756 1176 remotum
1809 1123 1878 1177 ab
1903 1123 2032 1192 igne

312 1210 688 1281 torpescere?
712 1227 902 1265 nonne
934 1209 1163 1264 videtur
1188 1210 1285 1264 tibi
1322 1211 1596 1281 quiddam
1631 1212 2026 1278 tenebrosum,

315 1305 619 1356 admotum
656 1300 766 1354 luci
801 1300 1135 1368 clarescere,
1161 1306 1445 1355 remotum
1472 1299 1646 1356 aluce
1664 1301 2031 1371 nigrescere?

311 1390 455 1445 Tale
489 1389 764 1460 quiddam
789 1395 875 1443 est
900 1389 1118 1455 anima,
1140 1405 1253 1443 non
1279 1387 1389 1443 tale
1411 1389 1628 1460 aliquid
1656 1394 1820 1445 Deus.
1842 1390 2032 1445 Potest

312 1487 372 1536 et
395 1481 574 1535 homo
606 1478 814 1543 dicere,
851 1478 1059 1533 habere
1089 1495 1151 1532 se
1182 1477 1371 1535 lucem
1407 1479 1643 1534 nuncin
1666 1480 1852 1534 oculis
1884 1481 2028 1537 suis.

313 1571 521 1625 Dicant
546 1585 682 1640 ergo
713 1567 880 1640 quasi
917 1568 1167 1639 quadam
1219 1583 1354 1623 voce
1404 1568 1632 1638 prepria
1681 1569 1832 1624 oculi
1868 1569 1950 1624 tui
1985 1568 2030 1623 si

315 1669 563 1733 possunt
601 1676 614 1714 :
651 1659 944 1714 Habemus
977 1659 1163 1713 lucem
1199 1658 1254 1713 in
1281 1658 1450 1714 nobis
1485 1659 2032 1729 ipsis.Contradici-

313 1757 410 1805 tur
447 1767 460 1803 :
505 1748 634 1805 Non
662 1748 888 1820 proprie
936 1747 1134 1802 dicitis
1185 1748 1396 1803 habere
1436 1764 1534 1802 vos
1569 1748 1755 1804 lucem
1787 1749 1846 1803 in
1874 1749 2038 1803 vobis

315 1841 464 1912 ipsis
501 1855 513 1894 :
555 1839 778 1894 habetis
813 1839 1020 1904 lucem,
1055 1839 1157 1892 sed
1190 1838 1247 1891 in
1280 1837 1457 1906 ccelo;
1495 1837 1723 1893 habetis
1750 1837 1964 1905 lucem,
1988 1846 2037 1900 si

314 1933 466 1985 forte
499 1946 611 1984 nox
642 1932 748 1997 est,
783 1928 882 1982 sed
915 1927 973 1981 in
1014 1926 1173 1993 luna,
1202 1926 1257 1980 in
1306 1926 1586 1996 lucernis,
1620 1944 1733 1982 non
1784 1927 1842 1982 in
1875 1927 2038 1983 vobis

313 2020 464 2092 ipsis
502 2036 514 2072 :
552 2017 1354 2087 namclausiamittitis,quod
1373 2019 1552 2088 aperti
1580 2017 2038 2089 percipitis.Non

316 2111 374 2165 in
410 2110 580 2164 vobis
635 2108 777 2177 ipsis
838 2107 1062 2162 habetis
1103 2106 1292 2161 lucem
1331 2122 1343 2161 :
1379 2107 1497 2162 sole
1530 2108 1823 2162 occidente
1850 2112 2039 2164 tenete

318 2202 533 2267 lucem,
565 2198 609 2253 si
634 2198 872 2270 potestis
907 2214 1056 2254 :nox
1088 2201 1197 2263 est,
1229 2202 1288 2254 et
1339 2198 1558 2253 lumine
1591 2202 1874 2254 nocturno
1908 2213 2038 2270 per-

317 2288 626 2358 fruimini;
663 2285 952 2344 subducta
986 2288 1220 2344 lucerna
1252 2292 1443 2344 tenete
1474 2288 1662 2344 lucem
1703 2303 1716 2345 :
1750 2304 1884 2344 cum
1905 2305 2038 2345 vero

316 2386 624 2441 subtracta
672 2382 909 2439 lucerna
970 2383 1028 2437 in
1080 2382 1334 2438 tenebris
1392 2383 1726 2452 remanetis,
1783 2400 1898 2438 non
1942 2382 2040 2437 lu-

318 2493 442 2532 cem
475 2476 534 2530 in
568 2475 732 2530 vobis
763 2474 909 2546 ipsis
968 2474 1214 2530 habetis.
1269 2475 1384 2528 Hoc
1414 2478 1502 2529 est
1533 2489 1669 2545 ergo
1702 2475 1916 2531 habere
1946 2473 2034 2529 lu-

319 2582 447 2622 cem
473 2567 532 2621 in
566 2564 901 2635 semetipso,
933 2580 1044 2618 non
1097 2563 1357 2634 indigere
1404 2563 1534 2618 luce
1564 2579 1630 2619 ex
1660 2562 1862 2618 altero.
1895 2563 2040 2618 Ecce

321 2658 446 2723 ubi,
480 2657 529 2712 si
555 2656 686 2726 quis
710 2654 1016 2725 intelligat,
1044 2654 1303 2708 ostendit
1326 2653 1537 2708 Filium
1562 2652 1840 2723 aqualem
1861 2653 2040 2722 Patri,

321 2748 422 2803 ubi
458 2747 560 2812 ait,
593 2745 746 2800 Sicut
777 2744 932 2800 habet
964 2746 1128 2800 Pater
1157 2747 1332 2799 vitam
1362 2743 1421 2799 iu
1468 2748 1772 2816 semetipso,
1797 2746 1874 2800 sic
1893 2744 2042 2799 dedit

319 2847 372 2895 et
404 2837 544 2893 Filio
594 2840 759 2893 vitam
815 2835 1012 2891 habere
1044 2835 1102 2890 in
1134 2838 1417 2906 semetipso
1441 2854 1459 2890 :
1494 2841 1555 2890 ut
1587 2836 1695 2891 hoc
1726 2837 1915 2890 solum
1950 2835 2038 2888 in-

321 2927 491 2983 terit
528 2927 680 2980 inter
710 2929 940 2980 Patrem
973 2928 1029 2979 et
1057 2923 1289 2992 Filium,
1313 2924 1448 2996 quia
1483 2925 1644 2980 Pater
1667 2925 1837 2979 habet
1863 2925 2040 2977 vitam

323 3018 381 3073 in
414 3018 754 3087 semetipso,
787 3031 962 3086 quam
996 3031 1167 3070 nemo
1207 3015 1256 3069 ei
1292 3016 1480 3082 dedit;
1509 3015 1685 3070 Filius
1717 3020 1910 3070 autem
1944 3014 2045 3070 ha-

336 3109 431 3162 bet
462 3106 642 3161 vitam
675 3106 734 3159 in
767 3104 1104 3175 semetipso,
1139 3121 1314 3176 quam
1347 3104 1513 3159 Pater
1543 3104 1719 3158 dedit.

398 3200 487 3253 12.
522 3197 634 3252 Sed
685 3196 860 3250 etiam
912 3195 1017 3250 hoc
1050 3196 1231 3250 oritur
1267 3193 1502 3265 aliquod
1548 3194 1814 3249 nubilum
1849 3195 2046 3250 discu-

329 3288 618 3343 tiendum.
674 3285 800 3340 Non
853 3284 1214 3352 deficiamus,
1271 3283 1479 3339 intenti
1537 3285 1754 3339 simus:
1827 3301 2047 3356 pascua

327 3378 548 3434 mentis
606 3381 773 3442 sunt,
844 3390 957 3430 non
1009 3373 1406 3439 fastidiamus,
1441 3378 1503 3428 ut
1561 3375 1846 3429 vivamus.
1882 3376 2045 3445 Ecce,

326 3466 551 3538 inquis,
586 3464 782 3519 fateris
809 3463 935 3534 ipse
975 3463 1128 3533 quod
1171 3463 1350 3516 vitam
1385 3462 1524 3518 Filio
1567 3464 1737 3518 Pater
1777 3464 1958 3532 dedtt,
1985 3468 2048 3520 ut

329 3558 542 3613 habeat
571 3570 700 3610 eam
735 3552 969 3625 quidem
1021 3553 1081 3608 in
1120 3553 1456 3625 semetipso,
1489 3553 1640 3610 sicut
1674 3555 1842 3610 habet
1881 3556 2050 3610 Pater

329 3649 508 3704 vitam
546 3647 605 3700 in
638 3644 974 3716 semetipso,
1025 3659 1136 3699 non
1189 3645 1458 3716 indigens
1498 3645 1615 3711 ille,
1650 3662 1762 3700 non
1793 3646 2051 3717 indigeat

333 3743 387 3793 et
428 3739 577 3807 iste;
615 3741 676 3791 ut
706 3735 901 3792 sitille
933 3736 1068 3800 vita,
1105 3734 1177 3790 sit
1219 3740 1274 3790 et
1305 3735 1528 3802 iste;et
1570 3741 1879 3807 utrumque
1910 3752 2048 3793 con-

326 3830 606 3899 junctum
671 3843 789 3881 una
837 3826 975 3892 vita,
1036 3842 1150 3880 non
1191 3828 1351 3892 duae;
1385 3826 1525 3896 quia
1555 3842 1708 3881 unus
1730 3825 1902 3895 Deus,
1935 3844 2050 3883 non

329 3920 441 3974 duo
476 3917 561 3972 dii
596 3933 611 3974 :
645 3920 702 3971 et
732 3916 839 3972 hoc
870 3916 1062 3986 ipsum
1097 3915 1172 3970 sit
1202 3931 1329 3970 esse
1362 3916 1558 3971 vitam.
1593 3915 1889 3979 Quomodo
1919 3933 2051 3987 ergo

333 4007 492 4063 dedit
541 4005 689 4060 Filio
733 4005 912 4060 vitam
962 4005 1321 4061 Pater‘INon
1365 4007 1449 4061 sic
1499 4006 1668 4077 quasi
1717 4011 1851 4062 ante
1881 4007 2054 4064 fuerit

331 4099 516 4152 Filius
564 4096 692 4151 sine
754 4095 892 4163 vita,
934 4099 1106 4164 atque
1157 4100 1218 4150 ut
1261 4097 1475 4151 viveret
1507 4114 1538 4151 a
1570 4097 1735 4152 Patre
1771 4099 2056 4168 acceperit

328 4188 524 4244 vitam
563 4203 576 4241 :
613 4202 745 4240 nam
772 4186 818 4240 si
851 4185 959 4242 hoc
991 4190 1163 4252 esset,
1208 4202 1323 4241 non
1374 4187 1612 4241 haberet
1659 4187 1832 4242 vitam
1868 4188 1926 4242 in
1959 4203 2053 4243 se-

335 4275 613 4348 metipso.
660 4278 800 4329 Ecce
857 4275 926 4329 de
975 4275 1170 4330 anima
1211 4275 1509 4347 loquebar.
1545 4276 1645 4330 Est
1687 4274 1917 4331 anima:
1951 4277 2055 4332 etsi

331 4383 447 4421 non
505 4365 584 4420 sit
640 4365 899 4436 sapiens,
923 4365 1032 4419 etsi
1074 4381 1189 4419 non
1239 4365 1319 4419 sit
1344 4366 1526 4434 justa,
1562 4365 1758 4420 anima
1789 4371 1910 4433 est;
1946 4367 2053 4422 etsi

329 4474 447 4512 non
508 4455 588 4510 sit
641 4454 758 4526 pia,
784 4454 977 4509 anima
1026 4459 1133 4510 est.
1167 4454 1337 4509 Aliud
1373 4454 1456 4509 illi
1489 4472 1623 4527 ergo
1657 4463 1741 4511 est
1780 4473 1907 4512 esse
1930 4458 2054 4512 ani-

333 4563 510 4606 mam,
546 4545 701 4600 aliud
760 4560 890 4600 vero
940 4560 1068 4600 esse
1121 4545 1470 4615 sapientem,
1507 4547 1901 4615 essejustam,
1929 4564 2058 4603 esse

332 4639 515 4709 piam.
553 4636 658 4690 Est
681 4651 817 4704 ergo
850 4634 1068 4704 aliquid
1099 4651 1214 4706 quo
1249 4636 1507 4691 nondum
1528 4644 1610 4692 est
1632 4637 1887 4707 sapiens,
1914 4655 2057 4693 non-

331 4726 471 4782 dum
498 4726 689 4796 justa,
745 4725 1004 4780 nondum
1066 4724 1161 4797 pia
1189 4743 1202 4794 ;
1229 4740 1344 4780 non
1377 4730 1574 4781 tamen
1625 4726 1768 4780 nihil
1802 4732 1909 4793 est,
1942 4743 2056 4782 non

331 4822 534 4872 tamen
571 4812 738 4870 nulla
767 4814 885 4869 vita
913 4817 998 4869 est
1029 4831 1042 4867 :
1081 4830 1213 4869 nam
1263 4831 1328 4869 ex
1381 4815 1656 4885 operibus
1705 4817 2056 4887 quibusdam

333 4906 458 4962 suis
487 4905 746 4962 ostendit
775 4921 836 4961 se
857 4906 1034 4960 vitam
1072 4907 1115 4972 ί,
1147 4904 1256 4960 etsi
1300 4921 1414 4960 non
1448 4921 1510 4960 se
1541 4906 1794 4960 ostendit
1823 4908 2058 4977 sapien-

332 5006 472 5065 tem,
519 4996 700 5068 piam,
745 4996 989 5065 justam.
1035 4993 1158 5056 Nisi
1217 4996 1373 5052 enim
1417 4996 1648 5063 viveret,
1697 5012 1906 5068 corpus
1941 5013 2055 5053 non

333 5093 629 5155 moveret;
688 5085 938 5157 pedibus
983 5102 1279 5158 gressum,
1343 5086 1616 5142 manibus
1674 5103 1844 5158 opus,
1874 5086 2056 5143 oculis

332 5177 645 5247 intuitum,
675 5176 918 5232 auribus
950 5177 1217 5233 auditum
1254 5193 1368 5231 non
1398 5177 1748 5248 imperaret;
1781 5193 1894 5232 non
1926 5193 2056 5249 ape-

330 5269 472 5326 riret
503 5284 569 5323 os
601 5267 672 5322 ad
734 5282 954 5334 vocem,
1006 5266 1264 5338 linguam
1300 5267 1368 5320 ad
1399 5266 1827 5321 distinctionem
1854 5282 2052 5322 vocum

333 5376 452 5415 non
487 5363 764 5414 moveret.
799 5357 900 5411 His
932 5357 1130 5428 itaque
1163 5341 1433 5427 operibus
1469 5358 1657 5411 vivere
1687 5372 1748 5411 se
1778 5357 2050 5421 ostendit,

329 5457 388 5507 et
409 5467 543 5506 esse
566 5448 793 5518 aliquid
817 5449 973 5518 quod
1004 5453 1082 5503 sit
1115 5465 1352 5517 corpore
1379 5448 1589 5502 melius
1615 5451 1742 5502 :sed
1764 5451 2050 5519 numquid

329 5541 424 5597 his
455 5539 761 5612 operibus,
795 5539 1132 5609 sapientem,
1171 5538 1350 5610 piam,
1393 5540 1616 5610 justam
1653 5555 1714 5592 se
1744 5540 1994 5593 Ostendit
2025 5538 2051 5594 ?

404 5636 420 5671 ι
453 5631 541 5682 Er.
576 5629 747 5693 Lugd.
779 5629 914 5682 Ven.
948 5629 1073 5681 Lov.
1123 5643 1241 5694 pro,
1271 5629 1455 5694 vitam,
1497 5628 1693 5686 ferunt.
1726 5628 1916 5680 vivam.
1983 5629 2053 5680 Μ.

2136 860 2278 922 erat,
2315 872 2416 909 nec
2464 855 2641 908 vitam
2690 854 2932 909 habebat
2965 872 3075 927 qua
3120 857 3248 926 ipsa
3299 859 3536 927 viveret,
3577 864 3675 918 sed
3729 881 3847 936 qua

2141 961 2348 1016 corpus
2380 944 2708 999 viviﬁcaret.
2742 944 2910 999 Aliud
2944 950 3032 999 est
3065 948 3216 1000 enim
3258 948 3314 1002 in
3336 950 3532 1007 anima
3553 954 3705 1009 unde
3727 972 3849 1010 cor-

2142 1050 2249 1102 pus
2283 1033 2622 1097 viviﬁcalur,
2650 1032 2806 1087 aliud
2858 1037 3007 1088 unde
3062 1035 3190 1105 ipsa
3234 1037 3574 1098 viviticatur.
3636 1043 3847 1100 Melius

2142 1124 2355 1194 quippe
2387 1133 2670 1193 estquam
2707 1141 2954 1195 corpus;
2991 1129 3090 1181 sed
3144 1129 3350 1183 melius
3397 1146 3571 1200 quam
3603 1134 3727 1203 ipsa
3757 1140 3848 1192 est

2143 1219 2311 1267 Deus.
2375 1217 2472 1267 Est
2529 1230 2662 1283 ergo
2712 1215 2855 1284 ipsa,
2899 1217 3128 1270 etiamsi
3165 1219 3241 1271 sit
3272 1218 3577 1290 insipiens,
3609 1223 3847 1292 lnjusta,

2140 1303 2340 1372 impia,
2403 1302 2515 1356 vita
2559 1304 2838 1373 corporis.
2893 1304 3037 1366 Quia
3074 1321 3202 1359 vero
3247 1309 3358 1362 vita
3393 1311 3520 1379 ejus
3551 1316 3640 1366 est
3672 1312 3848 1384 Deus,

2140 1394 2426 1462 quomodo
2459 1407 2593 1445 cum
2657 1393 2786 1462 ipsa
2834 1400 2920 1447 est
2944 1394 3001 1447 in
3025 1410 3285 1465 corpore,
3319 1405 3548 1464 praestat
3577 1401 3658 1456 illi
3693 1403 3850 1472 vigo-

2141 1500 2286 1546 rem,
2346 1483 2635 1548 decorem,
2698 1483 3103 1549 mobilitatem,
3162 1487 3354 1542 ofﬁcia
3434 1492 3849 1556 membrorum,

2142 1573 2224 1628 sic
2256 1588 2386 1626 cum
2421 1572 2533 1626 vita
2565 1574 2688 1643 ejus
2707 1573 2859 1627 Deus
2893 1574 2948 1628 in
2974 1574 3102 1645 ipsa
3123 1581 3229 1640 est,
3258 1584 3490 1644 impetat
3513 1580 3596 1634 illi
3626 1584 3854 1654 sapien-

2148 1661 2311 1726 tiam,
2373 1662 2665 1732 pietatem,
2722 1663 3042 1731 justitiam,
3077 1665 3441 1722 charitatem.
3521 1670 3696 1725 Aliud
3768 1680 3855 1729 est

2145 1767 2282 1822 ergo
2310 1751 2467 1821 quod
2516 1757 2821 1822 praestatur
2869 1754 3094 1823 corpori
3145 1758 3213 1811 de
3243 1757 3481 1826 anima;
3514 1759 3667 1816 aliud
3698 1762 3853 1833 quod

2147 1844 2456 1912 praestatur
2512 1841 2720 1895 anima:
2764 1842 2834 1896 de
2881 1842 2996 1898 Deo
3033 1858 3046 1896 :
3099 1845 3372 1911 viviﬁcat,
3406 1848 3853 1920 etvivificatur;

2148 1937 2379 1984 mortua
2437 1929 2713 1999 vivificat,
2773 1930 2821 1985 si
2865 1932 2992 2001 ipsa
3052 1949 3164 1989 non
3196 1933 3539 1991 viviﬁcatur.
3580 1939 3856 1995 Veniente

2147 2017 2344 2088 itaque
2375 2019 2547 2074 verbo
2575 2027 2629 2074 et
2660 2020 2851 2074 infuso
2874 2021 3268 2091 audientibus,
3293 2025 3577 2097 factisque
3599 2024 3717 2084 illis
3739 2044 3856 2085 non

2146 2107 2336 2163 solum
2369 2109 2760 2179 audientibus,
2795 2111 2891 2166 sed
2922 2112 3095 2167 etiam
3146 2114 3574 2183 obcdientibus,
3609 2118 3859 2190 resurgit

2145 2198 2341 2254 anima
2364 2215 2396 2252 a
2427 2203 2610 2254 morte
2666 2217 2773 2255 sua
2820 2202 2891 2255 ad
2924 2201 3098 2257 vitam
3131 2219 3326 2271 suam;
3361 2206 3469 2261 hoc
3501 2213 3608 2274 est,
3642 2208 3714 2263 ab
3746 2209 3858 2263 ini-

2147 2288 2387 2358 quitate,
2422 2289 2494 2343 ab
2526 2287 2882 2358 insipientia,
2916 2290 2986 2345 ab
3010 2291 3309 2362 impietate
3340 2295 3409 2348 ad
3444 2294 3628 2352 Deum
3661 2313 3857 2368 suum,

2145 2377 2245 2449 qui
2276 2382 2365 2433 est
2413 2377 2498 2433 illi
2543 2378 2849 2448 sapientia,
2877 2380 3132 2449 justitia,
3166 2381 3418 2438 claritas.
3453 2385 3667 2457 Surgat
3696 2387 3765 2442 ad
3788 2388 3859 2443 il-

2145 2469 2289 2535 lum,
2317 2468 2686 2525 illuminetur
2715 2470 2786 2525 ab
2844 2469 2964 2526 illo.
2997 2472 3272 2540 Accedite,
3293 2473 3596 2545 inquit,ad
3624 2492 3769 2532 eam.
3794 2479 3863 2535 Et

2148 2559 2290 2630 quid
2325 2560 2492 2615 nobis
2520 2559 2677 2616 erit?
2707 2562 2772 2615 Et
2801 2559 3221 2617 illuminamini
3267 2564 3446 2631 (Psal.
3479 2568 3768 2636 xxxm,5).
3801 2556 3861 2622 Ξῖ

2149 2665 2280 2718 ergo
2322 2650 2649 2705 accedendo
2688 2649 3129 2714 illuminamini,
3154 2657 3208 2706 et
3239 2655 3558 2708 recedendo
3590 2659 3863 2710 tenebra-

2151 2739 2297 2794 mini
2329 2754 2342 2804 ;
2376 2755 2489 2794 non
2528 2739 2737 2795 eratin
2770 2741 2930 2795 vobis
2973 2741 3166 2795 lumen
3201 2746 3476 2809 vestrum,
3501 2745 3600 2799 sed
3639 2749 3693 2800 in
3745 2746 3861 2803 Deo

2150 2835 2361 2884 vestro.
2402 2829 2686 2896 Accedite,
2722 2835 2786 2885 ut
2841 2832 3195 2900 resurgatis:
3234 2831 3282 2885 si
3326 2835 3703 2900 recesseritis,
3739 2852 3861 2891 mo-

2153 2919 2406 2973 riemini.
2433 2919 2488 2972 Si
2523 2935 2656 2990 ergo
2705 2922 3031 2976 accedendo
3081 2920 3294 2987 vivitis,
3348 2923 3662 2980 recedendo
3697 2927 3866 2981 mori-

2155 3009 2332 3073 mini;
2359 3024 2474 3062 non
2507 3017 2627 3062 erat
2658 3007 2715 3062 in
2750 3009 2912 3063 vobis
2943 3011 3059 3064 vita
3084 3022 3291 3064 vestra.
3313 3010 3440 3081 Ipsa
3461 3019 3547 3068 est
3570 3016 3723 3070 enim
3749 3018 3868 3072 vita

2153 3100 2362 3164 vestra,
2396 3113 2526 3167 quae
2547 3102 2634 3152 est
2665 3096 2762 3151 lux
2793 3103 3000 3153 vestra.
3050 3097 3338 3168 Quoniam
3372 3102 3518 3169 apud
3556 3112 3610 3158 te
3636 3111 3714 3159 est
3743 3107 3867 3173 fans

2153 3189 2307 3251 vitae,
2323 3193 2375 3241 et
2405 3189 2460 3240 in
2482 3188 2692 3242 lumine
2713 3193 2805 3242 tuo
2837 3186 3136 3241 videbimus
3162 3189 3345 3243 tamen
3369 3191 3542 3259 (Psal.
3566 3210 3732 3260 xxxv,
3751 3195 3860 3267 10).

2229 3278 2313 3332 13.
2347 3276 2469 3331 Non
2516 3294 2648 3342 ergo
2699 3277 2853 3332 sicut
2901 3277 3096 3333 anima
3145 3277 3364 3349 aliquid
3401 3281 3555 3337 aliud
3588 3287 3674 3338 est
3705 3293 3865 3338 ante-

2156 3383 2331 3439 quam
2367 3367 2752 3434 illuminetur,
2781 3373 2837 3422 et
2865 3368 2930 3422 ﬁt
2963 3366 3170 3421 melius
3188 3384 3321 3425 cum
3341 3369 3708 3427 illuminatur
3737 3390 3866 3442 par-

2158 3458 2494 3528 ticipatione
2526 3457 2814 3526 melioris;
2876 3459 2956 3514 ita
2988 3467 3046 3515 et
3086 3461 3338 3516 Verbum
3372 3461 3492 3527 Dei,
3525 3460 3707 3516 Filius
3740 3462 3864 3523 Dei,

2158 3547 2374 3617 aliquid
2407 3547 2561 3603 aliud
2595 3553 2718 3603 erat
2749 3554 3060 3620 antequam
3093 3552 3379 3623 acciperet
3407 3551 3604 3619 vitam,
3639 3556 3703 3607 ut
3733 3567 3866 3623 par-

2163 3636 2456 3708 ticipando
2472 3636 2678 3691 habeat
2694 3637 2870 3692 vitam
2890 3654 2903 3693 :
2932 3641 3030 3694 sed
3053 3640 3230 3694 vitam
3256 3639 3432 3695 habet
3447 3639 3504 3695 in
3523 3641 3865 3712 semetipso;

2159 3743 2222 3782 ac
2251 3736 2349 3796 per
2407 3726 2515 3781 hoc
2574 3725 2696 3796 ipse
2744 3732 2832 3782 est
2888 3726 3018 3799 ipsa
3064 3728 3200 3785 vita.
3235 3730 3379 3796 Quid
3415 3745 3552 3803 ergo
3584 3729 3684 3796 ait,
3717 3730 3871 3786 Dedit

2161 3816 2300 3872 Filio
2346 3819 2512 3872 vitam
2573 3815 2773 3873 habere
2829 3819 2886 3872 in
2943 3819 3228 3892 semetipso
3249 3819 3557 3891 {Breviter
3603 3820 3870 3890 dixerim,

2160 3906 2378 3966 Genuit
2408 3906 2634 3962 Filium.
2670 3907 2866 3979 Neque
2887 3910 3041 3967 enim
3075 3915 3201 3966 erat
3241 3912 3366 3966 sine
3397 3911 3533 3979 vita,
3565 3915 3622 3967 et
3651 3912 3872 3985 accepit

2163 3997 2372 4064 vitam;
2425 3998 2525 4052 sed
2569 3999 2860 4053 nascendo
2912 3999 3030 4054 vita
3080 4004 3185 4055 est.
3249 4001 3416 4056 Pater
3455 4001 3572 4056 vita
3616 4010 3698 4057 est
3757 4018 3872 4058 non

2163 4087 2493 4145 nascendo:
2528 4086 2708 4143 Filius
2765 4088 2881 4144 vita
2928 4094 3017 4144 est
3076 4091 3388 4146 nascendo.
3424 4091 3590 4146 Pater
3618 4091 3689 4146 de
3711 4091 3870 4148 nullo

2164 4183 2345 4251 patre,
2383 4176 2560 4233 Filius
2612 4179 2681 4234 de
2741 4179 2853 4234 Deo
2912 4182 3100 4236 Patre.
3136 4180 3300 4236 Pater
3327 4180 3478 4251 quod
3513 4183 3622 4248 est,
3649 4196 3681 4234 a
3713 4180 3874 4236 nullo

2163 4273 2290 4324 est:
2325 4269 2476 4339 quod
2511 4273 2705 4323 autem
2729 4268 2895 4323 Pater
2924 4273 3032 4335 est,
3068 4275 3299 4339 propter
3318 4268 3528 4323 Filium
3560 4273 3667 4323 est.
3694 4268 3874 4325 Filius

2162 4375 2294 4414 vero
2325 4363 2381 4413 et
2414 4358 2567 4428 quod
2602 4358 2783 4412 Filius
2815 4362 2923 4422 est,
2961 4365 3194 4429 propter
3219 4361 3444 4412 Patrem
3478 4361 3567 4412 est
3591 4375 3606 4424 ;
3630 4363 3686 4413 et
3714 4361 3871 4429 quod

2162 4458 2267 4516 est,
2303 4467 2334 4504 a
2365 4449 2533 4503 Patre
2591 4456 2692 4502 est.
2747 4448 2863 4503 Iloc
2913 4463 3049 4517 ergo
3100 4447 3262 4512 dixit,
3306 4448 3479 4501 Vitam
3520 4447 3673 4503 dedit
3711 4449 3870 4516 Filio,

2162 4548 2221 4595 ut
2246 4537 2463 4593 haberet
2491 4553 2613 4592 eam
2643 4537 2701 4590 in
2749 4538 3080 4607 semetipso;
3121 4543 3401 4608 tanquam
3441 4537 3677 4607 diceret,
3710 4540 3875 4595 Pater

2165 4629 2263 4697 qui
2322 4630 2410 4682 est
2457 4626 2574 4681 vita
2631 4625 2692 4681 in
2732 4626 3066 4696 semetipso,
3090 4629 3288 4696 genuit
3339 4626 3549 4682 Filium
3592 4627 3691 4700 qui
3723 4631 3875 4683 esset

2163 4717 2281 4772 vita
2311 4716 2369 4771 in
2401 4715 2734 4785 semetipso.
2768 4715 2875 4770 Pro
2899 4731 2964 4770 eo
2995 4716 3146 4771 enim
3171 4717 3326 4788 quod
3351 4720 3438 4772 est
3458 4717 3679 4789 genuit,
3694 4718 3877 4774 voluit

2164 4805 2406 4876 intelligi
2435 4805 2601 4861 dedit.
2624 4804 2925 4875 Tanquam
2951 4806 2997 4860 si
3031 4807 3304 4878 cuiquam
3335 4806 3681 4874 diceremus,
3713 4808 3877 4861 Dedit

2165 4896 2271 4953 tibi
2301 4896 2454 4951 Deus
2476 4911 2624 4950 esse.
2653 4895 2754 4951 Cui
2778 4894 2982 4951 dedit?
3003 4896 3059 4951 Si
3085 4896 3249 4951 alicui
3283 4899 3402 4965 jam
3431 4895 3696 4950 existenti
3721 4894 3877 4948 dedit

2164 5003 2311 5052 esse,
2345 5001 2458 5042 non
2489 4985 2539 5041 ei
2571 4985 2730 5042 dedit
2761 5001 2922 5052 esse;
2953 4987 3086 5056 quia
3108 4990 3255 5051 erat,
3288 4990 3593 5054 antequam
3622 4982 3672 5037 ei
3705 4982 3876 5038 dare-

2165 5081 2280 5144 tur,
2306 5075 2407 5148 qui
2440 5080 2639 5147 posset
2669 5076 2950 5147 accipere.
2998 5077 3138 5132 Cum
3183 5091 3318 5145 ergo
3351 5072 3543 5139 audis,
3579 5070 3741 5127 Dedit
3769 5072 3875 5127 tibi

2162 5182 2308 5233 esse,
2336 5182 2449 5222 non
2509 5181 2640 5222 eras
2691 5165 2792 5236 qui
2841 5165 3154 5236 acciperes,
3189 5167 3244 5217 et
3274 5160 3571 5217 existendo
3602 5162 3879 5234 accepisti

2164 5262 2226 5313 ut
2255 5273 2438 5313 esses.
2461 5255 2630 5310 Dedit
2660 5260 2910 5309 structor
2940 5254 3137 5310 domui
3172 5252 3285 5306 huc
3309 5255 3373 5304 ut
3395 5254 3563 5306 esset.
3595 5251 3699 5305 Sed
3736 5253 3875 5324 quid

2163 5349 2210 5403 ei
2236 5348 2385 5401 dedit
2413 5347 2439 5398 ‘I
2462 5345 2534 5400 Ut
2557 5347 2767 5398 domus
2785 5349 2959 5398 esset.
2985 5343 3085 5398 Cui
3112 5342 3266 5396 dedit
3286 5342 3313 5396 ‘2
3334 5341 3702 5398 Huicdomui.
3729 5346 3873 5410 Quid

2163 5437 2211 5491 ei
2245 5435 2400 5489 dedit
2425 5433 2450 5486 ?
2474 5438 2541 5486 Ut
2565 5431 2773 5485 domus
2791 5438 2965 5485 esset.
2992 5431 3289 5492 Quomodo
3315 5432 3502 5501 potuit
3526 5431 3662 5486 dare
3681 5435 3882 5506 donari

2164 5537 2223 5583 ut
2254 5528 2461 5580 domus
2505 5519 2702 5576 esset?
2746 5521 2972 5575 Etenim
3018 5521 3068 5576 si
3108 5521 3320 5577 domus
3366 5533 3523 5592 erat;
3575 5522 3665 5578 cui
3699 5526 3878 5597 daret,

2179 5617 2242 5671 ut
2266 5613 2477 5670 domus
2533 5613 2709 5681 esset,
2743 5611 2975 5682 quando
3025 5611 3149 5683 jam
3180 5609 3391 5669 domus
3433 5609 3603 5667 erat?
3630 5610 3774 5675 Quid
3796 5613 3880 5673 est
