4126 6194
364 350 512 412 1551

359 506 512 560 ergo,
548 487 713 545 Dedit
742 488 793 544 ei
828 491 887 543 ut
924 486 1134 542 domus
1174 486 1375 540 esset?
1397 482 1547 538 Fecit
1579 488 1637 536 ut
1659 481 1866 535 domus
1891 480 2060 534 esset.

356 579 503 644 Quid
534 595 672 649 ergo
693 578 837 633 Filio
868 576 1062 632 dedit?
1093 573 1262 630 Dedit
1291 575 1340 628 ei
1372 581 1433 627 ut
1465 570 1643 627 Filius
1672 572 1845 635 esset,
1864 566 2065 639 genuit

358 676 423 725 ut
452 670 567 725 vita
597 672 752 723 esset
781 684 793 721 :
819 667 927 721 hoc
957 670 1067 733 est,
1104 664 1253 718 Dedit
1285 665 1340 718 ei
1368 662 1564 716 habere
1582 662 1757 714 vitam
1789 661 1849 711 in
1873 660 2060 712 semet-

358 764 496 831 ipso,
531 764 595 814 ut
624 763 771 813 esset
828 756 944 811 vita
1000 772 1111 809 non
1173 770 1349 823 egens
1391 754 1525 819 vita,
1559 767 1628 806 ne
1662 748 2062 818 participando

355 851 713 920 intelligatur
742 848 951 901 habere
984 846 1179 899 vitam.
1210 844 1266 899 Si
1292 843 1443 897 enim
1470 839 1866 912 participando
1889 837 2063 891 habe-

355 946 444 996 ret
472 941 672 1008 vitam,
706 943 900 1009 posset
928 946 979 991 et
1012 934 1328 991 amittendo
1358 948 1485 987 esse
1518 932 1641 985 sine
1671 932 1785 984 vita
1818 944 1831 983 :
1868 929 1973 982 hoc
2001 928 2057 980 in

354 1030 498 1085 Filio
528 1045 599 1085 ne
620 1027 891 1097 accipias,
928 1041 995 1079 ne
1035 1025 1272 1093 cogites,
1314 1038 1387 1077 ne
1430 1020 1649 1075 credas.
1694 1019 1881 1073 Manet
1926 1032 2060 1083 ergo

353 1118 520 1174 Pater
544 1119 679 1182 vita,
715 1119 907 1170 manet
940 1118 995 1168 et
1030 1112 1202 1167 Filius
1237 1112 1349 1165 vita
1381 1128 1392 1165 :
1433 1115 1598 1165 Pater
1621 1110 1736 1163 vita
1768 1110 1825 1163 in
1842 1112 2062 1162 semet—

352 1208 501 1279 ipso,
564 1221 680 1261 non
710 1222 744 1259 θ,
774 1203 953 1271 Filio;
1014 1203 1193 1257 Filius
1243 1201 1359 1256 vita
1397 1201 1455 1253 in
1516 1202 1847 1269 semetipso,
1897 1199 1993 1253 sed
2028 1214 2059 1252 a

348 1296 534 1351 Patre.
592 1296 637 1349 A
684 1294 849 1348 Patre
883 1292 1112 1363 genitus
1144 1294 1204 1345 ut
1236 1296 1386 1346 esset
1436 1289 1552 1344 vita
1596 1290 1653 1343 in
1698 1288 2055 1359 semetipso:

344 1386 514 1440 Pater
542 1399 676 1439 vero
720 1399 832 1438 non
865 1382 1093 1453 genitus
1128 1381 1242 1435 vita
1263 1380 1323 1435 in
1355 1379 1689 1449 semetipso.
1723 1378 1838 1433 Nec
1861 1377 2059 1432 mino-

346 1490 467 1529 rem
500 1473 710 1529 Filium
736 1472 959 1543 genuit,
983 1470 1084 1542 qui
1114 1470 1426 1525 crescendo
1463 1470 1626 1524 ﬁeret
1654 1466 2055 1539 aqualisNon

342 1565 498 1620 enim
531 1565 602 1619 ad
644 1564 731 1619 sui
784 1562 1195 1635 perfectionem
1240 1561 1473 1631 adjutus
1516 1564 1605 1615 est
1644 1563 1923 1629 tempore,
1958 1573 2059 1628 per

342 1668 516 1725 quem
564 1652 877 1722 perfectum
921 1653 1111 1704 creata
1170 1656 1304 1703 sunt
1354 1652 1636 1720 tempora.
1670 1650 1816 1703 Ante
1860 1645 2056 1701 omnia

342 1749 607 1813 tempora
639 1741 790 1797 Patri
818 1743 1139 1796 coaeternus
1155 1742 1261 1794 est.
1283 1739 1403 1795 Non
1434 1737 1587 1795 enim
1613 1751 1871 1808 unquam
1890 1735 2057 1790 Pater

340 1832 467 1889 sine
500 1830 640 1887 Filio
670 1849 682 1887 :
719 1832 967 1887 aeternus
999 1836 1187 1884 autem
1224 1828 1387 1883 Pater
1412 1831 1536 1895 est;
1571 1843 1707 1899 ergo
1736 1830 2054 1882 coaeternus

338 1928 392 1976 et
425 1920 620 1975 Filius.
673 1919 818 1985 Quid
860 1922 945 1984 tu,
1001 1916 1243 1973 anima?
1293 1916 1520 1971 Mortua
1576 1932 1724 1980 eras,
1771 1915 2053 1970 amiseras

336 2009 541 2077 vitam,
573 2009 707 2065 audi
733 2008 959 2064 Patrem
993 2023 1092 2078 per
1115 2006 1346 2062 Filium.
1382 2006 1587 2077 Surge,
1618 2006 1807 2077 recipe
1831 2005 2008 2060 vitam
2038 2022 2053 2072 ;

337 2104 401 2156 ut
430 2100 490 2154 in
522 2115 587 2156 eo
637 2099 878 2171 recipias
918 2097 1095 2152 vitam
1138 2112 1312 2169 quam
1356 2114 1471 2152 non
1517 2096 1697 2151 babes
1743 2096 1800 2149 in
1849 2104 1922 2161 te,
1957 2093 2053 2166 qui

336 2190 509 2244 habet
538 2189 715 2244 vitam
744 2188 802 2243 in
835 2188 1169 2259 semetipso.
1224 2186 1491 2242 Viviﬁcat
1521 2202 1653 2252 ergo
1686 2192 1743 2241 te
1774 2185 1962 2253 Pater,
1998 2200 2055 2254 et

332 2278 549 2345 Filius;
583 2282 639 2334 et
669 2277 860 2349 agitur
890 2278 1079 2348 prima
1121 2276 1492 2344 resurrectio,
1522 2276 1758 2347 quando
1795 2273 2052 2344 resurgis

332 2368 403 2424 ad
437 2367 903 2440 participandam
962 2368 1141 2423 vitam
1192 2369 1341 2438 quod
1376 2372 1438 2422 tu
1471 2383 1583 2422 non
1618 2382 1700 2433 es,
1735 2370 1793 2421 et
1815 2365 2051 2438 partici-

330 2459 523 2530 pando
547 2458 801 2514 afﬁceris
840 2458 1053 2514 vivens.
1088 2458 1346 2528 Resurge
1385 2475 1417 2512 a
1450 2462 1634 2512 morte
1652 2461 1750 2511 tua
1783 2458 1837 2511 in
1872 2457 2048 2512 vitam

330 2555 508 2616 tuam,
544 2549 646 2620 qui
678 2554 763 2603 est
815 2548 968 2603 Deus
1012 2552 1181 2617 tuus;
1215 2557 1267 2602 et
1298 2550 1482 2602 transi
1516 2563 1549 2602 a
1572 2552 1753 2602 morte
1777 2548 1834 2601 in
1869 2546 2047 2601 vitam

330 2642 621 2693 internum.
654 2638 835 2692 liabet
863 2637 1015 2692 enim
1048 2636 1222 2690 vitam
1254 2641 1525 2691 aeternam
1559 2638 1729 2691 Pater
1759 2636 1814 2690 in
1852 2651 2045 2691 seme-

332 2726 591 2796 tipso;et
652 2726 765 2780 nisi
819 2726 1026 2782 Filium
1087 2725 1258 2781 talem
1292 2730 1610 2796 generaret,
1662 2726 1761 2797 qui
1809 2726 2048 2781 haberet

330 2815 508 2872 vitam
568 2816 628 2871 in
688 2815 1024 2885 semetipso,
1052 2830 1166 2869 non
1225 2815 1377 2869 sicut
1436 2814 1604 2869 Pater
1626 2815 2044 2873 suscitatmor-

332 2909 464 2962 tuos
521 2909 578 2962 et
624 2905 897 2973 viviﬁcat,
930 2908 1011 2960 sic
1046 2909 1102 2959 et
1134 2904 1316 2960 Filius
1340 2921 1482 2974 quos
1500 2904 1669 2961 vellet
1703 2904 2040 2964 viviﬁcaret.

404 2996 488 3051 14.
523 2997 668 3060 Quid
699 3012 836 3068 ergo
877 2997 946 3051 de
991 2995 1092 3050 illa
1123 2996 1544 3053 resurrectione
1576 2996 1868 3067 corporis?
1896 2996 2039 3053 Nam

329 3086 426 3142 isti
457 3088 556 3159 qui
587 3087 831 3143 audiunt
879 3091 934 3142 et
993 3088 1216 3155 vivunt,
1250 3087 1422 3153 unde,
1447 3087 1558 3142 nisi
1618 3086 1925 3156 audiendo,
1957 3088 2044 3142 vi-

326 3179 473 3233 vunt
492 3176 520 3231 ?
550 3177 768 3233 Amicus
799 3177 954 3233 enim
986 3178 1173 3247 sponsi
1200 3185 1305 3232 stat
1325 3187 1374 3232 et
1388 3178 1544 3233 audit
1573 3193 1717 3245 eum,
1748 3186 1798 3233 et
1825 3179 2041 3251 gaudio

325 3267 534 3337 gaudet
551 3277 774 3339 propter
829 3282 1009 3324 vocem
1035 3268 1216 3338 sponsi
1270 3266 1449 3336 (Joan.
1500 3284 1582 3337 ιιι,
1614 3268 1728 3340 29),
1758 3284 1872 3323 non
1907 3284 2039 3339 pro-

324 3364 451 3428 pter
480 3372 676 3414 vocem
736 3374 904 3413 suam
933 3374 946 3425 ;
982 3358 1091 3412 hoc
1148 3361 1257 3426 est,
1292 3358 1716 3430 participando,
1751 3374 1864 3413 non
1914 3360 2040 3415 exi-

321 3449 527 3503 stendo
559 3448 806 3504 audiunt
833 3456 888 3504 et
919 3450 1157 3504 vivunt:
1190 3457 1242 3504 et
1283 3465 1486 3505 omnes
1519 3452 1617 3522 qui
1654 3451 1922 3521 audiunt,
1946 3450 2034 3505 vi-

318 3540 502 3603 vunt;
534 3537 668 3609 quia
699 3553 902 3593 omnes
944 3538 1039 3609 qui
1074 3538 1375 3608 obediant,
1400 3539 1618 3595 vivunt.
1656 3541 1752 3596 Dic
1786 3541 2027 3613 aliquid,

314 3624 581 3695 Domine,
613 3625 784 3682 etiam
818 3627 889 3683 de
919 3627 1340 3684 resurrectione
1365 3630 1573 3685 carnis.
1602 3631 2026 3689 Fueruntenim

312 3716 412 3786 qui
443 3732 571 3771 eam
604 3720 903 3788 negarent,
935 3722 992 3773 et
1046 3716 1303 3773 dicerent
1341 3718 1476 3788 quia
1518 3719 1623 3774 ista
1656 3725 1781 3777 sola
1812 3728 1901 3779 est
1935 3742 2023 3780 re-

312 3806 597 3863 surrectio
658 3824 788 3879 quae
837 3808 902 3862 ﬁt
963 3824 1058 3877 per
1112 3808 1311 3863 ﬁdem.
1371 3810 1549 3880 Cujus
1582 3815 2025 3871 resurrectionis

313 3893 487 3950 modo
530 3894 812 3951 Dominus
854 3894 985 3950 fecit
1019 3898 1648 3967 commemorationem,
1702 3905 1756 3955 et
1788 3900 2014 3957 inﬂam—

310 3984 491 4040 mavit
523 4000 649 4051 nos,
679 3984 818 4055 quia
858 3984 1095 4055 quidam
1130 3985 1147 4019 ¹
1181 3987 1384 4040 mortui
1414 3988 1641 4043 audient
1684 4007 1866 4046 vocem
1895 3994 2026 4047 Filii

311 4075 426 4141 Dei,
458 4078 507 4129 et
538 4076 738 4130 vivent.
762 4073 887 4128 Non
920 4089 1116 4129 eorum
1139 4075 1237 4145 qui
1260 4076 2020 4150 audierintaliimosientur,

304 4170 362 4221 et
392 4164 488 4219 alii
524 4164 713 4219 vivent
744 4184 758 4232 ;
794 4165 891 4219 sed
941 4181 1141 4220 omnes
1190 4167 1287 4237 qui
1320 4167 1602 4223 audierint
1650 4172 1849 4237 vivent,
1884 4177 2019 4245 quia

307 4268 513 4309 omnes
572 4252 674 4325 qui
733 4254 1053 4309 obedierint
1095 4255 1301 4312 vivent.
1354 4256 1491 4312 Ecce
1534 4259 1795 4315 videmus
1827 4278 2019 4317 resur-

310 4344 628 4400 rectionem
654 4345 866 4399 mentis
900 4360 912 4398 :
950 4362 1060 4399 non
1095 4361 1227 4416 ergo
1258 4348 1595 4404 amittamus
1627 4350 1798 4406 ﬁdem
1832 4355 1900 4406 de
1932 4371 2017 4409 re-

308 4432 667 4490 surrectione
698 4433 890 4488 carnis
921 4434 962 4488 9.
999 4435 1067 4489 Et
1092 4436 1204 4490 nisi
1237 4440 1320 4497 tu,
1355 4438 1768 4508 DomineJesu,
1804 4442 2016 4501 dixeris

307 4540 458 4587 eam,
519 4540 693 4593 quem
752 4540 1117 4594 opponemus
1184 4529 1754 4587 contradictoribus?
1802 4533 2016 4591 Omnes

305 4613 451 4667 enirn
485 4618 677 4676 sectis,
712 4629 835 4682 quae
886 4629 947 4669 se
998 4614 1254 4686 aliquam
1290 4618 1625 4688 religionem
1680 4622 2014 4680 hominibus

300 4716 535 4755 nserere
573 4700 595 4733 3
666 4708 1185 4772 praesumpserunt,
1247 4723 1359 4759 non
1426 4718 1783 4774 negaverunt
1843 4714 2008 4769 istam

298 4789 579 4847 mentium
629 4791 1110 4847 resurrectionem
1150 4811 1162 4848 :
1210 4812 1277 4849 ne
1329 4797 1621 4854 diceretur
1669 4802 1770 4867 eis,
1804 4803 1858 4857 Si
1894 4822 2007 4859 non

296 4882 550 4951 resurgit
580 4880 796 4947 anima,
824 4898 1001 4951 quare
1036 4883 1173 4937 mihi
1208 4884 1460 4958 loqueris
1492 4888 1519 4942 ?
1551 4891 1689 4962 quid
1723 4892 1781 4946 in
1818 4912 1906 4948 me
1934 4896 2007 4949 fa-

293 4988 423 5030 cere
454 4971 537 5026 vis
558 4970 585 5025 ?
615 4969 664 5025 si
699 4986 811 5025 non
862 4972 1005 5028 facis
1052 4988 1117 5027 ex
1163 4975 1442 5032 deteriore
1474 4979 1793 5050 meliorem,
1826 5001 2007 5054 quare

290 5063 547 5135 loqueris
568 5062 595 5117 ?
624 5060 670 5117 si
705 5078 818 5116 non
852 5060 998 5116 facis
1030 5078 1098 5118 ex
1122 5063 1319 5136 iniquo
1342 5068 1592 5137 justum,
1615 5086 1790 5141 quare
1814 5073 2006 5146 loque-

289 5153 409 5209 ris?
441 5156 487 5209 si
522 5158 715 5210 autem
751 5152 893 5209 facis
924 5168 992 5208 ex
1023 5153 1491 5227 iniquojustum,
1522 5175 1590 5213 ex
1616 5160 1793 5233 impio
1816 5166 2000 5236 pium,

290 5258 355 5298 ex
387 5244 565 5299 stulto
596 5242 942 5315 sapientem,
978 5244 1174 5300 fateris
1199 5261 1495 5317 resurgere
1518 5250 1762 5307 animum
1793 5270 1999 5326 meam,

292 5331 345 5387 si
418 5332 521 5386 tibi
604 5332 1100 5407 obtemperavcro,
1136 5336 1184 5391 si
1222 5335 1325 5393 tibi
1377 5339 1696 5397 credidero.
1736 5343 2000 5404 Volentes

363 5500 459 5569 {in
494 5504 728 5565 quatuor
758 5505 901 5564 Mss,
938 5508 1164 5569 quidem.

358 5564 1103 5643 2hlt‘lss’.‘lr_nagno_consensu:
1153 5571 1267 5621 Non
1303 5588 1423 5636 ergo
1458 5578 1766 5625 amittamus
1802 5578 1866 5627 de
1893 5580 2001 5643 ﬁde

300 5626 735 5674 resurrectionem
766 5629 957 5676 carnis.

365 5691 383 5723 3
410 5688 495 5739 Sic
514 5688 637 5736 Mss.
667 5688 730 5735 At
745 5689 870 5737 editi
890 5702 901 5735 :
918 5692 981 5737 Se
994 5692 1172 5753 aliqua
1194 5695 1442 5757 crligione
1454 5700 1741 5753 hominibus
1756 5704 1994 5755 inserere.

1320 342 1396 402 ΙΝ
1440 339 1759 403 JOANNIS
1804 337 2333 409 EVANGELIUM,
2384 337 2443 397 S.
2496 338 2923 400 AUGUSTINI

3722 338 3877 399 1552

2174 491 2309 548 ergo
2338 476 2450 532 sibi
2472 476 2627 532 credi
2657 492 2861 533 omnes
2892 477 2991 549 qui
3021 474 3407 533 instituerunt
3427 471 3677 544 alicujus
3706 470 3885 528 etiam

2173 566 2330 622 falsis
2363 567 2658 634 religionis
2685 572 2923 635 sectam,
2948 582 3152 636 negare
3183 565 3356 621 istam
3384 564 3667 620 mentium
3703 579 3897 618 resur-

2174 658 2487 713 rectionem
2524 674 2634 713 non
2670 662 3017 729 potuerunt;
3064 672 3270 713 omnes
3317 657 3385 711 de
3426 653 3526 709 illa
3570 670 3888 710 consense-

2174 752 2308 802 runt
2340 764 2352 800 :
2382 748 2485 802 sed
2511 747 2675 802 multi
2726 751 2918 803 carnis
2960 746 3443 802 resurrectionem
3505 749 3884 815 negaverunt,

2172 839 2446 893 dixerunt
2486 840 2541 893 in
2584 839 2697 893 ﬁde
2741 840 2863 909 jam
2924 839 3131 893 factam
3188 852 3313 891 esse
3373 835 3884 891 resurrectionem.

2172 929 2413 983 Talibus
2445 928 2659 983 resistit
2691 927 3026 997 Apostolus,
3050 928 3248 981 dicens
3284 941 3297 981 :
3332 926 3412 979 Ex
3441 925 3639 997 quibus
3659 934 3738 980 est
3770 927 3889 995 [ly-

2170 1035 2415 1076 menaeus
2443 1024 2494 1075 et
2526 1019 2792 1087 Philetus,
2823 1020 2920 1091 qui
2964 1018 3113 1074 circa
3144 1018 3433 1073 veritatem
3462 1017 3878 1083 aberraverunt,

2167 1109 2404 1165 dicentes
2434 1112 2887 1164 resurrectionem
2908 1110 3033 1179 jam
3060 1114 3268 1177 [actam
3300 1123 3427 1171 esse,
3459 1113 3512 1162 et
3542 1106 3703 1175 ﬁdem
3742 1121 3880 1177 quo-

2170 1200 2422 1255 rumdam
2469 1200 2788 1254 subvertant
2838 1200 2909 1270 (II
2941 1200 3069 1253 Tim.
3104 1215 3166 1265 ιι,
3210 1196 3297 1263 17,
3332 1196 3438 1267 18).
3476 1198 3605 1252 Jam
3663 1196 3871 1251 factam

2168 1306 2296 1346 esse
2334 1290 2813 1345 resurrectionem
2862 1290 3150 1355 dicebant,
3183 1290 3285 1345 sed
3331 1303 3397 1343 eo
3440 1286 3610 1342 modo
3660 1291 3724 1341 ut
3766 1286 3877 1341 alia

2167 1396 2282 1435 non
2314 1388 2641 1451 speraretur
2676 1396 2689 1434 :
2722 1386 2775 1434 et
2807 1379 3308 1449 reprehendebant
3339 1377 3597 1433 homines
3627 1377 3878 1448 quispe-

2168 1470 2375 1524 rabant
2404 1468 2883 1525 resurrectionem
2918 1468 3130 1537 carnis,
3179 1468 3334 1525 velut
3357 1469 3479 1538 jam
3532 1467 3879 1523 resurrectio

2168 1575 2294 1631 quas
2327 1560 2617 1631 promissa
2662 1563 2806 1627 erat,
2852 1558 3143 1614 credendo
3196 1556 3535 1628 impleretur
3566 1556 3625 1611 in
3660 1562 3878 1613 mente.

2166 1648 2555 1720 Reprehendit
2607 1664 2703 1704 eos
2748 1648 3079 1718 Apostolus.
3130 1650 3243 1702 Cur
3300 1663 3399 1703 eos
3452 1644 3879 1718 reprehendit?

2164 1739 2366 1794 Nonne
2396 1738 2505 1794 hoc
2536 1738 2809 1793 dicebant
2830 1738 2980 1807 quod
3014 1737 3185 1792 modo
3209 1735 3873 1808 Dominusloquebatur.

2168 1831 2327 1886 Venit
2358 1828 2516 1897 hora,
2548 1831 2601 1882 et
2630 1844 2779 1882 nunc
2808 1832 2905 1894 est,
2940 1826 3162 1897 quando
3205 1827 3409 1881 mortui
3437 1824 3661 1881 audient
3692 1840 3872 1881 vocem

2162 1920 2292 1974 Filii
2314 1919 2447 1979 Dei;
2503 1925 2555 1974 et
2583 1917 2680 1989 qui
2725 1916 3021 1985 audierint,
3057 1917 3275 1973 vivent?
3299 1916 3407 1972 Sed
3440 1916 3511 1972 de
3559 1917 3675 1972 vita
3705 1930 3874 1971 men-

2164 2009 2310 2064 tium
2341 2008 2549 2080 loquor
2580 2008 2793 2073 adhuc,
2828 2008 2903 2062 ait
2925 2007 3261 2061 tibiJesus:
3296 2005 3784 2078 nondumloquor
3802 2006 3872 2061 de

2160 2100 2273 2153 vita
2332 2114 2683 2170 corporum;
2717 2098 2816 2153 sed
2874 2096 3076 2167 loquor
3115 2097 3187 2152 de
3230 2096 3348 2152 vita
3384 2097 3511 2152 vita:
3533 2113 3871 2169 corporum,

2161 2190 2214 2245 id
2248 2197 2353 2257 est,
2388 2190 2457 2243 de
2500 2189 2851 2255 animarum,
2897 2188 2953 2242 in
3004 2188 3219 2259 quibus
3247 2194 3334 2244 est
3364 2187 3480 2244 vita
3510 2205 3815 2260 corporum
3850 2208 3868 2249 :

2162 2295 2293 2333 nam
2327 2278 2447 2333 scio
2477 2294 2604 2334 esse
2626 2294 2867 2349 corpora
2911 2278 2967 2331 in
3021 2277 3418 2333 monumentis
3441 2278 3714 2349 jacentis,
3747 2278 3869 2335 scio

2161 2372 2218 2424 et
2246 2384 2489 2440 corpora
2520 2375 2708 2423 vestra
2749 2368 2808 2423 in
2846 2367 3240 2423 monumentis
3274 2368 3768 2435 futura;nondum
3794 2369 3869 2424 de

2158 2456 2256 2512 illa
2290 2459 2713 2513 resurrectione
2749 2457 2955 2528 loquor
2987 2473 2999 2510 :
3038 2457 3108 2512 de
3140 2457 3245 2511 ista
3278 2456 3502 2528 loquor,
3536 2459 3592 2512 in
3626 2458 3743 2513 ista
3771 2474 3875 2515 re-

2159 2548 2397 2619 surgite,
2432 2564 2501 2603 ne
2540 2549 2610 2603 ad
2664 2564 2893 2619 pmnam
2928 2546 2986 2603 in
3030 2545 3129 2601 illa
3160 2546 3494 2617 resurgatis.
3527 2547 3637 2603 Sed
3673 2553 3737 2603 ut
3768 2564 3871 2604 no-

2156 2638 2352 2693 veritis
2400 2638 2539 2708 quia
2592 2638 2662 2691 de
2704 2636 2803 2691 illa
2840 2636 3068 2707 loquor,
3119 2636 3259 2708 quid
3311 2636 3502 2692 addo?
3531 2637 3685 2692 Sicut
3714 2640 3871 2694 enim

2156 2728 2313 2783 habet
2358 2729 2522 2783 Pater
2576 2729 2745 2782 vitam
2793 2728 2853 2781 in
2881 2727 3185 2797 semetipso,
3216 2726 3297 2781 sic
3324 2725 3474 2782 dedit
3503 2736 3555 2782 et
3583 2726 3722 2782 Filio
3754 2729 3868 2784 ha-

2155 2820 2277 2874 bere
2305 2822 2473 2874 vitam
2502 2817 2563 2872 in
2592 2816 2899 2889 semetipso.
2929 2817 3057 2873 Haec
3086 2818 3204 2872 vita
3233 2817 3382 2887 quod
3399 2817 3567 2872 Pater
3581 2825 3689 2883 est,
3708 2820 3862 2887 quod

2153 2908 2335 2963 Filius
2364 2912 2472 2976 est,
2505 2909 2575 2963 ad
2626 2908 2767 2980 quid
2798 2908 3091 2979 pertinet?
3120 2905 3193 2961 ad
3223 2906 3503 2971 animam,
3537 2923 3608 2962 an
3636 2909 3708 2963 ad
3729 2925 3865 2965 cor-

2152 3014 2261 3069 pus
2282 2998 2309 3052 ‘t
2337 2998 2461 3053 Non
2495 2998 2648 3053 enim
2681 2997 2857 3053 vitam
2901 2997 3061 3053 illam
3102 2996 3399 3068 sapientiae
3430 2997 3607 3053 sentit
3626 3014 3862 3069 corpus,

2152 3090 2249 3145 sed
2286 3104 2447 3144 mens
2507 3088 2828 3144 rationalis.
2870 3087 3017 3143 Nam
3068 3103 3172 3144 nec
3215 3087 3406 3143 omnis
3443 3088 3637 3146 anima
3670 3094 3869 3160 potest

2148 3180 2364 3236 sentire
2413 3178 2777 3251 sapientiam.
2803 3177 2984 3234 Habet
2998 3176 3152 3234 enim
3173 3180 3225 3232 et
3246 3192 3422 3248 pecus
3443 3176 3702 3234 animam
3721 3196 3738 3247 ;
3756 3183 3862 3234 sed

2149 3270 2371 3342 pecoris
2410 3271 2605 3325 anima
2662 3284 2773 3323 non
2819 3271 3007 3339 potest
3064 3267 3277 3323 sentire
3306 3265 3674 3334 sapientiam.
3710 3268 3861 3340 Ergo
3898 3293 3905 3299 ν

2146 3360 2342 3417 anima
2364 3360 2623 3415 humana
2644 3361 2830 3430 potest
2860 3357 3075 3413 sentire
3094 3356 3263 3411 istam
3286 3354 3460 3412 vitam
3484 3372 3662 3427 quam
3683 3356 3864 3413 habet

2148 3450 2310 3505 Pater
2342 3449 2399 3503 in
2468 3448 2803 3517 semetipso,
2846 3451 2903 3502 et
2959 3446 3117 3501 dedit
3174 3444 3315 3501 Filio
3346 3446 3523 3500 vitam
3548 3445 3757 3503 habere
3793 3450 3857 3503 in

2144 3540 2454 3609 semetipso
2479 3557 2493 3606 ;
2519 3536 2658 3608 quia
2688 3536 2833 3592 illud
2853 3540 2942 3593 est
2972 3552 3160 3591 verum
3181 3535 3362 3590 lumen
3386 3536 3525 3606 quod
3547 3536 3863 3607 illuminat,

2144 3647 2254 3686 non
2288 3644 2520 3684 omnem
2556 3628 2835 3688 animam,
2868 3627 2968 3682 sed
3000 3641 3215 3681 omnem
3242 3623 3517 3680 hominem
3538 3626 3863 3682 venientem

2136 3721 2193 3775 in
2224 3720 2370 3776 hunc
2397 3717 2682 3773 mundum.
2708 3718 2847 3772 Cum
2880 3715 3143 3788 ergoipsi
3170 3714 3348 3771 menti
3378 3714 3857 3788 loquor,audiat,

2139 3811 2193 3867 id
2226 3814 2315 3865 est
2342 3808 2596 3876 obediat,
2629 3812 2685 3862 et
2712 3806 2882 3861 vivat.

2204 3899 2292 3954 15.
2329 3898 2456 3954 Noli
2509 3899 2726 3968 itaque,
2765 3895 3029 3963 Domine,
3072 3898 3261 3951 tacere
3320 3895 3392 3951 de
3419 3895 3853 3954 resurrectione

2134 3990 2327 4047 carnis
2354 4007 2367 4057 ;
2403 4005 2471 4044 ne
2500 4004 2755 4044 noneam
2774 3987 3016 4042 credant
3039 3985 3324 4051 homines,
3356 3994 3411 4042 et
3433 4002 3854 4044 remaneamus

2132 4097 2236 4135 nos
2268 4083 2786 4150 argumentatores,
2810 4093 2922 4131 non
2962 4076 3388 4148 praedicatores.
3425 4076 3567 4145 Ergo
3588 4077 3858 4133 sicutha—

2131 4168 2214 4225 bet
2253 4170 2420 4224 Pater
2457 4170 2623 4222 vitam
2672 4170 2729 4220 in
2760 4166 3070 4237 semetipso,
3100 4167 3181 4220 sic
3208 4164 3352 4220 dedit
3378 4170 3432 4219 et
3462 4165 3603 4221 Filio
3634 4166 3853 4223 habere

2127 4262 2300 4315 vitam
2332 4260 2387 4313 in
2408 4257 2711 4329 semetipso.
2746 4255 3075 4327 Intelligant
3101 4254 3200 4327 qui
3222 4254 3490 4321 audiunt,
3522 4256 3854 4313 credantut

2128 4349 2481 4421 intelligant,
2508 4347 2782 4403 obediant
2816 4353 2880 4401 ut
2909 4346 3120 4402 vivant.
3152 4345 3406 4401 Audiant
3448 4346 3637 4402 adhuc
3654 4347 3848 4415 aliud,

2130 4456 2199 4495 ne
2232 4440 2321 4494 hic
2353 4438 2578 4493 ﬁnitam
2611 4452 2736 4493 esse
2770 4436 3251 4492 resurrectionem
3272 4438 3493 4505 putent.
3520 4437 3581 4490 Et
3612 4435 3765 4491 dedit
3787 4441 3857 4492 ei

2124 4534 2440 4601 potestatem
2469 4534 2522 4581 et
2544 4526 2825 4597 judicium
2853 4530 3056 4594 facere.
3092 4527 3232 4591 Quis
3256 4525 3277 4575 ἓ
3302 4524 3489 4580 Pater.
3514 4524 3615 4580 Cui
3639 4524 3852 4584 dedit?

2126 4620 2290 4675 Filio.
2325 4616 2429 4675 Cui
2460 4617 2611 4672 enim
2642 4617 2802 4672 dedit
2834 4615 3047 4671 habere
3078 4615 3253 4669 vitam
3286 4614 3344 4669 in
3380 4616 3706 4686 semetipso,
3740 4633 3860 4687 po-

2122 4716 2388 4784 testatem
2419 4708 2579 4763 dedit
2603 4708 2648 4761 ei
2683 4707 3038 4777 etjudicium
3065 4707 3269 4761 facere.
3304 4705 3445 4773 Quia
3473 4704 3629 4775 ﬁlius
3658 4705 3853 4762 homi-

2119 4804 2206 4857 nis
2235 4804 2333 4855 est.
2368 4800 2487 4853 iste
2517 4796 2668 4852 enim
2700 4796 2983 4861 Christus,
3015 4804 3065 4851 et
3111 4794 3285 4849 Filius
3330 4794 3429 4850 Dei
3461 4800 3519 4850 et
3550 4795 3703 4851 ﬁlius
3727 4796 3848 4852 ho-

2123 4889 2295 4946 minis
2325 4896 2431 4944 est.
2475 4890 2537 4941 In
2568 4887 2841 4958 principio
2884 4889 3002 4942 erat
3054 4885 3306 4950 Verbum,
3351 4891 3403 4938 et
3457 4884 3683 4939 Verbum
3715 4894 3851 4943 erat

2118 4982 2269 5052 apud
2299 4981 2486 5042 Deum,
2507 4985 2560 5033 et
2594 4977 2727 5031 Deus
2746 4980 2866 5031 erat
2903 4975 3128 5031 Verbum
3151 4992 3171 5039 ;
3199 4975 3297 5029 hoc
3324 4981 3446 5028 erat
3475 4973 3534 5029 in
3564 4974 3856 5047 principio

2118 5070 2263 5142 apud
2306 5070 2492 5125 Deum.
2526 5068 2671 5123 Ecce
2700 5064 2992 5137 quomodo
3023 5064 3179 5119 dedit
3220 5064 3270 5119 ei
3311 5064 3489 5119 vitam
3532 5064 3744 5121 habere
3778 5067 3851 5123 in

2117 5161 2450 5230 semetipso.
2485 5160 2593 5215 Sed
2628 5158 2766 5230 quia
2794 5156 3018 5214 Verbum
3040 5171 3168 5212 caro
3182 5158 3391 5225 factum
3410 5164 3509 5221 est,
3540 5160 3589 5211 et
3620 5156 3848 5212 habita-

2114 5254 2190 5307 vit
2223 5255 2279 5305 in
2329 5250 2483 5307 nobis
2537 5251 2715 5321 (Joan.
2751 5266 2788 5315 ι,
2809 5249 2865 5315 9,
2902 5249 2951 5315 1,
2984 5251 3038 5313 2,
3098 5247 3211 5316 14),
3253 5262 3320 5301 ex
3377 5245 3601 5318 virgine
3655 5247 3851 5304 Maria

2114 5340 2289 5397 homo
2331 5340 2537 5407 factus,
2571 5338 2729 5394 ﬁlius
2783 5336 3041 5393 hominis
3080 5339 3183 5392 est.
3218 5335 3469 5391 Proinde
3498 5335 3636 5406 quia
3671 5336 3846 5392 ﬁlius

2113 5430 2368 5487 hominis
2391 5436 2501 5498 est,
2533 5428 2674 5501 quid
2713 5425 3330 5495 accepit‘tPotestatem
3370 5423 3850 5495 etjudiciumfa-

2112 5537 2260 5575 cere.
2318 5520 2478 5584 Quod
2515 5516 2807 5587 judicium
2838 5518 2866 5571 Ἰ
2899 5518 2959 5571 In
2994 5516 3108 5570 ﬁne
3139 5514 3330 5571 seaculi
3367 5532 3380 5569 :
3413 5518 3468 5570 et
3488 5514 3570 5568 ibi
3598 5513 3709 5569 erit
3740 5531 3855 5570 re-

2117 5610 2399 5664 surrectio
2448 5612 2837 5671 mortuorum,
2871 5606 2970 5660 sed
3020 5620 3351 5674 corporum.
3402 5602 3644 5658 Animas
3702 5620 3853 5674 ergo

2122 5697 2371 5755 suscitat
2405 5698 2580 5763 Deus,
2616 5712 2711 5767 per
2742 5694 3038 5751 Christum
3072 5693 3273 5750 Filium
3291 5693 3389 5749 Dei
3416 5710 3427 5749 :
3452 5708 3694 5763 corpora
3717 5708 3830 5750 sus

4100 4450 4101 4513 ι

4098 4544 4099 4629 ι

4089 4886 4093 4979 Ι

4083 5329 4085 5445 l

4080 5612 4081 5677 ι

4078 5726 4079 5793 ι

4076 5816 4077 5908 l
