4146 6186
370 272 398 329 1
412 270 528 332 553

365 418 507 473 citat
540 418 721 483 Deus,
754 435 857 491 per
903 421 1165 477 eumdem
1218 420 1514 476 Christum
1567 421 1755 477 {ilium
1802 422 2077 479 hominis.

368 507 529 562 Dedit
556 511 611 563 ei
634 512 977 580 potestatem.
1013 511 1171 566 Hanc
1195 516 1539 583 potestatem
1571 528 1687 566 non
1709 511 1947 567 haberet
1972 512 2085 568 nisi

366 598 679 669 acciperet,
711 604 768 655 et
799 606 954 656 esset
1007 601 1180 657 homo
1210 600 1337 656 sine
1368 604 1671 671 potestate.
1706 604 1811 657 Sed
1839 602 1963 673 ipse
1993 606 2084 657 est

365 686 531 743 filius
572 688 851 758 hominis,
886 692 986 762 qui
1028 699 1079 745 et
1114 690 1294 747 Filius
1342 691 1463 747 Dei.
1499 692 1779 748 Haerendo
1809 693 1965 748 enim
2010 695 2081 749 ad

362 777 668 833 unitatum
705 795 967 849 personae
998 780 1159 835 illius
1192 780 1448 835 hominis
1481 780 1625 835 Filio
1658 781 1780 848 Dei,
1816 783 1964 836 facta
1995 789 2082 837 est

364 883 489 923 una
520 884 789 940 persona,
829 871 1146 942 eademque
1196 870 1376 926 Filius
1404 871 1519 937 Dei,
1552 888 1675 941 quae
1706 876 1761 926 et
1795 871 1951 927 ﬁlius
1982 873 2083 929 bo-

363 956 571 1013 minis.
611 959 759 1023 Quid
798 965 993 1017 autem
1026 966 1261 1032 propter
1291 960 1432 1032 quid
1467 961 1691 1028 habeat,
1725 962 2081 1033 dignoscan—

360 1047 507 1102 dum
533 1052 641 1104 est.
668 1049 849 1106 Filius
871 1051 1128 1107 hominis
1151 1052 1325 1107 habet
1345 1053 1623 1119 animam,
1648 1053 1823 1107 habet
1844 1069 2073 1124 corpus.

362 1136 551 1193 Filius
587 1137 709 1207 Dei,
742 1142 896 1211 quod
943 1145 1031 1196 est
1078 1140 1323 1196 Verbum
1374 1142 1496 1207 Dei,
1543 1142 1713 1197 habet
1754 1141 2075 1214 hominem,

357 1229 642 1298 tanquam
675 1229 871 1284 anima
903 1247 1136 1301 corpus.
1171 1230 1327 1286 Sicut
1359 1231 1556 1286 anima
1587 1231 1803 1287 habens
1841 1247 2073 1302 corpus,

360 1331 484 1371 non
536 1316 674 1372 facit
718 1319 861 1374 duas
911 1336 1209 1389 personas,
1242 1321 1341 1375 sed
1391 1337 1575 1375 unum
1622 1320 1959 1389 hominem;
1994 1322 2076 1376 sic

360 1402 623 1460 Verbum
676 1407 893 1464 habens
924 1408 1244 1475 hominem,
1281 1426 1396 1464 non
1431 1407 1565 1464 facit
1594 1409 1741 1465 duas
1774 1426 2071 1479 personas,

363 1495 469 1550 sed
503 1511 685 1551 unum
715 1496 1036 1554 Christum.
1069 1500 1216 1564 Quid
1249 1505 1336 1555 est
1358 1498 2077 1557 bomo?Animarationa-

368 1584 440 1639 lis
472 1585 695 1641 habens
741 1602 975 1659 corpus.
1020 1589 1162 1653 Quid
1213 1593 1302 1643 est
1349 1588 1614 1643 Christus
1633 1589 1660 1643 ‘t
1690 1588 1941 1644 Verbum
1975 1590 2073 1645 Dei

366 1672 588 1729 habens
635 1674 953 1732 hominem.
1001 1677 1173 1733 Video
1202 1678 1273 1732 de
1320 1677 1535 1748 quibus
1575 1678 1746 1733 rebus
1775 1678 1997 1747 loquar,
2022 1684 2078 1733 et

363 1764 500 1834 quis
529 1764 754 1836 loquar,
784 1772 842 1822 et
872 1769 1089 1839 quibus
1119 1767 1344 1840 loquar.

434 1856 520 1909 16.
555 1859 724 1912 Nunc
772 1859 969 1913 audite
1010 1859 1081 1915 de
1113 1858 1534 1915 resurrectione
1576 1875 1906 1929 corporum,
1958 1876 2073 1915 non

358 1960 475 2012 me,
509 1947 609 2002 sed
639 1945 950 2003 Dominum
984 1949 1337 2015 locuturum,
1365 1954 1593 2020 propter
1622 1964 1720 2003 eos
1751 1949 1849 2018 qui
1879 1964 2071 2003 resur-

357 2038 941 2106 rexeruntsurgendo
965 2054 998 2093 a
1023 2042 1226 2107 morte,
1252 2038 1587 2093 inhaerendo
1609 2037 1755 2092 vitae.
1774 2041 1873 2093 Cui
1904 2038 2071 2093 vitae?

352 2122 490 2186 Quas
524 2140 639 2179 non
674 2126 830 2181 novit
882 2131 1146 2183 mortem.
1178 2128 1364 2191 Quare
1413 2144 1525 2183 non
1578 2131 1735 2183 novit
1774 2133 2019 2183 mortem
2042 2128 2069 2182 ?

356 2213 504 2279 Quia
537 2213 723 2268 nescit
768 2214 1239 2271 mutabilitatem.
1270 2219 1455 2280 Quare
1496 2216 1679 2273 nescit
1714 2217 2068 2272 mutabilita-

356 2307 472 2357 tem
498 2302 526 2357 ?
554 2303 702 2367 Quia
740 2305 856 2361 vita
884 2310 973 2361 est
1004 2306 1061 2361 in
1103 2308 1440 2378 semetipso.
1470 2308 1535 2362 Et
1569 2310 1887 2377 potestatem
1918 2307 2070 2362 dedit

355 2393 408 2446 ei
434 2398 485 2446 et
500 2394 792 2463 judicium
818 2397 1023 2463 facere,
1058 2396 1187 2467 quia
1215 2397 1369 2465 ﬁlius
1400 2397 1637 2451 hominis
1667 2401 1763 2453 est.
1787 2396 1946 2460 Quod
1976 2398 2065 2465 ju-

356 2480 599 2550 dicium,
623 2482 793 2555 quale
816 2486 1103 2555 judicium
1126 2485 1154 2540 τ
1186 2488 1360 2543 Nolite
1382 2490 1584 2543 mirari
1612 2489 1728 2554 hoc,
1755 2488 1895 2559 quia
1925 2488 2063 2557 dixi,

356 2570 510 2627 Dedit
541 2575 596 2627 ei
620 2577 936 2644 potestatem
964 2584 1015 2631 et
1041 2575 1313 2645 iudicium
1332 2579 1537 2647 facere.
1574 2578 1712 2646 Quia
1729 2578 1875 2633 venit
1909 2577 2062 2633 hora.

352 2659 479 2716 Non
509 2661 757 2731 addidit,
787 2672 842 2719 et
871 2681 1019 2720 nunc
1050 2670 1127 2721 est
1152 2684 1171 2721 :
1194 2682 1332 2737 ergo
1365 2667 1568 2723 horam
1589 2668 1907 2737 quamdam
1939 2667 2068 2722 vult

350 2750 655 2808 insinuare
684 2752 743 2808 in
776 2754 892 2810 ﬁne
921 2756 1137 2811 seaculi.
1172 2756 1325 2812 llora
1356 2774 1508 2813 nunc
1540 2762 1628 2813 est
1662 2766 1724 2812 ut
1757 2766 2062 2826 resurgant

352 2841 593 2907 mortui,
616 2841 758 2897 hora
776 2843 887 2898 erit
927 2845 985 2899 in
1012 2846 1125 2902 ﬁne
1146 2846 1345 2902 seaculi
1371 2852 1434 2901 ut
1457 2851 1761 2916 resurgant
1792 2848 2007 2902 mortui
2043 2863 2057 2903 :

348 2931 445 2984 sed
480 2937 792 3001 resurgant
817 2949 972 2989 nunc
1003 2933 1062 2989 in
1095 2939 1311 3003 mente,
1345 2940 1484 2991 tunc
1524 2936 1583 2991 in
1614 2951 1828 3003 carne;
1864 2952 2061 2991 resur-

347 3022 487 3087 gant
509 3034 668 3073 nunc
708 3020 769 3074 in
808 3025 995 3076 mente
1028 3038 1129 3093 per
1159 3022 1411 3078 Verbum
1449 3023 1549 3079 Dei
1580 3023 1790 3078 Filium
1824 3022 1946 3092 Dei,
1971 3038 2061 3077 re-

348 3113 596 3177 surgant
643 3114 783 3165 tunc
830 3112 888 3166 in
940 3129 1114 3169 carne
1162 3130 1263 3184 per
1291 3113 1538 3169 Verbum
1581 3113 1681 3171 Dei
1714 3130 1946 3170 carnem
1973 3115 2062 3170 ta-

349 3201 535 3267 ctum,
572 3196 758 3253 filium
790 3200 1061 3257 hominis.
1096 3201 1295 3274 Neque
1326 3203 1481 3258 enim
1513 3203 1891 3272 adjudicium
1914 3203 2067 3261 vivo-

352 3303 484 3343 rum
516 3293 576 3344 et
606 3297 964 3347 mortuorum
998 3293 1163 3347 Pater
1190 3294 1309 3363 ipse
1335 3298 1613 3348 venturus
1658 3298 1748 3349 est
1778 3310 1791 3348 :
1838 3311 1941 3349 nec
1980 3302 2063 3349 ta-

354 3394 489 3435 men
541 3381 762 3435 recedit
789 3399 822 3436 a
869 3382 1013 3438 Filio
1060 3385 1249 3439 Pater.
1286 3383 1585 3449 Quomodo
1634 3402 1769 3456 ergo
1802 3403 1916 3441 non
1944 3387 2064 3454 ipse

356 3472 640 3523 venturus
669 3474 761 3524 est
785 3469 813 3524 τ
842 3469 985 3533 Quia
1004 3488 1116 3526 non
1148 3472 1275 3543 ipse
1304 3472 1591 3527 videbitur
1619 3472 1934 3543 injudicio.
1967 3472 2064 3528 Vi-

348 3556 565 3612 debunt
594 3559 653 3612 in
683 3574 841 3629 quem
876 3576 1114 3631 pupugei
1128 3569 1226 3616 unt
1247 3562 1553 3632 (Joan.xrx,
1572 3562 1685 3635 37).
1731 3563 1937 3619 Forma
1967 3562 2066 3618 illa

349 3647 463 3702 erit
484 3646 693 3717 judex,
726 3664 855 3719 quae
886 3651 1049 3707 stetit
1078 3650 1187 3707 sub
1210 3652 1446 3722 judice;
1481 3653 1580 3707 illa
1604 3653 1898 3723 judicabit
1938 3669 2060 3723 quae

339 3737 607 3807 judicata
658 3743 745 3795 est
787 3757 801 3796 :
846 3741 1113 3811 judicata
1161 3746 1250 3798 est
1298 3743 1454 3799 enim
1508 3743 1729 3814 inique,
1776 3745 2064 3813 judicabit

334 3828 521 3898 justo.
573 3828 781 3885 Veniet
828 3845 958 3900 ergo
1010 3832 1194 3887 forma
1256 3833 1429 3903 servi,
1461 3838 1518 3888 et
1566 3833 1689 3904 ipsa
1738 3834 2060 3903 apparebit.

340 3916 573 3972 Etenim
628 3918 811 3974 forma
841 3920 940 3974 Dei
989 3922 1282 3993 quomodo
1313 3926 1619 3993 appareret
1653 3923 1833 3991 justis
1864 3925 1919 3977 et
1949 3920 2060 3976 ini-

344 4008 532 4079 quis?
562 4008 709 4066 Nam
744 4010 789 4065 si
812 4010 1102 4081 judicium
1137 4028 1252 4068 non
1285 4012 1443 4067 ﬁeret
1476 4012 1587 4068 nisi
1619 4012 1769 4068 inter
1799 4013 2061 4082 solosju-

344 4101 488 4164 stos,
523 4104 830 4168 appareret
853 4101 1327 4172 tanquamjustis
1362 4102 1547 4156 forma
1577 4101 1677 4156 Dei
1716 4120 1728 4156 :
1763 4102 1897 4172 quia
1929 4118 2061 4157 vero

339 4185 638 4256 judicium
672 4188 934 4243 futurum
969 4190 1366 4259 estjustorum
1405 4195 1461 4245 et
1488 4191 1841 4262 iniquorum,
1865 4208 1968 4247 nec
1992 4191 2061 4246 li-

347 4280 439 4331 cet
470 4280 536 4332 ut
563 4276 749 4348 iniqui
777 4280 1001 4333 videant
1030 4284 1247 4348 Deum;
1282 4282 1439 4335 Beati
1469 4280 1624 4335 enim
1658 4281 1848 4335 mundi
1879 4281 2055 4348 corde,

342 4367 609 4437 quoniam
640 4366 756 4439 ipsi
776 4368 943 4423 Deum
973 4369 1227 4424 videbunt
1257 4369 1467 4440 (Matth.
1506 4388 1559 4439 v,
1589 4370 1677 4441 8);
1713 4372 1841 4425 talis
1884 4389 2059 4441 appa-

346 4457 494 4511 rebit
517 4456 724 4526 judex,
749 4458 942 4530 qualis
964 4460 1145 4515 videri
1179 4462 1357 4532 possit
1377 4466 1432 4517 et
1455 4463 1524 4517 ab
1549 4464 1630 4517 eis
1651 4480 1798 4534 quos
1827 4480 2063 4519 corona-

340 4550 512 4599 turus
535 4553 650 4615 est,
673 4552 730 4603 et
759 4547 830 4603 ab
861 4548 946 4604 eis
974 4565 1120 4620 quos
1151 4550 1540 4607 damnaturus
1563 4556 1669 4607 est.
1699 4551 1905 4607 Forma
1927 4569 2060 4625 ergo

340 4639 493 4691 servi
528 4637 841 4705 videbitur,
874 4639 1103 4695 occulta
1133 4642 1242 4697 erit
1271 4642 1455 4697 forma
1490 4642 1606 4698 Dei.
1641 4642 1911 4699 Occultus
1952 4643 2063 4700 erit

340 4724 403 4780 in
435 4742 603 4781 servo
637 4726 817 4782 Filius
846 4728 969 4798 Dei,
1002 4735 1060 4784 et
1086 4730 1384 4801 apparebit
1415 4729 1570 4785 ﬁlius
1617 4732 1905 4799 hominis;
1929 4734 2062 4801 quia

335 4821 666 4886 potestatem
685 4817 837 4873 dedit
866 4820 920 4873 ei
937 4824 993 4873 et
1012 4819 1293 4888 judicium
1316 4824 1516 4890 facere,
1536 4821 1668 4892 quia
1702 4823 1852 4890 ﬁlius
1884 4822 2062 4879 homi-

340 4906 434 4959 ni:
462 4909 561 4960 est.
597 4906 667 4961 Et
697 4906 835 4978 quia
863 4906 988 4978 ipse
1026 4906 1188 4965 solus
1218 4910 1515 4981 apparebit
1550 4911 1607 4964 in
1659 4912 1845 4966 forma
1884 4912 2057 4982 servi,

341 4991 728 5050 Paterautem
754 5011 871 5051 non
893 4997 1483 5068 apparebit.quianon
1507 4998 1851 5055 estindutus
1873 5000 2060 5057 forma

339 5083 491 5140 servi
517 5104 532 5152 ;
569 5086 700 5141 ideo
726 5088 992 5157 superius
1014 5089 1113 5155 ait,
1138 5090 1303 5145 Pater
1331 5107 1445 5144 non
1468 5091 1679 5161 iudicat
1708 5108 2056 5163 quemquam,

337 5173 433 5230 sed
463 5190 625 5230 omne
644 5176 922 5248 judicium
950 5178 1103 5235 dedit
1126 5180 1285 5237 Filio.
1320 5181 1471 5237 Bene
1502 5198 1637 5253 ergo
1676 5182 1924 5239 dilatum
1948 5192 2057 5249 est,

342 5272 408 5320 ut
437 5265 567 5336 ipse
594 5272 754 5323 esset
771 5270 1069 5340 expositor
1091 5271 1185 5339 qui
1212 5271 1557 5342 propositor.
1594 5272 1875 5344 Superius
1899 5276 2057 5329 enim

341 5357 641 5411 occultum
674 5367 829 5427 erat;
856 5376 1011 5415 nunc
1034 5360 1181 5429 jam,
1209 5365 1272 5415 ut
1302 5362 1554 5417 arbitror
1578 5362 1949 5418 manitestum
1974 5369 2059 5420 est

341 5444 487 5517 quia
515 5446 662 5502 dedit
690 5447 744 5502 ei
763 5454 1081 5515 potestatem
1112 5457 1164 5506 et
1184 5451 1460 5521 judicium
1485 5454 1688 5520 facere,
1722 5453 1861 5525 quia
1898 5455 2058 5511 Pater

340 5550 453 5590 non
474 5536 697 5607 judicat
719 5554 1065 5613 quemquam,
1088 5540 1182 5596 sed
1201 5556 1359 5598 omne
1387 5542 1660 5613 iudicium
1698 5542 1840 5598 dedit
1880 5544 2015 5599 Filio
2035 5561 2055 5601 :

344 5624 486 5695 quia
510 5625 798 5696 judicium
832 5645 932 5701 per
964 5629 1127 5687 illam
1171 5630 1415 5690 formam
1442 5632 1703 5689 futurum
1735 5638 1844 5701 est,
1876 5650 2050 5705 quam

1549 274 2017 337 'l‘RACTATUS
2087 274 2242 335 XIX.
2292 277 2549 338 CAPUT
2596 278 2645 337 Ι.

3745 291 3897 350 1554

2196 429 2309 467 non
2369 413 2537 468 habet
2588 414 2771 471 Pater.
2808 419 2870 468 Et
2919 414 3087 485 quale
3118 416 3458 485 judicium?
3488 423 3662 479 Nolite
3702 425 3882 481 mirar

2196 502 2487 574 hoc;quia
2515 504 2664 560 venit
2695 505 2829 560 hora
2860 521 2874 560 :
2911 522 3023 560 non
3056 521 3123 561 ea
3149 521 3278 576 qua;
3304 524 3461 565 nunc
3492 516 3600 579 est,
3635 517 3699 569 ut
3723 530 3899 571 resur-

2191 599 2332 664 gant
2355 594 2591 662 animae;
2622 596 2719 650 sed
2745 613 2867 665 qum
2894 596 3085 650 futura
3106 602 3287 663 est,ut
3314 607 3611 672 resurgant
3633 619 3893 674 corpora.

2266 685 2351 739 17.
2386 685 2728 756 Expressius
2764 688 2867 742 hoc
2899 688 3072 754 dicat,
3108 692 3169 742 ut
3212 687 3562 746 calumniam
3596 693 3897 750 haereticus

2192 780 2430 843 negator
2460 776 2901 831 resurrectionis
2945 777 3204 847 corporis
3236 795 3346 833 non
3381 781 3632 837 inveniat
3664 800 3677 838 :
3711 801 3896 855 quan-

2190 880 2361 932 quam
2382 864 2503 933 jam
2528 866 2853 921 intellectus
2876 866 3184 922 elucescat.
3209 867 3351 923 Cum
3385 871 3654 942 superius
3676 872 3898 930 dictum

2188 961 2361 1022 esset,
2400 957 2547 1013 Venit
2577 958 2754 1023 hora;
2780 958 3021 1027 addidit,
3054 962 3103 1014 et
3124 976 3271 1015 nunc
3299 966 3380 1016 est
3410 979 3427 1020 :
3470 964 3639 1020 modo
3680 973 3894 1038 autem,

2193 1045 2340 1101 Venit
2376 1047 2549 1114 hora;
2583 1064 2695 1103 non
2737 1049 2985 1118 addidit,
3018 1053 3067 1105 et
3113 1066 3261 1105 nunc
3288 1061 3383 1108 est.
3436 1056 3650 1109 Tamen
3695 1070 3896 1111 omnes

2188 1151 2386 1201 ansas,
2418 1153 2619 1191 omnes
2641 1138 2952 1193 claviculas
2984 1139 3435 1209 calumniarum,
3469 1158 3672 1198 omnes
3708 1145 3893 1200 nodos

2188 1224 2527 1295 laqueorum
2576 1233 2769 1296 aperta
2812 1230 3047 1285 veritate
3077 1230 3417 1303 disrumpat.
3470 1234 3649 1289 Nolite
3694 1236 3896 1289 mirari

2186 1314 2322 1375 hoc;
2362 1317 2499 1385 quia
2528 1319 2677 1371 venit
2706 1318 2861 1384 liora,
2886 1321 2944 1373 in
2974 1336 3080 1389 qua
3110 1335 3294 1375 omnes
3316 1323 3411 1391 qui
3440 1324 3499 1376 in
3528 1326 3892 1379 monumenti:

2185 1408 2330 1457 sunt.
2354 1404 2500 1468 Quid
2524 1405 2847 1459 evidentius
2868 1407 2895 1459 ‘t
2917 1406 3052 1476 quid
3086 1409 3415 1476 expressius
3438 1408 3465 1462 εξ
3488 1410 3735 1482 Corpora
3756 1420 3893 1467 sunt

2188 1492 2245 1547 in
2271 1494 2698 1549 monumentis:
2726 1496 2935 1549 animis
2958 1512 3070 1551 non
3099 1504 3235 1551 sunt
3262 1497 3318 1551 in
3344 1499 3758 1567 monumentis,
3787 1516 3891 1556 nec

2178 1582 2493 1651 justorurn,
2530 1600 2635 1639 nec
2658 1584 3177 1655 iniquorum.Justi
3200 1586 3395 1642 anima
3416 1588 3473 1643 in
3496 1588 3627 1643 sinu
3648 1589 3889 1644 Abrahae

2186 1670 2312 1734 fuit,
2364 1671 2550 1742 iniqui
2601 1674 2797 1727 anima
2846 1675 2997 1745 apud
3045 1675 3256 1731 inferos
3309 1677 3685 1747 torquebatur
3732 1677 3884 1747 (Luc.

2184 1776 2295 1828 xvi,
2330 1762 2516 1831 2-2-25)
2550 1779 2562 1817 :
2599 1762 2655 1817 in
2693 1770 3091 1830 monumento,
3120 1782 3223 1821 nec
3257 1765 3373 1834 illa,
3404 1783 3511 1823 nec
3541 1766 3662 1823 illa.
3697 1768 3889 1839 Supe-

2186 1850 2306 1905 rius
2364 1854 2595 1922 quando
2648 1854 2747 1913 ait,
2785 1855 2932 1910 Venit
2979 1854 3135 1924 liora,
3158 1864 3208 1912 et
3255 1874 3405 1913 nunc
3458 1862 3579 1921 est;
3627 1857 3886 1931 obsecro,

2174 1937 2477 1996 intendite.
2501 1942 2720 2009 Nostis,
2755 1944 2978 2011 fratres,
3005 1945 3140 2016 quia
3172 1947 3241 2000 ad
3266 1964 3474 2017 panem
3498 1947 3714 2003 ventris
3752 1964 3886 2003 cum

2176 2028 2369 2085 labore
2404 2032 2771 2101 pervenitur;
2808 2039 3029 2105 quanto
3062 2036 3246 2107 magis
3285 2038 3354 2091 ad
3389 2054 3595 2108 panem
3632 2037 3888 2094 mentis?

2177 2117 2319 2173 Cum
2356 2119 2550 2175 labore
2576 2124 2766 2187 statis,
2800 2128 2853 2176 ct
2905 2124 3159 2190 auditis;
3198 2126 3295 2179 sed
3332 2142 3435 2181 nos
3486 2144 3619 2182 cum
3668 2128 3887 2198 majore

2175 2212 2417 2276 stamus,
2452 2215 2509 2265 et
2540 2210 2854 2281 loquimur.
2886 2214 2941 2267 Si
2975 2214 3312 2269 laboramus
3362 2224 3590 2286 propter
3622 2233 3743 2285 vos,
3768 2218 3887 2272 col-

2176 2296 2434 2355 laborare
2482 2316 2596 2355 non
2650 2301 2872 2357 debetis
2905 2309 3133 2373 propter
3164 2304 3397 2359 eosdem
3439 2320 3536 2359 vos
3557 2304 3583 2358 ‘t
3610 2304 3887 2376 Superius

2176 2402 2308 2458 ergo
2339 2406 2469 2444 cum
2504 2390 2735 2455 diceret,
2776 2393 2922 2447 Venit
2952 2396 3106 2463 hora,
3138 2400 3193 2448 et
3243 2394 3497 2464 adderet,
3520 2399 3573 2449 et
3602 2410 3752 2450 nunc
3782 2400 3888 2463 est,

2176 2478 2317 2549 quid
2367 2480 2663 2549 subjecit?
2709 2482 2942 2550 Quando
2989 2484 3200 2537 morlui
3260 2483 3485 2538 audient
3535 2499 3713 2539 vocem
3753 2485 3887 2541 Filii

2179 2568 2291 2635 Dei,
2321 2577 2370 2624 et
2402 2571 2495 2640 qui
2518 2570 2802 2626 audierint
2832 2573 3029 2627 vivent.
3057 2572 3179 2627 Non
3208 2571 3377 2641 dixit,
3411 2572 3629 2628 Omnes
3670 2572 3886 2629 mortui

2176 2661 2435 2728 audient,
2467 2666 2521 2716 et
2554 2662 2650 2733 qui
2686 2662 2977 2718 audierint
3008 2663 3200 2718 vivent
3234 2680 3246 2729 ;
3285 2670 3540 2719 mortuos
3581 2664 3737 2719 enim
3771 2663 3886 2720 ini-

2175 2766 2321 2821 quos
2342 2749 2851 2824 volebatintelligi.
2870 2752 2937 2807 Et
2960 2751 3248 2823 numquid
3277 2769 3483 2808 omnes
3502 2751 3691 2823 iniqui
3715 2753 3887 2808 obau-

2175 2842 2343 2896 diunt
2400 2843 2987 2914 Evangelio?Aperte
3042 2844 3183 2899 dicit
3238 2843 3573 2915 Apostolus,
3622 2843 3727 2900 Sed
3774 2860 3883 2901 non

2173 2948 2357 2988 omnes
2395 2934 2696 2989 obaudiunt
2728 2933 3026 3003 Evangelia
3067 2935 3240 3006 (Itom.
3275 2952 3329 3001 x,
3366 2936 3474 3005 16).
3508 2936 3729 2991 Tamen
3779 2934 3884 3006 qui

2174 3022 2441 3085 audiunt,
2470 3022 2694 3091 vivent;
2726 3024 2865 3095 quia
2893 3040 3094 3080 omnes
3134 3024 3235 3096 qui
3266 3024 3590 3080 obaudiunt
3619 3024 3886 3096 Evange-

2172 3110 2272 3178 lio,
2304 3113 2594 3168 transient
2624 3113 2692 3167 ad
2734 3114 2908 3168 vitam
2954 3118 3228 3169 (sternam
3270 3130 3372 3185 per
3399 3114 3572 3170 fidem
3609 3130 3763 3170 :non
3795 3119 3885 3171 ta-

2170 3215 2298 3253 men
2346 3215 2549 3254 omnes
2600 3200 2944 3269 obaudiunt,
2978 3205 3033 3256 et
3064 3200 3175 3255 hoc
3207 3216 3362 3255 nunc
3383 3206 3492 3256 est.
3524 3202 3595 3255 At
3642 3217 3775 3257 vero
3823 3201 3883 3256 in

2175 3291 2309 3355 fine,
2342 3305 2526 3345 omnes
2555 3293 2650 3360 qui
2686 3302 2817 3345 sunt
2846 3293 2906 3345 in
2935 3289 3331 3351 monumentis.
3366 3289 3473 3345 hoc
3521 3300 3606 3345 est
3636 3292 3777 3359 justi
3827 3294 3886 3345 et

2172 3382 2395 3452 injusti,
2428 3382 2653 3438 audient
2684 3399 2860 3438 vocem
2888 3383 3024 3454 ejus,
3056 3388 3109 3436 et
3130 3380 3435 3451 precedent.
3463 3381 3761 3443 Quomodo
3794 3397 3887 3436 no-

2172 3472 2280 3527 luit
2323 3473 2531 3541 dicere,
2572 3480 2622 3528 et
2665 3476 2885 3529 vivent?
2925 3477 3139 3528 Omnes
3190 3469 3345 3527 enim
3397 3470 3730 3540 procedant,
3781 3471 3883 3526 sed

2174 3579 2289 3617 non
2337 3578 2539 3619 omnes
2588 3564 2799 3619 vivent.
2834 3563 2896 3617 In
2937 3579 3003 3618 eo
3055 3562 3269 3633 quippe
3305 3560 3456 3631 quod
3490 3574 3665 3628 supra
3714 3559 3877 3629 dixit,

2174 3657 2233 3709 Et
2282 3654 2381 3724 qui
2417 3652 2693 3708 audierint
2729 3653 2955 3717 vivent;
2994 3652 3051 3706 in
3100 3650 3230 3721 ipsa
3278 3647 3650 3705 obauditione
3698 3651 3881 3707 vitam

2170 3748 2446 3798 aeternam
2476 3742 2721 3815 intelligi
2752 3742 2932 3797 voluit
2954 3744 3010 3798 et
3035 3740 3288 3809 beatam,
3308 3756 3482 3811 quam
3518 3756 3632 3795 non
3676 3756 3881 3797 omnes

2170 3833 2468 3887 habebunt
2492 3832 2593 3903 qui
2626 3833 2696 3888 de
2728 3830 3123 3887 monumentis
3155 3830 3486 3900 procedent.
3516 3828 3644 3886 Jam
3668 3845 3803 3901 ergo
3824 3836 3882 3886 et

2172 3924 2722 3978 commemoratione
2785 3924 3326 3987 monumentorum,
3387 3924 3444 3975 et
3510 3919 3883 3991 cxpressione

2172 4010 2559 4083 processionis
2583 4012 2653 4066 de
2674 4008 3087 4072 monumentis,
3114 4013 3305 4079 aperte
3338 4008 3723 4081 intelligimus
3752 4025 3884 4065 cor-

2172 4120 2376 4173 porum
2411 4102 2911 4157 resurrectionem.

2244 4196 2330 4250 18.
2357 4193 2589 4250 Audient
2628 4209 2812 4249 omnes
2844 4207 3022 4247 vocem
3060 4192 3201 4261 ejus,
3242 4199 3293 4245 et
3333 4189 3639 4260 precedent.
3680 4189 3752 4243 Et
3783 4189 3879 4244 ubi

2164 4285 2473 4356 judicium,
2505 4286 2548 4338 si
2600 4300 2804 4339 omnes
2852 4281 3110 4348 audient,
3156 4284 3211 4334 ct
3267 4296 3468 4333 omnes
3524 4277 3880 4348 procedant?

2170 4376 2340 4441 Quasi
2383 4380 2562 4430 totum
2614 4374 2923 4427 confusum
2966 4377 3091 4437 est;
3128 4368 3273 4424 nihil
3321 4368 3481 4421 video
3532 4367 3871 4421 discretum.

2169 4464 2330 4520 Certe
2351 4462 2620 4532 accepisti
2648 4465 2989 4530 potestatem
3009 4455 3334 4527 judicandi,
3355 4455 3489 4526 quia
3514 4453 3671 4509 filius
3692 4453 3875 4509 homi-

2170 4555 2260 4610 nis
2291 4570 2351 4609 es
2378 4571 2393 4619 ;
2440 4567 2573 4607 ecce
2606 4549 2796 4604 aderis
2821 4548 2877 4603 in
2906 4547 3149 4617 judicio,
3175 4552 3477 4616 resurgent
3508 4560 3778 4615 corpora:
3803 4546 3875 4601 de

2168 4644 2296 4714 ipso
2322 4640 2545 4712 judicio
2574 4638 2665 4693 dic
2698 4636 2938 4707 aliquid,
2961 4635 3069 4690 hoc
3100 4640 3188 4689 est
3216 4636 3285 4688 de
3316 4632 3664 4690 discretione
3694 4632 3875 4689 malo-

2170 4753 2300 4791 rum
2332 4739 2390 4789 et
2420 4734 2725 4788 bonorum.
2761 4733 2829 4785 Et
2854 4730 2961 4785 hoc
2994 4729 3131 4784 audi
3162 4746 3174 4783 :
3212 4727 3316 4796 Qui
3348 4727 3487 4783 bona
3515 4730 3784 4797 fecerunt,
3816 4727 3874 4779 in

2169 4826 2573 4881 resurrectione
2592 4824 2760 4883 vitae;
2783 4822 2875 4892 qui
2893 4818 3035 4873 mala
3055 4821 3309 4891 egerunt,
3332 4819 3393 4872 in
3422 4814 3873 4873 resurrectionem

2159 4916 2385 4986 judicii.
2418 4912 2699 4984 Superius
2757 4928 2889 4966 cum
2934 4911 3003 4965 de
3045 4908 3467 4966 resurrectione
3499 4903 3782 4960 mentium
3817 4905 3873 4955 et

2167 5004 2495 5061 animarum
2525 5002 2880 5073 loqueretur,
2927 5000 3213 5071 numquid
3250 4998 3378 5054 fecit
3410 4989 3871 5050 discretionem?

2168 5096 2274 5150 Sed
2299 5110 2504 5151 omnes
2536 5094 2635 5165 qui
2668 5095 2926 5157 audient,
2957 5092 3183 5156 vivent;
3217 5089 3355 5159 quia
3385 5082 3747 5142 obaudiendo
3787 5080 3871 5136 vi-

2168 5194 2318 5240 vent.
2342 5188 2413 5240 At
2434 5202 2563 5241 vero
2587 5184 2942 5256 resurgendo
2964 5188 3021 5237 et
3048 5178 3410 5251 procedendo
3432 5176 3499 5229 de
3523 5187 3871 5228 monumen-

2167 5276 2261 5341 tis,
2304 5292 2419 5330 non
2468 5290 2668 5330 omnes
2719 5274 2788 5328 ad
2840 5274 3013 5326 vitam
3064 5276 3334 5323 internum
3384 5264 3575 5330 ibunt,
3625 5261 3726 5317 sed
3768 5262 3870 5333 qui

2168 5365 2310 5420 bene
2362 5366 2663 5418 fecerunt:
2708 5362 2805 5432 qui
2861 5369 3052 5415 autem
3103 5356 3273 5422 male,
3305 5354 3377 5409 ad
3421 5353 3732 5423 judicium.
3766 5352 3867 5407 Hic

2165 5454 2317 5508 enim
2346 5452 2636 5521 judicium
2670 5467 2772 5520 pro
2804 5466 2972 5519 poena
3004 5445 3213 5519 posuit.
3238 5445 3307 5500 Et
3329 5446 3436 5500 erit
3458 5444 3783 5514 diremptio,
3815 5461 3846 5499 e

2166 5560 2279 5598 non
2304 5542 2495 5612 qualis
2530 5540 2697 5595 modo
2729 5546 2834 5594 est.
2868 5538 3012 5594 Nam
3045 5545 3103 5593 et
3144 5538 3313 5592 modo
3364 5552 3703 5609 separamur
3753 5550 3869 5589 non

2166 5632 2335 5703 locis,
2386 5632 2481 5686 scd
2541 5630 2824 5698 moribus,
2857 5630 3189 5695 affectibus,
3234 5628 3557 5695 desideriis,
3594 5626 3728 5691 nde,
3768 5636 3871 5693 spe
