  <div class='ocr_page' id='page_1' title='image "/cluster/home/n/w/nwhite01/storage/ocr_20150623/35/hvd.32044054170956/127.png"; bbox 0 0 4126 6194; ppageno 0'>
   <div class='ocr_carea' id='block_1_1' title="bbox 268 336 418 403">
    <p class='ocr_par' dir='ltr' id='par_1_1' title="bbox 268 336 418 403">
     <span class='ocr_line' id='line_1_1' title="bbox 268 336 418 403; baseline -0.013 0"><span class='ocrx_word' id='word_1_1' title='bbox 268 336 418 403; x_wconf 73' lang='grc'><strong>1555</strong></span> 
     </span>
    </p>
   </div>
   <div class='ocr_carea' id='block_1_2' title="bbox 257 479 1958 555">
    <p class='ocr_par' dir='ltr' id='par_1_2' title="bbox 257 479 1958 555">
     <span class='ocr_line' id='line_1_2' title="bbox 257 479 1958 555; baseline 0.002 -19"><span class='ocrx_word' id='word_1_2' title='bbox 257 479 560 537; x_wconf 85' lang='lat' dir='ltr'><strong>charitate.</strong></span> <span class='ocrx_word' id='word_1_3' title='bbox 592 480 778 537; x_wconf 85' lang='lat' dir='ltr'><strong>Simul</strong></span> <span class='ocrx_word' id='word_1_4' title='bbox 809 481 962 537; x_wconf 90' lang='lat' dir='ltr'><strong>enim</strong></span> <span class='ocrx_word' id='word_1_5' title='bbox 989 497 1119 538; x_wconf 90' lang='lat' dir='ltr'><strong>cum</strong></span> <span class='ocrx_word' id='word_1_6' title='bbox 1159 482 1380 555; x_wconf 80' lang='lat' dir='ltr'><strong>iniquis</strong></span> <span class='ocrx_word' id='word_1_7' title='bbox 1410 484 1687 555; x_wconf 87' lang='lat' dir='ltr'><strong>vivimus;</strong></span> <span class='ocrx_word' id='word_1_8' title='bbox 1710 486 1807 542; x_wconf 87' lang='lat' dir='ltr'><strong>sed</strong></span> <span class='ocrx_word' id='word_1_9' title='bbox 1844 503 1958 542; x_wconf 91' lang='lat' dir='ltr'><strong>non</strong></span> 
     </span>
    </p>
   </div>
   <div class='ocr_carea' id='block_1_3' title="bbox 256 570 1961 641">
    <p class='ocr_par' dir='ltr' id='par_1_3' title="bbox 256 570 1961 641">
     <span class='ocr_line' id='line_1_3' title="bbox 256 570 1961 641; baseline 0.004 -18"><span class='ocrx_word' id='word_1_10' title='bbox 256 585 375 625; x_wconf 88' lang='lat' dir='ltr'><strong>una</strong></span> <span class='ocrx_word' id='word_1_11' title='bbox 405 570 517 626; x_wconf 88' lang='lat' dir='ltr'><strong>vita</strong></span> <span class='ocrx_word' id='word_1_12' title='bbox 547 573 636 626; x_wconf 89' lang='lat' dir='ltr'><strong>est</strong></span> <span class='ocrx_word' id='word_1_13' title='bbox 682 570 943 627; x_wconf 92' lang='lat' dir='ltr'><strong>omnium</strong></span> <span class='ocrx_word' id='word_1_14' title='bbox 980 586 994 624; x_wconf 76' lang='grc' dir='ltr'><strong>ε</strong></span> <span class='ocrx_word' id='word_1_15' title='bbox 1029 571 1087 626; x_wconf 90' lang='lat' dir='ltr'><strong>in</strong></span> <span class='ocrx_word' id='word_1_16' title='bbox 1128 571 1348 629; x_wconf 88' lang='lat' dir='ltr'><strong>occulto</strong></span> <span class='ocrx_word' id='word_1_17' title='bbox 1379 573 1730 641; x_wconf 88' lang='lat' dir='ltr'><strong>dirimimur,</strong></span> <span class='ocrx_word' id='word_1_18' title='bbox 1765 575 1822 630; x_wconf 92' lang='lat' dir='ltr'><strong>in</strong></span> <span class='ocrx_word' id='word_1_19' title='bbox 1872 591 1961 630; x_wconf 87' lang='lat' dir='ltr'><strong>oc-</strong></span> 
     </span>
    </p>
   </div>
   <div class='ocr_carea' id='block_1_4' title="bbox 254 658 1961 736">
    <p class='ocr_par' dir='ltr' id='par_1_4' title="bbox 254 658 1961 736">
     <span class='ocr_line' id='line_1_4' title="bbox 254 658 1961 736; baseline 0.004 -22"><span class='ocrx_word' id='word_1_20' title='bbox 254 658 412 714; x_wconf 89' lang='lat' dir='ltr'><strong>culto</strong></span> <span class='ocrx_word' id='word_1_21' title='bbox 442 675 814 729; x_wconf 77' lang='lat' dir='ltr'><strong>separamur;</strong></span> <span class='ocrx_word' id='word_1_22' title='bbox 849 664 1139 732; x_wconf 90' lang='lat' dir='ltr'><strong>quomodo</strong></span> <span class='ocrx_word' id='word_1_23' title='bbox 1170 677 1351 733; x_wconf 86' lang='lat' dir='ltr'><strong>grana</strong></span> <span class='ocrx_word' id='word_1_24' title='bbox 1383 664 1442 719; x_wconf 92' lang='lat' dir='ltr'><strong>in</strong></span> <span class='ocrx_word' id='word_1_25' title='bbox 1474 681 1627 733; x_wconf 88' lang='lat' dir='ltr'><strong>arca,</strong></span> <span class='ocrx_word' id='word_1_26' title='bbox 1663 681 1779 719; x_wconf 90' lang='lat' dir='ltr'><strong>non</strong></span> <span class='ocrx_word' id='word_1_27' title='bbox 1813 681 1961 736; x_wconf 90' lang='lat' dir='ltr'><strong>quo-</strong></span> 
     </span>
    </p>
   </div>
   <div class='ocr_carea' id='block_1_5' title="bbox 255 748 1959 824">
    <p class='ocr_par' dir='ltr' id='par_1_5' title="bbox 255 748 1959 824">
     <span class='ocr_line' id='line_1_5' title="bbox 255 748 1959 824; baseline 0.001 -18"><span class='ocrx_word' id='word_1_28' title='bbox 255 749 425 807; x_wconf 89' lang='lat' dir='ltr'><strong>modo</strong></span> <span class='ocrx_word' id='word_1_29' title='bbox 455 764 636 821; x_wconf 87' lang='lat' dir='ltr'><strong>grana</strong></span> <span class='ocrx_word' id='word_1_30' title='bbox 664 749 724 803; x_wconf 90' lang='lat' dir='ltr'><strong>in</strong></span> <span class='ocrx_word' id='word_1_31' title='bbox 761 748 983 805; x_wconf 88' lang='lat' dir='ltr'><strong>horreo.</strong></span> <span class='ocrx_word' id='word_1_32' title='bbox 1016 750 1087 805; x_wconf 90' lang='lat' dir='ltr'><strong>Et</strong></span> <span class='ocrx_word' id='word_1_33' title='bbox 1119 759 1467 821; x_wconf 77' lang='lat' dir='ltr'><strong>separantur</strong></span> <span class='ocrx_word' id='word_1_34' title='bbox 1495 768 1679 824; x_wconf 89' lang='lat' dir='ltr'><strong>grana</strong></span> <span class='ocrx_word' id='word_1_35' title='bbox 1710 752 1768 808; x_wconf 92' lang='lat' dir='ltr'><strong>in</strong></span> <span class='ocrx_word' id='word_1_36' title='bbox 1804 770 1959 819; x_wconf 87' lang='lat' dir='ltr'><strong>area,</strong></span> 
     </span>
    </p>
   </div>
   <div class='ocr_carea' id='block_1_6' title="bbox 218 840 1957 914">
    <p class='ocr_par' dir='ltr' id='par_1_6' title="bbox 218 840 1957 914">
     <span class='ocr_line' id='line_1_6' title="bbox 218 840 1957 914; baseline -0.001 -16"><span class='ocrx_word' id='word_1_37' title='bbox 218 882 221 887; x_wconf 56' lang='grc' dir='ltr'><strong>ι</strong></span> <span class='ocrx_word' id='word_1_38' title='bbox 254 845 312 898; x_wconf 86' lang='lat' dir='ltr'><strong>et</strong></span> <span class='ocrx_word' id='word_1_39' title='bbox 342 840 656 896; x_wconf 81' lang='lat' dir='ltr'><strong>miscentur</strong></span> <span class='ocrx_word' id='word_1_40' title='bbox 679 856 692 894; x_wconf 91' lang='lat'><strong>:</strong></span> <span class='ocrx_word' id='word_1_41' title='bbox 712 846 1072 912; x_wconf 88' lang='lat' dir='ltr'><strong>separantur,</strong></span> <span class='ocrx_word' id='word_1_42' title='bbox 1099 857 1229 896; x_wconf 90' lang='lat' dir='ltr'><strong>cum</strong></span> <span class='ocrx_word' id='word_1_43' title='bbox 1264 858 1297 896; x_wconf 94' lang='lat' dir='ltr'><strong>a</strong></span> <span class='ocrx_word' id='word_1_44' title='bbox 1329 841 1493 913; x_wconf 82' lang='lat' dir='ltr'><strong>palea</strong></span> <span class='ocrx_word' id='word_1_45' title='bbox 1522 842 1919 914; x_wconf 89' lang='lat' dir='ltr'><strong>exspoliantur</strong></span> <span class='ocrx_word' id='word_1_46' title='bbox 1944 860 1957 909; x_wconf 92' lang='lat'><strong>;</strong></span> 
     </span>
    </p>
   </div>
   <div class='ocr_carea' id='block_1_7' title="bbox 154 927 1960 1003">
    <p class='ocr_par' dir='ltr' id='par_1_7' title="bbox 154 927 1960 1003">
     <span class='ocr_line' id='line_1_7' title="bbox 154 927 1960 1003; baseline 0.002 -17"><span class='ocrx_word' id='word_1_47' title='bbox 154 990 159 994; x_wconf 52' lang='grc'><em>,</em></span> <span class='ocrx_word' id='word_1_48' title='bbox 255 929 594 997; x_wconf 80' lang='lat' dir='ltr'><strong>miscentur,</strong></span> <span class='ocrx_word' id='word_1_49' title='bbox 637 927 773 1000; x_wconf 89' lang='lat' dir='ltr'><strong>quia</strong></span> <span class='ocrx_word' id='word_1_50' title='bbox 820 929 1077 985; x_wconf 92' lang='lat' dir='ltr'><strong>nondum</strong></span> <span class='ocrx_word' id='word_1_51' title='bbox 1127 929 1503 986; x_wconf 89' lang='lat' dir='ltr'><strong>ventilantur.</strong></span> <span class='ocrx_word' id='word_1_52' title='bbox 1545 931 1708 987; x_wconf 90' lang='lat' dir='ltr'><strong>Tunc</strong></span> <span class='ocrx_word' id='word_1_53' title='bbox 1761 938 1960 1003; x_wconf 91' lang='lat' dir='ltr'><strong>aperta</strong></span> 
     </span>
    </p>
   </div>
   <div class='ocr_carea' id='block_1_8' title="bbox 253 1018 1962 1094">
    <p class='ocr_par' dir='ltr' id='par_1_8' title="bbox 253 1018 1962 1094">
     <span class='ocr_line' id='line_1_8' title="bbox 253 1018 1962 1094; baseline 0.002 -18"><span class='ocrx_word' id='word_1_54' title='bbox 253 1020 363 1076; x_wconf 88' lang='lat' dir='ltr'><strong>erit</strong></span> <span class='ocrx_word' id='word_1_55' title='bbox 393 1018 706 1091; x_wconf 78' lang='lat' dir='ltr'><strong>separatio,</strong></span> <span class='ocrx_word' id='word_1_56' title='bbox 738 1019 885 1075; x_wconf 80' lang='lat' dir='ltr'><strong>sicut</strong></span> <span class='ocrx_word' id='word_1_57' title='bbox 911 1035 1161 1088; x_wconf 88' lang='lat' dir='ltr'><strong>morum,</strong></span> <span class='ocrx_word' id='word_1_58' title='bbox 1189 1020 1271 1076; x_wconf 90' lang='lat' dir='ltr'><strong>sic</strong></span> <span class='ocrx_word' id='word_1_59' title='bbox 1292 1025 1346 1076; x_wconf 92' lang='lat' dir='ltr'><strong>et</strong></span> <span class='ocrx_word' id='word_1_60' title='bbox 1367 1020 1496 1076; x_wconf 78' lang='lat' dir='ltr'><strong>vitae</strong></span> <span class='ocrx_word' id='word_1_61' title='bbox 1520 1036 1534 1087; x_wconf 88' lang='lat'>;</span> <span class='ocrx_word' id='word_1_62' title='bbox 1560 1022 1715 1077; x_wconf 81' lang='lat' dir='ltr'><strong>sicut</strong></span> <span class='ocrx_word' id='word_1_63' title='bbox 1736 1023 1962 1094; x_wconf 86' lang='lat' dir='ltr'><strong>sapien-</strong></span> 
     </span>
    </p>
   </div>
   <div class='ocr_carea' id='block_1_9' title="bbox 258 1108 1959 1182">
    <p class='ocr_par' dir='ltr' id='par_1_9' title="bbox 258 1108 1959 1182">
     <span class='ocr_line' id='line_1_9' title="bbox 258 1108 1959 1182; baseline 0.002 -18"><span class='ocrx_word' id='word_1_64' title='bbox 258 1108 371 1178; x_wconf 67' lang='lat' dir='ltr'><strong>tie,</strong></span> <span class='ocrx_word' id='word_1_65' title='bbox 403 1110 485 1164; x_wconf 89' lang='lat' dir='ltr'><strong>ita</strong></span> <span class='ocrx_word' id='word_1_66' title='bbox 510 1112 568 1164; x_wconf 88' lang='lat' dir='ltr'><strong>et</strong></span> <span class='ocrx_word' id='word_1_67' title='bbox 596 1124 929 1179; x_wconf 82' lang='lat' dir='ltr'><strong>corporum.</strong></span> <span class='ocrx_word' id='word_1_68' title='bbox 964 1109 1139 1164; x_wconf 91' lang='lat' dir='ltr'><strong>Ibunt</strong></span> <span class='ocrx_word' id='word_1_69' title='bbox 1167 1109 1268 1180; x_wconf 86' lang='lat' dir='ltr'><strong>qui</strong></span> <span class='ocrx_word' id='word_1_70' title='bbox 1296 1111 1440 1165; x_wconf 88' lang='lat' dir='ltr'><strong>bene</strong></span> <span class='ocrx_word' id='word_1_71' title='bbox 1461 1109 1745 1182; x_wconf 88' lang='lat' dir='ltr'><strong>fecerunt,</strong></span> <span class='ocrx_word' id='word_1_72' title='bbox 1770 1113 1959 1169; x_wconf 84' lang='lat' dir='ltr'><strong>vivere</strong></span> 
     </span>
    </p>
   </div>
   <div class='ocr_carea' id='block_1_10' title="bbox 256 1196 1958 1272">
    <p class='ocr_par' dir='ltr' id='par_1_10' title="bbox 256 1196 1958 1272">
     <span class='ocr_line' id='line_1_10' title="bbox 256 1196 1958 1272; baseline 0.002 -18"><span class='ocrx_word' id='word_1_73' title='bbox 256 1213 387 1254; x_wconf 87' lang='lat' dir='ltr'><strong>cum</strong></span> <span class='ocrx_word' id='word_1_74' title='bbox 424 1196 663 1268; x_wconf 82' lang='lat' dir='ltr'><strong>Angelis</strong></span> <span class='ocrx_word' id='word_1_75' title='bbox 707 1197 800 1252; x_wconf 89' lang='lat' dir='ltr'><strong>Dei</strong></span> <span class='ocrx_word' id='word_1_76' title='bbox 832 1215 845 1253; x_wconf 91' lang='lat'><strong>:</strong></span> <span class='ocrx_word' id='word_1_77' title='bbox 880 1197 978 1269; x_wconf 88' lang='lat' dir='ltr'><strong>qui</strong></span> <span class='ocrx_word' id='word_1_78' title='bbox 1029 1198 1180 1255; x_wconf 88' lang='lat' dir='ltr'><strong>male</strong></span> <span class='ocrx_word' id='word_1_79' title='bbox 1230 1204 1489 1270; x_wconf 87' lang='lat' dir='ltr'><strong>egerunt,</strong></span> <span class='ocrx_word' id='word_1_80' title='bbox 1523 1201 1780 1272; x_wconf 81' lang='lat' dir='ltr'><strong>torqueri</strong></span> <span class='ocrx_word' id='word_1_81' title='bbox 1822 1217 1958 1258; x_wconf 90' lang='lat' dir='ltr'><strong>cum</strong></span> 
     </span>
    </p>
   </div>
   <div class='ocr_carea' id='block_1_11' title="bbox 253 1284 1957 1357">
    <p class='ocr_par' dir='ltr' id='par_1_11' title="bbox 253 1284 1957 1357">
     <span class='ocr_line' id='line_1_11' title="bbox 253 1284 1957 1357; baseline 0.002 -17"><span class='ocrx_word' id='word_1_82' title='bbox 253 1284 483 1341; x_wconf 85' lang='lat' dir='ltr'><strong>diabolo</strong></span> <span class='ocrx_word' id='word_1_83' title='bbox 512 1289 569 1341; x_wconf 90' lang='lat' dir='ltr'><strong>et</strong></span> <span class='ocrx_word' id='word_1_84' title='bbox 605 1285 828 1357; x_wconf 82' lang='lat' dir='ltr'><strong>angelis</strong></span> <span class='ocrx_word' id='word_1_85' title='bbox 856 1286 1003 1355; x_wconf 86' lang='lat' dir='ltr'><strong>ejus.</strong></span> <span class='ocrx_word' id='word_1_86' title='bbox 1038 1288 1108 1342; x_wconf 87' lang='lat' dir='ltr'><strong>Et</strong></span> <span class='ocrx_word' id='word_1_87' title='bbox 1154 1289 1399 1344; x_wconf 84' lang='lat' dir='ltr'><strong>transiet</strong></span> <span class='ocrx_word' id='word_1_88' title='bbox 1441 1290 1629 1345; x_wconf 89' lang='lat' dir='ltr'><strong>forma</strong></span> <span class='ocrx_word' id='word_1_89' title='bbox 1674 1290 1841 1346; x_wconf 87' lang='lat' dir='ltr'><strong>servi.</strong></span> <span class='ocrx_word' id='word_1_90' title='bbox 1875 1291 1957 1346; x_wconf 88' lang='lat' dir='ltr'><strong>Ad</strong></span> 
     </span>
    </p>
   </div>
   <div class='ocr_carea' id='block_1_12' title="bbox 251 1374 1962 1451">
    <p class='ocr_par' dir='ltr' id='par_1_12' title="bbox 251 1374 1962 1451">
     <span class='ocr_line' id='line_1_12' title="bbox 251 1374 1962 1451; baseline 0.003 -21"><span class='ocrx_word' id='word_1_91' title='bbox 251 1374 361 1430; x_wconf 86' lang='lat' dir='ltr'><strong>hoc</strong></span> <span class='ocrx_word' id='word_1_92' title='bbox 382 1376 539 1430; x_wconf 88' lang='lat' dir='ltr'><strong>enim</strong></span> <span class='ocrx_word' id='word_1_93' title='bbox 572 1390 635 1431; x_wconf 89' lang='lat' dir='ltr'><strong>se</strong></span> <span class='ocrx_word' id='word_1_94' title='bbox 666 1380 1117 1446; x_wconf 68' lang='lat' dir='ltr'><strong>praesentaverat</strong></span> <span class='ocrx_word' id='word_1_95' title='bbox 1147 1383 1211 1432; x_wconf 90' lang='lat' dir='ltr'><strong>ut</strong></span> <span class='ocrx_word' id='word_1_96' title='bbox 1234 1378 1447 1433; x_wconf 88' lang='lat' dir='ltr'><strong>faceret</strong></span> <span class='ocrx_word' id='word_1_97' title='bbox 1468 1378 1759 1449; x_wconf 88' lang='lat' dir='ltr'><strong>judicium</strong></span> <span class='ocrx_word' id='word_1_98' title='bbox 1787 1396 1799 1433; x_wconf 93' lang='lat'>:</span> <span class='ocrx_word' id='word_1_99' title='bbox 1834 1384 1962 1451; x_wconf 91' lang='lat' dir='ltr'><strong>post</strong></span> 
     </span>
    </p>
   </div>
   <div class='ocr_carea' id='block_1_13' title="bbox 244 1463 1964 1541">
    <p class='ocr_par' dir='ltr' id='par_1_13' title="bbox 244 1463 1964 1541">
     <span class='ocr_line' id='line_1_13' title="bbox 244 1463 1964 1541; baseline 0.004 -23"><span class='ocrx_word' id='word_1_100' title='bbox 244 1463 540 1534; x_wconf 84' lang='lat' dir='ltr'><strong>judicium</strong></span> <span class='ocrx_word' id='word_1_101' title='bbox 573 1468 771 1535; x_wconf 83' lang='lat' dir='ltr'><strong>perget</strong></span> <span class='ocrx_word' id='word_1_102' title='bbox 800 1465 958 1533; x_wconf 90' lang='lat' dir='ltr'><strong>hinc,</strong></span> <span class='ocrx_word' id='word_1_103' title='bbox 991 1468 1159 1521; x_wconf 88' lang='lat' dir='ltr'><strong>ducet</strong></span> <span class='ocrx_word' id='word_1_104' title='bbox 1195 1482 1395 1522; x_wconf 89' lang='lat' dir='ltr'><strong>secum</strong></span> <span class='ocrx_word' id='word_1_105' title='bbox 1427 1485 1641 1540; x_wconf 89' lang='lat' dir='ltr'><strong>corpus</strong></span> <span class='ocrx_word' id='word_1_106' title='bbox 1674 1470 1964 1541; x_wconf 88' lang='lat' dir='ltr'><strong>cuicaput</strong></span> 
     </span>
    </p>
   </div>
   <div class='ocr_carea' id='block_1_14' title="bbox 252 1552 1964 1629">
    <p class='ocr_par' dir='ltr' id='par_1_14' title="bbox 252 1552 1964 1629">
     <span class='ocr_line' id='line_1_14' title="bbox 252 1552 1964 1629; baseline 0.003 -21"><span class='ocrx_word' id='word_1_107' title='bbox 252 1556 361 1621; x_wconf 88' lang='lat' dir='ltr'><strong>est,</strong></span> <span class='ocrx_word' id='word_1_108' title='bbox 394 1556 451 1606; x_wconf 88' lang='lat' dir='ltr'><strong>et</strong></span> <span class='ocrx_word' id='word_1_109' title='bbox 478 1552 675 1608; x_wconf 80' lang='lat' dir='ltr'><strong>offeret</strong></span> <span class='ocrx_word' id='word_1_110' title='bbox 707 1569 954 1625; x_wconf 82' lang='lat' dir='ltr'><strong>regnum</strong></span> <span class='ocrx_word' id='word_1_111' title='bbox 986 1554 1102 1610; x_wconf 91' lang='lat' dir='ltr'><strong>Deo</strong></span> <span class='ocrx_word' id='word_1_112' title='bbox 1124 1556 1168 1627; x_wconf 83' lang='grc' dir='ltr'><strong>(Ι</strong></span> <span class='ocrx_word' id='word_1_113' title='bbox 1202 1557 1324 1611; x_wconf 88' lang='lat' dir='ltr'><strong>Cor.</strong></span> <span class='ocrx_word' id='word_1_114' title='bbox 1358 1573 1449 1627; x_wconf 89' lang='lat' dir='ltr'><strong>xv,</strong></span> <span class='ocrx_word' id='word_1_115' title='bbox 1474 1558 1587 1629; x_wconf 79' lang='grc'><strong>24).</strong></span> <span class='ocrx_word' id='word_1_116' title='bbox 1612 1559 1771 1612; x_wconf 89' lang='lat' dir='ltr'><strong>Tunc</strong></span> <span class='ocrx_word' id='word_1_117' title='bbox 1795 1558 1964 1628; x_wconf 82' lang='lat' dir='ltr'><strong>plane</strong></span> 
     </span>
    </p>
   </div>
   <div class='ocr_carea' id='block_1_15' title="bbox 250 1640 1965 1718">
    <p class='ocr_par' dir='ltr' id='par_1_15' title="bbox 250 1640 1965 1718">
     <span class='ocr_line' id='line_1_15' title="bbox 250 1640 1965 1718; baseline 0.002 -21"><span class='ocrx_word' id='word_1_118' title='bbox 250 1640 541 1697; x_wconf 88' lang='lat' dir='ltr'><strong>videbitur</strong></span> <span class='ocrx_word' id='word_1_119' title='bbox 572 1643 758 1698; x_wconf 90' lang='lat' dir='ltr'><strong>forma</strong></span> <span class='ocrx_word' id='word_1_120' title='bbox 789 1642 890 1699; x_wconf 90' lang='lat' dir='ltr'><strong>illa</strong></span> <span class='ocrx_word' id='word_1_121' title='bbox 923 1645 1039 1712; x_wconf 90' lang='lat' dir='ltr'><strong>Dei,</strong></span> <span class='ocrx_word' id='word_1_122' title='bbox 1073 1662 1201 1717; x_wconf 83' lang='lat' dir='ltr'><strong>quae</strong></span> <span class='ocrx_word' id='word_1_123' title='bbox 1226 1663 1335 1703; x_wconf 88' lang='lat' dir='ltr'><strong>non</strong></span> <span class='ocrx_word' id='word_1_124' title='bbox 1362 1647 1547 1718; x_wconf 87' lang='lat' dir='ltr'><strong>potuit</strong></span> <span class='ocrx_word' id='word_1_125' title='bbox 1566 1649 1747 1704; x_wconf 91' lang='lat' dir='ltr'><strong>videri</strong></span> <span class='ocrx_word' id='word_1_126' title='bbox 1771 1650 1841 1704; x_wconf 90' lang='lat' dir='ltr'><strong>ab</strong></span> <span class='ocrx_word' id='word_1_127' title='bbox 1863 1646 1965 1702; x_wconf 89' lang='lat' dir='ltr'><strong>ini-</strong></span> 
     </span>
    </p>
   </div>
   <div class='ocr_carea' id='block_1_16' title="bbox 253 1732 1961 1804">
    <p class='ocr_par' dir='ltr' id='par_1_16' title="bbox 253 1732 1961 1804">
     <span class='ocr_line' id='line_1_16' title="bbox 253 1732 1961 1804; baseline 0.006 -18"><span class='ocrx_word' id='word_1_128' title='bbox 253 1732 409 1804; x_wconf 86' lang='lat' dir='ltr'><strong>quis,</strong></span> <span class='ocrx_word' id='word_1_129' title='bbox 455 1747 707 1804; x_wconf 88' lang='lat' dir='ltr'><strong>quorum</strong></span> <span class='ocrx_word' id='word_1_130' title='bbox 756 1734 965 1790; x_wconf 87' lang='lat' dir='ltr'><strong>visioni</strong></span> <span class='ocrx_word' id='word_1_131' title='bbox 1015 1736 1198 1791; x_wconf 87' lang='lat' dir='ltr'><strong>forma</strong></span> <span class='ocrx_word' id='word_1_132' title='bbox 1243 1738 1389 1793; x_wconf 87' lang='lat' dir='ltr'><strong>servi</strong></span> <span class='ocrx_word' id='word_1_133' title='bbox 1442 1738 1770 1795; x_wconf 87' lang='lat' dir='ltr'><strong>exhibenda</strong></span> <span class='ocrx_word' id='word_1_134' title='bbox 1818 1744 1961 1797; x_wconf 89' lang='lat' dir='ltr'><strong>erat.</strong></span> 
     </span>
    </p>
   </div>
   <div class='ocr_carea' id='block_1_17' title="bbox 250 1819 1964 1885">
    <p class='ocr_par' dir='ltr' id='par_1_17' title="bbox 250 1819 1964 1885">
     <span class='ocr_line' id='line_1_17' title="bbox 250 1819 1964 1885; baseline 0.005 -9"><span class='ocrx_word' id='word_1_135' title='bbox 250 1819 407 1877; x_wconf 86' lang='lat' dir='ltr'><strong>Dicit</strong></span> <span class='ocrx_word' id='word_1_136' title='bbox 435 1829 489 1877; x_wconf 91' lang='lat' dir='ltr'><strong>et</strong></span> <span class='ocrx_word' id='word_1_137' title='bbox 520 1821 656 1878; x_wconf 86' lang='lat' dir='ltr'><strong>alibi</strong></span> <span class='ocrx_word' id='word_1_138' title='bbox 690 1823 774 1878; x_wconf 88' lang='lat' dir='ltr'><strong>sic</strong></span> <span class='ocrx_word' id='word_1_139' title='bbox 809 1840 822 1878; x_wconf 90' lang='lat'>:</span> <span class='ocrx_word' id='word_1_140' title='bbox 854 1824 1017 1880; x_wconf 86' lang='lat' dir='ltr'><strong>Ibunt</strong></span> <span class='ocrx_word' id='word_1_141' title='bbox 1044 1825 1143 1881; x_wconf 84' lang='lat' dir='ltr'><strong>isti</strong></span> <span class='ocrx_word' id='word_1_142' title='bbox 1172 1827 1228 1880; x_wconf 82' lang='lat' dir='ltr'><strong>in</strong></span> <span class='ocrx_word' id='word_1_143' title='bbox 1271 1826 1670 1884; x_wconf 81' lang='lat' dir='ltr'><strong>ambustionem</strong></span> <span class='ocrx_word' id='word_1_144' title='bbox 1698 1839 1964 1885; x_wconf 65' lang='lat' dir='ltr'><strong>aeternam</strong></span> 
     </span>
    </p>
   </div>
   <div class='ocr_carea' id='block_1_18' title="bbox 255 1908 1962 1985">
    <p class='ocr_par' dir='ltr' id='par_1_18' title="bbox 255 1908 1962 1985">
     <span class='ocr_line' id='line_1_18' title="bbox 255 1908 1962 1985; baseline 0.005 -21"><span class='ocrx_word' id='word_1_145' title='bbox 255 1908 346 1975; x_wconf 80' lang='lat' dir='ltr'><strong>(de</strong></span> <span class='ocrx_word' id='word_1_146' title='bbox 374 1910 726 1979; x_wconf 87' lang='lat' dir='ltr'><strong>quibusdam</strong></span> <span class='ocrx_word' id='word_1_147' title='bbox 761 1913 1074 1985; x_wconf 87' lang='lat' dir='ltr'><strong>sinistris);</strong></span> <span class='ocrx_word' id='word_1_148' title='bbox 1100 1916 1233 1981; x_wconf 78' lang='lat' dir='ltr'><strong>iusti</strong></span> <span class='ocrx_word' id='word_1_149' title='bbox 1262 1924 1444 1973; x_wconf 87' lang='lat' dir='ltr'><strong>autem</strong></span> <span class='ocrx_word' id='word_1_150' title='bbox 1473 1919 1533 1972; x_wconf 86' lang='lat' dir='ltr'><strong>in</strong></span> <span class='ocrx_word' id='word_1_151' title='bbox 1581 1920 1760 1974; x_wconf 87' lang='lat' dir='ltr'><strong>vitam</strong></span> <span class='ocrx_word' id='word_1_152' title='bbox 1799 1922 1962 1975; x_wconf 57' lang='lat' dir='ltr'><strong>mter-</strong></span> 
     </span>
    </p>
   </div>
   <div class='ocr_carea' id='block_1_19' title="bbox 252 2000 1967 2077">
    <p class='ocr_par' dir='ltr' id='par_1_19' title="bbox 252 2000 1967 2077">
     <span class='ocr_line' id='line_1_19' title="bbox 252 2000 1967 2077; baseline 0.006 -24"><span class='ocrx_word' id='word_1_153' title='bbox 252 2016 382 2055; x_wconf 88' lang='lat' dir='ltr'><strong>nam</strong></span> <span class='ocrx_word' id='word_1_154' title='bbox 423 2000 633 2071; x_wconf 80' lang='lat' dir='ltr'><strong>(Matth.</strong></span> <span class='ocrx_word' id='word_1_155' title='bbox 684 2018 812 2067; x_wconf 80' lang='lat' dir='ltr'><strong>xxv,</strong></span> <span class='ocrx_word' id='word_1_156' title='bbox 848 2003 987 2075; x_wconf 73' lang='lat'><strong>46):</strong></span> <span class='ocrx_word' id='word_1_157' title='bbox 1039 2005 1109 2059; x_wconf 91' lang='lat' dir='ltr'><strong>de</strong></span> <span class='ocrx_word' id='word_1_158' title='bbox 1158 2022 1271 2077; x_wconf 89' lang='lat' dir='ltr'><strong>qua</strong></span> <span class='ocrx_word' id='word_1_159' title='bbox 1316 2006 1429 2062; x_wconf 91' lang='lat' dir='ltr'><strong>alio</strong></span> <span class='ocrx_word' id='word_1_160' title='bbox 1503 2024 1606 2063; x_wconf 89' lang='lat' dir='ltr'><strong>oco</strong></span> <span class='ocrx_word' id='word_1_161' title='bbox 1651 2008 1812 2074; x_wconf 90' lang='lat' dir='ltr'><strong>dicit,</strong></span> <span class='ocrx_word' id='word_1_162' title='bbox 1847 2010 1967 2063; x_wconf 72' lang='lat' dir='ltr'><strong>Haec</strong></span> 
     </span>
    </p>
   </div>
   <div class='ocr_carea' id='block_1_20' title="bbox 252 2092 1969 2166">
    <p class='ocr_par' dir='ltr' id='par_1_20' title="bbox 252 2092 1969 2166">
     <span class='ocr_line' id='line_1_20' title="bbox 252 2092 1969 2166; baseline 0.005 -21"><span class='ocrx_word' id='word_1_163' title='bbox 252 2098 333 2145; x_wconf 85' lang='lat' dir='ltr'><strong>est</strong></span> <span class='ocrx_word' id='word_1_164' title='bbox 362 2094 545 2145; x_wconf 87' lang='lat' dir='ltr'><strong>autem</strong></span> <span class='ocrx_word' id='word_1_165' title='bbox 596 2092 711 2146; x_wconf 86' lang='lat' dir='ltr'><strong>vita</strong></span> <span class='ocrx_word' id='word_1_166' title='bbox 752 2100 983 2161; x_wconf 63' lang='lat' dir='ltr'><strong>aeterna,</strong></span> <span class='ocrx_word' id='word_1_167' title='bbox 1018 2100 1078 2149; x_wconf 89' lang='lat' dir='ltr'><strong>ut</strong></span> <span class='ocrx_word' id='word_1_168' title='bbox 1124 2101 1444 2166; x_wconf 81' lang='lat' dir='ltr'><strong>cognoscant</strong></span> <span class='ocrx_word' id='word_1_169' title='bbox 1488 2100 1538 2153; x_wconf 85' lang='lat' dir='ltr'><strong>te</strong></span> <span class='ocrx_word' id='word_1_170' title='bbox 1569 2114 1740 2152; x_wconf 88' lang='lat' dir='ltr'><strong>unum</strong></span> <span class='ocrx_word' id='word_1_171' title='bbox 1779 2115 1969 2153; x_wconf 86' lang='lat' dir='ltr'><strong>verum</strong></span> 
     </span>
    </p>
   </div>
   <div class='ocr_carea' id='block_1_21' title="bbox 255 2177 1962 2259">
    <p class='ocr_par' dir='ltr' id='par_1_21' title="bbox 255 2177 1962 2259">
     <span class='ocr_line' id='line_1_21' title="bbox 255 2177 1962 2259; baseline 0.006 -29"><span class='ocrx_word' id='word_1_172' title='bbox 255 2177 444 2244; x_wconf 86' lang='lat' dir='ltr'><strong>Deum,</strong></span> <span class='ocrx_word' id='word_1_173' title='bbox 478 2184 535 2232; x_wconf 88' lang='lat' dir='ltr'><strong>et</strong></span> <span class='ocrx_word' id='word_1_174' title='bbox 564 2194 721 2251; x_wconf 85' lang='lat' dir='ltr'><strong>quem</strong></span> <span class='ocrx_word' id='word_1_175' title='bbox 747 2182 952 2236; x_wconf 78' lang='lat' dir='ltr'><strong>misisti</strong></span> <span class='ocrx_word' id='word_1_176' title='bbox 979 2184 1162 2237; x_wconf 85' lang='lat' dir='ltr'><strong>Jesum</strong></span> <span class='ocrx_word' id='word_1_177' title='bbox 1186 2184 1467 2240; x_wconf 73' lang='lat' dir='ltr'><strong>Christum</strong></span> <span class='ocrx_word' id='word_1_178' title='bbox 1506 2188 1683 2256; x_wconf 83' lang='lat' dir='ltr'><strong>(Joan.</strong></span> <span class='ocrx_word' id='word_1_179' title='bbox 1717 2204 1853 2255; x_wconf 83' lang='lat' dir='ltr'><strong>xvn,</strong></span> <span class='ocrx_word' id='word_1_180' title='bbox 1886 2190 1962 2259; x_wconf 88' lang='lat'><strong>3).</strong></span> 
     </span>
    </p>
   </div>
   <div class='ocr_carea' id='block_1_22' title="bbox 252 2267 1968 2347">
    <p class='ocr_par' dir='ltr' id='par_1_22' title="bbox 252 2267 1968 2347">
     <span class='ocr_line' id='line_1_22' title="bbox 252 2267 1968 2347; baseline 0.008 -28"><span class='ocrx_word' id='word_1_181' title='bbox 252 2268 409 2322; x_wconf 86' lang='lat' dir='ltr'><strong>Tunc</strong></span> <span class='ocrx_word' id='word_1_182' title='bbox 454 2267 531 2322; x_wconf 86' lang='lat' dir='ltr'><strong>ibi</strong></span> <span class='ocrx_word' id='word_1_183' title='bbox 563 2271 869 2340; x_wconf 84' lang='lat' dir='ltr'><strong>apparebit</strong></span> <span class='ocrx_word' id='word_1_184' title='bbox 907 2271 1006 2342; x_wconf 89' lang='lat' dir='ltr'><strong>qui</strong></span> <span class='ocrx_word' id='word_1_185' title='bbox 1035 2288 1158 2328; x_wconf 90' lang='lat' dir='ltr'><strong>cum</strong></span> <span class='ocrx_word' id='word_1_186' title='bbox 1190 2276 1253 2329; x_wconf 89' lang='lat' dir='ltr'><strong>in</strong></span> <span class='ocrx_word' id='word_1_187' title='bbox 1297 2276 1481 2341; x_wconf 81' lang='lat' dir='ltr'><strong>forma</strong></span> <span class='ocrx_word' id='word_1_188' title='bbox 1530 2277 1627 2331; x_wconf 87' lang='lat' dir='ltr'><strong>Dei</strong></span> <span class='ocrx_word' id='word_1_189' title='bbox 1672 2285 1827 2347; x_wconf 89' lang='lat' dir='ltr'><strong>esset,</strong></span> <span class='ocrx_word' id='word_1_190' title='bbox 1858 2293 1968 2332; x_wconf 87' lang='lat' dir='ltr'><strong>non</strong></span> 
     </span>
    </p>
   </div>
   <div class='ocr_carea' id='block_1_23' title="bbox 256 2358 1966 2440">
    <p class='ocr_par' dir='ltr' id='par_1_23' title="bbox 256 2358 1966 2440">
     <span class='ocr_line' id='line_1_23' title="bbox 256 2358 1966 2440; baseline 0.007 -29"><span class='ocrx_word' id='word_1_191' title='bbox 256 2358 515 2426; x_wconf 81' lang='lat' dir='ltr'><strong>rapinam</strong></span> <span class='ocrx_word' id='word_1_192' title='bbox 566 2360 872 2415; x_wconf 77' lang='lat' dir='ltr'><strong>arbitratus</strong></span> <span class='ocrx_word' id='word_1_193' title='bbox 917 2369 993 2416; x_wconf 86' lang='lat' dir='ltr'><strong>est</strong></span> <span class='ocrx_word' id='word_1_194' title='bbox 1036 2376 1147 2419; x_wconf 86' lang='lat' dir='ltr'><strong>esse</strong></span> <span class='ocrx_word' id='word_1_195' title='bbox 1190 2367 1423 2437; x_wconf 65' lang='lat' dir='ltr'><strong>aequalis</strong></span> <span class='ocrx_word' id='word_1_196' title='bbox 1470 2367 1575 2422; x_wconf 89' lang='lat' dir='ltr'><strong>Deo</strong></span> <span class='ocrx_word' id='word_1_197' title='bbox 1602 2368 1869 2440; x_wconf 80' lang='lat' dir='ltr'><strong>(Philipp.</strong></span> <span class='ocrx_word' id='word_1_198' title='bbox 1904 2385 1966 2439; x_wconf 83' lang='grc' dir='ltr'><strong>ιι,</strong></span> 
     </span>
    </p>
   </div>
   <div class='ocr_carea' id='block_1_24' title="bbox 254 2445 1968 2522">
    <p class='ocr_par' dir='ltr' id='par_1_24' title="bbox 254 2445 1968 2522">
     <span class='ocr_line' id='line_1_24' title="bbox 254 2445 1968 2522; baseline 0.009 -22"><span class='ocrx_word' id='word_1_199' title='bbox 254 2445 312 2515; x_wconf 87' lang='grc'><strong>6)</strong></span> <span class='ocrx_word' id='word_1_200' title='bbox 349 2463 364 2501; x_wconf 88' lang='lat'><strong>:</strong></span> <span class='ocrx_word' id='word_1_201' title='bbox 396 2452 535 2503; x_wconf 90' lang='lat' dir='ltr'><strong>tunc</strong></span> <span class='ocrx_word' id='word_1_202' title='bbox 583 2465 644 2505; x_wconf 90' lang='lat' dir='ltr'><strong>se</strong></span> <span class='ocrx_word' id='word_1_203' title='bbox 693 2452 961 2507; x_wconf 87' lang='lat' dir='ltr'><strong>ostendet</strong></span> <span class='ocrx_word' id='word_1_204' title='bbox 1007 2459 1298 2522; x_wconf 90' lang='lat' dir='ltr'><strong>quomodo</strong></span> <span class='ocrx_word' id='word_1_205' title='bbox 1330 2473 1391 2511; x_wconf 90' lang='lat' dir='ltr'><strong>se</strong></span> <span class='ocrx_word' id='word_1_206' title='bbox 1433 2458 1812 2514; x_wconf 88' lang='lat' dir='ltr'><strong>dilectoribus</strong></span> <span class='ocrx_word' id='word_1_207' title='bbox 1844 2459 1968 2516; x_wconf 90' lang='lat' dir='ltr'><strong>suis</strong></span> 
     </span>
    </p>
   </div>
   <div class='ocr_carea' id='block_1_25' title="bbox 258 2541 1967 2617">
    <p class='ocr_par' dir='ltr' id='par_1_25' title="bbox 258 2541 1967 2617">
     <span class='ocr_line' id='line_1_25' title="bbox 258 2541 1967 2617; baseline 0.006 -26"><span class='ocrx_word' id='word_1_208' title='bbox 258 2542 634 2593; x_wconf 87' lang='lat' dir='ltr'><strong>ostensurum</strong></span> <span class='ocrx_word' id='word_1_209' title='bbox 687 2541 970 2608; x_wconf 78' lang='lat' dir='ltr'><strong>promisit.</strong></span> <span class='ocrx_word' id='word_1_210' title='bbox 1005 2542 1110 2611; x_wconf 84' lang='lat' dir='ltr'><strong>Qui</strong></span> <span class='ocrx_word' id='word_1_211' title='bbox 1139 2546 1289 2599; x_wconf 87' lang='lat' dir='ltr'><strong>enim</strong></span> <span class='ocrx_word' id='word_1_212' title='bbox 1335 2544 1516 2617; x_wconf 80' lang='lat' dir='ltr'><strong>diligit</strong></span> <span class='ocrx_word' id='word_1_213' title='bbox 1545 2563 1649 2615; x_wconf 87' lang='lat' dir='ltr'><strong>me,</strong></span> <span class='ocrx_word' id='word_1_214' title='bbox 1684 2546 1783 2614; x_wconf 88' lang='lat' dir='ltr'><strong>ait,</strong></span> <span class='ocrx_word' id='word_1_215' title='bbox 1810 2565 1967 2603; x_wconf 88' lang='lat' dir='ltr'><strong>man-</strong></span> 
     </span>
    </p>
   </div>
   <div class='ocr_carea' id='block_1_26' title="bbox 256 2623 1970 2705">
    <p class='ocr_par' dir='ltr' id='par_1_26' title="bbox 256 2623 1970 2705">
     <span class='ocr_line' id='line_1_26' title="bbox 256 2623 1970 2705; baseline 0.008 -28"><span class='ocrx_word' id='word_1_216' title='bbox 256 2623 390 2678; x_wconf 86' lang='lat' dir='ltr'><strong>data</strong></span> <span class='ocrx_word' id='word_1_217' title='bbox 422 2641 542 2680; x_wconf 86' lang='lat' dir='ltr'><strong>mea</strong></span> <span class='ocrx_word' id='word_1_218' title='bbox 563 2627 797 2681; x_wconf 85' lang='lat' dir='ltr'><strong>custodit</strong></span> <span class='ocrx_word' id='word_1_219' title='bbox 819 2646 841 2693; x_wconf 76' lang='grc' dir='ltr'><strong>,ο</strong></span> <span class='ocrx_word' id='word_1_220' title='bbox 869 2640 920 2683; x_wconf 87' lang='lat' dir='ltr'><strong>et</strong></span> <span class='ocrx_word' id='word_1_221' title='bbox 949 2634 1044 2701; x_wconf 81' lang='lat' dir='ltr'><strong>qui</strong></span> <span class='ocrx_word' id='word_1_222' title='bbox 1082 2632 1267 2703; x_wconf 81' lang='lat' dir='ltr'><strong>diligit</strong></span> <span class='ocrx_word' id='word_1_223' title='bbox 1308 2650 1414 2700; x_wconf 89' lang='lat' dir='ltr'><strong>me,</strong></span> <span class='ocrx_word' id='word_1_224' title='bbox 1438 2636 1706 2705; x_wconf 73' lang='lat' dir='ltr'><strong>diligetur</strong></span> <span class='ocrx_word' id='word_1_225' title='bbox 1748 2653 1779 2691; x_wconf 91' lang='lat' dir='ltr'><strong>a</strong></span> <span class='ocrx_word' id='word_1_226' title='bbox 1802 2638 1970 2691; x_wconf 85' lang='lat' dir='ltr'><strong>Putre</strong></span> 
     </span>
    </p>
   </div>
   <div class='ocr_carea' id='block_1_27' title="bbox 258 2717 1963 2793">
    <p class='ocr_par' dir='ltr' id='par_1_27' title="bbox 258 2717 1963 2793">
     <span class='ocr_line' id='line_1_27' title="bbox 258 2717 1963 2793; baseline 0.009 -28"><span class='ocrx_word' id='word_1_227' title='bbox 258 2727 397 2778; x_wconf 87' lang='lat' dir='ltr'><strong>meo,</strong></span> <span class='ocrx_word' id='word_1_228' title='bbox 426 2723 475 2766; x_wconf 90' lang='lat' dir='ltr'><strong>et</strong></span> <span class='ocrx_word' id='word_1_229' title='bbox 514 2729 609 2785; x_wconf 85' lang='lat' dir='ltr'><strong>ego</strong></span> <span class='ocrx_word' id='word_1_230' title='bbox 638 2717 913 2788; x_wconf 83' lang='lat' dir='ltr'><strong>dilligam</strong></span> <span class='ocrx_word' id='word_1_231' title='bbox 944 2735 1087 2785; x_wconf 90' lang='lat' dir='ltr'><strong>eum,</strong></span> <span class='ocrx_word' id='word_1_232' title='bbox 1120 2726 1170 2775; x_wconf 86' lang='lat' dir='ltr'><strong>et</strong></span> <span class='ocrx_word' id='word_1_233' title='bbox 1198 2721 1480 2777; x_wconf 80' lang='lat' dir='ltr'><strong>ostendam</strong></span> <span class='ocrx_word' id='word_1_234' title='bbox 1528 2726 1800 2793; x_wconf 87' lang='lat' dir='ltr'><strong>meipsum</strong></span> <span class='ocrx_word' id='word_1_235' title='bbox 1857 2726 1963 2781; x_wconf 83' lang='lat' dir='ltr'><strong>illi.</strong></span> 
     </span>
    </p>
   </div>
   <div class='ocr_carea' id='block_1_28' title="bbox 260 2801 1968 2879">
    <p class='ocr_par' dir='ltr' id='par_1_28' title="bbox 260 2801 1968 2879">
     <span class='ocr_line' id='line_1_28' title="bbox 260 2801 1968 2879; baseline 0.011 -25"><span class='ocrx_word' id='word_1_236' title='bbox 260 2801 480 2865; x_wconf 83' lang='lat' dir='ltr'><strong>Quibus</strong></span> <span class='ocrx_word' id='word_1_237' title='bbox 529 2802 894 2875; x_wconf 88' lang='lat' dir='ltr'><strong>loquebatur,</strong></span> <span class='ocrx_word' id='word_1_238' title='bbox 929 2825 1185 2879; x_wconf 68' lang='lat' dir='ltr'><strong>prsesens</strong></span> <span class='ocrx_word' id='word_1_239' title='bbox 1231 2811 1313 2867; x_wconf 91' lang='lat' dir='ltr'><strong>eis</strong></span> <span class='ocrx_word' id='word_1_240' title='bbox 1360 2817 1526 2868; x_wconf 89' lang='lat' dir='ltr'><strong>erat:</strong></span> <span class='ocrx_word' id='word_1_241' title='bbox 1579 2816 1679 2870; x_wconf 87' lang='lat' dir='ltr'><strong>sed</strong></span> <span class='ocrx_word' id='word_1_242' title='bbox 1722 2816 1968 2873; x_wconf 89' lang='lat' dir='ltr'><strong>formam</strong></span> 
     </span>
    </p>
   </div>
   <div class='ocr_carea' id='block_1_29' title="bbox 262 2889 1970 2965">
    <p class='ocr_par' dir='ltr' id='par_1_29' title="bbox 262 2889 1970 2965">
     <span class='ocr_line' id='line_1_29' title="bbox 262 2889 1970 2965; baseline 0.01 -20"><span class='ocrx_word' id='word_1_243' title='bbox 262 2889 409 2945; x_wconf 87' lang='lat' dir='ltr'><strong>servi</strong></span> <span class='ocrx_word' id='word_1_244' title='bbox 439 2890 710 2947; x_wconf 86' lang='lat' dir='ltr'><strong>videbant</strong></span> <span class='ocrx_word' id='word_1_245' title='bbox 738 2911 752 2965; x_wconf 85' lang='lat'><strong>;</strong></span> <span class='ocrx_word' id='word_1_246' title='bbox 778 2896 1019 2952; x_wconf 88' lang='lat' dir='ltr'><strong>formam</strong></span> <span class='ocrx_word' id='word_1_247' title='bbox 1055 2907 1242 2954; x_wconf 91' lang='lat' dir='ltr'><strong>autem</strong></span> <span class='ocrx_word' id='word_1_248' title='bbox 1267 2899 1363 2955; x_wconf 90' lang='lat' dir='ltr'><strong>Dei</strong></span> <span class='ocrx_word' id='word_1_249' title='bbox 1398 2918 1513 2957; x_wconf 92' lang='lat' dir='ltr'><strong>non</strong></span> <span class='ocrx_word' id='word_1_250' title='bbox 1544 2904 1839 2960; x_wconf 87' lang='lat' dir='ltr'><strong>videbant.</strong></span> <span class='ocrx_word' id='word_1_251' title='bbox 1864 2911 1970 2962; x_wconf 89' lang='lat' dir='ltr'><strong>Per</strong></span> 
     </span>
    </p>
   </div>
   <div class='ocr_carea' id='block_1_30' title="bbox 252 2977 1971 3059">
    <p class='ocr_par' dir='ltr' id='par_1_30' title="bbox 252 2977 1971 3059">
     <span class='ocr_line' id='line_1_30' title="bbox 252 2977 1971 3059; baseline 0.012 -27"><span class='ocrx_word' id='word_1_252' title='bbox 252 2977 587 3049; x_wconf 85' lang='lat' dir='ltr'><strong>jumentum</strong></span> <span class='ocrx_word' id='word_1_253' title='bbox 604 2983 673 3037; x_wconf 92' lang='lat' dir='ltr'><strong>ad</strong></span> <span class='ocrx_word' id='word_1_254' title='bbox 690 2985 986 3041; x_wconf 91' lang='lat' dir='ltr'><strong>stabulum</strong></span> <span class='ocrx_word' id='word_1_255' title='bbox 1009 2988 1367 3045; x_wconf 87' lang='lat' dir='ltr'><strong>ducebantur</strong></span> <span class='ocrx_word' id='word_1_256' title='bbox 1387 2994 1762 3059; x_wconf 88' lang='lat' dir='ltr'><strong>curandi,sed</strong></span> <span class='ocrx_word' id='word_1_257' title='bbox 1786 2997 1971 3052; x_wconf 87' lang='lat' dir='ltr'><strong>sanati</strong></span> 
     </span>
    </p>
   </div>
   <div class='ocr_carea' id='block_1_31' title="bbox 261 3070 1971 3155">
    <p class='ocr_par' dir='ltr' id='par_1_31' title="bbox 261 3070 1971 3155">
     <span class='ocr_line' id='line_1_31' title="bbox 261 3070 1971 3155; baseline 0.012 -30"><span class='ocrx_word' id='word_1_258' title='bbox 261 3070 571 3140; x_wconf 86' lang='lat' dir='ltr'><strong>videbunt;</strong></span> <span class='ocrx_word' id='word_1_259' title='bbox 623 3074 761 3144; x_wconf 88' lang='lat' dir='ltr'><strong>quia</strong></span> <span class='ocrx_word' id='word_1_260' title='bbox 809 3078 1110 3145; x_wconf 80' lang='lat' dir='ltr'><strong>ostendam,</strong></span> <span class='ocrx_word' id='word_1_261' title='bbox 1146 3081 1352 3151; x_wconf 83' lang='lat' dir='ltr'><strong>inquit,</strong></span> <span class='ocrx_word' id='word_1_262' title='bbox 1383 3086 1649 3155; x_wconf 81' lang='lat' dir='ltr'><strong>meipsum</strong></span> <span class='ocrx_word' id='word_1_263' title='bbox 1678 3086 1795 3142; x_wconf 85' lang='lat' dir='ltr'><strong>illi.</strong></span> <span class='ocrx_word' id='word_1_264' title='bbox 1830 3089 1971 3153; x_wconf 90' lang='lat' dir='ltr'><strong>Quo-</strong></span> 
     </span>
    </p>
   </div>
   <div class='ocr_carea' id='block_1_32' title="bbox 263 3162 1967 3252">
    <p class='ocr_par' dir='ltr' id='par_1_32' title="bbox 263 3162 1967 3252">
     <span class='ocr_line' id='line_1_32' title="bbox 263 3162 1967 3252; baseline 0.012 -37"><span class='ocrx_word' id='word_1_265' title='bbox 263 3162 438 3252; x_wconf 84' lang='lat' dir='ltr'><strong>modo</strong></span> <span class='ocrx_word' id='word_1_266' title='bbox 470 3164 798 3252; x_wconf 85' lang='lat' dir='ltr'><strong>ostenditur</strong></span> <span class='ocrx_word' id='word_1_267' title='bbox 826 3169 1061 3238; x_wconf 66' lang='lat' dir='ltr'><strong>aequalis</strong></span> <span class='ocrx_word' id='word_1_268' title='bbox 1095 3170 1246 3225; x_wconf 85' lang='lat' dir='ltr'><strong>Patri</strong></span> <span class='ocrx_word' id='word_1_269' title='bbox 1276 3172 1303 3226; x_wconf 84' lang='lat'><strong><em>?</em></strong></span> <span class='ocrx_word' id='word_1_270' title='bbox 1333 3173 1477 3229; x_wconf 91' lang='lat' dir='ltr'><strong>Cum</strong></span> <span class='ocrx_word' id='word_1_271' title='bbox 1511 3176 1655 3231; x_wconf 88' lang='lat' dir='ltr'><strong>dicit</strong></span> <span class='ocrx_word' id='word_1_272' title='bbox 1676 3178 1967 3252; x_wconf 90' lang='lat' dir='ltr'><strong>Philippo,</strong></span> 
     </span>
    </p>
   </div>
   <div class='ocr_carea' id='block_1_33' title="bbox 266 3250 1967 3344">
    <p class='ocr_par' dir='ltr' id='par_1_33' title="bbox 266 3250 1967 3344">
     <span class='ocr_line' id='line_1_33' title="bbox 266 3250 1967 3344; baseline 0.012 -39"><span class='ocrx_word' id='word_1_273' title='bbox 266 3250 666 3344; x_wconf 33' lang='lat' dir='ltr'><strong>Qui‘meuvidet,</strong></span> <span class='ocrx_word' id='word_1_274' title='bbox 696 3254 844 3310; x_wconf 85' lang='lat' dir='ltr'><strong>videt</strong></span> <span class='ocrx_word' id='word_1_275' title='bbox 874 3262 923 3311; x_wconf 87' lang='lat' dir='ltr'><strong>et</strong></span> <span class='ocrx_word' id='word_1_276' title='bbox 954 3259 1172 3314; x_wconf 87' lang='lat' dir='ltr'><strong>Patrem</strong></span> <span class='ocrx_word' id='word_1_277' title='bbox 1194 3277 1379 3317; x_wconf 89' lang='lat' dir='ltr'><strong>meum</strong></span> <span class='ocrx_word' id='word_1_278' title='bbox 1414 3264 1597 3334; x_wconf 87' lang='lat' dir='ltr'><strong>(Joan.</strong></span> <span class='ocrx_word' id='word_1_279' title='bbox 1626 3284 1739 3334; x_wconf 81' lang='lat' dir='ltr'><strong>xiv,</strong></span> <span class='ocrx_word' id='word_1_280' title='bbox 1769 3250 1858 3336; x_wconf 75' lang='lat' dir='ltr'><strong>2t,</strong></span> <span class='ocrx_word' id='word_1_281' title='bbox 1877 3250 1967 3344; x_wconf 21' lang='lat' dir='ltr'><strong>V9).</strong></span> 
     </span>
    </p>
   </div>
   <div class='ocr_carea' id='block_1_34' title="bbox 339 3340 1968 3429">
    <p class='ocr_par' dir='ltr' id='par_1_34' title="bbox 339 3340 1968 3429">
     <span class='ocr_line' id='line_1_34' title="bbox 339 3340 1968 3429; baseline 0.013 -34"><span class='ocrx_word' id='word_1_282' title='bbox 339 3340 424 3396; x_wconf 88' lang='grc'><strong>19.</strong></span> <span class='ocrx_word' id='word_1_283' title='bbox 465 3341 585 3398; x_wconf 84' lang='grc' dir='ltr'><strong>Νοη</strong></span> <span class='ocrx_word' id='word_1_284' title='bbox 638 3359 858 3414; x_wconf 85' lang='lat' dir='ltr'><strong>possum</strong></span> <span class='ocrx_word' id='word_1_285' title='bbox 896 3362 993 3415; x_wconf 85' lang='lat' dir='ltr'><strong>ego</strong></span> <span class='ocrx_word' id='word_1_286' title='bbox 1048 3365 1083 3403; x_wconf 88' lang='lat' dir='ltr'><strong>a</strong></span> <span class='ocrx_word' id='word_1_287' title='bbox 1139 3353 1341 3421; x_wconf 82' lang='lat' dir='ltr'><strong>meipso</strong></span> <span class='ocrx_word' id='word_1_288' title='bbox 1386 3354 1565 3420; x_wconf 84' lang='lat' dir='ltr'><strong>facere</strong></span> <span class='ocrx_word' id='word_1_289' title='bbox 1621 3340 1968 3429; x_wconf 78' lang='lat' dir='ltr'><strong>quidquam:</strong></span> 
     </span>
    </p>
   </div>
   <div class='ocr_carea' id='block_1_35' title="bbox 264 3429 1974 3513">
    <p class='ocr_par' dir='ltr' id='par_1_35' title="bbox 264 3429 1974 3513">
     <span class='ocr_line' id='line_1_35' title="bbox 264 3429 1974 3513; baseline 0.013 -29"><span class='ocrx_word' id='word_1_290' title='bbox 264 3429 408 3486; x_wconf 80' lang='lat' dir='ltr'><strong>sicut</strong></span> <span class='ocrx_word' id='word_1_291' title='bbox 434 3431 610 3488; x_wconf 84' lang='lat' dir='ltr'><strong>audio</strong></span> <span class='ocrx_word' id='word_1_292' title='bbox 649 3434 862 3504; x_wconf 88' lang='lat' dir='ltr'><strong>judico,</strong></span> <span class='ocrx_word' id='word_1_293' title='bbox 893 3442 944 3492; x_wconf 89' lang='lat' dir='ltr'><strong>el</strong></span> <span class='ocrx_word' id='word_1_294' title='bbox 963 3438 1241 3507; x_wconf 84' lang='lat' dir='ltr'><strong>judicium</strong></span> <span class='ocrx_word' id='word_1_295' title='bbox 1271 3458 1454 3497; x_wconf 89' lang='lat' dir='ltr'><strong>meum</strong></span> <span class='ocrx_word' id='word_1_296' title='bbox 1472 3446 1680 3513; x_wconf 77' lang='lat' dir='ltr'><strong>iustum</strong></span> <span class='ocrx_word' id='word_1_297' title='bbox 1707 3459 1805 3502; x_wconf 84' lang='lat' dir='ltr'><strong>est.</strong></span> <span class='ocrx_word' id='word_1_298' title='bbox 1828 3450 1974 3513; x_wconf 89' lang='lat' dir='ltr'><strong>Quia</strong></span> 
     </span>
    </p>
   </div>
   <div class='ocr_carea' id='block_1_36' title="bbox 267 3519 1975 3610">
    <p class='ocr_par' dir='ltr' id='par_1_36' title="bbox 267 3519 1975 3610">
     <span class='ocr_line' id='line_1_36' title="bbox 267 3519 1975 3610; baseline 0.014 -37"><span class='ocrx_word' id='word_1_299' title='bbox 267 3519 480 3576; x_wconf 87' lang='lat' dir='ltr'><strong>dicturi</strong></span> <span class='ocrx_word' id='word_1_300' title='bbox 514 3521 599 3577; x_wconf 90' lang='lat' dir='ltr'><strong>illi</strong></span> <span class='ocrx_word' id='word_1_301' title='bbox 629 3540 889 3593; x_wconf 86' lang='lat' dir='ltr'><strong>eramus,</strong></span> <span class='ocrx_word' id='word_1_302' title='bbox 921 3526 1008 3581; x_wconf 89' lang='lat' dir='ltr'><strong>Tu</strong></span> <span class='ocrx_word' id='word_1_303' title='bbox 1033 3529 1348 3601; x_wconf 84' lang='lat' dir='ltr'><strong>judicabis,</strong></span> <span class='ocrx_word' id='word_1_304' title='bbox 1382 3538 1439 3588; x_wconf 91' lang='lat' dir='ltr'><strong>et</strong></span> <span class='ocrx_word' id='word_1_305' title='bbox 1464 3538 1627 3591; x_wconf 86' lang='lat' dir='ltr'><strong>Pater</strong></span> <span class='ocrx_word' id='word_1_306' title='bbox 1659 3554 1773 3593; x_wconf 92' lang='lat' dir='ltr'><strong>non</strong></span> <span class='ocrx_word' id='word_1_307' title='bbox 1815 3540 1975 3610; x_wconf 91' lang='lat' dir='ltr'><strong>judi-</strong></span> 
     </span>
    </p>
   </div>
   <div class='ocr_carea' id='block_1_37' title="bbox 266 3613 1973 3703">
    <p class='ocr_par' dir='ltr' id='par_1_37' title="bbox 266 3613 1973 3703">
     <span class='ocr_line' id='line_1_37' title="bbox 266 3613 1973 3703; baseline 0.013 -37"><span class='ocrx_word' id='word_1_308' title='bbox 266 3613 445 3683; x_wconf 88' lang='lat' dir='ltr'><strong>cabit,</strong></span> <span class='ocrx_word' id='word_1_309' title='bbox 494 3614 628 3703; x_wconf 83' lang='lat' dir='ltr'><strong>quia</strong></span> <span class='ocrx_word' id='word_1_310' title='bbox 675 3632 836 3672; x_wconf 88' lang='lat' dir='ltr'><strong>omne</strong></span> <span class='ocrx_word' id='word_1_311' title='bbox 854 3617 1128 3687; x_wconf 84' lang='lat' dir='ltr'><strong>judicium</strong></span> <span class='ocrx_word' id='word_1_312' title='bbox 1175 3623 1326 3677; x_wconf 83' lang='lat' dir='ltr'><strong>dedit</strong></span> <span class='ocrx_word' id='word_1_313' title='bbox 1354 3625 1532 3692; x_wconf 83' lang='lat' dir='ltr'><strong>Filio;</strong></span> <span class='ocrx_word' id='word_1_314' title='bbox 1565 3644 1680 3683; x_wconf 91' lang='lat' dir='ltr'><strong>non</strong></span> <span class='ocrx_word' id='word_1_315' title='bbox 1714 3646 1850 3703; x_wconf 86' lang='lat' dir='ltr'><strong>ergo</strong></span> <span class='ocrx_word' id='word_1_316' title='bbox 1883 3648 1973 3688; x_wconf 83' lang='lat' dir='ltr'><strong>se-</strong></span> 
     </span>
    </p>
   </div>
   <div class='ocr_carea' id='block_1_38' title="bbox 268 3702 1975 3792">
    <p class='ocr_par' dir='ltr' id='par_1_38' title="bbox 268 3702 1975 3792">
     <span class='ocr_line' id='line_1_38' title="bbox 268 3702 1975 3792; baseline 0.015 -38"><span class='ocrx_word' id='word_1_317' title='bbox 268 3702 524 3792; x_wconf 88' lang='lat' dir='ltr'><strong>cundum</strong></span> <span class='ocrx_word' id='word_1_318' title='bbox 558 3702 786 3761; x_wconf 86' lang='lat' dir='ltr'><strong>Patrem</strong></span> <span class='ocrx_word' id='word_1_319' title='bbox 826 3708 1114 3776; x_wconf 87' lang='lat' dir='ltr'><strong>judicabis</strong></span> <span class='ocrx_word' id='word_1_320' title='bbox 1147 3726 1160 3765; x_wconf 88' lang='lat'><strong>:</strong></span> <span class='ocrx_word' id='word_1_321' title='bbox 1195 3713 1428 3781; x_wconf 85' lang='lat' dir='ltr'><strong>adjecit,</strong></span> <span class='ocrx_word' id='word_1_322' title='bbox 1465 3715 1579 3771; x_wconf 86' lang='lat' dir='ltr'><strong>Non</strong></span> <span class='ocrx_word' id='word_1_323' title='bbox 1615 3733 1833 3789; x_wconf 81' lang='lat' dir='ltr'><strong>possum</strong></span> <span class='ocrx_word' id='word_1_324' title='bbox 1879 3737 1975 3792; x_wconf 86' lang='lat' dir='ltr'><strong>ego</strong></span> 
     </span>
    </p>
   </div>
   <div class='ocr_carea' id='block_1_39' title="bbox 266 3791 1975 3887">
    <p class='ocr_par' dir='ltr' id='par_1_39' title="bbox 266 3791 1975 3887">
     <span class='ocr_line' id='line_1_39' title="bbox 266 3791 1975 3887; baseline 0.013 -44"><span class='ocrx_word' id='word_1_325' title='bbox 266 3791 537 3887; x_wconf 40' lang='lat' dir='ltr'><strong>a.meipso</strong></span> <span class='ocrx_word' id='word_1_326' title='bbox 571 3793 756 3861; x_wconf 81' lang='lat' dir='ltr'><strong>facere</strong></span> <span class='ocrx_word' id='word_1_327' title='bbox 780 3795 1120 3867; x_wconf 82' lang='lat' dir='ltr'><strong>quidquam:</strong></span> <span class='ocrx_word' id='word_1_328' title='bbox 1148 3802 1289 3857; x_wconf 90' lang='lat' dir='ltr'><strong>sicut</strong></span> <span class='ocrx_word' id='word_1_329' title='bbox 1318 3804 1486 3860; x_wconf 86' lang='lat' dir='ltr'><strong>audio</strong></span> <span class='ocrx_word' id='word_1_330' title='bbox 1509 3806 1718 3875; x_wconf 84' lang='lat' dir='ltr'><strong>judico,</strong></span> <span class='ocrx_word' id='word_1_331' title='bbox 1747 3814 1799 3865; x_wconf 84' lang='lat' dir='ltr'><strong>et</strong></span> <span class='ocrx_word' id='word_1_332' title='bbox 1829 3791 1975 3878; x_wconf 78' lang='lat' dir='ltr'><strong>iudi-</strong></span> 
     </span>
    </p>
   </div>
   <div class='ocr_carea' id='block_1_40' title="bbox 267 3884 1973 3965">
    <p class='ocr_par' dir='ltr' id='par_1_40' title="bbox 267 3884 1973 3965">
     <span class='ocr_line' id='line_1_40' title="bbox 267 3884 1973 3965; baseline 0.015 -35"><span class='ocrx_word' id='word_1_333' title='bbox 267 3884 416 3932; x_wconf 82' lang='lat' dir='ltr'><strong>cium</strong></span> <span class='ocrx_word' id='word_1_334' title='bbox 463 3894 643 3934; x_wconf 91' lang='lat' dir='ltr'><strong>meum</strong></span> <span class='ocrx_word' id='word_1_335' title='bbox 694 3884 900 3949; x_wconf 77' lang='lat' dir='ltr'><strong>iustum</strong></span> <span class='ocrx_word' id='word_1_336' title='bbox 939 3892 1053 3954; x_wconf 86' lang='lat' dir='ltr'><strong>est;</strong></span> <span class='ocrx_word' id='word_1_337' title='bbox 1105 3892 1234 3959; x_wconf 85' lang='lat' dir='ltr'><strong>quia</strong></span> <span class='ocrx_word' id='word_1_338' title='bbox 1266 3908 1374 3947; x_wconf 82' lang='lat' dir='ltr'><strong>non</strong></span> <span class='ocrx_word' id='word_1_339' title='bbox 1422 3910 1608 3965; x_wconf 71' lang='lat' dir='ltr'><strong>quaero</strong></span> <span class='ocrx_word' id='word_1_340' title='bbox 1638 3898 1973 3955; x_wconf 83' lang='lat' dir='ltr'><strong>voluntatem</strong></span> 
     </span>
    </p>
   </div>
   <div class='ocr_carea' id='block_1_41' title="bbox 269 3967 1980 4048">
    <p class='ocr_par' dir='ltr' id='par_1_41' title="bbox 269 3967 1980 4048">
     <span class='ocr_line' id='line_1_41' title="bbox 269 3967 1980 4048; baseline 0.015 -29"><span class='ocrx_word' id='word_1_341' title='bbox 269 3980 473 4026; x_wconf 86' lang='lat' dir='ltr'><strong>meam.</strong></span> <span class='ocrx_word' id='word_1_342' title='bbox 492 3967 583 4022; x_wconf 85' lang='lat' dir='ltr'><strong>sed</strong></span> <span class='ocrx_word' id='word_1_343' title='bbox 610 3970 945 4028; x_wconf 87' lang='lat' dir='ltr'><strong>voluntatem</strong></span> <span class='ocrx_word' id='word_1_344' title='bbox 971 3975 1087 4046; x_wconf 82' lang='lat' dir='ltr'><strong>ejus</strong></span> <span class='ocrx_word' id='word_1_345' title='bbox 1118 3981 1214 4048; x_wconf 87' lang='lat' dir='ltr'><strong>qui</strong></span> <span class='ocrx_word' id='word_1_346' title='bbox 1259 3980 1414 4037; x_wconf 83' lang='lat' dir='ltr'><strong>misit</strong></span> <span class='ocrx_word' id='word_1_347' title='bbox 1442 3999 1547 4039; x_wconf 85' lang='lat' dir='ltr'><strong>me.</strong></span> <span class='ocrx_word' id='word_1_348' title='bbox 1589 3985 1749 4041; x_wconf 87' lang='lat' dir='ltr'><strong>Certe</strong></span> <span class='ocrx_word' id='word_1_349' title='bbox 1798 3987 1980 4045; x_wconf 84' lang='lat' dir='ltr'><strong>Filius</strong></span> 
     </span>
    </p>
   </div>
   <div class='ocr_carea' id='block_1_42' title="bbox 270 4055 1981 4143">
    <p class='ocr_par' dir='ltr' id='par_1_42' title="bbox 270 4055 1981 4143">
     <span class='ocr_line' id='line_1_42' title="bbox 270 4055 1981 4143; baseline 0.017 -37"><span class='ocrx_word' id='word_1_350' title='bbox 270 4069 417 4124; x_wconf 86' lang='lat' dir='ltr'><strong>quos</strong></span> <span class='ocrx_word' id='word_1_351' title='bbox 447 4055 571 4111; x_wconf 90' lang='lat' dir='ltr'><strong>vult</strong></span> <span class='ocrx_word' id='word_1_352' title='bbox 599 4056 869 4115; x_wconf 89' lang='lat' dir='ltr'><strong>vivifieat.</strong></span> <span class='ocrx_word' id='word_1_353' title='bbox 892 4061 1016 4119; x_wconf 90' lang='lat' dir='ltr'><strong>Non</strong></span> <span class='ocrx_word' id='word_1_354' title='bbox 1050 4068 1255 4136; x_wconf 64' lang='lat' dir='ltr'><strong>quaerit</strong></span> <span class='ocrx_word' id='word_1_355' title='bbox 1275 4070 1635 4129; x_wconf 87' lang='lat' dir='ltr'><strong>voluntatem</strong></span> <span class='ocrx_word' id='word_1_356' title='bbox 1668 4092 1859 4143; x_wconf 89' lang='lat' dir='ltr'><strong>suam,</strong></span> <span class='ocrx_word' id='word_1_357' title='bbox 1879 4078 1981 4134; x_wconf 89' lang='lat' dir='ltr'><strong>sed</strong></span> 
     </span>
    </p>
   </div>
   <div class='ocr_carea' id='block_1_43' title="bbox 269 4144 1982 4240">
    <p class='ocr_par' dir='ltr' id='par_1_43' title="bbox 269 4144 1982 4240">
     <span class='ocr_line' id='line_1_43' title="bbox 269 4144 1982 4240; baseline 0.015 -41"><span class='ocrx_word' id='word_1_358' title='bbox 269 4144 631 4240; x_wconf 83' lang='lat' dir='ltr'><strong>voluntatem</strong></span> <span class='ocrx_word' id='word_1_359' title='bbox 651 4149 779 4219; x_wconf 86' lang='lat' dir='ltr'><strong>ejus</strong></span> <span class='ocrx_word' id='word_1_360' title='bbox 803 4151 901 4222; x_wconf 91' lang='lat' dir='ltr'><strong>qui</strong></span> <span class='ocrx_word' id='word_1_361' title='bbox 925 4153 1085 4209; x_wconf 90' lang='lat' dir='ltr'><strong>misit</strong></span> <span class='ocrx_word' id='word_1_362' title='bbox 1110 4155 1299 4214; x_wconf 90' lang='lat' dir='ltr'><strong>illum.</strong></span> <span class='ocrx_word' id='word_1_363' title='bbox 1326 4160 1448 4217; x_wconf 88' lang='lat' dir='ltr'><strong>Non</strong></span> <span class='ocrx_word' id='word_1_364' title='bbox 1475 4179 1682 4231; x_wconf 88' lang='lat' dir='ltr'><strong>meam,</strong></span> <span class='ocrx_word' id='word_1_365' title='bbox 1716 4182 1829 4221; x_wconf 91' lang='lat' dir='ltr'><strong>non</strong></span> <span class='ocrx_word' id='word_1_366' title='bbox 1855 4184 1982 4240; x_wconf 89' lang='lat' dir='ltr'><strong>pro-</strong></span> 
     </span>
    </p>
   </div>
   <div class='ocr_carea' id='block_1_44' title="bbox 271 4235 1977 4324">
    <p class='ocr_par' dir='ltr' id='par_1_44' title="bbox 271 4235 1977 4324">
     <span class='ocr_line' id='line_1_44' title="bbox 271 4235 1977 4324; baseline 0.013 -34"><span class='ocrx_word' id='word_1_367' title='bbox 271 4235 454 4306; x_wconf 89' lang='lat' dir='ltr'><strong>priam</strong></span> <span class='ocrx_word' id='word_1_368' title='bbox 484 4250 499 4303; x_wconf 88' lang='lat'><strong>;</strong></span> <span class='ocrx_word' id='word_1_369' title='bbox 534 4252 646 4293; x_wconf 92' lang='lat' dir='ltr'><strong>non</strong></span> <span class='ocrx_word' id='word_1_370' title='bbox 682 4254 895 4311; x_wconf 86' lang='lat' dir='ltr'><strong>meam,</strong></span> <span class='ocrx_word' id='word_1_371' title='bbox 929 4257 1045 4299; x_wconf 90' lang='lat' dir='ltr'><strong>non</strong></span> <span class='ocrx_word' id='word_1_372' title='bbox 1094 4244 1199 4300; x_wconf 82' lang='lat' dir='ltr'><strong>filii</strong></span> <span class='ocrx_word' id='word_1_373' title='bbox 1251 4247 1546 4317; x_wconf 89' lang='lat' dir='ltr'><strong>hominis;</strong></span> <span class='ocrx_word' id='word_1_374' title='bbox 1601 4270 1714 4308; x_wconf 92' lang='lat' dir='ltr'><strong>non</strong></span> <span class='ocrx_word' id='word_1_375' title='bbox 1768 4235 1977 4324; x_wconf 79' lang='lat' dir='ltr'><strong>meam,</strong></span> 
     </span>
    </p>
   </div>
   <div class='ocr_carea' id='block_1_45' title="bbox 272 4325 1978 4402">
    <p class='ocr_par' dir='ltr' id='par_1_45' title="bbox 272 4325 1978 4402">
     <span class='ocr_line' id='line_1_45' title="bbox 272 4325 1978 4402; baseline 0.014 -24"><span class='ocrx_word' id='word_1_376' title='bbox 272 4341 402 4397; x_wconf 63' lang='lat' dir='ltr'><strong>qua;</strong></span> <span class='ocrx_word' id='word_1_377' title='bbox 432 4325 665 4383; x_wconf 84' lang='lat' dir='ltr'><strong>resistat</strong></span> <span class='ocrx_word' id='word_1_378' title='bbox 699 4327 834 4386; x_wconf 91' lang='lat' dir='ltr'><strong>Deo.</strong></span> <span class='ocrx_word' id='word_1_379' title='bbox 870 4331 1113 4390; x_wconf 81' lang='lat' dir='ltr'><strong>Faciunt</strong></span> <span class='ocrx_word' id='word_1_380' title='bbox 1143 4337 1295 4393; x_wconf 90' lang='lat' dir='ltr'><strong>enim</strong></span> <span class='ocrx_word' id='word_1_381' title='bbox 1330 4338 1595 4398; x_wconf 86' lang='lat' dir='ltr'><strong>homines</strong></span> <span class='ocrx_word' id='word_1_382' title='bbox 1623 4344 1978 4402; x_wconf 86' lang='lat' dir='ltr'><strong>voluntatem</strong></span> 
     </span>
    </p>
   </div>
   <div class='ocr_carea' id='block_1_46' title="bbox 274 4420 1981 4503">
    <p class='ocr_par' dir='ltr' id='par_1_46' title="bbox 274 4420 1981 4503">
     <span class='ocr_line' id='line_1_46' title="bbox 274 4420 1981 4503; baseline 0.013 -33"><span class='ocrx_word' id='word_1_383' title='bbox 274 4431 463 4486; x_wconf 88' lang='lat' dir='ltr'><strong>suam,</strong></span> <span class='ocrx_word' id='word_1_384' title='bbox 512 4432 628 4474; x_wconf 90' lang='lat' dir='ltr'><strong>non</strong></span> <span class='ocrx_word' id='word_1_385' title='bbox 680 4420 799 4491; x_wconf 89' lang='lat' dir='ltr'><strong>Dei,</strong></span> <span class='ocrx_word' id='word_1_386' title='bbox 852 4425 1085 4492; x_wconf 85' lang='lat' dir='ltr'><strong>quando</strong></span> <span class='ocrx_word' id='word_1_387' title='bbox 1129 4426 1347 4484; x_wconf 91' lang='lat' dir='ltr'><strong>faciunt</strong></span> <span class='ocrx_word' id='word_1_388' title='bbox 1397 4433 1546 4501; x_wconf 86' lang='lat' dir='ltr'><strong>quod</strong></span> <span class='ocrx_word' id='word_1_389' title='bbox 1594 4434 1818 4503; x_wconf 91' lang='lat' dir='ltr'><strong>volunt,</strong></span> <span class='ocrx_word' id='word_1_390' title='bbox 1867 4452 1981 4492; x_wconf 89' lang='lat' dir='ltr'><strong>non</strong></span> 
     </span>
    </p>
   </div>
   <div class='ocr_carea' id='block_1_47' title="bbox 271 4507 1982 4596">
    <p class='ocr_par' dir='ltr' id='par_1_47' title="bbox 271 4507 1982 4596">
     <span class='ocr_line' id='line_1_47' title="bbox 271 4507 1982 4596; baseline 0.013 -35"><span class='ocrx_word' id='word_1_391' title='bbox 271 4508 423 4596; x_wconf 83' lang='lat' dir='ltr'><strong>quod</strong></span> <span class='ocrx_word' id='word_1_392' title='bbox 450 4507 618 4578; x_wconf 89' lang='lat' dir='ltr'><strong>jubet</strong></span> <span class='ocrx_word' id='word_1_393' title='bbox 647 4514 795 4568; x_wconf 89' lang='lat' dir='ltr'><strong>Deus</strong></span> <span class='ocrx_word' id='word_1_394' title='bbox 829 4527 843 4568; x_wconf 87' lang='lat'><strong>:</strong></span> <span class='ocrx_word' id='word_1_395' title='bbox 872 4515 1100 4585; x_wconf 89' lang='lat' dir='ltr'><strong>quando</strong></span> <span class='ocrx_word' id='word_1_396' title='bbox 1133 4526 1329 4575; x_wconf 88' lang='lat' dir='ltr'><strong>autem</strong></span> <span class='ocrx_word' id='word_1_397' title='bbox 1362 4522 1444 4577; x_wconf 89' lang='lat' dir='ltr'><strong>ita</strong></span> <span class='ocrx_word' id='word_1_398' title='bbox 1467 4523 1687 4579; x_wconf 87' lang='lat' dir='ltr'><strong>faciunt</strong></span> <span class='ocrx_word' id='word_1_399' title='bbox 1708 4526 1862 4596; x_wconf 81' lang='lat' dir='ltr'><strong>quod</strong></span> <span class='ocrx_word' id='word_1_400' title='bbox 1886 4542 1982 4582; x_wconf 88' lang='lat' dir='ltr'><strong>vo-</strong></span> 
     </span>
    </p>
   </div>
   <div class='ocr_carea' id='block_1_48' title="bbox 274 4594 1981 4681">
    <p class='ocr_par' dir='ltr' id='par_1_48' title="bbox 274 4594 1981 4681">
     <span class='ocr_line' id='line_1_48' title="bbox 274 4594 1981 4681; baseline 0.012 -31"><span class='ocrx_word' id='word_1_401' title='bbox 274 4594 427 4666; x_wconf 89' lang='lat' dir='ltr'><strong>lunt,</strong></span> <span class='ocrx_word' id='word_1_402' title='bbox 461 4606 521 4653; x_wconf 91' lang='lat' dir='ltr'><strong>ut</strong></span> <span class='ocrx_word' id='word_1_403' title='bbox 567 4608 757 4658; x_wconf 90' lang='lat' dir='ltr'><strong>tamen</strong></span> <span class='ocrx_word' id='word_1_404' title='bbox 806 4610 1129 4675; x_wconf 89' lang='lat' dir='ltr'><strong>sequantur</strong></span> <span class='ocrx_word' id='word_1_405' title='bbox 1166 4609 1526 4668; x_wconf 84' lang='lat' dir='ltr'><strong>voluntatem</strong></span> <span class='ocrx_word' id='word_1_406' title='bbox 1567 4614 1688 4681; x_wconf 87' lang='lat' dir='ltr'><strong>Dei,</strong></span> <span class='ocrx_word' id='word_1_407' title='bbox 1726 4594 1849 4671; x_wconf 81' lang='lat' dir='ltr'><strong>non</strong></span> <span class='ocrx_word' id='word_1_408' title='bbox 1900 4617 1981 4671; x_wconf 81' lang='lat' dir='ltr'><strong>fa-</strong></span> 
     </span>
    </p>
   </div>
   <div class='ocr_carea' id='block_1_49' title="bbox 273 4686 1979 4772">
    <p class='ocr_par' dir='ltr' id='par_1_49' title="bbox 273 4686 1979 4772">
     <span class='ocr_line' id='line_1_49' title="bbox 273 4686 1979 4772; baseline 0.013 -34"><span class='ocrx_word' id='word_1_409' title='bbox 273 4686 437 4772; x_wconf 83' lang='lat' dir='ltr'><strong>ciunt</strong></span> <span class='ocrx_word' id='word_1_410' title='bbox 464 4687 819 4747; x_wconf 88' lang='lat' dir='ltr'><strong>voluntatem</strong></span> <span class='ocrx_word' id='word_1_411' title='bbox 844 4710 1034 4765; x_wconf 85' lang='lat' dir='ltr'><strong>suam,</strong></span> <span class='ocrx_word' id='word_1_412' title='bbox 1059 4700 1326 4768; x_wconf 88' lang='lat' dir='ltr'><strong>quamvis</strong></span> <span class='ocrx_word' id='word_1_413' title='bbox 1349 4703 1504 4772; x_wconf 91' lang='lat' dir='ltr'><strong>quod</strong></span> <span class='ocrx_word' id='word_1_414' title='bbox 1528 4706 1725 4761; x_wconf 89' lang='lat' dir='ltr'><strong>volunt</strong></span> <span class='ocrx_word' id='word_1_415' title='bbox 1747 4707 1979 4762; x_wconf 82' lang='lat' dir='ltr'><strong>faciant.</strong></span> 
     </span>
    </p>
   </div>
   <div class='ocr_carea' id='block_1_50' title="bbox 277 4771 1977 4867">
    <p class='ocr_par' dir='ltr' id='par_1_50' title="bbox 277 4771 1977 4867">
     <span class='ocr_line' id='line_1_50' title="bbox 277 4771 1977 4867; baseline 0.014 -39"><span class='ocrx_word' id='word_1_416' title='bbox 277 4771 484 4828; x_wconf 89' lang='lat' dir='ltr'><strong>Volens</strong></span> <span class='ocrx_word' id='word_1_417' title='bbox 518 4778 604 4831; x_wconf 89' lang='lat' dir='ltr'><strong>fac</strong></span> <span class='ocrx_word' id='word_1_418' title='bbox 634 4781 789 4848; x_wconf 91' lang='lat' dir='ltr'><strong>quod</strong></span> <span class='ocrx_word' id='word_1_419' title='bbox 818 4782 1044 4850; x_wconf 88' lang='lat' dir='ltr'><strong>juberis</strong></span> <span class='ocrx_word' id='word_1_420' title='bbox 1074 4793 1283 4859; x_wconf 90' lang='lat' dir='ltr'><strong>;atque</strong></span> <span class='ocrx_word' id='word_1_421' title='bbox 1305 4771 1381 4845; x_wconf 86' lang='lat' dir='ltr'><strong>ita</strong></span> <span class='ocrx_word' id='word_1_422' title='bbox 1403 4797 1461 4845; x_wconf 89' lang='lat' dir='ltr'><strong>et</strong></span> <span class='ocrx_word' id='word_1_423' title='bbox 1492 4792 1599 4848; x_wconf 87' lang='lat' dir='ltr'><strong>hoc</strong></span> <span class='ocrx_word' id='word_1_424' title='bbox 1624 4794 1794 4850; x_wconf 85' lang='lat' dir='ltr'><strong>facies</strong></span> <span class='ocrx_word' id='word_1_425' title='bbox 1826 4797 1977 4867; x_wconf 86' lang='lat' dir='ltr'><strong>quod</strong></span> 
     </span>
    </p>
   </div>
   <div class='ocr_carea' id='block_1_51' title="bbox 276 4866 1860 4953">
    <p class='ocr_par' dir='ltr' id='par_1_51' title="bbox 276 4866 1860 4953">
     <span class='ocr_line' id='line_1_51' title="bbox 276 4866 1860 4953; baseline 0.015 -36"><span class='ocrx_word' id='word_1_426' title='bbox 276 4866 381 4933; x_wconf 85' lang='lat' dir='ltr'><strong>vis,</strong></span> <span class='ocrx_word' id='word_1_427' title='bbox 413 4872 469 4919; x_wconf 92' lang='lat' dir='ltr'><strong>et</strong></span> <span class='ocrx_word' id='word_1_428' title='bbox 500 4882 612 4921; x_wconf 91' lang='lat' dir='ltr'><strong>non</strong></span> <span class='ocrx_word' id='word_1_429' title='bbox 642 4867 993 4927; x_wconf 88' lang='lat' dir='ltr'><strong>voluntatem</strong></span> <span class='ocrx_word' id='word_1_430' title='bbox 1026 4882 1181 4930; x_wconf 89' lang='lat' dir='ltr'><strong>tuam</strong></span> <span class='ocrx_word' id='word_1_431' title='bbox 1222 4880 1416 4947; x_wconf 78' lang='lat' dir='ltr'><strong>facies,</strong></span> <span class='ocrx_word' id='word_1_432' title='bbox 1450 4884 1547 4936; x_wconf 87' lang='lat' dir='ltr'><strong>sed</strong></span> <span class='ocrx_word' id='word_1_433' title='bbox 1574 4866 1860 4953; x_wconf 76' lang='lat' dir='ltr'><strong>jubentis.</strong></span> 
     </span>
    </p>
   </div>
   <div class='ocr_carea' id='block_1_52' title="bbox 342 4955 1977 5043">
    <p class='ocr_par' dir='ltr' id='par_1_52' title="bbox 342 4955 1977 5043">
     <span class='ocr_line' id='line_1_52' title="bbox 342 4955 1977 5043; baseline 0.014 -36"><span class='ocrx_word' id='word_1_434' title='bbox 342 4955 430 5009; x_wconf 88' lang='grc'><strong>20.</strong></span> <span class='ocrx_word' id='word_1_435' title='bbox 467 4956 609 5021; x_wconf 87' lang='lat' dir='ltr'><strong>Quid</strong></span> <span class='ocrx_word' id='word_1_436' title='bbox 645 4972 781 5030; x_wconf 90' lang='lat' dir='ltr'><strong>ergo</strong></span> <span class='ocrx_word' id='word_1_437' title='bbox 802 4958 830 5014; x_wconf 78' lang='lat' dir='ltr'><strong>‘l</strong></span> <span class='ocrx_word' id='word_1_438' title='bbox 859 4960 1011 5017; x_wconf 83' lang='lat' dir='ltr'><strong>Sicut</strong></span> <span class='ocrx_word' id='word_1_439' title='bbox 1042 4966 1231 5034; x_wconf 87' lang='lat' dir='ltr'><strong>audio,</strong></span> <span class='ocrx_word' id='word_1_440' title='bbox 1255 4970 1329 5023; x_wconf 86' lang='lat' dir='ltr'><strong>ita</strong></span> <span class='ocrx_word' id='word_1_441' title='bbox 1351 4971 1555 5038; x_wconf 80' lang='lat' dir='ltr'><strong>iudico.</strong></span> <span class='ocrx_word' id='word_1_442' title='bbox 1586 4974 1760 5028; x_wconf 83' lang='lat' dir='ltr'><strong>Audit</strong></span> <span class='ocrx_word' id='word_1_443' title='bbox 1780 4974 1977 5043; x_wconf 83' lang='lat' dir='ltr'><strong>Filius,</strong></span> 
     </span>
    </p>
   </div>
   <div class='ocr_carea' id='block_1_53' title="bbox 273 5046 1981 5123">
    <p class='ocr_par' dir='ltr' id='par_1_53' title="bbox 273 5046 1981 5123">
     <span class='ocr_line' id='line_1_53' title="bbox 273 5046 1981 5123; baseline 0.013 -25"><span class='ocrx_word' id='word_1_444' title='bbox 273 5051 329 5099; x_wconf 86' lang='lat' dir='ltr'><strong>et</strong></span> <span class='ocrx_word' id='word_1_445' title='bbox 371 5046 731 5103; x_wconf 88' lang='lat' dir='ltr'><strong>demonstrat</strong></span> <span class='ocrx_word' id='word_1_446' title='bbox 779 5049 829 5104; x_wconf 91' lang='lat' dir='ltr'><strong>ei</strong></span> <span class='ocrx_word' id='word_1_447' title='bbox 874 5054 1065 5123; x_wconf 89' lang='lat' dir='ltr'><strong>Pater,</strong></span> <span class='ocrx_word' id='word_1_448' title='bbox 1099 5061 1155 5109; x_wconf 89' lang='lat' dir='ltr'><strong>et</strong></span> <span class='ocrx_word' id='word_1_449' title='bbox 1201 5059 1358 5113; x_wconf 86' lang='lat' dir='ltr'><strong>videt</strong></span> <span class='ocrx_word' id='word_1_450' title='bbox 1405 5060 1583 5117; x_wconf 73' lang='lat' dir='ltr'><strong>Filius</strong></span> <span class='ocrx_word' id='word_1_451' title='bbox 1628 5063 1852 5119; x_wconf 87' lang='lat' dir='ltr'><strong>Patrem</strong></span> <span class='ocrx_word' id='word_1_452' title='bbox 1904 5066 1981 5121; x_wconf 84' lang='lat' dir='ltr'><strong>fa-</strong></span> 
     </span>
    </p>
   </div>
   <div class='ocr_carea' id='block_1_54' title="bbox 275 5135 1979 5227">
    <p class='ocr_par' dir='ltr' id='par_1_54' title="bbox 275 5135 1979 5227">
     <span class='ocr_line' id='line_1_54' title="bbox 275 5135 1979 5227; baseline 0.013 -38"><span class='ocrx_word' id='word_1_453' title='bbox 275 5135 542 5191; x_wconf 88' lang='lat' dir='ltr'><strong>cientem.</strong></span> <span class='ocrx_word' id='word_1_454' title='bbox 576 5139 641 5193; x_wconf 87' lang='lat' dir='ltr'><strong>Et</strong></span> <span class='ocrx_word' id='word_1_455' title='bbox 674 5140 780 5195; x_wconf 91' lang='lat' dir='ltr'><strong>ista</strong></span> <span class='ocrx_word' id='word_1_456' title='bbox 811 5141 1229 5201; x_wconf 88' lang='lat' dir='ltr'><strong>distuleramus</strong></span> <span class='ocrx_word' id='word_1_457' title='bbox 1281 5150 1451 5217; x_wconf 89' lang='lat' dir='ltr'><strong>paulo</strong></span> <span class='ocrx_word' id='word_1_458' title='bbox 1483 5154 1845 5211; x_wconf 86' lang='lat' dir='ltr'><strong>enucleatius</strong></span> <span class='ocrx_word' id='word_1_459' title='bbox 1876 5173 1979 5227; x_wconf 88' lang='lat' dir='ltr'><strong>pro</strong></span> 
     </span>
    </p>
   </div>
   <div class='ocr_carea' id='block_1_55' title="bbox 275 5225 1982 5313">
    <p class='ocr_par' dir='ltr' id='par_1_55' title="bbox 275 5225 1982 5313">
     <span class='ocr_line' id='line_1_55' title="bbox 275 5225 1982 5313; baseline 0.016 -37"><span class='ocrx_word' id='word_1_460' title='bbox 275 5225 499 5313; x_wconf 78' lang='lat' dir='ltr'><strong>viribus</strong></span> <span class='ocrx_word' id='word_1_461' title='bbox 514 5237 881 5297; x_wconf 85' lang='lat' dir='ltr'><strong>pertractare,</strong></span> <span class='ocrx_word' id='word_1_462' title='bbox 915 5233 965 5290; x_wconf 88' lang='lat' dir='ltr'><strong>si</strong></span> <span class='ocrx_word' id='word_1_463' title='bbox 982 5240 1213 5308; x_wconf 89' lang='lat' dir='ltr'><strong>tempus</strong></span> <span class='ocrx_word' id='word_1_464' title='bbox 1231 5241 1400 5295; x_wconf 91' lang='lat' dir='ltr'><strong>nobis</strong></span> <span class='ocrx_word' id='word_1_465' title='bbox 1419 5250 1647 5313; x_wconf 77' lang='lat' dir='ltr'><strong>peracta</strong></span> <span class='ocrx_word' id='word_1_466' title='bbox 1665 5225 1909 5302; x_wconf 77' lang='lat' dir='ltr'><strong>lectione</strong></span> <span class='ocrx_word' id='word_1_467' title='bbox 1926 5251 1982 5303; x_wconf 90' lang='lat' dir='ltr'><strong>et</strong></span> 
     </span>
    </p>
   </div>
   <div class='ocr_carea' id='block_1_56' title="bbox 276 5311 1979 5405">
    <p class='ocr_par' dir='ltr' id='par_1_56' title="bbox 276 5311 1979 5405">
     <span class='ocr_line' id='line_1_56' title="bbox 276 5311 1979 5405; baseline 0.017 -42"><span class='ocrx_word' id='word_1_468' title='bbox 276 5311 427 5405; x_wconf 73' lang='lat' dir='ltr'><strong>vires</strong></span> <span class='ocrx_word' id='word_1_469' title='bbox 460 5323 899 5378; x_wconf 83' lang='lat' dir='ltr'><strong>remansissent.</strong></span> <span class='ocrx_word' id='word_1_470' title='bbox 932 5327 988 5379; x_wconf 89' lang='lat' dir='ltr'><strong>Si</strong></span> <span class='ocrx_word' id='word_1_471' title='bbox 1022 5328 1211 5383; x_wconf 89' lang='lat' dir='ltr'><strong>dicam</strong></span> <span class='ocrx_word' id='word_1_472' title='bbox 1248 5346 1341 5385; x_wconf 90' lang='lat' dir='ltr'><strong>me</strong></span> <span class='ocrx_word' id='word_1_473' title='bbox 1382 5311 1549 5402; x_wconf 82' lang='lat' dir='ltr'><strong>posse</strong></span> <span class='ocrx_word' id='word_1_474' title='bbox 1581 5333 1731 5405; x_wconf 87' lang='lat' dir='ltr'><strong>loqui</strong></span> <span class='ocrx_word' id='word_1_475' title='bbox 1768 5337 1979 5405; x_wconf 87' lang='lat' dir='ltr'><strong>adhuc,</strong></span> 
     </span>
    </p>
   </div>
   <div class='ocr_carea' id='block_1_57' title="bbox 278 5400 1984 5499">
    <p class='ocr_par' dir='ltr' id='par_1_57' title="bbox 278 5400 1984 5499">
     <span class='ocr_line' id='line_1_57' title="bbox 278 5400 1984 5499; baseline 0.018 -47"><span class='ocrx_word' id='word_1_476' title='bbox 278 5400 419 5499; x_wconf 71' lang='lat' dir='ltr'><strong>forte</strong></span> <span class='ocrx_word' id='word_1_477' title='bbox 449 5418 552 5499; x_wconf 66' lang='lat' dir='ltr'><strong>vos</strong></span> <span class='ocrx_word' id='word_1_478' title='bbox 571 5409 769 5499; x_wconf 80' lang='lat' dir='ltr'><strong>audire</strong></span> <span class='ocrx_word' id='word_1_479' title='bbox 791 5411 913 5480; x_wconf 87' lang='lat' dir='ltr'><strong>jam</strong></span> <span class='ocrx_word' id='word_1_480' title='bbox 940 5432 1053 5470; x_wconf 92' lang='lat' dir='ltr'><strong>non</strong></span> <span class='ocrx_word' id='word_1_481' title='bbox 1089 5420 1346 5488; x_wconf 83' lang='lat' dir='ltr'><strong>potestis.</strong></span> <span class='ocrx_word' id='word_1_482' title='bbox 1370 5400 1505 5477; x_wconf 76' lang='lat' dir='ltr'><strong>item</strong></span> <span class='ocrx_word' id='word_1_483' title='bbox 1534 5400 1678 5478; x_wconf 82' lang='lat' dir='ltr'><strong>forte</strong></span> <span class='ocrx_word' id='word_1_484' title='bbox 1714 5400 1984 5482; x_wconf 85' lang='lat' dir='ltr'><strong>aviditate</strong></span> 
     </span>
    </p>
   </div>
   <div class='ocr_carea' id='block_1_58' title="bbox 281 5488 1983 5589">
    <p class='ocr_par' dir='ltr' id='par_1_58' title="bbox 281 5488 1983 5589">
     <span class='ocr_line' id='line_1_58' title="bbox 281 5488 1983 5589; baseline 0.02 -50"><span class='ocrx_word' id='word_1_485' title='bbox 281 5488 577 5589; x_wconf 8' lang='lat' dir='ltr'><strong>audiendi,</strong></span> <span class='ocrx_word' id='word_1_486' title='bbox 600 5495 812 5567; x_wconf 88' lang='lat' dir='ltr'><strong>dicitis,</strong></span> <span class='ocrx_word' id='word_1_487' title='bbox 862 5503 1201 5564; x_wconf 87' lang='lat' dir='ltr'><strong>Possumus.</strong></span> <span class='ocrx_word' id='word_1_488' title='bbox 1237 5510 1444 5568; x_wconf 88' lang='lat' dir='ltr'><strong>Melius</strong></span> <span class='ocrx_word' id='word_1_489' title='bbox 1475 5523 1562 5569; x_wconf 90' lang='lat' dir='ltr'><strong>est</strong></span> <span class='ocrx_word' id='word_1_490' title='bbox 1620 5532 1755 5587; x_wconf 87' lang='lat' dir='ltr'><strong>ergo</strong></span> <span class='ocrx_word' id='word_1_491' title='bbox 1789 5524 1851 5571; x_wconf 91' lang='lat' dir='ltr'><strong>ut</strong></span> <span class='ocrx_word' id='word_1_492' title='bbox 1878 5533 1983 5589; x_wconf 89' lang='lat' dir='ltr'><strong>ego</strong></span> 
     </span>
    </p>
   </div>
   <div class='ocr_carea' id='block_1_59' title="bbox 279 5578 1985 5681">
    <p class='ocr_par' dir='ltr' id='par_1_59' title="bbox 279 5578 1985 5681">
     <span class='ocr_line' id='line_1_59' title="bbox 279 5578 1985 5681; baseline 0.018 -47"><span class='ocrx_word' id='word_1_493' title='bbox 279 5578 679 5641; x_wconf 81' lang='lat' dir='ltr'><strong>infirmitatem</strong></span> <span class='ocrx_word' id='word_1_494' title='bbox 727 5604 917 5648; x_wconf 88' lang='lat' dir='ltr'><strong>meam</strong></span> <span class='ocrx_word' id='word_1_495' title='bbox 967 5596 1171 5670; x_wconf 89' lang='lat' dir='ltr'><strong>fatear,</strong></span> <span class='ocrx_word' id='word_1_496' title='bbox 1203 5604 1342 5674; x_wconf 88' lang='lat' dir='ltr'><strong>quia</strong></span> <span class='ocrx_word' id='word_1_497' title='bbox 1364 5604 1488 5675; x_wconf 87' lang='lat' dir='ltr'><strong>jam</strong></span> <span class='ocrx_word' id='word_1_498' title='bbox 1520 5578 1795 5678; x_wconf 59' lang='lat' dir='ltr'><strong>fatigatus</strong></span> <span class='ocrx_word' id='word_1_499' title='bbox 1827 5578 1985 5681; x_wconf 71' lang='lat' dir='ltr'><strong>loqui</strong></span> 
     </span>
    </p>
   </div>
   <div class='ocr_carea' id='block_1_60' title="bbox 278 5686 1978 5766">
    <p class='ocr_par' dir='ltr' id='par_1_60' title="bbox 278 5686 1978 5766">
     <span class='ocr_line' id='line_1_60' title="bbox 278 5686 1978 5766; baseline 0.016 -36"><span class='ocrx_word' id='word_1_500' title='bbox 278 5689 393 5730; x_wconf 76' lang='lat' dir='ltr'><strong>non</strong></span> <span class='ocrx_word' id='word_1_501' title='bbox 425 5688 692 5746; x_wconf 87' lang='lat' dir='ltr'><strong>possum,</strong></span> <span class='ocrx_word' id='word_1_502' title='bbox 725 5692 897 5750; x_wconf 86' lang='lat' dir='ltr'><strong>quam</strong></span> <span class='ocrx_word' id='word_1_503' title='bbox 922 5686 982 5738; x_wconf 87' lang='lat' dir='ltr'><strong>ut</strong></span> <span class='ocrx_word' id='word_1_504' title='bbox 1013 5688 1171 5745; x_wconf 90' lang='lat' dir='ltr'><strong>vobis</strong></span> <span class='ocrx_word' id='word_1_505' title='bbox 1193 5692 1309 5760; x_wconf 89' lang='lat' dir='ltr'><strong>jam</strong></span> <span class='ocrx_word' id='word_1_506' title='bbox 1341 5694 1489 5751; x_wconf 87' lang='lat' dir='ltr'><strong>bene</strong></span> <span class='ocrx_word' id='word_1_507' title='bbox 1517 5698 1760 5766; x_wconf 86' lang='lat' dir='ltr'><strong>satiatis,</strong></span> <span class='ocrx_word' id='word_1_508' title='bbox 1786 5699 1978 5758; x_wconf 84' lang='lat' dir='ltr'><strong>adhuc</strong></span> 
     </span>
    </p>
   </div>
   <div class='ocr_carea' id='block_1_61' title="bbox 256 5884 305 5931">
    <p class='ocr_par' dir='ltr' id='par_1_61' title="bbox 256 5884 305 5931">
     <span class='ocr_line' id='line_1_61' title="bbox 256 5884 305 5931; baseline 0 0"><span class='ocrx_word' id='word_1_509' title='bbox 256 5884 305 5931; x_wconf 55' lang='grc' dir='ltr'><strong>λιι</strong></span> 
     </span>
    </p>
   </div>
   <div class='ocr_carea' id='block_1_62' title="bbox 1210 340 2814 418">
    <p class='ocr_par' dir='ltr' id='par_1_62' title="bbox 1210 340 2814 418">
     <span class='ocr_line' id='line_1_62' title="bbox 1210 340 2814 418; baseline 0.001 -14"><span class='ocrx_word' id='word_1_510' title='bbox 1210 340 1288 404; x_wconf 88' lang='grc' dir='ltr'><strong>ΙΝ</strong></span> <span class='ocrx_word' id='word_1_511' title='bbox 1330 342 1648 407; x_wconf 81' lang='lat' dir='ltr'><strong>JOANNIS</strong></span> <span class='ocrx_word' id='word_1_512' title='bbox 1696 342 2234 418; x_wconf 86' lang='lat' dir='ltr'><strong>EVANGELIUM,</strong></span> <span class='ocrx_word' id='word_1_513' title='bbox 2282 348 2345 408; x_wconf 94' lang='lat' dir='ltr'><strong>S.</strong></span> <span class='ocrx_word' id='word_1_514' title='bbox 2393 340 2814 409; x_wconf 85' lang='lat' dir='ltr'><strong>AUGUSTINI</strong></span> 
     </span>
    </p>
   </div>
   <div class='ocr_carea' id='block_1_63' title="bbox 3623 343 3783 407">
    <p class='ocr_par' dir='ltr' id='par_1_63' title="bbox 3623 343 3783 407">
     <span class='ocr_line' id='line_1_63' title="bbox 3623 343 3783 407; baseline 0 0"><span class='ocrx_word' id='word_1_515' title='bbox 3623 343 3783 407; x_wconf 79' lang='grc'><strong>1556</strong></span> 
     </span>
    </p>
   </div>
   <div class='ocr_carea' id='block_1_64' title="bbox 2062 482 3787 557">
    <p class='ocr_par' dir='ltr' id='par_1_64' title="bbox 2062 482 3787 557">
     <span class='ocr_line' id='line_1_64' title="bbox 2062 482 3787 557; baseline -0.001 -17"><span class='ocrx_word' id='word_1_516' title='bbox 2062 484 2370 541; x_wconf 86' lang='lat' dir='ltr'><strong>infundam</strong></span> <span class='ocrx_word' id='word_1_517' title='bbox 2413 487 2565 557; x_wconf 90' lang='lat' dir='ltr'><strong>quod</strong></span> <span class='ocrx_word' id='word_1_518' title='bbox 2618 501 2731 541; x_wconf 90' lang='lat' dir='ltr'><strong>non</strong></span> <span class='ocrx_word' id='word_1_519' title='bbox 2783 485 2927 540; x_wconf 90' lang='lat' dir='ltr'><strong>bene</strong></span> <span class='ocrx_word' id='word_1_520' title='bbox 2968 483 3267 555; x_wconf 88' lang='lat' dir='ltr'><strong>digeratis.</strong></span> <span class='ocrx_word' id='word_1_521' title='bbox 3312 482 3563 538; x_wconf 89' lang='lat' dir='ltr'><strong>Proinde</strong></span> <span class='ocrx_word' id='word_1_522' title='bbox 3608 482 3787 554; x_wconf 85' lang='lat' dir='ltr'><strong>hujus</strong></span> 
     </span>
    </p>
   </div>
   <div class='ocr_carea' id='block_1_65' title="bbox 2068 572 3786 645">
    <p class='ocr_par' dir='ltr' id='par_1_65' title="bbox 2068 572 3786 645">
     <span class='ocr_line' id='line_1_65' title="bbox 2068 572 3786 645; baseline 0.001 -17"><span class='ocrx_word' id='word_1_523' title='bbox 2068 574 2476 645; x_wconf 86' lang='lat' dir='ltr'><strong>promissionis</strong></span> <span class='ocrx_word' id='word_1_524' title='bbox 2507 590 2683 645; x_wconf 87' lang='lat' dir='ltr'><strong>quam</strong></span> <span class='ocrx_word' id='word_1_525' title='bbox 2715 574 2787 628; x_wconf 88' lang='lat' dir='ltr'><strong>ad</strong></span> <span class='ocrx_word' id='word_1_526' title='bbox 2820 573 3170 629; x_wconf 90' lang='lat' dir='ltr'><strong>hodiernum</strong></span> <span class='ocrx_word' id='word_1_527' title='bbox 3203 577 3461 642; x_wconf 89' lang='lat' dir='ltr'><strong>tempus,</strong></span> <span class='ocrx_word' id='word_1_528' title='bbox 3484 572 3534 626; x_wconf 91' lang='lat' dir='ltr'><strong>si</strong></span> <span class='ocrx_word' id='word_1_529' title='bbox 3583 588 3786 644; x_wconf 82' lang='lat' dir='ltr'><strong>super-</strong></span> 
     </span>
    </p>
   </div>
   <div class='ocr_carea' id='block_1_66' title="bbox 2068 663 3784 735">
    <p class='ocr_par' dir='ltr' id='par_1_66' title="bbox 2068 663 3784 735">
     <span class='ocr_line' id='line_1_66' title="bbox 2068 663 3784 735; baseline -0.001 -15"><span class='ocrx_word' id='word_1_530' title='bbox 2068 672 2241 734; x_wconf 89' lang='lat' dir='ltr'><strong>esset,</strong></span> <span class='ocrx_word' id='word_1_531' title='bbox 2293 665 2658 731; x_wconf 87' lang='lat' dir='ltr'><strong>distuleram,</strong></span> <span class='ocrx_word' id='word_1_532' title='bbox 2704 669 2894 721; x_wconf 88' lang='lat' dir='ltr'><strong>tenete</strong></span> <span class='ocrx_word' id='word_1_533' title='bbox 2944 680 3034 720; x_wconf 92' lang='lat' dir='ltr'><strong>me</strong></span> <span class='ocrx_word' id='word_1_534' title='bbox 3084 664 3394 735; x_wconf 87' lang='lat' dir='ltr'><strong>adjuvante</strong></span> <span class='ocrx_word' id='word_1_535' title='bbox 3446 663 3691 721; x_wconf 92' lang='lat' dir='ltr'><strong>Domino</strong></span> <span class='ocrx_word' id='word_1_536' title='bbox 3725 664 3784 719; x_wconf 87' lang='lat' dir='ltr'><strong>in</strong></span> 
     </span>
    </p>
   </div>
   <div class='ocr_carea' id='block_1_67' title="bbox 2070 755 2767 812">
    <p class='ocr_par' dir='ltr' id='par_1_67' title="bbox 2070 755 2767 812">
     <span class='ocr_line' id='line_1_67' title="bbox 2070 755 2767 812; baseline -0.006 0"><span class='ocrx_word' id='word_1_537' title='bbox 2070 755 2391 812; x_wconf 88' lang='lat' dir='ltr'><strong>crastinum</strong></span> <span class='ocrx_word' id='word_1_538' title='bbox 2425 755 2767 811; x_wconf 87' lang='lat' dir='ltr'><strong>debitorem.</strong></span> 
     </span>
    </p>
   </div>
   <div class='ocr_carea' id='block_1_68' title="bbox 2634 842 3207 900">
    <p class='ocr_par' dir='ltr' id='par_1_68' title="bbox 2634 842 3207 900">
     <span class='ocr_line' id='line_1_68' title="bbox 2634 842 3207 900; baseline -0.002 0"><span class='ocrx_word' id='word_1_539' title='bbox 2634 842 3065 900; x_wconf 80' lang='lat' dir='ltr'><strong>TRACTATUS</strong></span> <span class='ocrx_word' id='word_1_540' title='bbox 3097 842 3207 899; x_wconf 85' lang='lat' dir='ltr'><strong>XX.</strong></span> 
     </span>
    </p>
   </div>
   <div class='ocr_carea' id='block_1_69' title="bbox 2071 931 3790 1004">
    <p class='ocr_par' dir='ltr' id='par_1_69' title="bbox 2071 931 3790 1004">
     <span class='ocr_line' id='line_1_69' title="bbox 2071 931 3790 1004; baseline -0.002 -13"><span class='ocrx_word' id='word_1_541' title='bbox 2071 937 2305 992; x_wconf 83' lang='lat' dir='ltr'><strong>Rursum</strong></span> <span class='ocrx_word' id='word_1_542' title='bbox 2337 937 2394 990; x_wconf 89' lang='lat' dir='ltr'><strong>in</strong></span> <span class='ocrx_word' id='word_1_543' title='bbox 2428 934 2589 1002; x_wconf 90' lang='lat' dir='ltr'><strong>illud,</strong></span> <span class='ocrx_word' id='word_1_544' title='bbox 2622 936 2830 1002; x_wconf 84' lang='lat' dir='ltr'><strong>Amen,</strong></span> <span class='ocrx_word' id='word_1_545' title='bbox 2862 948 3033 989; x_wconf 89' lang='lat' dir='ltr'><strong>amen</strong></span> <span class='ocrx_word' id='word_1_546' title='bbox 3067 932 3197 988; x_wconf 90' lang='lat' dir='ltr'><strong>dico</strong></span> <span class='ocrx_word' id='word_1_547' title='bbox 3228 931 3412 1000; x_wconf 91' lang='lat' dir='ltr'><strong>vobis,</strong></span> <span class='ocrx_word' id='word_1_548' title='bbox 3450 948 3564 988; x_wconf 89' lang='lat' dir='ltr'><strong>non</strong></span> <span class='ocrx_word' id='word_1_549' title='bbox 3600 936 3790 1004; x_wconf 89' lang='lat' dir='ltr'><strong>potest</strong></span> 
     </span>
    </p>
   </div>
   <div class='ocr_carea' id='block_1_70' title="bbox 2142 1019 3787 1095">
    <p class='ocr_par' dir='ltr' id='par_1_70' title="bbox 2142 1019 3787 1095">
     <span class='ocr_line' id='line_1_70' title="bbox 2142 1019 3787 1095; baseline -0.002 -15"><span class='ocrx_word' id='word_1_550' title='bbox 2142 1024 2323 1080; x_wconf 88' lang='lat' dir='ltr'><strong>Filius</strong></span> <span class='ocrx_word' id='word_1_551' title='bbox 2348 1042 2378 1079; x_wconf 88' lang='lat' dir='ltr'><strong>a</strong></span> <span class='ocrx_word' id='word_1_552' title='bbox 2399 1041 2459 1079; x_wconf 89' lang='lat' dir='ltr'><strong>se</strong></span> <span class='ocrx_word' id='word_1_553' title='bbox 2476 1024 2663 1080; x_wconf 87' lang='lat' dir='ltr'><strong>facere</strong></span> <span class='ocrx_word' id='word_1_554' title='bbox 2675 1024 2895 1095; x_wconf 91' lang='lat' dir='ltr'><strong>quidqu</strong></span> <span class='ocrx_word' id='word_1_555' title='bbox 2907 1021 3315 1093; x_wconf 88' lang='lat' dir='ltr'><strong>am,nisiquod</strong></span> <span class='ocrx_word' id='word_1_556' title='bbox 3331 1019 3787 1078; x_wconf 89' lang='lat' dir='ltr'><strong>videritPatrem</strong></span> 
     </span>
    </p>
   </div>
   <div class='ocr_carea' id='block_1_71' title="bbox 2142 1110 3787 1184">
    <p class='ocr_par' dir='ltr' id='par_1_71' title="bbox 2142 1110 3787 1184">
     <span class='ocr_line' id='line_1_71' title="bbox 2142 1110 3787 1184; baseline -0.001 -15"><span class='ocrx_word' id='word_1_557' title='bbox 2142 1115 2445 1170; x_wconf 87' lang='lat' dir='ltr'><strong>facientem</strong></span> <span class='ocrx_word' id='word_1_558' title='bbox 2483 1130 2495 1168; x_wconf 86' lang='lat'><strong>:</strong></span> <span class='ocrx_word' id='word_1_559' title='bbox 2532 1128 2917 1184; x_wconf 72' lang='lat' dir='ltr'><strong>quaecumque</strong></span> <span class='ocrx_word' id='word_1_560' title='bbox 2966 1112 3120 1166; x_wconf 90' lang='lat' dir='ltr'><strong>enim</strong></span> <span class='ocrx_word' id='word_1_561' title='bbox 3164 1112 3329 1167; x_wconf 86' lang='lat' dir='ltr'><strong>Pater</strong></span> <span class='ocrx_word' id='word_1_562' title='bbox 3363 1111 3517 1177; x_wconf 87' lang='lat' dir='ltr'><strong>facit,</strong></span> <span class='ocrx_word' id='word_1_563' title='bbox 3539 1110 3659 1166; x_wconf 69' lang='lat' dir='ltr'><strong>hinc</strong></span> <span class='ocrx_word' id='word_1_564' title='bbox 3690 1127 3787 1167; x_wconf 89' lang='lat' dir='ltr'><strong>ea-</strong></span> 
     </span>
    </p>
   </div>
   <div class='ocr_carea' id='block_1_72' title="bbox 2140 1200 3517 1271">
    <p class='ocr_par' dir='ltr' id='par_1_72' title="bbox 2140 1200 3517 1271">
     <span class='ocr_line' id='line_1_72' title="bbox 2140 1200 3517 1271; baseline -0.004 -12"><span class='ocrx_word' id='word_1_565' title='bbox 2140 1205 2272 1259; x_wconf 89' lang='lat' dir='ltr'><strong>dem</strong></span> <span class='ocrx_word' id='word_1_566' title='bbox 2314 1208 2373 1259; x_wconf 86' lang='lat' dir='ltr'><strong>et</strong></span> <span class='ocrx_word' id='word_1_567' title='bbox 2404 1202 2583 1259; x_wconf 84' lang='lat' dir='ltr'><strong>Filius</strong></span> <span class='ocrx_word' id='word_1_568' title='bbox 2607 1203 2740 1257; x_wconf 82' lang='lat' dir='ltr'><strong>facit</strong></span> <span class='ocrx_word' id='word_1_569' title='bbox 2766 1201 3051 1257; x_wconf 85' lang='lat' dir='ltr'><strong>similiter.</strong></span> <span class='ocrx_word' id='word_1_570' title='bbox 3089 1200 3223 1271; x_wconf 86' lang='lat' dir='ltr'><strong>Cap.</strong></span> <span class='ocrx_word' id='word_1_571' title='bbox 3258 1217 3309 1267; x_wconf 84' lang='lat' dir='ltr'><strong>v,</strong></span> <span class='ocrx_word' id='word_1_572' title='bbox 3344 1201 3396 1269; x_wconf 66' lang='grc' dir='ltr'><strong>Ῡ.</strong></span> <span class='ocrx_word' id='word_1_573' title='bbox 3432 1200 3517 1254; x_wconf 85' lang='grc'><strong>19.</strong></span> 
     </span>
    </p>
   </div>
   <div class='ocr_carea' id='block_1_73' title="bbox 2144 1289 3788 1362">
    <p class='ocr_par' dir='ltr' id='par_1_73' title="bbox 2144 1289 3788 1362">
     <span class='ocr_line' id='line_1_73' title="bbox 2144 1289 3788 1362; baseline -0.001 -14"><span class='ocrx_word' id='word_1_574' title='bbox 2144 1298 2194 1350; x_wconf 84' lang='grc'><strong>1.</strong></span> <span class='ocrx_word' id='word_1_575' title='bbox 2225 1294 2415 1350; x_wconf 89' lang='lat' dir='ltr'><strong>Verba</strong></span> <span class='ocrx_word' id='word_1_576' title='bbox 2446 1292 2677 1349; x_wconf 89' lang='lat' dir='ltr'><strong>Domini</strong></span> <span class='ocrx_word' id='word_1_577' title='bbox 2714 1292 2896 1348; x_wconf 90' lang='lat' dir='ltr'><strong>nostri</strong></span> <span class='ocrx_word' id='word_1_578' title='bbox 2929 1292 3069 1347; x_wconf 89' lang='lat' dir='ltr'><strong>Jesu</strong></span> <span class='ocrx_word' id='word_1_579' title='bbox 3101 1291 3338 1359; x_wconf 89' lang='lat' dir='ltr'><strong>Christi,</strong></span> <span class='ocrx_word' id='word_1_580' title='bbox 3373 1289 3621 1346; x_wconf 81' lang='lat' dir='ltr'><strong>maxime</strong></span> <span class='ocrx_word' id='word_1_581' title='bbox 3656 1308 3788 1362; x_wconf 66' lang='lat' dir='ltr'><strong>quas</strong></span> 
     </span>
    </p>
   </div>
   <div class='ocr_carea' id='block_1_74' title="bbox 2069 1380 3794 1453">
    <p class='ocr_par' dir='ltr' id='par_1_74' title="bbox 2069 1380 3794 1453">
     <span class='ocr_line' id='line_1_74' title="bbox 2069 1380 3794 1453; baseline -0.002 -13"><span class='ocrx_word' id='word_1_582' title='bbox 2069 1385 2328 1440; x_wconf 88' lang='lat' dir='ltr'><strong>Joannes</strong></span> <span class='ocrx_word' id='word_1_583' title='bbox 2359 1388 2775 1439; x_wconf 87' lang='lat' dir='ltr'><strong>commemorat</strong></span> <span class='ocrx_word' id='word_1_584' title='bbox 2799 1381 3169 1453; x_wconf 87' lang='lat' dir='ltr'><strong>evangelista,</strong></span> <span class='ocrx_word' id='word_1_585' title='bbox 3191 1381 3290 1453; x_wconf 89' lang='lat' dir='ltr'><strong>qui</strong></span> <span class='ocrx_word' id='word_1_586' title='bbox 3320 1397 3433 1437; x_wconf 91' lang='lat' dir='ltr'><strong>non</strong></span> <span class='ocrx_word' id='word_1_587' title='bbox 3465 1380 3592 1437; x_wconf 91' lang='lat' dir='ltr'><strong>sine</strong></span> <span class='ocrx_word' id='word_1_588' title='bbox 3610 1396 3794 1437; x_wconf 87' lang='lat' dir='ltr'><strong>causa</strong></span> 
     </span>
    </p>
   </div>
   <div class='ocr_carea' id='block_1_75' title="bbox 2073 1471 3787 1546">
    <p class='ocr_par' dir='ltr' id='par_1_75' title="bbox 2073 1471 3787 1546">
     <span class='ocr_line' id='line_1_75' title="bbox 2073 1471 3787 1546; baseline -0.004 -16"><span class='ocrx_word' id='word_1_589' title='bbox 2073 1491 2250 1546; x_wconf 87' lang='lat' dir='ltr'><strong>super</strong></span> <span class='ocrx_word' id='word_1_590' title='bbox 2293 1478 2495 1545; x_wconf 85' lang='lat' dir='ltr'><strong>pectus</strong></span> <span class='ocrx_word' id='word_1_591' title='bbox 2551 1472 2779 1528; x_wconf 92' lang='lat' dir='ltr'><strong>Domini</strong></span> <span class='ocrx_word' id='word_1_592' title='bbox 2831 1471 3239 1528; x_wconf 89' lang='lat' dir='ltr'><strong>discumbebat</strong></span> <span class='ocrx_word' id='word_1_593' title='bbox 3284 1472 3465 1537; x_wconf 85' lang='lat' dir='ltr'><strong>(Joan.</strong></span> <span class='ocrx_word' id='word_1_594' title='bbox 3518 1487 3640 1535; x_wconf 82' lang='lat' dir='ltr'><strong>xm,</strong></span> <span class='ocrx_word' id='word_1_595' title='bbox 3675 1471 3787 1541; x_wconf 82' lang='lat'><strong>23),</strong></span> 
     </span>
    </p>
   </div>
   <div class='ocr_carea' id='block_1_76' title="bbox 2072 1560 3787 1633">
    <p class='ocr_par' dir='ltr' id='par_1_76' title="bbox 2072 1560 3787 1633">
     <span class='ocr_line' id='line_1_76' title="bbox 2072 1560 3787 1633; baseline -0.003 -13"><span class='ocrx_word' id='word_1_596' title='bbox 2072 1565 2184 1621; x_wconf 89' lang='lat' dir='ltr'><strong>nisi</strong></span> <span class='ocrx_word' id='word_1_597' title='bbox 2208 1569 2270 1619; x_wconf 92' lang='lat' dir='ltr'><strong>ut</strong></span> <span class='ocrx_word' id='word_1_598' title='bbox 2291 1568 2513 1619; x_wconf 90' lang='lat' dir='ltr'><strong>secreta</strong></span> <span class='ocrx_word' id='word_1_599' title='bbox 2537 1563 2759 1617; x_wconf 87' lang='lat' dir='ltr'><strong>altioris</strong></span> <span class='ocrx_word' id='word_1_600' title='bbox 2780 1560 3082 1633; x_wconf 65' lang='lat' dir='ltr'><strong>sapientiai</strong></span> <span class='ocrx_word' id='word_1_601' title='bbox 3099 1562 3228 1631; x_wconf 89' lang='lat' dir='ltr'><strong>ejus</strong></span> <span class='ocrx_word' id='word_1_602' title='bbox 3250 1560 3528 1621; x_wconf 87' lang='lat' dir='ltr'><strong>ebiberet.</strong></span> <span class='ocrx_word' id='word_1_603' title='bbox 3553 1564 3609 1615; x_wconf 85' lang='lat' dir='ltr'><strong>et</strong></span> <span class='ocrx_word' id='word_1_604' title='bbox 3629 1560 3787 1632; x_wconf 90' lang='lat' dir='ltr'><strong>quod</strong></span> 
     </span>
    </p>
   </div>
   <div class='ocr_carea' id='block_1_77' title="bbox 2071 1649 3790 1724">
    <p class='ocr_par' dir='ltr' id='par_1_77' title="bbox 2071 1649 3790 1724">
     <span class='ocr_line' id='line_1_77' title="bbox 2071 1649 3790 1724; baseline -0.003 -14"><span class='ocrx_word' id='word_1_605' title='bbox 2071 1654 2311 1710; x_wconf 85' lang='lat' dir='ltr'><strong>amando</strong></span> <span class='ocrx_word' id='word_1_606' title='bbox 2359 1653 2603 1717; x_wconf 90' lang='lat' dir='ltr'><strong>biberat,</strong></span> <span class='ocrx_word' id='word_1_607' title='bbox 2635 1650 3086 1724; x_wconf 88' lang='lat' dir='ltr'><strong>evangelizando</strong></span> <span class='ocrx_word' id='word_1_608' title='bbox 3136 1655 3408 1719; x_wconf 87' lang='lat' dir='ltr'><strong>ructaret,</strong></span> <span class='ocrx_word' id='word_1_609' title='bbox 3442 1649 3522 1706; x_wconf 90' lang='lat' dir='ltr'><strong>ita</strong></span> <span class='ocrx_word' id='word_1_610' title='bbox 3568 1655 3790 1707; x_wconf 88' lang='lat' dir='ltr'><strong>secreta</strong></span> 
     </span>
    </p>
   </div>
   <div class='ocr_carea' id='block_1_78' title="bbox 2073 1738 3790 1815">
    <p class='ocr_par' dir='ltr' id='par_1_78' title="bbox 2073 1738 3790 1815">
     <span class='ocr_line' id='line_1_78' title="bbox 2073 1738 3790 1815; baseline -0.002 -15"><span class='ocrx_word' id='word_1_611' title='bbox 2073 1748 2211 1800; x_wconf 88' lang='lat' dir='ltr'><strong>sunt</strong></span> <span class='ocrx_word' id='word_1_612' title='bbox 2239 1747 2295 1801; x_wconf 88' lang='lat' dir='ltr'><strong>et</strong></span> <span class='ocrx_word' id='word_1_613' title='bbox 2320 1741 2604 1815; x_wconf 89' lang='lat' dir='ltr'><strong>profunda</strong></span> <span class='ocrx_word' id='word_1_614' title='bbox 2624 1740 3021 1813; x_wconf 74' lang='lat' dir='ltr'><strong>intelligentiae</strong></span> <span class='ocrx_word' id='word_1_615' title='bbox 3056 1745 3095 1810; x_wconf 78' lang='grc' dir='ltr'><strong>ί,</strong></span> <span class='ocrx_word' id='word_1_616' title='bbox 3122 1744 3186 1796; x_wconf 90' lang='lat' dir='ltr'><strong>ut</strong></span> <span class='ocrx_word' id='word_1_617' title='bbox 3216 1756 3416 1797; x_wconf 87' lang='lat' dir='ltr'><strong>omnes</strong></span> <span class='ocrx_word' id='word_1_618' title='bbox 3434 1740 3666 1795; x_wconf 89' lang='lat' dir='ltr'><strong>turbent</strong></span> <span class='ocrx_word' id='word_1_619' title='bbox 3686 1738 3790 1811; x_wconf 78' lang='lat' dir='ltr'><strong>qui</strong></span> 
     </span>
    </p>
   </div>
   <div class='ocr_carea' id='block_1_79' title="bbox 2075 1831 3792 1908">
    <p class='ocr_par' dir='ltr' id='par_1_79' title="bbox 2075 1831 3792 1908">
     <span class='ocr_line' id='line_1_79' title="bbox 2075 1831 3792 1908; baseline -0.003 -17"><span class='ocrx_word' id='word_1_620' title='bbox 2075 1851 2345 1908; x_wconf 87' lang='lat' dir='ltr'><strong>perverso</strong></span> <span class='ocrx_word' id='word_1_621' title='bbox 2364 1838 2505 1889; x_wconf 89' lang='lat' dir='ltr'><strong>sunt</strong></span> <span class='ocrx_word' id='word_1_622' title='bbox 2525 1834 2718 1899; x_wconf 90' lang='lat' dir='ltr'><strong>corde,</strong></span> <span class='ocrx_word' id='word_1_623' title='bbox 2741 1837 3011 1889; x_wconf 89' lang='lat' dir='ltr'><strong>etomnes</strong></span> <span class='ocrx_word' id='word_1_624' title='bbox 3034 1835 3338 1888; x_wconf 81' lang='lat' dir='ltr'><strong>exerceant</strong></span> <span class='ocrx_word' id='word_1_625' title='bbox 3358 1831 3459 1903; x_wconf 91' lang='lat' dir='ltr'><strong>qui</strong></span> <span class='ocrx_word' id='word_1_626' title='bbox 3484 1835 3636 1887; x_wconf 87' lang='lat' dir='ltr'><strong>recto</strong></span> <span class='ocrx_word' id='word_1_627' title='bbox 3649 1834 3792 1887; x_wconf 86' lang='lat' dir='ltr'><strong>sunt</strong></span> 
     </span>
    </p>
   </div>
   <div class='ocr_carea' id='block_1_80' title="bbox 2076 1919 3791 1981">
    <p class='ocr_par' dir='ltr' id='par_1_80' title="bbox 2076 1919 3791 1981">
     <span class='ocr_line' id='line_1_80' title="bbox 2076 1919 3791 1981; baseline -0.002 -1"><span class='ocrx_word' id='word_1_628' title='bbox 2076 1926 2268 1981; x_wconf 91' lang='lat' dir='ltr'><strong>corde.</strong></span> <span class='ocrx_word' id='word_1_629' title='bbox 2298 1924 2550 1979; x_wconf 90' lang='lat' dir='ltr'><strong>Proinde</strong></span> <span class='ocrx_word' id='word_1_630' title='bbox 2583 1922 3009 1978; x_wconf 86' lang='lat' dir='ltr'><strong>animadvertat</strong></span> <span class='ocrx_word' id='word_1_631' title='bbox 3047 1921 3314 1977; x_wconf 86' lang='lat' dir='ltr'><strong>Charitas</strong></span> <span class='ocrx_word' id='word_1_632' title='bbox 3343 1924 3536 1976; x_wconf 89' lang='lat' dir='ltr'><strong>vestra</strong></span> <span class='ocrx_word' id='word_1_633' title='bbox 3558 1921 3627 1976; x_wconf 91' lang='lat' dir='ltr'><strong>ad</strong></span> <span class='ocrx_word' id='word_1_634' title='bbox 3672 1919 3791 1976; x_wconf 61' lang='lat' dir='ltr'><strong>hac</strong></span> 
     </span>
    </p>
   </div>
   <div class='ocr_carea' id='block_1_81' title="bbox 2076 2010 3795 2087">
    <p class='ocr_par' dir='ltr' id='par_1_81' title="bbox 2076 2010 3795 2087">
     <span class='ocr_line' id='line_1_81' title="bbox 2076 2010 3795 2087; baseline -0.003 -16"><span class='ocrx_word' id='word_1_635' title='bbox 2076 2032 2260 2087; x_wconf 91' lang='lat' dir='ltr'><strong>pauca</strong></span> <span class='ocrx_word' id='word_1_636' title='bbox 2291 2030 2415 2086; x_wconf 67' lang='lat' dir='ltr'><strong>quis</strong></span> <span class='ocrx_word' id='word_1_637' title='bbox 2446 2013 2592 2069; x_wconf 87' lang='lat' dir='ltr'><strong>lecta</strong></span> <span class='ocrx_word' id='word_1_638' title='bbox 2623 2020 2782 2068; x_wconf 88' lang='lat' dir='ltr'><strong>sunt.</strong></span> <span class='ocrx_word' id='word_1_639' title='bbox 2814 2011 3128 2068; x_wconf 90' lang='lat' dir='ltr'><strong>Videamus</strong></span> <span class='ocrx_word' id='word_1_640' title='bbox 3158 2010 3207 2067; x_wconf 91' lang='lat' dir='ltr'><strong>si</strong></span> <span class='ocrx_word' id='word_1_641' title='bbox 3238 2028 3353 2082; x_wconf 91' lang='lat' dir='ltr'><strong>quo</strong></span> <span class='ocrx_word' id='word_1_642' title='bbox 3386 2010 3556 2067; x_wconf 89' lang='lat' dir='ltr'><strong>modo</strong></span> <span class='ocrx_word' id='word_1_643' title='bbox 3578 2027 3795 2082; x_wconf 85' lang='lat' dir='ltr'><strong>possu-</strong></span> 
     </span>
    </p>
   </div>
   <div class='ocr_carea' id='block_1_82' title="bbox 2078 2100 3793 2174">
    <p class='ocr_par' dir='ltr' id='par_1_82' title="bbox 2078 2100 3793 2174">
     <span class='ocr_line' id='line_1_82' title="bbox 2078 2100 3793 2174; baseline -0.002 -13"><span class='ocrx_word' id='word_1_644' title='bbox 2078 2122 2209 2161; x_wconf 88' lang='lat' dir='ltr'><strong>mus</strong></span> <span class='ocrx_word' id='word_1_645' title='bbox 2242 2107 2495 2160; x_wconf 88' lang='lat' dir='ltr'><strong>donante</strong></span> <span class='ocrx_word' id='word_1_646' title='bbox 2524 2108 2581 2158; x_wconf 90' lang='lat' dir='ltr'><strong>et</strong></span> <span class='ocrx_word' id='word_1_647' title='bbox 2611 2103 2923 2174; x_wconf 78' lang='lat' dir='ltr'><strong>adiuvante</strong></span> <span class='ocrx_word' id='word_1_648' title='bbox 2962 2102 3089 2173; x_wconf 89' lang='lat' dir='ltr'><strong>ipso</strong></span> <span class='ocrx_word' id='word_1_649' title='bbox 3135 2101 3234 2173; x_wconf 89' lang='lat' dir='ltr'><strong>qui</strong></span> <span class='ocrx_word' id='word_1_650' title='bbox 3272 2102 3444 2157; x_wconf 87' lang='lat' dir='ltr'><strong>verba</strong></span> <span class='ocrx_word' id='word_1_651' title='bbox 3487 2117 3590 2156; x_wconf 86' lang='lat' dir='ltr'><strong>sua</strong></span> <span class='ocrx_word' id='word_1_652' title='bbox 3619 2100 3793 2157; x_wconf 81' lang='lat' dir='ltr'><strong>nobis</strong></span> 
     </span>
    </p>
   </div>
   <div class='ocr_carea' id='block_1_83' title="bbox 2075 2190 3792 2265">
    <p class='ocr_par' dir='ltr' id='par_1_83' title="bbox 2075 2190 3792 2265">
     <span class='ocr_line' id='line_1_83' title="bbox 2075 2190 3792 2265; baseline -0.006 -12"><span class='ocrx_word' id='word_1_653' title='bbox 2075 2196 2258 2253; x_wconf 86' lang='lat' dir='ltr'><strong>voluit</strong></span> <span class='ocrx_word' id='word_1_654' title='bbox 2306 2194 2557 2254; x_wconf 87' lang='lat' dir='ltr'><strong>recitari.</strong></span> <span class='ocrx_word' id='word_1_655' title='bbox 2606 2209 2733 2265; x_wconf 67' lang='lat' dir='ltr'><strong>quae</strong></span> <span class='ocrx_word' id='word_1_656' title='bbox 2791 2196 2928 2247; x_wconf 88' lang='lat' dir='ltr'><strong>tunc</strong></span> <span class='ocrx_word' id='word_1_657' title='bbox 2988 2191 3184 2247; x_wconf 90' lang='lat' dir='ltr'><strong>audita</strong></span> <span class='ocrx_word' id='word_1_658' title='bbox 3235 2199 3409 2262; x_wconf 88' lang='lat' dir='ltr'><strong>atque</strong></span> <span class='ocrx_word' id='word_1_659' title='bbox 3458 2190 3792 2261; x_wconf 89' lang='lat' dir='ltr'><strong>conscripta</strong></span> 
     </span>
    </p>
   </div>
   <div class='ocr_carea' id='block_1_84' title="bbox 2078 2280 3785 2355">
    <p class='ocr_par' dir='ltr' id='par_1_84' title="bbox 2078 2280 3785 2355">
     <span class='ocr_line' id='line_1_84' title="bbox 2078 2280 3785 2355; baseline -0.005 -13"><span class='ocrx_word' id='word_1_660' title='bbox 2078 2291 2235 2353; x_wconf 87' lang='lat' dir='ltr'><strong>sunt,</strong></span> <span class='ocrx_word' id='word_1_661' title='bbox 2270 2290 2335 2341; x_wconf 84' lang='lat' dir='ltr'><strong>ut</strong></span> <span class='ocrx_word' id='word_1_662' title='bbox 2388 2285 2557 2340; x_wconf 94' lang='lat' dir='ltr'><strong>modo</strong></span> <span class='ocrx_word' id='word_1_663' title='bbox 2607 2283 2954 2355; x_wconf 89' lang='lat' dir='ltr'><strong>legerentur,</strong></span> <span class='ocrx_word' id='word_1_664' title='bbox 2987 2281 3125 2352; x_wconf 91' lang='lat' dir='ltr'><strong>quid</strong></span> <span class='ocrx_word' id='word_1_665' title='bbox 3159 2280 3269 2336; x_wconf 90' lang='lat' dir='ltr'><strong>sibi</strong></span> <span class='ocrx_word' id='word_1_666' title='bbox 3302 2280 3440 2336; x_wconf 88' lang='lat' dir='ltr'><strong>velit</strong></span> <span class='ocrx_word' id='word_1_667' title='bbox 3466 2280 3617 2351; x_wconf 90' lang='lat' dir='ltr'><strong>quod</strong></span> <span class='ocrx_word' id='word_1_668' title='bbox 3648 2295 3785 2335; x_wconf 90' lang='lat' dir='ltr'><strong>eum</strong></span> 
     </span>
    </p>
   </div>
   <div class='ocr_carea' id='block_1_85' title="bbox 2078 2371 3791 2441">
    <p class='ocr_par' dir='ltr' id='par_1_85' title="bbox 2078 2371 3791 2441">
     <span class='ocr_line' id='line_1_85' title="bbox 2078 2371 3791 2441; baseline -0.004 -8"><span class='ocrx_word' id='word_1_669' title='bbox 2078 2377 2323 2433; x_wconf 87' lang='lat' dir='ltr'><strong>audistis</strong></span> <span class='ocrx_word' id='word_1_670' title='bbox 2358 2376 2525 2431; x_wconf 92' lang='lat' dir='ltr'><strong>modo</strong></span> <span class='ocrx_word' id='word_1_671' title='bbox 2558 2374 2766 2440; x_wconf 89' lang='lat' dir='ltr'><strong>dicere,</strong></span> <span class='ocrx_word' id='word_1_672' title='bbox 2798 2375 2998 2439; x_wconf 80' lang='lat' dir='ltr'><strong>Amen,</strong></span> <span class='ocrx_word' id='word_1_673' title='bbox 3019 2387 3179 2428; x_wconf 84' lang='lat' dir='ltr'><strong>amen</strong></span> <span class='ocrx_word' id='word_1_674' title='bbox 3217 2371 3338 2427; x_wconf 87' lang='lat' dir='ltr'><strong>dico</strong></span> <span class='ocrx_word' id='word_1_675' title='bbox 3362 2371 3527 2439; x_wconf 83' lang='lat' dir='ltr'><strong>vobis,</strong></span> <span class='ocrx_word' id='word_1_676' title='bbox 3559 2386 3669 2426; x_wconf 78' lang='lat' dir='ltr'><strong>non</strong></span> <span class='ocrx_word' id='word_1_677' title='bbox 3690 2387 3791 2441; x_wconf 88' lang='lat' dir='ltr'><strong>po—</strong></span> 
     </span>
    </p>
   </div>
   <div class='ocr_carea' id='block_1_86' title="bbox 2075 2459 3793 2534">
    <p class='ocr_par' dir='ltr' id='par_1_86' title="bbox 2075 2459 3793 2534">
     <span class='ocr_line' id='line_1_86' title="bbox 2075 2459 3793 2534; baseline -0.005 -10"><span class='ocrx_word' id='word_1_678' title='bbox 2075 2472 2177 2524; x_wconf 84' lang='lat' dir='ltr'><strong>test</strong></span> <span class='ocrx_word' id='word_1_679' title='bbox 2208 2466 2382 2522; x_wconf 81' lang='lat' dir='ltr'><strong>Filius</strong></span> <span class='ocrx_word' id='word_1_680' title='bbox 2413 2483 2446 2519; x_wconf 87' lang='lat' dir='ltr'><strong>a</strong></span> <span class='ocrx_word' id='word_1_681' title='bbox 2482 2480 2535 2519; x_wconf 85' lang='lat' dir='ltr'><strong>se</strong></span> <span class='ocrx_word' id='word_1_682' title='bbox 2574 2466 2754 2533; x_wconf 85' lang='lat' dir='ltr'><strong>facere</strong></span> <span class='ocrx_word' id='word_1_683' title='bbox 2794 2462 3118 2534; x_wconf 86' lang='lat' dir='ltr'><strong>quidquam,</strong></span> <span class='ocrx_word' id='word_1_684' title='bbox 3154 2461 3271 2517; x_wconf 77' lang='lat' dir='ltr'><strong>nisi</strong></span> <span class='ocrx_word' id='word_1_685' title='bbox 3298 2460 3439 2533; x_wconf 80' lang='lat' dir='ltr'><strong>quod</strong></span> <span class='ocrx_word' id='word_1_686' title='bbox 3468 2459 3793 2517; x_wconf 85' lang='lat' dir='ltr'><strong>videritPa-</strong></span> 
     </span>
    </p>
   </div>
   <div class='ocr_carea' id='block_1_87' title="bbox 2076 2550 3793 2628">
    <p class='ocr_par' dir='ltr' id='par_1_87' title="bbox 2076 2550 3793 2628">
     <span class='ocr_line' id='line_1_87' title="bbox 2076 2550 3793 2628; baseline -0.005 -15"><span class='ocrx_word' id='word_1_687' title='bbox 2076 2566 2215 2613; x_wconf 88' lang='lat' dir='ltr'><strong>trem</strong></span> <span class='ocrx_word' id='word_1_688' title='bbox 2246 2559 2535 2628; x_wconf 78' lang='lat' dir='ltr'><strong>facientem</strong></span> <span class='ocrx_word' id='word_1_689' title='bbox 2568 2573 2585 2607; x_wconf 91' lang='lat'><strong><em>:</em></strong></span> <span class='ocrx_word' id='word_1_690' title='bbox 2616 2568 2967 2625; x_wconf 68' lang='lat' dir='ltr'><strong>quacumque</strong></span> <span class='ocrx_word' id='word_1_691' title='bbox 2995 2553 3144 2608; x_wconf 87' lang='lat' dir='ltr'><strong>enim</strong></span> <span class='ocrx_word' id='word_1_692' title='bbox 3173 2552 3338 2607; x_wconf 85' lang='lat' dir='ltr'><strong>Pater</strong></span> <span class='ocrx_word' id='word_1_693' title='bbox 3364 2552 3520 2618; x_wconf 84' lang='lat' dir='ltr'><strong>facit,</strong></span> <span class='ocrx_word' id='word_1_694' title='bbox 3554 2550 3667 2606; x_wconf 70' lang='lat' dir='ltr'><strong>haec</strong></span> <span class='ocrx_word' id='word_1_695' title='bbox 3699 2566 3793 2605; x_wconf 85' lang='lat' dir='ltr'><strong>ea-</strong></span> 
     </span>
    </p>
   </div>
   <div class='ocr_carea' id='block_1_88' title="bbox 2078 2643 2955 2715">
    <p class='ocr_par' dir='ltr' id='par_1_88' title="bbox 2078 2643 2955 2715">
     <span class='ocr_line' id='line_1_88' title="bbox 2078 2643 2955 2715; baseline -0.006 -12"><span class='ocrx_word' id='word_1_696' title='bbox 2078 2648 2200 2703; x_wconf 88' lang='lat' dir='ltr'><strong>dem</strong></span> <span class='ocrx_word' id='word_1_697' title='bbox 2230 2652 2280 2703; x_wconf 87' lang='lat' dir='ltr'><strong>et</strong></span> <span class='ocrx_word' id='word_1_698' title='bbox 2311 2645 2481 2701; x_wconf 85' lang='lat' dir='ltr'><strong>Filius</strong></span> <span class='ocrx_word' id='word_1_699' title='bbox 2505 2643 2643 2715; x_wconf 74' lang='lat' dir='ltr'><strong>facit</strong></span> <span class='ocrx_word' id='word_1_700' title='bbox 2676 2644 2955 2699; x_wconf 87' lang='lat' dir='ltr'><strong>similiter.</strong></span> 
     </span>
    </p>
   </div>
   <div class='ocr_carea' id='block_1_89' title="bbox 2148 2731 3794 2799">
    <p class='ocr_par' dir='ltr' id='par_1_89' title="bbox 2148 2731 3794 2799">
     <span class='ocr_line' id='line_1_89' title="bbox 2148 2731 3794 2799; baseline -0.003 -8"><span class='ocrx_word' id='word_1_701' title='bbox 2148 2739 2202 2794; x_wconf 87' lang='lat'><strong>2.</strong></span> <span class='ocrx_word' id='word_1_702' title='bbox 2236 2737 2395 2793; x_wconf 88' lang='lat' dir='ltr'><strong>Unde</strong></span> <span class='ocrx_word' id='word_1_703' title='bbox 2422 2742 2618 2791; x_wconf 79' lang='lat' dir='ltr'><strong>autem</strong></span> <span class='ocrx_word' id='word_1_704' title='bbox 2640 2743 2807 2789; x_wconf 84' lang='lat' dir='ltr'><strong>natus</strong></span> <span class='ocrx_word' id='word_1_705' title='bbox 2827 2734 2904 2788; x_wconf 85' lang='lat' dir='ltr'><strong>sit</strong></span> <span class='ocrx_word' id='word_1_706' title='bbox 2926 2748 3116 2788; x_wconf 90' lang='lat' dir='ltr'><strong>sermo</strong></span> <span class='ocrx_word' id='word_1_707' title='bbox 3136 2732 3263 2799; x_wconf 88' lang='lat' dir='ltr'><strong>iste,</strong></span> <span class='ocrx_word' id='word_1_708' title='bbox 3291 2731 3794 2789; x_wconf 88' lang='lat' dir='ltr'><strong>commemorandi</strong></span> 
     </span>
    </p>
   </div>
   <div class='ocr_carea' id='block_1_90' title="bbox 2079 2820 3797 2898">
    <p class='ocr_par' dir='ltr' id='par_1_90' title="bbox 2079 2820 3797 2898">
     <span class='ocr_line' id='line_1_90' title="bbox 2079 2820 3797 2898; baseline -0.005 -15"><span class='ocrx_word' id='word_1_709' title='bbox 2079 2826 2219 2884; x_wconf 89' lang='lat' dir='ltr'><strong>estis</strong></span> <span class='ocrx_word' id='word_1_710' title='bbox 2243 2830 2477 2898; x_wconf 81' lang='lat' dir='ltr'><strong>prapter</strong></span> <span class='ocrx_word' id='word_1_711' title='bbox 2500 2824 2801 2895; x_wconf 88' lang='lat' dir='ltr'><strong>superiora</strong></span> <span class='ocrx_word' id='word_1_712' title='bbox 2824 2821 3111 2892; x_wconf 89' lang='lat' dir='ltr'><strong>lectionis,</strong></span> <span class='ocrx_word' id='word_1_713' title='bbox 3132 2822 3228 2876; x_wconf 90' lang='lat' dir='ltr'><strong>ubi</strong></span> <span class='ocrx_word' id='word_1_714' title='bbox 3247 2825 3553 2877; x_wconf 88' lang='lat' dir='ltr'><strong>curaverat</strong></span> <span class='ocrx_word' id='word_1_715' title='bbox 3594 2820 3797 2876; x_wconf 67' lang='lat' dir='ltr'><strong>Domi-</strong></span> 
     </span>
    </p>
   </div>
   <div class='ocr_carea' id='block_1_91' title="bbox 2080 2910 3795 2987">
    <p class='ocr_par' dir='ltr' id='par_1_91' title="bbox 2080 2910 3795 2987">
     <span class='ocr_line' id='line_1_91' title="bbox 2080 2910 3795 2987; baseline -0.005 -14"><span class='ocrx_word' id='word_1_716' title='bbox 2080 2934 2192 2973; x_wconf 90' lang='lat' dir='ltr'><strong>nus</strong></span> <span class='ocrx_word' id='word_1_717' title='bbox 2223 2916 2534 2987; x_wconf 91' lang='lat' dir='ltr'><strong>quemdam</strong></span> <span class='ocrx_word' id='word_1_718' title='bbox 2569 2915 2720 2969; x_wconf 89' lang='lat' dir='ltr'><strong>inter</strong></span> <span class='ocrx_word' id='word_1_719' title='bbox 2759 2912 2890 2968; x_wconf 90' lang='lat' dir='ltr'><strong>illos</strong></span> <span class='ocrx_word' id='word_1_720' title='bbox 2922 2912 3021 2983; x_wconf 92' lang='lat' dir='ltr'><strong>qui</strong></span> <span class='ocrx_word' id='word_1_721' title='bbox 3069 2913 3127 2967; x_wconf 91' lang='lat' dir='ltr'><strong>in</strong></span> <span class='ocrx_word' id='word_1_722' title='bbox 3164 2911 3424 2984; x_wconf 90' lang='lat' dir='ltr'><strong>quinque</strong></span> <span class='ocrx_word' id='word_1_723' title='bbox 3475 2910 3795 2983; x_wconf 89' lang='lat' dir='ltr'><strong>porticibus</strong></span> 
     </span>
    </p>
   </div>
   <div class='ocr_carea' id='block_1_92' title="bbox 2081 3000 3797 3080">
    <p class='ocr_par' dir='ltr' id='par_1_92' title="bbox 2081 3000 3797 3080">
     <span class='ocr_line' id='line_1_92' title="bbox 2081 3000 3797 3080; baseline -0.004 -18"><span class='ocrx_word' id='word_1_724' title='bbox 2081 3008 2316 3080; x_wconf 69' lang='lat' dir='ltr'><strong>piscina:</strong></span> <span class='ocrx_word' id='word_1_725' title='bbox 2349 3006 2507 3062; x_wconf 88' lang='lat' dir='ltr'><strong>illius</strong></span> <span class='ocrx_word' id='word_1_726' title='bbox 2538 3003 2867 3062; x_wconf 85' lang='lat' dir='ltr'><strong>Salomonis</strong></span> <span class='ocrx_word' id='word_1_727' title='bbox 2904 3003 3200 3074; x_wconf 87' lang='lat' dir='ltr'><strong>jacebant,</strong></span> <span class='ocrx_word' id='word_1_728' title='bbox 3232 3003 3327 3059; x_wconf 88' lang='lat' dir='ltr'><strong>cui</strong></span> <span class='ocrx_word' id='word_1_729' title='bbox 3380 3004 3623 3069; x_wconf 84' lang='lat' dir='ltr'><strong>dixerat,</strong></span> <span class='ocrx_word' id='word_1_730' title='bbox 3650 3000 3797 3057; x_wconf 84' lang='lat' dir='ltr'><strong>Tolle</strong></span> 
     </span>
    </p>
   </div>
   <div class='ocr_carea' id='block_1_93' title="bbox 2077 3092 3797 3169">
    <p class='ocr_par' dir='ltr' id='par_1_93' title="bbox 2077 3092 3797 3169">
     <span class='ocr_line' id='line_1_93' title="bbox 2077 3092 3797 3169; baseline -0.003 -17"><span class='ocrx_word' id='word_1_731' title='bbox 2077 3099 2370 3169; x_wconf 84' lang='lat' dir='ltr'><strong>grabatum</strong></span> <span class='ocrx_word' id='word_1_732' title='bbox 2403 3102 2579 3166; x_wconf 86' lang='lat' dir='ltr'><strong>tuum,</strong></span> <span class='ocrx_word' id='word_1_733' title='bbox 2612 3100 2667 3149; x_wconf 85' lang='lat' dir='ltr'><strong>et</strong></span> <span class='ocrx_word' id='word_1_734' title='bbox 2711 3093 2844 3149; x_wconf 84' lang='lat' dir='ltr'><strong>vade</strong></span> <span class='ocrx_word' id='word_1_735' title='bbox 2875 3094 2932 3148; x_wconf 88' lang='lat' dir='ltr'><strong>in</strong></span> <span class='ocrx_word' id='word_1_736' title='bbox 2962 3093 3183 3149; x_wconf 90' lang='lat' dir='ltr'><strong>domum</strong></span> <span class='ocrx_word' id='word_1_737' title='bbox 3227 3098 3401 3149; x_wconf 88' lang='lat' dir='ltr'><strong>tuam.</strong></span> <span class='ocrx_word' id='word_1_738' title='bbox 3434 3092 3553 3148; x_wconf 86' lang='lat' dir='ltr'><strong>Hoc</strong></span> <span class='ocrx_word' id='word_1_739' title='bbox 3600 3096 3797 3147; x_wconf 87' lang='lat' dir='ltr'><strong>autem</strong></span> 
     </span>
    </p>
   </div>
   <div class='ocr_carea' id='block_1_94' title="bbox 2081 3182 3794 3255">
    <p class='ocr_par' dir='ltr' id='par_1_94' title="bbox 2081 3182 3794 3255">
     <span class='ocr_line' id='line_1_94' title="bbox 2081 3182 3794 3255; baseline -0.004 -14"><span class='ocrx_word' id='word_1_740' title='bbox 2081 3188 2294 3243; x_wconf 90' lang='lat' dir='ltr'><strong>fecerat</strong></span> <span class='ocrx_word' id='word_1_741' title='bbox 2343 3186 2599 3243; x_wconf 83' lang='lat' dir='ltr'><strong>sabbatis</strong></span> <span class='ocrx_word' id='word_1_742' title='bbox 2633 3184 2825 3240; x_wconf 89' lang='lat' dir='ltr'><strong>:unde</strong></span> <span class='ocrx_word' id='word_1_743' title='bbox 2877 3182 3197 3255; x_wconf 86' lang='lat' dir='ltr'><strong>perturbati</strong></span> <span class='ocrx_word' id='word_1_744' title='bbox 3237 3182 3423 3239; x_wconf 66' lang='lat' dir='ltr'><strong>Judaei</strong></span> <span class='ocrx_word' id='word_1_745' title='bbox 3472 3182 3794 3238; x_wconf 89' lang='lat' dir='ltr'><strong>calumnia-</strong></span> 
     </span>
    </p>
   </div>
   <div class='ocr_carea' id='block_1_95' title="bbox 2084 3269 3794 3347">
    <p class='ocr_par' dir='ltr' id='par_1_95' title="bbox 2084 3269 3794 3347">
     <span class='ocr_line' id='line_1_95' title="bbox 2084 3269 3794 3347; baseline -0.004 -16"><span class='ocrx_word' id='word_1_746' title='bbox 2084 3278 2319 3343; x_wconf 86' lang='lat' dir='ltr'><strong>bantur,</strong></span> <span class='ocrx_word' id='word_1_747' title='bbox 2370 3276 2533 3347; x_wconf 90' lang='lat' dir='ltr'><strong>quasi</strong></span> <span class='ocrx_word' id='word_1_748' title='bbox 2580 3290 2906 3333; x_wconf 86' lang='lat' dir='ltr'><strong>eversorem</strong></span> <span class='ocrx_word' id='word_1_749' title='bbox 2954 3280 3013 3329; x_wconf 92' lang='lat' dir='ltr'><strong>et</strong></span> <span class='ocrx_word' id='word_1_750' title='bbox 3055 3271 3552 3344; x_wconf 66' lang='lat' dir='ltr'><strong>praevaricatorem</strong></span> <span class='ocrx_word' id='word_1_751' title='bbox 3604 3269 3794 3342; x_wconf 82' lang='lat' dir='ltr'><strong>Legis-</strong></span> 
     </span>
    </p>
   </div>
   <div class='ocr_carea' id='block_1_96' title="bbox 2080 3359 3802 3433">
    <p class='ocr_par' dir='ltr' id='par_1_96' title="bbox 2080 3359 3802 3433">
     <span class='ocr_line' id='line_1_96' title="bbox 2080 3359 3802 3433; baseline -0.004 -15"><span class='ocrx_word' id='word_1_752' title='bbox 2080 3364 2241 3420; x_wconf 89' lang='lat' dir='ltr'><strong>Tunc</strong></span> <span class='ocrx_word' id='word_1_753' title='bbox 2272 3364 2355 3419; x_wconf 89' lang='lat' dir='ltr'><strong>eis</strong></span> <span class='ocrx_word' id='word_1_754' title='bbox 2385 3366 2624 3433; x_wconf 85' lang='lat' dir='ltr'><strong>dixerat,</strong></span> <span class='ocrx_word' id='word_1_755' title='bbox 2658 3365 2821 3419; x_wconf 85' lang='lat' dir='ltr'><strong>Pater</strong></span> <span class='ocrx_word' id='word_1_756' title='bbox 2856 3378 3010 3419; x_wconf 85' lang='lat' dir='ltr'><strong>meus</strong></span> <span class='ocrx_word' id='word_1_757' title='bbox 3051 3377 3221 3433; x_wconf 78' lang='lat' dir='ltr'><strong>usque</strong></span> <span class='ocrx_word' id='word_1_758' title='bbox 3247 3359 3406 3415; x_wconf 86' lang='lat' dir='ltr'><strong>modo</strong></span> <span class='ocrx_word' id='word_1_759' title='bbox 3447 3367 3730 3431; x_wconf 85' lang='lat' dir='ltr'><strong>operatur,</strong></span> <span class='ocrx_word' id='word_1_760' title='bbox 3746 3365 3802 3414; x_wconf 87' lang='lat' dir='ltr'><strong>et</strong></span> 
     </span>
    </p>
   </div>
   <div class='ocr_carea' id='block_1_97' title="bbox 2082 3449 3803 3526">
    <p class='ocr_par' dir='ltr' id='par_1_97' title="bbox 2082 3449 3803 3526">
     <span class='ocr_line' id='line_1_97' title="bbox 2082 3449 3803 3526; baseline -0.005 -15"><span class='ocrx_word' id='word_1_761' title='bbox 2082 3471 2178 3525; x_wconf 84' lang='lat' dir='ltr'><strong>ego</strong></span> <span class='ocrx_word' id='word_1_762' title='bbox 2227 3471 2420 3526; x_wconf 79' lang='lat' dir='ltr'><strong>Operor</strong></span> <span class='ocrx_word' id='word_1_763' title='bbox 2469 3454 2567 3526; x_wconf 87' lang='lat' dir='ltr'><strong>(Id.</strong></span> <span class='ocrx_word' id='word_1_764' title='bbox 2620 3471 2673 3522; x_wconf 90' lang='lat' dir='ltr'><strong>v,</strong></span> <span class='ocrx_word' id='word_1_765' title='bbox 2706 3453 2904 3524; x_wconf 78' lang='lat'><strong>8,17).</strong></span> <span class='ocrx_word' id='word_1_766' title='bbox 2948 3452 3039 3509; x_wconf 89' lang='lat' dir='ltr'><strong>Illi</strong></span> <span class='ocrx_word' id='word_1_767' title='bbox 3078 3450 3235 3507; x_wconf 88' lang='lat' dir='ltr'><strong>enim</strong></span> <span class='ocrx_word' id='word_1_768' title='bbox 3282 3449 3595 3506; x_wconf 88' lang='lat' dir='ltr'><strong>carnaliter</strong></span> <span class='ocrx_word' id='word_1_769' title='bbox 3642 3450 3803 3504; x_wconf 84' lang='lat' dir='ltr'><strong>acci-</strong></span> 
     </span>
    </p>
   </div>
   <div class='ocr_carea' id='block_1_98' title="bbox 2082 3538 3803 3618">
    <p class='ocr_par' dir='ltr' id='par_1_98' title="bbox 2082 3538 3803 3618">
     <span class='ocr_line' id='line_1_98' title="bbox 2082 3538 3803 3618; baseline -0.004 -18"><span class='ocrx_word' id='word_1_770' title='bbox 2082 3547 2305 3618; x_wconf 88' lang='lat' dir='ltr'><strong>pientes</strong></span> <span class='ocrx_word' id='word_1_771' title='bbox 2336 3544 2560 3600; x_wconf 85' lang='lat' dir='ltr'><strong>sabbati</strong></span> <span class='ocrx_word' id='word_1_772' title='bbox 2603 3544 3092 3608; x_wconf 87' lang='lat' dir='ltr'><strong>observationem,</strong></span> <span class='ocrx_word' id='word_1_773' title='bbox 3127 3540 3413 3611; x_wconf 88' lang='lat' dir='ltr'><strong>putabant</strong></span> <span class='ocrx_word' id='word_1_774' title='bbox 3455 3538 3632 3595; x_wconf 89' lang='lat' dir='ltr'><strong>Deum</strong></span> <span class='ocrx_word' id='word_1_775' title='bbox 3664 3542 3803 3609; x_wconf 84' lang='lat' dir='ltr'><strong>post</strong></span> 
     </span>
    </p>
   </div>
   <div class='ocr_carea' id='block_1_99' title="bbox 2082 3627 3798 3703">
    <p class='ocr_par' dir='ltr' id='par_1_99' title="bbox 2082 3627 3798 3703">
     <span class='ocr_line' id='line_1_99' title="bbox 2082 3627 3798 3703; baseline -0.006 -12"><span class='ocrx_word' id='word_1_776' title='bbox 2082 3636 2340 3691; x_wconf 87' lang='lat' dir='ltr'><strong>laborem</strong></span> <span class='ocrx_word' id='word_1_777' title='bbox 2376 3634 2635 3689; x_wconf 88' lang='lat' dir='ltr'><strong>fabricati</strong></span> <span class='ocrx_word' id='word_1_778' title='bbox 2670 3633 2874 3689; x_wconf 89' lang='lat' dir='ltr'><strong>mundi</strong></span> <span class='ocrx_word' id='word_1_779' title='bbox 2919 3646 3102 3703; x_wconf 88' lang='lat' dir='ltr'><strong>usque</strong></span> <span class='ocrx_word' id='word_1_780' title='bbox 3134 3631 3206 3685; x_wconf 90' lang='lat' dir='ltr'><strong>ad</strong></span> <span class='ocrx_word' id='word_1_781' title='bbox 3240 3630 3397 3686; x_wconf 91' lang='lat' dir='ltr'><strong>hunc</strong></span> <span class='ocrx_word' id='word_1_782' title='bbox 3437 3629 3590 3685; x_wconf 87' lang='lat' dir='ltr'><strong>diem</strong></span> <span class='ocrx_word' id='word_1_783' title='bbox 3624 3627 3798 3699; x_wconf 88' lang='lat' dir='ltr'><strong>quasi</strong></span> 
     </span>
    </p>
   </div>
   <div class='ocr_carea' id='block_1_100' title="bbox 2084 3718 3800 3796">
    <p class='ocr_par' dir='ltr' id='par_1_100' title="bbox 2084 3718 3800 3796">
     <span class='ocr_line' id='line_1_100' title="bbox 2084 3718 3800 3796; baseline -0.006 -14"><span class='ocrx_word' id='word_1_784' title='bbox 2084 3726 2373 3793; x_wconf 89' lang='lat' dir='ltr'><strong>dormire;</strong></span> <span class='ocrx_word' id='word_1_785' title='bbox 2417 3729 2473 3779; x_wconf 88' lang='lat' dir='ltr'><strong>et</strong></span> <span class='ocrx_word' id='word_1_786' title='bbox 2525 3728 2823 3796; x_wconf 89' lang='lat' dir='ltr'><strong>propterea</strong></span> <span class='ocrx_word' id='word_1_787' title='bbox 2874 3721 3272 3778; x_wconf 86' lang='lat' dir='ltr'><strong>sanctiﬁcasse</strong></span> <span class='ocrx_word' id='word_1_788' title='bbox 3322 3719 3487 3775; x_wconf 88' lang='lat' dir='ltr'><strong>illum</strong></span> <span class='ocrx_word' id='word_1_789' title='bbox 3523 3718 3697 3785; x_wconf 91' lang='lat' dir='ltr'><strong>diem,</strong></span> <span class='ocrx_word' id='word_1_790' title='bbox 3730 3733 3800 3773; x_wconf 82' lang='lat' dir='ltr'><strong>ex</strong></span> 
     </span>
    </p>
   </div>
   <div class='ocr_carea' id='block_1_101' title="bbox 2084 3809 3798 3888">
    <p class='ocr_par' dir='ltr' id='par_1_101' title="bbox 2084 3809 3798 3888">
     <span class='ocr_line' id='line_1_101' title="bbox 2084 3809 3798 3888; baseline -0.004 -17"><span class='ocrx_word' id='word_1_791' title='bbox 2084 3834 2199 3888; x_wconf 90' lang='lat' dir='ltr'><strong>quo</strong></span> <span class='ocrx_word' id='word_1_792' title='bbox 2229 3815 2397 3887; x_wconf 85' lang='lat' dir='ltr'><strong>coepit</strong></span> <span class='ocrx_word' id='word_1_793' title='bbox 2435 3814 2593 3870; x_wconf 88' lang='lat' dir='ltr'><strong>velut</strong></span> <span class='ocrx_word' id='word_1_794' title='bbox 2628 3832 2660 3871; x_wconf 91' lang='lat' dir='ltr'><strong>a</strong></span> <span class='ocrx_word' id='word_1_795' title='bbox 2691 3813 2985 3871; x_wconf 88' lang='lat' dir='ltr'><strong>laboribus</strong></span> <span class='ocrx_word' id='word_1_796' title='bbox 3039 3810 3419 3884; x_wconf 88' lang='lat' dir='ltr'><strong>requiescere.</strong></span> <span class='ocrx_word' id='word_1_797' title='bbox 3455 3809 3554 3865; x_wconf 89' lang='lat' dir='ltr'><strong>Est</strong></span> <span class='ocrx_word' id='word_1_798' title='bbox 3598 3812 3798 3865; x_wconf 89' lang='lat' dir='ltr'><strong>autem</strong></span> 
     </span>
    </p>
   </div>
   <div class='ocr_carea' id='block_1_102' title="bbox 2086 3898 3804 3975">
    <p class='ocr_par' dir='ltr' id='par_1_102' title="bbox 2086 3898 3804 3975">
     <span class='ocr_line' id='line_1_102' title="bbox 2086 3898 3804 3975; baseline -0.004 -14"><span class='ocrx_word' id='word_1_799' title='bbox 2086 3913 2515 3963; x_wconf 87' lang='lat' dir='ltr'><strong>sacramentum</strong></span> <span class='ocrx_word' id='word_1_800' title='bbox 2549 3904 2779 3961; x_wconf 82' lang='lat' dir='ltr'><strong>sabbati</strong></span> <span class='ocrx_word' id='word_1_801' title='bbox 2811 3900 3067 3975; x_wconf 90' lang='lat' dir='ltr'><strong>antiquis</strong></span> <span class='ocrx_word' id='word_1_802' title='bbox 3109 3900 3374 3974; x_wconf 89' lang='lat' dir='ltr'><strong>patribus</strong></span> <span class='ocrx_word' id='word_1_803' title='bbox 3406 3898 3619 3956; x_wconf 89' lang='lat' dir='ltr'><strong>nostris</strong></span> <span class='ocrx_word' id='word_1_804' title='bbox 3651 3916 3804 3972; x_wconf 71' lang='lat' dir='ltr'><strong>pra:-</strong></span> 
     </span>
    </p>
   </div>
   <div class='ocr_carea' id='block_1_103' title="bbox 2089 3989 3805 4067">
    <p class='ocr_par' dir='ltr' id='par_1_103' title="bbox 2089 3989 3805 4067">
     <span class='ocr_line' id='line_1_103' title="bbox 2089 3989 3805 4067; baseline -0.004 -16"><span class='ocrx_word' id='word_1_805' title='bbox 2089 4000 2320 4067; x_wconf 90' lang='lat' dir='ltr'><strong>ceptum</strong></span> <span class='ocrx_word' id='word_1_806' title='bbox 2370 3995 2566 4067; x_wconf 76' lang='lat' dir='ltr'><strong>(Exod.</strong></span> <span class='ocrx_word' id='word_1_807' title='bbox 2603 4012 2691 4063; x_wconf 80' lang='lat' dir='ltr'><strong>xx,</strong></span> <span class='ocrx_word' id='word_1_808' title='bbox 2725 3995 2903 4065; x_wconf 77' lang='lat' dir='ltr'><strong>8-H),</strong></span> <span class='ocrx_word' id='word_1_809' title='bbox 2938 3992 3093 4065; x_wconf 89' lang='lat' dir='ltr'><strong>quod</strong></span> <span class='ocrx_word' id='word_1_810' title='bbox 3127 4008 3231 4047; x_wconf 87' lang='lat' dir='ltr'><strong>nos</strong></span> <span class='ocrx_word' id='word_1_811' title='bbox 3261 3989 3579 4046; x_wconf 86' lang='lat' dir='ltr'><strong>Christiani</strong></span> <span class='ocrx_word' id='word_1_812' title='bbox 3618 3989 3805 4061; x_wconf 82' lang='lat' dir='ltr'><strong>spiri-</strong></span> 
     </span>
    </p>
   </div>
   <div class='ocr_carea' id='block_1_104' title="bbox 2088 4078 3803 4154">
    <p class='ocr_par' dir='ltr' id='par_1_104' title="bbox 2088 4078 3803 4154">
     <span class='ocr_line' id='line_1_104' title="bbox 2088 4078 3803 4154; baseline -0.003 -13"><span class='ocrx_word' id='word_1_813' title='bbox 2088 4084 2323 4141; x_wconf 87' lang='lat' dir='ltr'><strong>tualiter</strong></span> <span class='ocrx_word' id='word_1_814' title='bbox 2353 4086 2750 4154; x_wconf 88' lang='lat' dir='ltr'><strong>observamus,</strong></span> <span class='ocrx_word' id='word_1_815' title='bbox 2780 4088 2845 4137; x_wconf 90' lang='lat' dir='ltr'><strong>ut</strong></span> <span class='ocrx_word' id='word_1_816' title='bbox 2902 4083 2972 4137; x_wconf 89' lang='lat' dir='ltr'><strong>ab</strong></span> <span class='ocrx_word' id='word_1_817' title='bbox 2996 4080 3156 4136; x_wconf 90' lang='lat' dir='ltr'><strong>omni</strong></span> <span class='ocrx_word' id='word_1_818' title='bbox 3186 4078 3379 4135; x_wconf 89' lang='lat' dir='ltr'><strong>servili</strong></span> <span class='ocrx_word' id='word_1_819' title='bbox 3412 4094 3605 4150; x_wconf 89' lang='lat' dir='ltr'><strong>opere,</strong></span> <span class='ocrx_word' id='word_1_820' title='bbox 3629 4078 3687 4133; x_wconf 90' lang='lat' dir='ltr'><strong>id</strong></span> <span class='ocrx_word' id='word_1_821' title='bbox 3710 4083 3803 4136; x_wconf 85' lang='lat' dir='ltr'><strong>est</strong></span> 
     </span>
    </p>
   </div>
   <div class='ocr_carea' id='block_1_105' title="bbox 2092 4168 3804 4246">
    <p class='ocr_par' dir='ltr' id='par_1_105' title="bbox 2092 4168 3804 4246">
     <span class='ocr_line' id='line_1_105' title="bbox 2092 4168 3804 4246; baseline -0.004 -15"><span class='ocrx_word' id='word_1_822' title='bbox 2092 4176 2161 4231; x_wconf 88' lang='lat' dir='ltr'><strong>ab</strong></span> <span class='ocrx_word' id='word_1_823' title='bbox 2193 4173 2351 4230; x_wconf 90' lang='lat' dir='ltr'><strong>omni</strong></span> <span class='ocrx_word' id='word_1_824' title='bbox 2375 4179 2608 4246; x_wconf 87' lang='lat' dir='ltr'><strong>peccato</strong></span> <span class='ocrx_word' id='word_1_825' title='bbox 2639 4174 2795 4246; x_wconf 87' lang='lat' dir='ltr'><strong>(quia</strong></span> <span class='ocrx_word' id='word_1_826' title='bbox 2819 4172 3103 4227; x_wconf 87' lang='lat' dir='ltr'><strong>Dominus</strong></span> <span class='ocrx_word' id='word_1_827' title='bbox 3125 4170 3285 4238; x_wconf 87' lang='lat' dir='ltr'><strong>dicit,</strong></span> <span class='ocrx_word' id='word_1_828' title='bbox 3318 4168 3510 4225; x_wconf 83' lang='lat' dir='ltr'><strong>Omnis</strong></span> <span class='ocrx_word' id='word_1_829' title='bbox 3529 4170 3626 4240; x_wconf 87' lang='lat' dir='ltr'><strong>qui</strong></span> <span class='ocrx_word' id='word_1_830' title='bbox 3660 4169 3804 4238; x_wconf 82' lang='lat' dir='ltr'><strong>facit</strong></span> 
     </span>
    </p>
   </div>
   <div class='ocr_carea' id='block_1_106' title="bbox 2086 4258 3805 4337">
    <p class='ocr_par' dir='ltr' id='par_1_106' title="bbox 2086 4258 3805 4337">
     <span class='ocr_line' id='line_1_106' title="bbox 2086 4258 3805 4337; baseline -0.004 -15"><span class='ocrx_word' id='word_1_831' title='bbox 2086 4268 2391 4337; x_wconf 87' lang='lat' dir='ltr'><strong>peccatum,</strong></span> <span class='ocrx_word' id='word_1_832' title='bbox 2425 4281 2607 4320; x_wconf 83' lang='lat' dir='ltr'><strong>servus</strong></span> <span class='ocrx_word' id='word_1_833' title='bbox 2639 4269 2718 4319; x_wconf 85' lang='lat' dir='ltr'><strong>est</strong></span> <span class='ocrx_word' id='word_1_834' title='bbox 2744 4266 2952 4336; x_wconf 80' lang='lat' dir='ltr'><strong>peccati</strong></span> <span class='ocrx_word' id='word_1_835' title='bbox 2981 4262 3165 4333; x_wconf 84' lang='lat' dir='ltr'><strong>(Joan.</strong></span> <span class='ocrx_word' id='word_1_836' title='bbox 3197 4276 3319 4328; x_wconf 81' lang='lat' dir='ltr'><strong>vni,</strong></span> <span class='ocrx_word' id='word_1_837' title='bbox 3350 4260 3458 4330; x_wconf 65' lang='lat'><strong>35),</strong></span> <span class='ocrx_word' id='word_1_838' title='bbox 3493 4258 3805 4315; x_wconf 85' lang='lat' dir='ltr'><strong>abstinea-</strong></span> 
     </span>
    </p>
   </div>
   <div class='ocr_carea' id='block_1_107' title="bbox 2093 4348 3802 4425">
    <p class='ocr_par' dir='ltr' id='par_1_107' title="bbox 2093 4348 3802 4425">
     <span class='ocr_line' id='line_1_107' title="bbox 2093 4348 3802 4425; baseline -0.001 -15"><span class='ocrx_word' id='word_1_839' title='bbox 2093 4371 2224 4410; x_wconf 88' lang='lat' dir='ltr'><strong>mus</strong></span> <span class='ocrx_word' id='word_1_840' title='bbox 2258 4372 2382 4423; x_wconf 88' lang='lat' dir='ltr'><strong>nos,</strong></span> <span class='ocrx_word' id='word_1_841' title='bbox 2405 4356 2791 4411; x_wconf 85' lang='lat' dir='ltr'><strong>ethabeamus</strong></span> <span class='ocrx_word' id='word_1_842' title='bbox 2814 4352 3064 4425; x_wconf 89' lang='lat' dir='ltr'><strong>quietem</strong></span> <span class='ocrx_word' id='word_1_843' title='bbox 3084 4351 3139 4406; x_wconf 92' lang='lat' dir='ltr'><strong>in</strong></span> <span class='ocrx_word' id='word_1_844' title='bbox 3164 4351 3336 4406; x_wconf 91' lang='lat' dir='ltr'><strong>corde</strong></span> <span class='ocrx_word' id='word_1_845' title='bbox 3373 4348 3670 4420; x_wconf 88' lang='lat' dir='ltr'><strong>nostro,id</strong></span> <span class='ocrx_word' id='word_1_846' title='bbox 3709 4355 3802 4407; x_wconf 89' lang='lat' dir='ltr'><strong>est</strong></span> 
     </span>
    </p>
   </div>
   <div class='ocr_carea' id='block_1_108' title="bbox 2090 4438 3802 4517">
    <p class='ocr_par' dir='ltr' id='par_1_108' title="bbox 2090 4438 3802 4517">
     <span class='ocr_line' id='line_1_108' title="bbox 2090 4438 3802 4517; baseline -0.002 -16"><span class='ocrx_word' id='word_1_847' title='bbox 2090 4446 2572 4517; x_wconf 87' lang='lat' dir='ltr'><strong>tranquillitatem</strong></span> <span class='ocrx_word' id='word_1_848' title='bbox 2600 4442 3072 4517; x_wconf 82' lang='lat' dir='ltr'><strong>spiritualem.Et</strong></span> <span class='ocrx_word' id='word_1_849' title='bbox 3089 4439 3349 4513; x_wconf 88' lang='lat' dir='ltr'><strong>quamvis</strong></span> <span class='ocrx_word' id='word_1_850' title='bbox 3370 4438 3431 4495; x_wconf 89' lang='lat' dir='ltr'><strong>in</strong></span> <span class='ocrx_word' id='word_1_851' title='bbox 3453 4438 3564 4496; x_wconf 92' lang='lat' dir='ltr'><strong>hoc</strong></span> <span class='ocrx_word' id='word_1_852' title='bbox 3584 4440 3802 4497; x_wconf 60' lang='lat' dir='ltr'><strong>saeculo</strong></span> 
     </span>
    </p>
   </div>
   <div class='ocr_carea' id='block_1_109' title="bbox 2092 4528 3807 4603">
    <p class='ocr_par' dir='ltr' id='par_1_109' title="bbox 2092 4528 3807 4603">
     <span class='ocr_line' id='line_1_109' title="bbox 2092 4528 3807 4603; baseline -0.002 -15"><span class='ocrx_word' id='word_1_853' title='bbox 2092 4534 2150 4590; x_wconf 90' lang='lat' dir='ltr'><strong>id</strong></span> <span class='ocrx_word' id='word_1_854' title='bbox 2183 4550 2481 4603; x_wconf 90' lang='lat' dir='ltr'><strong>conemur,</strong></span> <span class='ocrx_word' id='word_1_855' title='bbox 2516 4535 2585 4589; x_wconf 89' lang='lat' dir='ltr'><strong>ad</strong></span> <span class='ocrx_word' id='word_1_856' title='bbox 2619 4550 2743 4590; x_wconf 83' lang='lat' dir='ltr'><strong>eam</strong></span> <span class='ocrx_word' id='word_1_857' title='bbox 2780 4541 2971 4588; x_wconf 89' lang='lat' dir='ltr'><strong>tamen</strong></span> <span class='ocrx_word' id='word_1_858' title='bbox 3022 4530 3281 4602; x_wconf 86' lang='lat' dir='ltr'><strong>requiem</strong></span> <span class='ocrx_word' id='word_1_859' title='bbox 3334 4528 3649 4602; x_wconf 88' lang='lat' dir='ltr'><strong>perfectam</strong></span> <span class='ocrx_word' id='word_1_860' title='bbox 3685 4544 3807 4585; x_wconf 87' lang='lat' dir='ltr'><strong>non</strong></span> 
     </span>
    </p>
   </div>
   <div class='ocr_carea' id='block_1_110' title="bbox 2092 4618 3802 4697">
    <p class='ocr_par' dir='ltr' id='par_1_110' title="bbox 2092 4618 3802 4697">
     <span class='ocr_line' id='line_1_110' title="bbox 2092 4618 3802 4697; baseline -0.004 -17"><span class='ocrx_word' id='word_1_861' title='bbox 2092 4624 2520 4697; x_wconf 87' lang='lat' dir='ltr'><strong>perveniemus,</strong></span> <span class='ocrx_word' id='word_1_862' title='bbox 2556 4624 2670 4680; x_wconf 88' lang='lat' dir='ltr'><strong>nisi</strong></span> <span class='ocrx_word' id='word_1_863' title='bbox 2704 4640 2837 4679; x_wconf 89' lang='lat' dir='ltr'><strong>cum</strong></span> <span class='ocrx_word' id='word_1_864' title='bbox 2879 4623 2949 4677; x_wconf 93' lang='lat' dir='ltr'><strong>de</strong></span> <span class='ocrx_word' id='word_1_865' title='bbox 2979 4622 3086 4677; x_wconf 89' lang='lat' dir='ltr'><strong>hac</strong></span> <span class='ocrx_word' id='word_1_866' title='bbox 3136 4620 3253 4675; x_wconf 88' lang='lat' dir='ltr'><strong>vita</strong></span> <span class='ocrx_word' id='word_1_867' title='bbox 3299 4618 3633 4675; x_wconf 78' lang='lat' dir='ltr'><strong>exierimus.</strong></span> <span class='ocrx_word' id='word_1_868' title='bbox 3688 4618 3802 4675; x_wconf 88' lang='lat' dir='ltr'><strong>Sed</strong></span> 
     </span>
    </p>
   </div>
   <div class='ocr_carea' id='block_1_111' title="bbox 2091 4708 3805 4782">
    <p class='ocr_par' dir='ltr' id='par_1_111' title="bbox 2091 4708 3805 4782">
     <span class='ocr_line' id='line_1_111' title="bbox 2091 4708 3805 4782; baseline -0.004 -13"><span class='ocrx_word' id='word_1_869' title='bbox 2091 4714 2220 4769; x_wconf 91' lang='lat' dir='ltr'><strong>ideo</strong></span> <span class='ocrx_word' id='word_1_870' title='bbox 2243 4714 2461 4767; x_wconf 87' lang='lat' dir='ltr'><strong>dictum</strong></span> <span class='ocrx_word' id='word_1_871' title='bbox 2481 4718 2566 4767; x_wconf 86' lang='lat' dir='ltr'><strong>est</strong></span> <span class='ocrx_word' id='word_1_872' title='bbox 2588 4714 2763 4768; x_wconf 91' lang='lat' dir='ltr'><strong>Deum</strong></span> <span class='ocrx_word' id='word_1_873' title='bbox 2794 4712 3155 4782; x_wconf 87' lang='lat' dir='ltr'><strong>requievisse,</strong></span> <span class='ocrx_word' id='word_1_874' title='bbox 3173 4708 3448 4780; x_wconf 87' lang='lat' dir='ltr'><strong>quiajam</strong></span> <span class='ocrx_word' id='word_1_875' title='bbox 3479 4712 3805 4763; x_wconf 86' lang='lat' dir='ltr'><strong>creaturam</strong></span> 
     </span>
    </p>
   </div>
   <div class='ocr_carea' id='block_1_112' title="bbox 2094 4796 3805 4875">
    <p class='ocr_par' dir='ltr' id='par_1_112' title="bbox 2094 4796 3805 4875">
     <span class='ocr_line' id='line_1_112' title="bbox 2094 4796 3805 4875; baseline -0.005 -18"><span class='ocrx_word' id='word_1_876' title='bbox 2094 4802 2310 4857; x_wconf 87' lang='lat' dir='ltr'><strong>nullam</strong></span> <span class='ocrx_word' id='word_1_877' title='bbox 2362 4803 2653 4858; x_wconf 89' lang='lat' dir='ltr'><strong>condebat</strong></span> <span class='ocrx_word' id='word_1_878' title='bbox 2712 4810 3021 4875; x_wconf 80' lang='lat' dir='ltr'><strong>postquam</strong></span> <span class='ocrx_word' id='word_1_879' title='bbox 3084 4801 3335 4870; x_wconf 89' lang='lat' dir='ltr'><strong>perfecta</strong></span> <span class='ocrx_word' id='word_1_880' title='bbox 3383 4800 3523 4852; x_wconf 90' lang='lat' dir='ltr'><strong>sunt</strong></span> <span class='ocrx_word' id='word_1_881' title='bbox 3579 4796 3805 4852; x_wconf 84' lang='lat' dir='ltr'><strong>omnia.</strong></span> 
     </span>
    </p>
   </div>
   <div class='ocr_carea' id='block_1_113' title="bbox 2092 4888 3811 4965">
    <p class='ocr_par' dir='ltr' id='par_1_113' title="bbox 2092 4888 3811 4965">
     <span class='ocr_line' id='line_1_113' title="bbox 2092 4888 3811 4965; baseline -0.003 -17"><span class='ocrx_word' id='word_1_882' title='bbox 2092 4893 2352 4959; x_wconf 88' lang='lat' dir='ltr'><strong>Quietem</strong></span> <span class='ocrx_word' id='word_1_883' title='bbox 2385 4909 2519 4949; x_wconf 92' lang='lat' dir='ltr'><strong>vero</strong></span> <span class='ocrx_word' id='word_1_884' title='bbox 2552 4899 2854 4965; x_wconf 88' lang='lat' dir='ltr'><strong>propterea</strong></span> <span class='ocrx_word' id='word_1_885' title='bbox 2884 4890 3195 4964; x_wconf 80' lang='lat' dir='ltr'><strong>appellavit</strong></span> <span class='ocrx_word' id='word_1_886' title='bbox 3239 4888 3558 4959; x_wconf 87' lang='lat' dir='ltr'><strong>Scriptura,</strong></span> <span class='ocrx_word' id='word_1_887' title='bbox 3592 4891 3655 4943; x_wconf 88' lang='lat' dir='ltr'><strong>ut</strong></span> <span class='ocrx_word' id='word_1_888' title='bbox 3699 4900 3811 4943; x_wconf 85' lang='lat' dir='ltr'><strong>nos</strong></span> 
     </span>
    </p>
   </div>
   <div class='ocr_carea' id='block_1_114' title="bbox 2090 4976 3807 5055">
    <p class='ocr_par' dir='ltr' id='par_1_114' title="bbox 2090 4976 3807 5055">
     <span class='ocr_line' id='line_1_114' title="bbox 2090 4976 3807 5055; baseline -0.003 -17"><span class='ocrx_word' id='word_1_889' title='bbox 2090 4984 2428 5039; x_wconf 89' lang='lat' dir='ltr'><strong>admoneret</strong></span> <span class='ocrx_word' id='word_1_890' title='bbox 2476 4988 2605 5055; x_wconf 90' lang='lat' dir='ltr'><strong>post</strong></span> <span class='ocrx_word' id='word_1_891' title='bbox 2650 4984 2803 5039; x_wconf 86' lang='lat' dir='ltr'><strong>bona</strong></span> <span class='ocrx_word' id='word_1_892' title='bbox 2850 4998 3025 5054; x_wconf 91' lang='lat' dir='ltr'><strong>opera</strong></span> <span class='ocrx_word' id='word_1_893' title='bbox 3064 4978 3454 5052; x_wconf 87' lang='lat' dir='ltr'><strong>requieturos.</strong></span> <span class='ocrx_word' id='word_1_894' title='bbox 3510 4976 3602 5032; x_wconf 92' lang='lat' dir='ltr'><strong>Sic</strong></span> <span class='ocrx_word' id='word_1_895' title='bbox 3646 4976 3807 5032; x_wconf 90' lang='lat' dir='ltr'><strong>enim</strong></span> 
     </span>
    </p>
   </div>
   <div class='ocr_carea' id='block_1_115' title="bbox 2091 5065 3813 5144">
    <p class='ocr_par' dir='ltr' id='par_1_115' title="bbox 2091 5065 3813 5144">
     <span class='ocr_line' id='line_1_115' title="bbox 2091 5065 3813 5144; baseline -0.003 -16"><span class='ocrx_word' id='word_1_896' title='bbox 2091 5074 2372 5144; x_wconf 88' lang='lat' dir='ltr'><strong>scriptum</strong></span> <span class='ocrx_word' id='word_1_897' title='bbox 2425 5073 2705 5129; x_wconf 88' lang='lat' dir='ltr'><strong>habemus</strong></span> <span class='ocrx_word' id='word_1_898' title='bbox 2756 5074 2814 5129; x_wconf 90' lang='lat' dir='ltr'><strong>in</strong></span> <span class='ocrx_word' id='word_1_899' title='bbox 2865 5071 3095 5141; x_wconf 88' lang='lat' dir='ltr'><strong>Genesi,</strong></span> <span class='ocrx_word' id='word_1_900' title='bbox 3129 5070 3189 5123; x_wconf 82' lang='lat' dir='ltr'><strong>Et</strong></span> <span class='ocrx_word' id='word_1_901' title='bbox 3228 5068 3359 5138; x_wconf 77' lang='lat' dir='ltr'><strong>fecit</strong></span> <span class='ocrx_word' id='word_1_902' title='bbox 3405 5067 3544 5123; x_wconf 85' lang='lat' dir='ltr'><strong>Deus</strong></span> <span class='ocrx_word' id='word_1_903' title='bbox 3615 5065 3813 5123; x_wconf 87' lang='lat' dir='ltr'><strong>omnia</strong></span> 
     </span>
    </p>
   </div>
   <div class='ocr_carea' id='block_1_116' title="bbox 2093 5154 3811 5234">
    <p class='ocr_par' dir='ltr' id='par_1_116' title="bbox 2093 5154 3811 5234">
     <span class='ocr_line' id='line_1_116' title="bbox 2093 5154 3811 5234; baseline -0.003 -19"><span class='ocrx_word' id='word_1_904' title='bbox 2093 5161 2229 5217; x_wconf 86' lang='lat' dir='ltr'><strong>bona</strong></span> <span class='ocrx_word' id='word_1_905' title='bbox 2261 5162 2436 5226; x_wconf 88' lang='lat' dir='ltr'><strong>valde,</strong></span> <span class='ocrx_word' id='word_1_906' title='bbox 2470 5169 2520 5217; x_wconf 91' lang='lat' dir='ltr'><strong>et</strong></span> <span class='ocrx_word' id='word_1_907' title='bbox 2569 5164 2835 5234; x_wconf 81' lang='lat' dir='ltr'><strong>requievit</strong></span> <span class='ocrx_word' id='word_1_908' title='bbox 2882 5163 3022 5218; x_wconf 84' lang='lat' dir='ltr'><strong>Deus</strong></span> <span class='ocrx_word' id='word_1_909' title='bbox 3067 5159 3155 5215; x_wconf 83' lang='lat' dir='ltr'><strong>die</strong></span> <span class='ocrx_word' id='word_1_910' title='bbox 3192 5160 3422 5230; x_wconf 84' lang='lat' dir='ltr'><strong>septimo</strong></span> <span class='ocrx_word' id='word_1_911' title='bbox 3450 5154 3606 5228; x_wconf 78' lang='lat' dir='ltr'><strong>(Gen.</strong></span> <span class='ocrx_word' id='word_1_912' title='bbox 3641 5171 3679 5225; x_wconf 87' lang='grc' dir='ltr'><strong>ι,</strong></span> <span class='ocrx_word' id='word_1_913' title='bbox 3711 5156 3811 5224; x_wconf 89' lang='lat' dir='ltr'><strong>3t,</strong></span> 
     </span>
    </p>
   </div>
   <div class='ocr_carea' id='block_1_117' title="bbox 2092 5244 3816 5323">
    <p class='ocr_par' dir='ltr' id='par_1_117' title="bbox 2092 5244 3816 5323">
     <span class='ocr_line' id='line_1_117' title="bbox 2092 5244 3816 5323; baseline -0.002 -18"><span class='ocrx_word' id='word_1_914' title='bbox 2092 5259 2145 5306; x_wconf 85' lang='lat' dir='ltr'><strong>et</strong></span> <span class='ocrx_word' id='word_1_915' title='bbox 2174 5268 2233 5319; x_wconf 88' lang='grc' dir='ltr'><strong>ιι,</strong></span> <span class='ocrx_word' id='word_1_916' title='bbox 2267 5252 2322 5323; x_wconf 85' lang='grc'>2)</span> <span class='ocrx_word' id='word_1_917' title='bbox 2357 5268 2370 5307; x_wconf 90' lang='lat'><strong>:</strong></span> <span class='ocrx_word' id='word_1_918' title='bbox 2405 5257 2467 5308; x_wconf 91' lang='lat' dir='ltr'><strong>ut</strong></span> <span class='ocrx_word' id='word_1_919' title='bbox 2499 5257 2559 5308; x_wconf 90' lang='lat' dir='ltr'><strong>tu</strong></span> <span class='ocrx_word' id='word_1_920' title='bbox 2598 5253 2766 5308; x_wconf 89' lang='lat' dir='ltr'><strong>homo</strong></span> <span class='ocrx_word' id='word_1_921' title='bbox 2797 5268 2931 5309; x_wconf 92' lang='lat' dir='ltr'><strong>cum</strong></span> <span class='ocrx_word' id='word_1_922' title='bbox 2960 5249 3214 5307; x_wconf 88' lang='lat' dir='ltr'><strong>attendis</strong></span> <span class='ocrx_word' id='word_1_923' title='bbox 3249 5248 3442 5318; x_wconf 88' lang='lat' dir='ltr'><strong>ipsum</strong></span> <span class='ocrx_word' id='word_1_924' title='bbox 3473 5244 3657 5301; x_wconf 88' lang='lat' dir='ltr'><strong>Deum</strong></span> <span class='ocrx_word' id='word_1_925' title='bbox 3682 5251 3816 5317; x_wconf 87' lang='lat' dir='ltr'><strong>post</strong></span> 
     </span>
    </p>
   </div>
   <div class='ocr_carea' id='block_1_118' title="bbox 2094 5332 3809 5413">
    <p class='ocr_par' dir='ltr' id='par_1_118' title="bbox 2094 5332 3809 5413">
     <span class='ocr_line' id='line_1_118' title="bbox 2094 5332 3809 5413; baseline -0.003 -20"><span class='ocrx_word' id='word_1_926' title='bbox 2094 5339 2245 5395; x_wconf 89' lang='lat' dir='ltr'><strong>bona</strong></span> <span class='ocrx_word' id='word_1_927' title='bbox 2291 5357 2465 5413; x_wconf 89' lang='lat' dir='ltr'><strong>opera</strong></span> <span class='ocrx_word' id='word_1_928' title='bbox 2516 5342 2889 5412; x_wconf 89' lang='lat' dir='ltr'><strong>requievisse,</strong></span> <span class='ocrx_word' id='word_1_929' title='bbox 2930 5355 3045 5395; x_wconf 90' lang='lat' dir='ltr'><strong>non</strong></span> <span class='ocrx_word' id='word_1_930' title='bbox 3111 5337 3213 5392; x_wconf 92' lang='lat' dir='ltr'><strong>tibi</strong></span> <span class='ocrx_word' id='word_1_931' title='bbox 3274 5350 3471 5407; x_wconf 88' lang='lat' dir='ltr'><strong>speres</strong></span> <span class='ocrx_word' id='word_1_932' title='bbox 3519 5332 3809 5406; x_wconf 88' lang='lat' dir='ltr'><strong>requiem,</strong></span> 
     </span>
    </p>
   </div>
   <div class='ocr_carea' id='block_1_119' title="bbox 2095 5422 3812 5503">
    <p class='ocr_par' dir='ltr' id='par_1_119' title="bbox 2095 5422 3812 5503">
     <span class='ocr_line' id='line_1_119' title="bbox 2095 5422 3812 5503; baseline -0.002 -20"><span class='ocrx_word' id='word_1_933' title='bbox 2095 5429 2210 5483; x_wconf 90' lang='lat' dir='ltr'><strong>nisi</strong></span> <span class='ocrx_word' id='word_1_934' title='bbox 2260 5446 2390 5487; x_wconf 91' lang='lat' dir='ltr'><strong>cum</strong></span> <span class='ocrx_word' id='word_1_935' title='bbox 2441 5431 2592 5487; x_wconf 90' lang='lat' dir='ltr'><strong>bona</strong></span> <span class='ocrx_word' id='word_1_936' title='bbox 2626 5432 2805 5487; x_wconf 88' lang='lat' dir='ltr'><strong>fueris</strong></span> <span class='ocrx_word' id='word_1_937' title='bbox 2855 5434 3132 5503; x_wconf 90' lang='lat' dir='ltr'><strong>operatus</strong></span> <span class='ocrx_word' id='word_1_938' title='bbox 3166 5445 3179 5483; x_wconf 88' lang='lat'><strong><em>:</em></strong></span> <span class='ocrx_word' id='word_1_939' title='bbox 3212 5431 3269 5482; x_wconf 90' lang='lat' dir='ltr'><strong>et</strong></span> <span class='ocrx_word' id='word_1_940' title='bbox 3308 5422 3812 5497; x_wconf 86' lang='lat' dir='ltr'><strong>quemadmodum</strong></span> 
     </span>
    </p>
   </div>
   <div class='ocr_carea' id='block_1_120' title="bbox 2096 5513 3813 5594">
    <p class='ocr_par' dir='ltr' id='par_1_120' title="bbox 2096 5513 3813 5594">
     <span class='ocr_line' id='line_1_120' title="bbox 2096 5513 3813 5594; baseline -0.002 -21"><span class='ocrx_word' id='word_1_941' title='bbox 2096 5523 2247 5575; x_wconf 89' lang='lat' dir='ltr'><strong>Deus</strong></span> <span class='ocrx_word' id='word_1_942' title='bbox 2279 5527 2659 5594; x_wconf 87' lang='lat' dir='ltr'><strong>posteaquam</strong></span> <span class='ocrx_word' id='word_1_943' title='bbox 2693 5523 2825 5579; x_wconf 89' lang='lat' dir='ltr'><strong>fecit</strong></span> <span class='ocrx_word' id='word_1_944' title='bbox 2853 5521 3151 5578; x_wconf 85' lang='lat' dir='ltr'><strong>hominem</strong></span> <span class='ocrx_word' id='word_1_945' title='bbox 3200 5519 3270 5573; x_wconf 91' lang='lat' dir='ltr'><strong>ad</strong></span> <span class='ocrx_word' id='word_1_946' title='bbox 3305 5513 3620 5587; x_wconf 88' lang='lat' dir='ltr'><strong>imaginem</strong></span> <span class='ocrx_word' id='word_1_947' title='bbox 3651 5519 3706 5569; x_wconf 85' lang='lat' dir='ltr'><strong>et</strong></span> <span class='ocrx_word' id='word_1_948' title='bbox 3728 5513 3813 5571; x_wconf 87' lang='lat' dir='ltr'><strong>si-</strong></span> 
     </span>
    </p>
   </div>
   <div class='ocr_carea' id='block_1_121' title="bbox 2101 5602 3815 5682">
    <p class='ocr_par' dir='ltr' id='par_1_121' title="bbox 2101 5602 3815 5682">
     <span class='ocr_line' id='line_1_121' title="bbox 2101 5602 3815 5682; baseline -0.002 -18"><span class='ocrx_word' id='word_1_949' title='bbox 2101 5607 2488 5667; x_wconf 89' lang='lat' dir='ltr'><strong>militudinem</strong></span> <span class='ocrx_word' id='word_1_950' title='bbox 2522 5628 2691 5669; x_wconf 86' lang='lat' dir='ltr'><strong>suam</strong></span> <span class='ocrx_word' id='word_1_951' title='bbox 2716 5616 2873 5669; x_wconf 85' lang='lat' dir='ltr'><strong>sexto</strong></span> <span class='ocrx_word' id='word_1_952' title='bbox 2902 5610 3012 5682; x_wconf 90' lang='lat' dir='ltr'><strong>die,</strong></span> <span class='ocrx_word' id='word_1_953' title='bbox 3044 5614 3103 5666; x_wconf 91' lang='lat' dir='ltr'><strong>et</strong></span> <span class='ocrx_word' id='word_1_954' title='bbox 3129 5609 3187 5664; x_wconf 89' lang='lat' dir='ltr'><strong>in</strong></span> <span class='ocrx_word' id='word_1_955' title='bbox 3220 5607 3321 5664; x_wconf 93' lang='lat' dir='ltr'><strong>illo</strong></span> <span class='ocrx_word' id='word_1_956' title='bbox 3344 5602 3580 5678; x_wconf 80' lang='lat' dir='ltr'><strong>perfecit</strong></span> <span class='ocrx_word' id='word_1_957' title='bbox 3608 5602 3815 5661; x_wconf 87' lang='lat' dir='ltr'><strong>omnia</strong></span> 
     </span>
    </p>
   </div>
   <div class='ocr_carea' id='block_1_122' title="bbox 2166 5700 3743 5775">
    <p class='ocr_par' dir='ltr' id='par_1_122' title="bbox 2166 5700 3743 5775">
     <span class='ocr_line' id='line_1_122' title="bbox 2166 5700 3743 5775; baseline -0.003 -17"><span class='ocrx_word' id='word_1_958' title='bbox 2166 5708 2185 5745; x_wconf 75' lang='grc' dir='ltr'>ί</span> <span class='ocrx_word' id='word_1_959' title='bbox 2205 5707 2290 5759; x_wconf 87' lang='lat' dir='ltr'><strong>Er.</strong></span> <span class='ocrx_word' id='word_1_960' title='bbox 2310 5709 2474 5773; x_wconf 82' lang='lat' dir='ltr'><strong>Lugd.</strong></span> <span class='ocrx_word' id='word_1_961' title='bbox 2499 5715 2551 5762; x_wconf 88' lang='lat' dir='ltr'><strong>et</strong></span> <span class='ocrx_word' id='word_1_962' title='bbox 2570 5712 2701 5764; x_wconf 84' lang='lat' dir='ltr'><strong>Ven.</strong></span> <span class='ocrx_word' id='word_1_963' title='bbox 2718 5711 2923 5775; x_wconf 82' lang='lat' dir='ltr'><strong>legunt,</strong></span> <span class='ocrx_word' id='word_1_964' title='bbox 2933 5708 3224 5775; x_wconf 67' lang='lat' dir='ltr'><strong>pro/unda</strong></span> <span class='ocrx_word' id='word_1_965' title='bbox 3240 5700 3624 5767; x_wconf 69' lang='lat' dir='ltr'><strong>intelligentia.</strong></span> <span class='ocrx_word' id='word_1_966' title='bbox 3670 5701 3743 5753; x_wconf 74' lang='grc' dir='ltr'><strong>Μ.</strong></span> 
     </span>
    </p>
   </div>
  </div>
