4146 6186
294 248 442 311 1557

291 405 459 461 opera
485 405 590 447 sua
618 392 774 448 bona
793 390 977 459 valde,
1017 389 1297 462 requievit
1339 390 1583 461 septimo
1633 389 1765 459 die;
1816 388 1895 444 sic
1936 391 1993 442 et

288 479 388 534 tibi
421 480 681 553 requiem
718 498 831 538 non
856 496 1078 553 speres,
1112 479 1223 535 nisi
1254 495 1386 535 cum
1411 480 1655 535 redieris
1705 480 1777 535 ad
1836 477 1993 533 simi-

287 567 589 626 litudinem
619 570 679 626 in
703 587 811 642 qua
842 570 1030 649 factus
1088 584 1172 631 es,
1224 585 1402 641 quam
1451 570 1742 639 peccando
1793 568 1990 639 perdi-

286 658 442 714 disti.
477 660 602 717 Non
647 662 803 717 enim
862 660 1012 717 Deus
1066 660 1367 716 laborasse
1415 659 1695 715 dicendus
1737 664 1843 727 est,
1888 658 1989 730 qui

286 749 445 819 dixit,
477 758 531 807 et
562 751 712 808 facta
739 754 898 807 sunt.
931 750 1071 817 Quis
1111 748 1321 820 estqui
1348 754 1482 821 post
1523 752 1748 805 tantam
1795 749 1986 820 operis

284 839 616 897 facilitatem
649 842 815 913 quasi
845 844 976 914 post
1003 840 1258 897 laborem
1302 839 1442 895 velit
1469 839 1830 910 requiescere
1876 839 1903 892 ?
1927 839 1985 894 Si

282 931 453 999 jussit
483 936 540 988 et
569 932 784 1004 aliquis
804 932 855 989 ei
886 931 1116 1001 restitit,
1141 931 1186 987 si
1202 931 1382 1001 jussit
1407 934 1465 985 et
1496 946 1605 986 non
1637 931 1983 999 estfactum,

284 1024 339 1075 et
368 1025 434 1076 ut
465 1020 627 1078 ﬁeret
656 1022 982 1091 laboravit;
1026 1019 1231 1077 merito
1290 1021 1521 1076 dicatur
1556 1028 1683 1091 post
1732 1020 1985 1076 laborem

283 1110 675 1182 requievisse:
731 1128 863 1168 cum
913 1127 1047 1167 vero
1100 1114 1158 1166 et
1210 1110 1269 1165 in
1317 1111 1442 1181 ipso
1501 1109 1649 1165 libro
1697 1110 1987 1165 Geneseos

281 1198 562 1272 legamus,
590 1202 751 1257 Dixit
781 1203 939 1270 Deus,
971 1201 1090 1256 Fiat
1112 1201 1248 1261 tux;
1279 1205 1328 1254 et
1356 1201 1507 1270 facta
1534 1207 1610 1255 est
1642 1199 1742 1253 lux
1774 1216 1793 1253 :
1836 1198 1987 1252 dixit

280 1288 445 1349 Deus.
475 1289 605 1345 Fiat
660 1289 1101 1358 ﬁrmamentum;
1122 1297 1172 1344 et
1217 1290 1426 1359 factum
1459 1290 1541 1342 est
1574 1287 1987 1357 ﬁrmamentum

278 1376 430 1437 (Gen.
463 1393 505 1447 ι,
536 1379 590 1446 3,
624 1381 676 1445 6,
706 1379 765 1449 7)
794 1394 807 1446 ;
840 1382 898 1433 et
936 1382 1139 1435 caetera
1194 1377 1253 1433 in
1302 1376 1477 1432 verbo
1527 1377 1654 1446 ejus
1706 1376 1985 1432 continuo

278 1468 430 1523 facta
463 1482 479 1525 :
510 1468 605 1523 cui
637 1472 949 1524 attestatur
978 1474 1035 1523 et
1074 1466 1343 1523 Psalmus
1384 1466 1606 1534 dicens,
1659 1467 1774 1537 Ipse
1816 1466 1984 1534 dixit,

276 1566 326 1612 et
381 1557 536 1628 facta
582 1569 749 1621 sunt;
798 1560 912 1629 ipse
964 1556 1266 1624 mandavit,
1316 1561 1372 1611 ct
1413 1560 1596 1611 creata
1636 1558 1766 1611 sunt
1811 1557 1981 1628 (Psat.

272 1662 444 1716 χχιιι,
476 1646 532 1712 9,
563 1653 616 1703 et
652 1662 880 1714 chvm,
928 1647 987 1718 5)
1020 1665 1038 1701 :
1091 1648 1380 1718 quomodo
1404 1655 1528 1717 post
1562 1648 1848 1703 mundum
1902 1648 1983 1702 fa-

280 1746 436 1792 ctum
472 1736 731 1808 requiem
762 1737 929 1807 quasi
962 1740 1024 1792 ut
1067 1742 1323 1792 cessaret
1360 1735 1712 1808 requirebat,
1770 1736 1871 1807 qui
1924 1738 1983 1793 in

272 1826 535 1898 jubendo
585 1843 885 1897 nunquam
936 1826 1343 1884 laboraverat?
1390 1827 1538 1897 Ergo
1584 1826 1683 1882 illa
1741 1827 1985 1899 mystica

276 1922 432 1981 sunt,
467 1918 526 1969 et
556 1920 865 1987 propterea
892 1914 973 1971 ita
1003 1917 1214 1987 posita,
1247 1919 1309 1972 ut
1340 1916 1530 1983 nobis,
1574 1916 1831 1987 requiem
1850 1932 1984 1987 spe-

277 2021 480 2062 remus
506 2011 640 2077 post
672 2008 822 2062 hanc
843 2006 1043 2074 vitam,
1076 2008 1175 2064 sed
1200 2006 1246 2061 si
1280 2006 1433 2062 bona
1454 2023 1631 2078 opera
1652 2007 1983 2064 fecerimus.

280 2094 411 2149 Ideo
438 2094 717 2151 Dominus
748 2096 1067 2152 retundens
1090 2095 1510 2167 impudentiam
1535 2101 1857 2151 eterrorem
1883 2096 1985 2152 Ju-

274 2185 557 2253 dteorum,
589 2191 646 2241 et
674 2188 989 2243 ostendens
1020 2203 1119 2243 eos
1165 2203 1278 2243 non
1311 2191 1465 2243 recte
1514 2201 1715 2259 sapere
1747 2187 1816 2242 de
1846 2187 1981 2258 Deo,

274 2274 358 2330 ait
385 2273 510 2330 illis
540 2275 982 2333 scandalizatis1
1008 2278 1158 2349 quod
1175 2276 1417 2333 sabbato
1437 2275 1982 2346 operabaturhomi-

278 2382 419 2421 num
443 2365 775 2432 sanitatem,
799 2368 962 2424 Pater
980 2382 1131 2423 meus
1148 2383 1316 2440 usque
1330 2368 1488 2424 modo
1507 2376 1794 2438 operatur,
1815 2370 1863 2422 et
1888 2382 1985 2436 ego

272 2454 705 2526 operor:nolite
734 2472 867 2528 ergo
908 2455 1015 2513 hoc
1070 2462 1277 2528 putare
1329 2457 1464 2527 quia
1486 2456 1730 2512 sabbato
1783 2457 1858 2511 ita
1899 2472 1984 2512 re-

284 2546 510 2619 quievit
528 2546 696 2603 Pater
724 2563 920 2614 meus,
953 2555 1013 2603 ut
1034 2563 1102 2603 ex
1123 2547 1221 2603 illo
1252 2564 1364 2603 non
1388 2552 1684 2618 operetur;
1709 2547 1810 2602 sed
1834 2547 1986 2603 sicut

274 2634 399 2706 ipse
430 2651 591 2691 nunc
640 2639 931 2707 operatur,
978 2651 1185 2707 operor
1211 2642 1268 2692 et
1297 2652 1421 2708 ego.
1455 2636 1566 2692 Sed
1617 2636 1769 2692 sicut
1819 2635 1987 2691 Pater

281 2726 407 2783 sine
440 2726 659 2795 labore,
704 2726 787 2783 sic
815 2731 874 2784 et
932 2725 1113 2783 Filius
1158 2728 1284 2784 sine
1326 2727 1543 2783 labore.
1594 2728 1753 2783 Dixit
1810 2728 1984 2795 Deus,

274 2823 327 2873 et
344 2818 495 2887 facta
519 2820 694 2873 sunt:
745 2815 891 2872 dixit
937 2816 1201 2873 Christus
1266 2816 1586 2889 languenti,
1647 2818 1787 2874 Tolle
1840 2835 1985 2887 gra-

275 2908 461 2963 batum
491 2912 669 2975 tuum,
700 2914 754 2963 et
783 2906 919 2964 vade
948 2906 1009 2963 in
1041 2907 1259 2964 domum
1292 2913 1467 2977 tuam,
1500 2912 1556 2963 et
1588 2909 1805 2965 factum
1842 2917 1947 2965 est.

344 2997 397 3053 3.
429 2996 733 3055 Catholica
762 3002 955 3055 autem
981 2997 1123 3055 tides
1149 2998 1341 3069 habet,
1365 2999 1520 3071 quod
1554 2998 1741 3054 Patris
1769 3003 1825 3054 et
1862 2999 1991 3062 Filii

281 3103 452 3159 opera
476 3104 595 3144 non
627 3092 764 3144 sunt
784 3088 1157 3161 superabilis.
1179 3088 1297 3146 Hoc
1322 3095 1413 3145 est
1434 3090 1587 3161 quod
1614 3088 1759 3154 volo,
1785 3090 1834 3145 si
1858 3107 1992 3161 pos-

278 3194 430 3249 sum,
467 3179 629 3251 loqui
647 3178 930 3235 Charitati
950 3180 1297 3237 vestrmzsed
1325 3180 1649 3236 secundum
1693 3179 1792 3237 illa
1817 3180 1989 3237 verba

282 3267 539 3334 Domini,
600 3268 705 3336 Qui
758 3274 933 3341 potest
992 3284 1178 3341 capere
1225 3271 1413 3339 capiat
1451 3269 1665 3341 (Matth.
1713 3286 1830 3338 χιι,
1875 3270 1985 3341 12).

280 3356 386 3421 Qui
420 3363 626 3415 autem
650 3374 855 3431 capere
896 3377 1007 3416 non
1042 3365 1253 3433 potest,
1308 3377 1424 3416 non
1476 3360 1621 3416 mihi
1671 3360 1985 3428 adscribet,

279 3448 379 3505 sed
409 3448 671 3505 tarditati
703 3464 854 3518 sua;
890 3453 948 3505 et
976 3454 1277 3508 convertat
1326 3466 1386 3507 se
1434 3452 1506 3508 ad
1537 3451 1700 3508 illum
1739 3449 1840 3522 qui
1892 3467 1991 3507 cor

279 3538 486 3610 aperit,
512 3542 579 3594 ut
606 3537 882 3595 infundat
907 3539 1061 3611 quod
1081 3540 1279 3596 donat.
1314 3546 1611 3597 Postremo
1644 3550 1696 3596 et
1736 3540 1784 3597 si
1830 3541 1988 3611 quis-

276 3643 451 3698 quam
488 3630 796 3699 propterea
826 3645 941 3683 noa
976 3628 1341 3700 intellexerit,
1376 3630 1513 3701 quia
1544 3646 1659 3686 non
1692 3647 1725 3686 a
1766 3645 1859 3687 me
1901 3630 1985 3688 sic

274 3718 499 3775 dictum
523 3721 691 3775 estut
712 3717 826 3773 dici
850 3719 1070 3790 debuit,
1084 3719 1350 3792 ignoscat
1372 3721 1639 3776 humanae
1664 3721 1983 3792 fragilitati,

274 3814 329 3865 et
367 3808 664 3881 supplicet
715 3808 927 3865 divinis
976 3809 1243 3868 bonitati.
1280 3812 1572 3868 Habemus
1621 3810 1774 3867 enim
1824 3811 1984 3868 intus

274 3899 623 3971 magistrum
642 3897 959 3956 Christum.
986 3899 1277 3973 Quidquid
1302 3917 1403 3974 per
1424 3918 1622 3959 aurem
1636 3906 1911 3971 vestram,
1925 3906 1983 3959 et

272 4006 335 4045 os
366 4004 571 4046 meum
602 4004 807 4060 capere
836 4004 955 4046 non
986 3991 1311 4061 potueritis,
1346 3992 1403 4047 in
1454 3993 1624 4049 corde
1669 3998 1859 4049 vestro
1908 3994 1980 4049 ad

269 4094 403 4136 eum
431 4078 866 4149 convertimini,
899 4080 995 4150 qui
1027 4084 1085 4135 et
1117 4096 1205 4136 me
1254 4082 1420 4137 docet
1463 4082 1617 4154 quod
1660 4083 1886 4155 loquor,
1930 4086 1987 4140 et

269 4170 433 4226 vobis
467 4167 968 4241 quemadmodum
1020 4169 1296 4240 dignatur
1325 4171 1643 4227 distribuit.
1678 4172 1784 4234 Qui
1830 4172 1987 4229 novit

267 4259 534 4331 quiddet,
558 4264 617 4316 et
646 4259 740 4314 cui
766 4259 884 4326 det,
908 4259 1089 4316 aderit
1113 4262 1349 4331 petenti,
1377 4265 1434 4318 et
1456 4261 1676 4333 aperiet
1698 4261 1983 4333 pulsanti,

263 4353 336 4406 Et
356 4349 405 4405 si
438 4350 589 4407 forte
612 4366 729 4405 non
752 4349 998 4418 dederit,
1025 4365 1196 4407 nemo
1218 4366 1280 4408 se
1300 4350 1457 4408 dicat
1477 4353 1796 4407 desertum.
1822 4352 1981 4409 Forte

263 4440 426 4497 enim
452 4440 682 4511 aliquid
712 4440 854 4497 dare
891 4440 1099 4509 differt,
1141 4440 1245 4499 sed
1284 4441 1577 4498 neminem
1627 4443 1980 4499 esurientem

265 4530 576 4603 relinquit.
611 4529 674 4586 Si
698 4530 853 4586 enim
877 4546 993 4587 non
1018 4531 1198 4588 dated
1222 4531 1451 4601 horam,
1475 4537 1700 4590 exercet
1720 4550 1980 4607 quaeren-

263 4626 408 4692 tem,
446 4636 569 4677 non
601 4619 924 4677 contemnit
952 4624 1269 4693 petentem.
1301 4622 1501 4679 Videte
1524 4640 1661 4697 ergo
1699 4629 1756 4680 et
1795 4634 1979 4680 atten-

263 4711 383 4768 dite
397 4711 545 4783 quid
564 4709 739 4767 velim
755 4710 964 4779 dicere,
981 4713 1092 4769 etsi
1106 4714 1249 4771 forte
1264 4730 1377 4771 non
1416 4714 1658 4787 possim.
1681 4714 1980 4773 Catholica

263 4800 411 4858 fides
441 4800 555 4858 hoc
587 4800 786 4872 habet,
820 4802 987 4859 firma
1014 4819 1048 4858 a
1076 4802 1293 4876 Spiritu
1329 4804 1425 4860 Dei
1475 4805 1533 4861 in
1584 4805 1803 4862 sanctis
1825 4806 1976 4877 eius,

263 4895 469 4948 contra
522 4906 757 4948 omnem
800 4890 1131 4949 haereticam
1180 4894 1546 4965 pravitatem,
1615 4895 1753 4968 quia
1792 4896 1978 4953 Patris

260 4985 323 5036 et
372 4980 502 5037 Filii
550 4996 727 5051 opera
783 4981 1197 5054 inseparabilis
1264 4988 1423 5041 sunt.
1476 4985 1621 5052 Quid
1682 4989 1772 5041 est
1821 4986 1974 5058 quod

262 5069 442 5127 dixi?
501 5072 804 5137 Quomodo
834 5072 955 5145 ipse
1001 5077 1172 5131 Pater
1218 5080 1273 5131 et
1327 5075 1508 5131 Filius
1557 5076 1977 5148 inseparabiles

263 5164 427 5227 sunt,
461 5159 548 5216 sic
585 5167 638 5215 et
669 5174 843 5229 opera
883 5160 1070 5218 Patris
1100 5170 1156 5218 et
1202 5162 1329 5219 Filii
1364 5164 1780 5236 inseparabilis
1820 5170 1975 5220 sunt.

261 5248 563 5312 Quomodo
597 5252 758 5305 Pater
795 5254 853 5306 et
902 5250 1077 5308 Filius
1118 5252 1540 5324 inseparabiles
1590 5254 1775 5310 sunt?
1832 5255 1979 5321 Quia

263 5337 390 5410 ipse
419 5340 592 5404 dixit,
626 5340 738 5408 Ego
766 5346 818 5395 et
867 5342 1031 5398 Pater
1080 5360 1257 5399 unum
1294 5360 1483 5400 sumus
1522 5346 1699 5413 (Joan.
1760 5363 1815 5411 x,
1859 5346 1975 5418 30).

262 5430 409 5491 Quia
442 5427 611 5485 Pater
639 5436 693 5485 et
724 5429 907 5488 Filius
936 5448 1051 5489 non
1074 5438 1214 5490 sunt
1235 5435 1350 5491 duo
1374 5435 1475 5503 dii,
1500 5436 1600 5491 sed
1622 5452 1776 5493 unus
1800 5435 1974 5511 Deus,

332 5602 351 5637 ι
380 5601 524 5674 ιριςτ,
553 5599 1054 5674 scandalizentibus.
1076 5604 1161 5656 Sic
1182 5606 1342 5657 etiam
1360 5606 1501 5659 intra
1535 5612 1843 5662 constanter
1862 5624 1978 5674 pro,

263 5662 663 5715 scandalizatis.

1526 250 1985 319 TRACTATUS
2027 248 2152 310 XX.
2201 250 2456 314 CAPUT
2500 257 2550 315 Ι.

3649 260 3803 322 1558

2104 389 2354 446 Verbum
2370 391 3220 460 etcuiusestVerbum,unuset
3238 392 3632 460 Unicus,Deus
3649 411 3802 452 unus
3846 386 3857 455 Ι

2105 475 2272 533 Pater
2300 478 2547 535 etFilius
2569 479 2847 535 charitate
2870 481 3177 552 complexi,
3198 496 3468 552 unusque
3499 485 3800 545 charitatis

2102 568 2350 638 Spiritus
2382 586 2580 626 eorum
2613 576 2720 638 est,
2754 575 2818 626 ut
2848 572 2948 627 fiat
2967 573 3218 630 Trinitas
3235 576 3402 633 Pater
3429 584 3486 635 et
3528 579 3706 637 Filius
3746 584 3802 636 et

2102 656 2355 726 Spiritus
2369 664 2622 716 sanctus.
2640 665 2757 716 Non
2772 677 2907 732 ergo
2923 666 3157 718 tantum
3172 667 3357 721 Patris
3372 677 3425 723 et
3439 668 3586 733 Filii,
3612 670 3711 725 sed
3743 673 3801 725 et

2099 745 2351 817 Spiritus
2382 749 2763 820 sancti,|sicut
2783 751 3082 821 aequalitas
3105 762 3157 808 et
3179 754 3644 826 inseparabilitas
3668 774 3801 829 per-

2098 852 2397 906 sonarum,
2429 839 2509 894 ita
2566 841 2740 896 etiam
2771 856 2947 912 opera
2977 841 3384 914 inseparabilis
3414 851 3569 902 sunt.
3595 847 3800 903 Adhuc

2099 924 2331 996 planius
2351 929 2539 984 dicam
2557 930 2694 1000 quid
2719 932 2812 998 sit,
2845 946 3022 1002 opera
3053 932 3459 1003 inseparabilis
3489 940 3641 991 sunt.
3672 936 3797 994 Non

2098 1015 2533 1074 dicitcatholica
2549 1018 2688 1075 ﬁdes
2706 1019 2840 1090 quia
2856 1019 2985 1075 fecit
2998 1020 3152 1077 Deus
3168 1022 3331 1079 Pater
3343 1024 3580 1095 aliquid,
3596 1029 3651 1080 et
3662 1025 3798 1081 fecit

2098 1105 2509 1178 Filiusaliquid
2527 1109 2827 1165 aliudzsed
2845 1110 2999 1180 quod
3016 1110 3150 1166 fecit
3174 1111 3360 1179 Pater,
3398 1113 3579 1184 hociet
3620 1114 3799 1170 Filius

2102 1196 2443 1263 fecit,hocet
2463 1198 2712 1269 Spiritus
2735 1204 2975 1255 sanctus
3021 1201 3170 1257 fecit.
3204 1206 3311 1257 Per
3340 1203 3594 1259 Verbum
3636 1205 3796 1260 enim

2094 1284 2246 1339 facta
2272 1287 2617 1341 suntomnia
2645 1288 2907 1358 :quando
2928 1288 3070 1344 dixit
3090 1297 3144 1343 et
3175 1290 3322 1346 facta
3347 1299 3502 1359 sunt,
3528 1308 3631 1363 per
3651 1295 3796 1349 Ver-

2096 1374 2235 1430 bum
2263 1376 2414 1431 facta
2444 1383 2602 1445 sunt,
2632 1392 2731 1446 per
2762 1377 3057 1433 Christum
3082 1380 3230 1435 facta
3254 1384 3407 1436 sunt.
3432 1382 3497 1435 1n
3518 1382 3796 1454 principio

2094 1465 2249 1521 enim
2273 1475 2391 1521 erat
2424 1466 2673 1535 Verbum,
2704 1474 2757 1523 et
2793 1468 3019 1523 Verbum
3049 1479 3163 1525 erat
3197 1470 3343 1541 apud
3367 1472 3554 1541 Deum,
3588 1482 3638 1528 et
3660 1474 3796 1529 Deus

2092 1563 2216 1611 erat
2255 1556 2512 1611 Verbum:
2536 1557 2720 1611 omnia
2739 1574 2839 1628 per
2868 1558 3045 1628 ipsum
3067 1561 3217 1628 facta
3237 1569 3361 1615 sunt
3378 1560 3606 1630 (lo-mn,
3630 1563 3681 1628 1,
3713 1562 3795 1634 3).

2096 1646 2154 1700 Si
2194 1647 2393 1701 omnia
2423 1662 2526 1717 per
2556 1648 2745 1718 ipsum
2780 1648 2925 1703 facta
2956 1657 3121 1715 sunt;
3154 1649 3297 1704 dixit
3321 1651 3484 1717 Deus,
3516 1651 3634 1705 Fiat
3662 1650 3794 1711 lux:

2094 1742 2149 1790 et
2177 1740 2323 1805 [acta
2352 1744 2429 1791 est
2462 1738 2559 1791 tua:
2590 1754 2607 1791 :
2640 1736 2700 1790 in
2734 1735 2923 1793 Verbo
2953 1737 3108 1807 fecit,
3144 1755 3241 1808 per
3270 1740 3529 1795 Verbum
3553 1739 3705 1799 fecit.

2165 1826 2420 1883 4..Ecce
2470 1843 2601 1899 ergo
2660 1844 2816 1883 nunc
2855 1828 3188 1885 audivimus
3237 1828 3636 1901 Evangelium,
3670 1845 3795 1886 cum

2093 1918 2466 1988 responderet
2495 1917 2997 1974 stomachanlibus
3026 1918 3264 1988 Judaais,
3295 1922 3427 1991 quia
3474 1936 3585 1976 non
3617 1919 3798 1976 solum

2088 2006 2649 2069 solvebatsabbatum,
2669 2007 2759 2063 sed
2780 2010 2949 2063 etiam
2968 2013 3183 2078 patrem
3195 2025 3355 2064 suum
3374 2008 3585 2065 dicebat
3604 2010 3792 2075 Deum,

2091 2099 2363 2170 aqualem
2386 2114 2444 2153 se
2473 2100 2680 2166 faciens
2711 2100 2811 2154 Deo
2838 2099 2950 2170 (Id.
2976 2116 3027 2165 v,
3059 2098 3143 2170 18)
3174 2116 3186 2152 :
3219 2099 3304 2154 sic
3327 2100 3480 2155 enim
3512 2101 3793 2171 scriptum

2093 2197 2178 2245 est
2209 2189 2265 2243 in
2289 2188 2574 2259 superiori
2605 2188 2881 2258 capitulo.
2903 2188 3047 2243 Cum
3070 2205 3205 2260 ergo
3224 2190 3326 2244 tali
3349 2205 3546 2245 eorum
3577 2187 3795 2245 erranti

2093 2277 2484 2348 indignationi
2520 2277 2614 2332 Dei
2646 2276 2827 2333 Filius
2858 2282 2943 2332 est
2985 2278 3213 2333 Veritas
3267 2279 3659 2348 responderet,
3692 2280 3792 2344 ait,

2094 2367 2284 2437 Amen,
2317 2384 2475 2424 amen
2505 2368 2625 2423 dico
2654 2368 2823 2437 vobis,
2856 2384 2965 2424 non
2994 2374 3166 2439 potest
3197 2368 3373 2423 Filius
3429 2385 3463 2422 α
3510 2384 3570 2424 se
3612 2370 3797 2440 facere

2093 2458 2416 2532 quidquam,
2440 2458 2554 2514 nisi
2578 2459 2718 2529 quod
2766 2457 2969 2515 viderit
3011 2459 3231 2513 Patrem
3283 2460 3595 2526 facientem.
3635 2457 3797 2514 Tan-

2094 2565 2273 2622 quam
2297 2551 2533 2615 diceret,
2574 2547 2720 2611 Quid
2762 2548 3137 2604 scandalizati
3178 2548 3339 2616 estis,
3385 2547 3522 2616 quia
3571 2548 3800 2603 Patrem

2096 2655 2289 2695 meum
2321 2639 2435 2693 dixi
2470 2638 2674 2707 Deum,
2699 2641 2753 2692 et
2776 2639 2913 2708 quia
2935 2637 3211 2709 aequalem
3245 2652 3337 2695 me
3370 2638 3514 2693 facio
3536 2638 3651 2693 Deo
3669 2634 3696 2690 (ἓ
3718 2639 3806 2692 Ita

2096 2745 2228 2785 sum
2256 2727 2517 2799 aequalis,
2551 2731 2616 2783 ut
2640 2727 2736 2783 ille
2769 2743 2860 2783 me
2879 2727 3177 2798 genuerit:
3206 2727 3283 2783 ita
3307 2742 3430 2782 sum
3456 2726 3709 2798 aequalis,
3733 2744 3768 2783 u

2097 2836 2213 2876 non
2237 2818 2335 2873 ille
2364 2836 2395 2874 a
2424 2832 2537 2887 me,
2570 2816 2672 2873 sed
2703 2832 2806 2890 ego
2838 2817 2908 2873 ab
2940 2816 3038 2874 illo
3070 2817 3203 2873 sim.
3230 2817 3345 2873 Hoc
3376 2816 3540 2887 {enim
3584 2816 3801 2873 intelli-

2097 2911 2251 2982 gitur
2281 2909 2340 2964 in
2368 2908 2459 2963 his
2490 2908 2704 2974 verbis,
2736 2908 2851 2963 Non
2879 2914 3045 2980 potest
3068 2909 3249 2965 Filius
3279 2926 3311 2963 a
3332 2924 3387 2965 se
3415 2910 3601 2977 facere
3631 2908 3802 2979 quid-

2096 3014 2287 3072 quam,
2318 2998 2596 3068 nisiquott
2637 2999 2841 3053 viderit
2887 2999 3109 3054 Patrem
3154 3000 3470 3068 facientem.
3524 2999 3641 3054 Hoc
3690 3003 3803 3067 est,

2097 3089 2378 3163 quidquid
2414 3087 2592 3143 Filius
2624 3088 2870 3143 habetut
2889 3088 3080 3158 faciat,
3104 3088 3313 3145 aPatre
3340 3088 3799 3145 habetuttaciat.

2099 3182 2285 3247 Quare
2315 3178 2483 3235 habet
2514 3197 2543 3233 a
2584 3178 2752 3233 Patre
2791 3182 2855 3233 ut
2890 3176 3061 3233 faciat
3094 3176 3120 3233 ‘t‘
3168 3178 3314 3243 Quia
3345 3194 3377 3233 a
3425 3177 3592 3233 Patre
3630 3177 3805 3233 habet

2097 3274 2162 3324 ut
2204 3268 2384 3324 Filius
2424 3267 2519 3323 sit.
2541 3269 2726 3331 Quare
2748 3283 2781 3322 a
2812 3266 2977 3323 Patre
3001 3266 3173 3322 habet
3206 3270 3271 3322 ut
3302 3266 3484 3322 Filius
3505 3267 3579 3322 sit
3605 3265 3632 3319 ?
3662 3267 3807 3330 Quia

2096 3378 2128 3414 a
2160 3359 2322 3415 Patre
2345 3357 2513 3413 habet
2545 3361 2609 3411 ut
2630 3356 2832 3426 possit,
2857 3355 2991 3427 quia
3020 3354 3234 3427 alPatre
3266 3354 3439 3409 habet
3461 3358 3521 3409 ut
3538 3352 3632 3408 sit.
3659 3352 3803 3411 Filio

2099 3451 2257 3517 enim,
2284 3448 2391 3504 hoc
2422 3454 2508 3504 est
2540 3463 2665 3503 esse
2696 3446 2845 3518 quod
2878 3460 3067 3516 posse.
3092 3443 3325 3500 Homini
3350 3460 3465 3499 non
3490 3443 3566 3497 ita
3590 3446 3698 3497 est.
3724 3445 3804 3495 Ex

2098 3538 2528 3612 comparatione
2540 3538 2799 3593 humanae
2812 3532 3459 3604 intlrmitatis,longeinf
3462 3549 3521 3587 ra
3526 3534 3547 3602 j
3557 3531 3800 3597 scentis,

2096 3634 2417 3701 utcumque
2438 3627 2607 3685 corda
2627 3626 2947 3694 sustollite;
2965 3630 3022 3682 et
3040 3640 3110 3680 ne
3133 3623 3278 3679 forte
3304 3621 3517 3693 aliquis
3533 3624 3799 3676 nostrum

2094 3720 2344 3791 attingat
2373 3722 2682 3786 secretum,
2704 3721 2760 3773 et
2777 3715 2947 3787 quasi
2970 3713 3367 3772 coruscatione
3390 3727 3619 3783 magnae
3650 3709 3800 3765 lucis

2093 3810 2457 3879 horrescens,
2480 3807 2670 3879 sapiat
2690 3806 2931 3878 aliquid,
2951 3803 3315 3876 neinsiplens
3339 3806 3662 3859 remaneat:
3684 3816 3798 3856 non

2093 3905 2291 3959 tamen
2324 3916 2385 3955 se
2402 3904 2590 3954 totum
2623 3914 2822 3969 sapere
2853 3900 3045 3969 putet,
3068 3911 3139 3951 ne
3180 3893 3502 3966 superbiat,
3554 3899 3607 3948 et
3645 3891 3800 3963 quod

2100 3993 2294 4066 sapuit
2326 3992 2576 4048 amittat.
2611 3992 2795 4047 Homo
2827 3988 2989 4046 aliud
3019 3991 3109 4045 est
3129 3987 3284 4060 quod
3315 3990 3426 4054 est,
3455 3984 3612 4041 aliud
3645 3983 3798 4054 quod

2097 4088 2303 4158 potest.
2335 4082 2664 4156 Aliquando
2706 4082 2857 4137 enim
2900 4082 3073 4137 etest
3124 4080 3317 4145 homo,
3371 4080 3425 4132 et
3470 4092 3583 4131 non
3609 4077 3800 4145 potest

2094 4175 2246 4246 quod
2277 4173 2429 4241 vult;
2462 4172 2778 4244 aliquando
2810 4174 3006 4226 autem
3038 4169 3123 4225 sio
3146 4176 3229 4225 est
3261 4168 3453 4235 homo,
3505 4168 3570 4219 ut
3612 4163 3797 4233 possit

2095 4266 2245 4337 quod
2276 4264 2398 4320 vult
2432 4288 2447 4331 ;
2480 4263 2676 4334 itaque
2706 4260 2865 4317 aliud
2898 4264 2985 4316 est
3016 4274 3144 4315 esse
3176 4256 3377 4328 ipsius,
3423 4253 3579 4309 aliud
3628 4268 3799 4323 posse

2092 4356 2299 4427 ipsius.
2332 4354 2389 4409 Si
2411 4352 2564 4409 enim
2600 4352 2706 4407 hoc
2739 4354 2887 4407 esset
2911 4366 3039 4406 esse
3061 4347 3269 4419 ipsius,
3294 4345 3448 4416 quod
3490 4346 3580 4398 est
3626 4356 3797 4413 posse

2092 4446 2312 4519 ipsius;
2336 4460 2465 4500 cum
2490 4440 2659 4499 vellet
2684 4445 2897 4511 posset.
2934 4439 3086 4495 Deus
3107 4442 3299 4492 autem
3325 4432 3418 4490 cui
3441 4435 3660 4490 nonest
3681 4430 3794 4487 alia

2093 4536 2413 4594 substantia
2446 4541 2507 4589 ut
2536 4534 2631 4600 sit,
2664 4537 2719 4589 et
2750 4531 2866 4587 alia
2901 4532 3156 4600 potestas
3188 4532 3252 4582 ut
3302 4524 3504 4596 possit,
3538 4522 3636 4579 sed
3658 4537 3797 4579 con-

2090 4622 2471 4683 substantiale
2494 4622 2578 4677 illi
2595 4626 2685 4678 est
2710 4619 2996 4692 quidquid
3020 4620 3279 4689 ejusest,
3307 4620 3363 4672 et
3380 4612 3664 4686 quidquid
3687 4616 3794 4685 est,

2090 4717 2228 4789 quia
2256 4716 2409 4771 Deus
2430 4716 2516 4770 est
2558 4720 2598 4781 ί,
2639 4728 2753 4767 non
2813 4709 2926 4765 alio
2975 4709 3146 4764 modo
3196 4712 3307 4778 est,
3357 4711 3415 4763 et
3466 4704 3579 4763 alio
3626 4704 3794 4761 modo

2090 4811 2279 4879 potest
2312 4822 2327 4873 ;
2356 4805 2456 4862 sed
2480 4819 2603 4860 esse
2634 4810 2686 4860 et
2723 4817 2895 4875 posse
2925 4800 3100 4856 simul
3132 4799 3327 4869 habet,
3381 4796 3519 4870 quia
3548 4795 3693 4851 velle
3739 4798 3796 4849 et

2089 4898 2275 4954 facere
2304 4894 2479 4951 simul
2511 4892 2700 4950 habet.
2732 4893 2878 4959 Quia
2897 4907 3034 4963 ergo
3066 4890 3321 4961 potentia
3348 4886 3477 4943 Filii
3510 4883 3582 4939 de
3622 4882 3789 4937 Patre

2087 4994 2197 5053 est,
2238 4986 2366 5043 ideo
2401 4993 2455 5040 et
2498 4982 2832 5041 substantia
2886 4980 3011 5037 Filii
3059 4980 3129 5035 de
3174 4979 3343 5035 Patre
3382 4978 3469 5031 est
3501 4988 3514 5038 ;
3546 4975 3603 5027 et
3653 4968 3793 5041 quia

2087 5074 2417 5133 substantia
2448 5074 2576 5129 Filii
2608 5074 2678 5130 de
2701 5073 2887 5138 Patre,
2911 5070 3040 5126 ideo
3072 5066 3329 5140 potentia
3356 5061 3482 5118 Filii
3513 5061 3582 5116 de
3622 5058 3792 5114 Patre

2085 5172 2191 5225 est.
2224 5168 2349 5224 Non
2382 5165 2495 5222 alia
2519 5163 2776 5237 potentia
2796 5165 2883 5217 est
2913 5161 2972 5214 in
3006 5157 3170 5223 Filio,
3196 5160 3251 5211 et
3278 5153 3391 5209 alia
3420 5149 3753 5207 substantia
3777 5162 3791 5205 :

2087 5259 2184 5315 sed
2216 5258 2339 5329 ipsa
2368 5260 2455 5312 est
2478 5253 2877 5326 potentiaque:
2899 5253 2954 5304 et
2975 5245 3304 5304 substantia
3330 5262 3345 5312 ;
3371 5240 3700 5299 substantia
3729 5244 3793 5296 ut

2086 5348 2180 5415 sit,
2206 5346 2465 5419 potentia
2496 5350 2560 5398 ut
2593 5342 2789 5413 possit.
2822 5339 2968 5408 Ergo
3001 5335 3137 5407 quia
3169 5334 3348 5390 Filius
3381 5332 3452 5388 de
3482 5335 3647 5387 Patre
3677 5335 3788 5400 est,

2149 5484 2167 5519 1
2198 5482 2319 5530 Mss.
2340 5485 2479 5537 octo,
2501 5475 2590 5523 sed
2622 5470 3058 5537 consubstantiale
3078 5469 3183 5537 illi
3195 5478 3265 5518 est
3296 5467 3551 5537 quidquid
3566 5467 3676 5537 eius
3697 5468 3788 5523 est,

2085 5552 2137 5595 et
2155 5543 2411 5608 quidquid
2442 5531 2565 5608 ejus
2585 5544 2657 5588 est
2675 5536 2833 5608 quod
2865 5545 2957 5594 est,
2989 5535 3133 5608 quia.
3154 5535 3287 5608 Deus
3306 5531 3409 5608 est.
3434 5531 3791 5608 Remigianu‘s

2087 5592 2212 5671 veifo
2241 5592 2408 5671 a_ddit,
2440 5592 2531 5661 εἶτ,
2554 5602 2656 5652 hoc
2675 5592 2809 5671 loco,
2840 5609 2889 5650 et
2909 5592 3171 5671 quidquid
3189 5611 3300 5662 ejus
3320 5604 3414 5653 est,
3431 5603 3509 5645 est
3542 5592 3676 5657 quod
3697 5596 3785 5645 est,

2087 5669 2213 5734 quia
2253 5666 2485 5717 Deus'est
2520 5679 2530 5716 :
2556 5678 2657 5717 nec
2684 5666 2867 5715 minus
2896 5666 3057 5714 recte.
