4146 6186
324 284 476 350 1559

320 426 451 481 ideo
482 421 644 493 dixit,
676 421 852 479 Filius
880 440 990 481 non
1007 426 1180 496 potest
1207 440 1242 479 a
1270 440 1326 479 se
1345 426 1523 493 facere
1543 426 1862 496 quidquam.
1888 417 2034 485 Quia

328 534 442 572 non
475 522 563 572 est
596 516 770 571 Filius
792 534 822 570 a
854 532 934 583 se,
969 516 1097 571 ideo
1132 532 1245 570 non
1281 520 1468 585 potest
1491 534 1524 571 a
1554 532 1635 571 ss.

392 608 455 663 5.
492 605 735 661 Videtur
790 606 947 661 enim
998 605 1167 676 quasi
1209 607 1493 661 minorem
1526 621 1584 659 se
1627 603 1850 668 fecisse,
1893 616 2027 656 cum

324 697 485 757 dixit,
524 697 640 751 Non
669 700 837 768 potest
868 697 1043 751 Filius
1081 713 1114 750 α
1144 713 1199 751 se
1217 696 1401 767 facere
1426 692 1865 766 quidquam,nisi
1889 689 2030 761 quod

328 786 527 841 viderit
559 788 776 841 Patrem
798 789 1118 857 ledentem.
1144 785 1246 841 Hic
1264 785 1433 857 erigit
1455 786 1730 840 cervicem
1758 780 2028 836 haeretica

327 878 572 947 vanitas,
606 893 804 932 eorum
839 876 1058 931 scilicet
1107 876 1205 947 qui
1255 876 1459 930 dicunt
1497 874 1706 929 Filium
1741 871 2025 925 minorem

332 982 459 1021 esse
492 981 669 1035 quam
733 966 979 1033 Patrem,
1018 965 1260 1019 minoris
1312 963 1640 1035 potestatis,
1682 958 2026 1030 maiestatis,

327 1055 750 1126 possibilitatis,
784 1073 901 1111 non
927 1056 1318 1128 intelligentes
1348 1054 1687 1127 mysterium
1719 1052 2025 1110 verborum

326 1145 567 1201 Christi.
598 1146 873 1201 Attendat
894 1150 1087 1201 autem
1146 1145 1415 1201 Charitas
1467 1150 1678 1214 vestra,
1736 1149 1793 1199 et
1838 1140 2027 1195 videte

324 1233 819 1305 quemadmodum
853 1233 911 1288 in
945 1234 1164 1289 carnali
1196 1250 1298 1289 suo
1330 1233 1625 1288 intellectu
1681 1232 1851 1288 modo
1900 1237 2028 1282 tur-

328 1321 620 1377 benturin
654 1321 796 1394 ipsis
816 1323 1001 1378 verbis
1032 1323 1267 1377 Christi.
1302 1322 1417 1376 Hoc
1455 1327 1648 1376 autem
1686 1319 1858 1392 paulo
1900 1325 2029 1371 ante

324 1412 677 1482 prtelocutus
695 1428 849 1480 sum,
866 1412 1003 1483 quia
1022 1412 1213 1466 omnia
1228 1428 1497 1482 perversa
1513 1412 1686 1464 corda
1709 1410 2029 1480 perturbat,

326 1499 477 1555 sicut
500 1502 591 1569 pia
611 1501 784 1555 corda
805 1507 1031 1555 eXercet
1044 1500 1297 1554 Verbum
1324 1499 1446 1569 Dei,
1472 1500 1721 1554 maxime
1751 1496 1908 1569 quod
1932 1512 2032 1567 per

322 1589 607 1645 Joannem
637 1591 1049 1661 evangelistam
1084 1591 1313 1645 dicitur.
1359 1591 1488 1645 Alta
1518 1590 1672 1645 enim
1722 1605 1823 1659 per
1862 1586 2030 1641 illum

324 1680 617 1747 dicuntur,
643 1696 755 1736 non
790 1682 1267 1754 qualiacumque,
1304 1698 1418 1737 non
1452 1697 1579 1751 quas
1614 1678 1780 1735 facile
1811 1675 2033 1733 intelli-

326 1773 561 1840 gantur.
592 1769 735 1825 Ecce
757 1771 879 1840 jam
912 1771 1215 1826 haereticus
1237 1771 1285 1826 si
1314 1770 1457 1826 forte
1488 1768 1648 1824 audit
1687 1768 1864 1822 verba
1898 1765 2031 1829 ista,

326 1858 495 1927 erigit
526 1875 609 1923 se,
646 1863 703 1913 et
732 1858 870 1914 dicit
895 1861 1062 1916 nobis
1098 1878 1110 1916 :
1144 1861 1288 1915 Ecce
1321 1861 1509 1914 minor
1533 1863 1624 1914 est
1646 1856 1826 1912 Filius
1858 1870 2033 1926 quam

335 1948 521 2015 Pater,
570 1965 701 2004 ecce
742 1951 875 2005 audi
930 1953 1104 2006 verba
1142 1950 1289 2017 Filii,
1337 1950 1432 2020 qui
1491 1949 1648 2016 dicit,
1711 1952 1830 2004 Non
1868 1950 2037 2016 potest

335 2037 513 2093 Filius
544 2056 578 2093 a
606 2055 663 2094 se
689 2045 868 2109 [acere
888 2042 1211 2112 quidquam,
1243 2041 1356 2095 nisi
1398 2040 1538 2112 quod
1587 2037 1787 2094 viderit
1819 2040 2038 2091 Patrem

329 2129 647 2198 facientem.
675 2130 969 2201 Exspecta,
1028 2132 1520 2201 quemadmodum
1575 2128 1858 2197 scriptum
1930 2130 2038 2192 est,

332 2222 465 2276 Esto
502 2225 814 2276 mansuetus
861 2221 931 2275 ad
972 2223 1325 2278 audiendum
1362 2221 1603 2285 verbum,
1654 2226 1716 2273 ut
1763 2217 2041 2287 intelligas

336 2307 603 2377 (Eccti.v,
641 2310 749 2381 13).
805 2315 951 2365 Puta
981 2311 1134 2365 enim
1188 2326 1278 2366 me
1314 2309 1722 2366 conturbatum
1774 2322 1900 2362 esse
1949 2307 2041 2362 his

336 2398 547 2470 verbis,
582 2400 859 2470 quoniam
895 2401 1022 2456 dico
1053 2400 1331 2472 aequalem
1384 2406 1725 2473 potestatem
1775 2400 2046 2469 majesta-

338 2491 575 2560 temque
606 2506 734 2546 esse
767 2491 949 2547 Patris
980 2496 1036 2546 et
1081 2493 1215 2561 Fili,
1254 2510 1384 2549 cum
1431 2494 1646 2561 audivi,
1695 2495 1815 2547 Non
1870 2493 2043 2560 potest

337 2582 516 2636 Filius
545 2599 579 2636 a
608 2599 663 2637 se
686 2586 868 2652 facere
890 2585 1209 2656 quidquam,
1254 2588 1367 2641 nisi
1421 2588 1561 2656 quod
1591 2586 1785 2641 viderit
1830 2585 2045 2637 Patrem

336 2672 646 2739 facientem.
677 2672 970 2728 Turbatus
1003 2674 1091 2729 his
1122 2677 1312 2730 verbis
1343 2694 1535 2746 quaero
1566 2677 1666 2730 abs
1696 2681 1768 2734 te,
1804 2676 1902 2743 qui
1924 2674 2043 2739 jam

337 2759 440 2813 tibi
462 2758 1372 2819 viderisintellexisse':Novimus
1408 2764 1467 2819 in
1488 2764 1788 2835 Evangelio
1833 2761 2041 2816 Filium

340 2848 679 2903 ambulasse
708 2866 880 2921 super
916 2852 1309 2923 mare(Matth.
1344 2870 1456 2922 xtv,
1496 2854 1588 2923 25)
1622 2871 1637 2919 ;
1673 2854 1767 2908 ubi
1817 2852 2045 2906 Patrem

341 2937 821 2994 viditambulasse
836 2956 1013 3011 super
1030 2959 1182 2996 mare
1196 2940 1223 2996 ‘t
1242 2942 1468 3012 Hicjam
1489 2943 1580 2996 ille
1596 2943 1885 2996 turbatur.
1898 2940 2047 2994 Pone

341 3042 478 3097 ergo
510 3030 661 3098 quod
697 3028 1085 3096 intellexeras,
1106 3037 1162 3087 et
1181 3032 1353 3088 simul
1380 3049 1725 3103 quaeramus.
1751 3031 1895 3097 Quid
1910 3045 2047 3100 ergo

343 3118 591 3175 iacimus
617 3119 644 3173 ?
664 3119 848 3175 Verba
878 3122 1107 3176 Domini
1131 3123 1473 3187 audivimus,
1507 3129 1625 3181 Non
1640 3123 1995 3194 potestFitius
2016 3137 2049 3174 a

342 3225 399 3263 se
421 3214 610 3277 [acere
639 3210 957 3282 quidquam,
982 3212 1095 3266 nisi
1114 3214 1255 3283 quod
1272 3216 1469 3269 viderit
1493 3216 1708 3269 Putrem
1731 3215 2045 3284 facientem.

344 3298 812 3370 Ambulavitipse
827 3318 1003 3372 super
1026 3318 1203 3367 mare,
1225 3307 1389 3358 Pater
1412 3320 1708 3375 nunquam
1731 3301 2049 3357 ambulavit

344 3403 519 3458 super
540 3405 716 3445 mare.
746 3390 905 3447 Certe
937 3410 1047 3447 non
1076 3396 1209 3463 facit
1226 3393 1405 3450 Filius
1422 3395 1749 3465 quidquam,
1772 3391 1883 3447 nisi
1901 3391 2050 3463 quod

343 3477 541 3533 viderit
574 3483 794 3535 Patrem
820 3482 1133 3549 facientem.

414 3569 467 3622 6.
505 3568 646 3625 Redi
678 3586 813 3641 ergo
843 3588 1069 3628 mecum
1104 3576 1172 3628 ad
1205 3575 1261 3629 id
1292 3576 1445 3646 quod
1479 3574 1769 3641 dicebam,
1804 3590 1874 3629 ne
1907 3573 2050 3628 forte

348 3657 432 3712 sic
463 3656 907 3727 intelligendum
927 3662 1024 3727 sit,
1044 3667 1107 3716 ut
1130 3664 1199 3718 de
1220 3665 1539 3735 quaestione
1568 3666 1740 3720 ambo
1753 3678 2049 3718 exeamus.

346 3743 492 3800 Nom
532 3762 639 3818 ego
670 3750 991 3804 secundum
1018 3750 1186 3806 ﬁdem
1208 3752 1547 3808 catholicam
1570 3754 1732 3809 video
1764 3751 2051 3823 quomodo

346 3850 546 3891 exeam
579 3837 706 3893 sine
726 3839 1070 3906 offensione,
1106 3842 1230 3896 sine
1260 3843 1576 3898 seandalo:
1611 3849 1673 3897 tu
1710 3846 1904 3899 autem
1946 3841 2051 3895 cir-

345 3927 699 3995 cumclusus,
734 3930 944 3999 quaeris
996 3947 1113 4001 qua
1161 3947 1347 3989 exeas.
1398 3932 1521 3996 Qua
1560 3934 1874 3988 intraveras
1908 3932 2054 3986 vide.

350 4014 515 4072 Forte
546 4033 663 4072 non
695 4018 1029 4076 intellexisti
1062 4026 1118 4077 et
1167 4022 1274 4077 hoc
1308 4024 1463 4093 quod
1498 4024 1658 4091 dixit,
1705 4024 1830 4088 Qua
1876 4021 2053 4077 intra-

342 4123 505 4164 veras
533 4109 699 4165 vide:
740 4110 937 4181 ipsum
998 4113 1129 4168 audi
1202 4113 1513 4184 dicentem,
1564 4117 1667 4185 Ego
1708 4131 1825 4169 sum
1870 4116 2058 4184 janua

340 4196 519 4269 (Joan.
551 4216 608 4267 x,
637 4200 715 4272 7).
742 4200 865 4256 Non
899 4202 1025 4257 sine
1056 4221 1232 4259 causa
1283 4221 1419 4276 ergo
1468 4206 1681 4275 quarris
1712 4223 1825 4275 qua
1867 4221 2053 4269 exeas,

346 4290 404 4341 et
435 4302 548 4342 non
580 4288 949 4350 invenis,nisi
976 4292 1113 4360 quia
1138 4308 1249 4345 non
1276 4307 1373 4361 per
1395 4293 1641 4362 januam
1677 4291 1926 4360 intrasti,
1957 4292 2059 4348 sed

352 4390 457 4445 per
479 4377 788 4432 maceriam
822 4378 1102 4434 cecidisti.
1138 4380 1280 4451 Ergo
1304 4381 1798 4451 quemadmodum
1825 4388 2007 4453 potes,
2027 4398 2060 4436 a

356 4463 529 4519 ruina
557 4468 657 4521 tua
688 4464 891 4539 collige
912 4472 988 4532 te,
1023 4468 1244 4525 etintra
1266 4470 1633 4540 perjanuam,
1654 4474 1718 4525 ut
1738 4470 1863 4527 sine
1885 4470 2063 4525 otian-

354 4553 521 4609 sione
550 4554 753 4623 intres,
779 4562 835 4612 et
857 4558 984 4615 sine
1005 4575 1198 4615 errore
1226 4577 1411 4616 exeas.
1435 4560 1538 4616 Per
1567 4560 1867 4617 Christum
1906 4560 2060 4626 veni,

352 4659 459 4699 nec
479 4659 548 4699 ex
576 4647 748 4701 corde
791 4655 886 4703 tuo
946 4650 1153 4705 ati‘eras
1202 4652 1356 4721 quod
1401 4651 1596 4717 dicas;
1627 4652 1726 4707 sed
1777 4652 1927 4721 quod
1962 4651 2061 4705 ille

353 4733 630 4799 ostendit,
667 4734 770 4789 hoc
800 4734 1053 4806 loquere.
1088 4738 1230 4793 Ecce
1261 4739 1407 4795 fides
1456 4740 1741 4795 catholica
1790 4741 2062 4810 quemad-

355 4820 596 4877 modum
619 4822 832 4878 sxitde
879 4825 987 4881 ista
1038 4829 1447 4898 propositione.
1504 4830 1828 4885 Ambulavit
1884 4830 2063 4886 Filius

356 4927 533 4984 super
564 4928 742 4982 mare,
778 4914 953 4985 pedes
1003 4917 1196 4972 carnis
1246 4918 1522 4973 ﬂuctibus
1566 4919 1881 4988 imposuit;
1934 4937 2064 4976 caro

355 5005 713 5074 ambulabat,
738 5013 794 5063 et
823 5007 1097 5064 divinitas
1110 5010 1501 5081 gubernabat:
1536 5013 1769 5081 quando
1786 5028 1921 5084 ergo
1935 5029 2066 5067 caro

362 5094 699 5153 ambulabat
714 5104 771 5153 et
791 5098 1070 5156 divinitas
1088 5101 1469 5172 gubernabat,
1496 5102 1661 5156 Pater
1676 5104 1884 5160 absens
1906 5104 2067 5159 erat?

361 5186 419 5241 Si
452 5189 659 5244 absens
691 5199 829 5258 erat,
851 5195 1143 5263 quomodo
1168 5193 1291 5262 ipse
1310 5192 1491 5247 Filius
1516 5193 1675 5261 dicit,
1703 5199 1865 5249 Pater
1883 5199 2070 5249 autem

366 5274 424 5327 in
456 5292 541 5330 me
576 5295 826 5348 manens,
876 5281 993 5351 ipse
1038 5284 1175 5353 facit
1232 5298 1396 5353 opera
1444 5298 1543 5338 sua
1606 5284 1699 5337 εΙιί.
1761 5300 1873 5346 xw,
1936 5283 2068 5339 itii?

367 5366 422 5416 Si
455 5380 592 5434 ergo
624 5368 789 5424 Pater
819 5373 874 5426 in
910 5372 1049 5428 Filio
1085 5390 1345 5443 manens,
1397 5373 1521 5443 ipse
1553 5374 1689 5428 facit
1715 5390 1883 5444 opera
1916 5389 2023 5427 sua
2055 5390 2069 5440 ;

372 5452 690 5509 ambulatio
720 5458 818 5513 illa
850 5464 1042 5518 carnis
1074 5483 1250 5535 supra
1275 5481 1454 5534 mare,
1477 5483 1510 5519 a
1542 5465 1703 5519 Patre
1737 5466 1929 5527 fiebat,
1976 5480 2076 5535 per

373 5536 582 5597 Filium
616 5542 811 5603 fiebat.
844 5549 990 5621 Ergo
1013 5554 1114 5610 illa
1134 5554 1453 5611 ambulatio
1485 5572 1629 5627 opus
1681 5560 1768 5609 est
1807 5555 1989 5610 Patris
2020 5557 2077 5612 et

378 5632 505 5689 Filii
542 5632 1292 5714 inseparabile.Utrumque
1344 5644 1423 5700 ibi
1472 5650 1810 5717 operantem
1859 5647 2024 5703 video
2058 5664 2071 5703 :

1266 287 1343 347 IN
1388 287 1715 350 JOANNIS
1756 274 2302 347 EVANGELIUM.
2349 285 2414 345 S.
2464 282 2885 347 AUGUSTINI

3688 280 3843 349 i560

2144 434 2248 473 nec
2278 420 2442 475 Pater
2460 420 2670 476 Filium
2702 422 2974 487 deseruit,
3009 438 3112 479 nec
3127 422 3308 478 Filius
3331 440 3359 477 a
3375 422 3538 479 Patre
3559 422 3848 480 discessit.

2143 510 2226 561 Ita
2253 510 2533 580 quidquid
2573 511 2706 565 facit
2735 511 2932 576 Filius,
2967 530 3079 568 non
3105 514 3242 567 facit
3285 511 3413 568 sine
3450 514 3658 581 Patre;
3711 514 3854 584 quia

2142 597 2428 668 quidquid
2465 599 2601 654 facit
2631 601 2820 666 Pater,
2857 618 2969 657 non
3005 601 3140 657 facit
3162 603 3293 657 sine
3333 602 3499 658 Filio.

2206 688 2260 739 7.
2300 687 2523 743 Exitum
2560 694 2648 744 est
2680 688 2834 745 hinc.
2873 690 3074 746 Videte
3107 692 3244 763 quia
3268 696 3416 747 recte
3456 709 3561 748 nos
3600 692 3852 748 dicimus

2138 774 2549 847 inseparabilis
2562 796 2689 835 esse
2703 796 2873 851 opera
2888 781 3071 836 Patris
3083 787 3139 837 et
3153 781 3275 837 Filii
3297 782 3619 853 etSpiritus
3636 784 3849 837 sancti.

2136 863 2279 920 Nam
2314 870 2601 937 quomodo
2626 874 2684 924 tu
2717 869 3017 940 intelligis,
3051 887 3179 926 ecca
3206 872 3335 927 fecit
3369 878 3521 927 Deus
3549 872 3762 940 lucem,
3793 877 3854 928 et

2138 958 2280 1013 vidit
2302 957 2481 1013 Filius
2504 962 2729 1014 Patrem
2756 959 3062 1015 facientem
3080 961 3856 1029 iucem,secundumcarna-

2137 1045 2619 1103 lemintellectum
2647 1048 3184 1119 tuum,quiideovis
3200 1049 3850 1121 minoremintelligere,

2138 1136 2272 1206 quia
2297 1136 2457 1202 dixit,
2492 1138 2606 1192 Non
2628 1144 2801 1209 potest
2830 1138 3005 1194 Filius
3034 1156 3069 1194 a
3100 1156 3158 1195 se
3184 1144 3366 1209 facere
3386 1140 3715 1212 quidquam,
3737 1141 3858 1197 nisi

2137 1225 2276 1296 quod
2296 1226 2500 1280 viderit
2521 1228 2739 1281 Patrem
2754 1229 3075 1295 facientem.
3099 1230 3255 1284 Fecit
3276 1229 3428 1286 Deus
3447 1231 3616 1286 Pater
3630 1230 3855 1300 lucem;

2139 1330 2315 1385 quam
2348 1314 2535 1370 lucem
2553 1315 2730 1371 aliam
2747 1316 2878 1372 fecit
2900 1317 3081 1372 Filius
3100 1318 3128 1372 ?
3142 1317 3465 1374 FecitDeus
3480 1318 3861 1375 Paterﬁrm'a-

2143 1408 2428 1468 mentum,
2463 1403 2670 1458 caelum
2690 1404 2842 1460 inter
2864 1412 3113 1477 aquaset
3144 1406 3508 1478 aquas,vidit
3522 1424 3654 1463 eum
3676 1407 3858 1463 Filius

2140 1494 2460 1549 secundum
2477 1494 2918 1566 intelligentiam
2936 1502 3088 1553 tuam
3106 1499 3333 1553 tardam
3349 1503 3404 1554 et
3418 1514 3703 1570 grossam:
3721 1499 3861 1569 quia

2141 1583 2283 1637 vidit
2312 1582 2491 1639 Filius
2525 1586 2745 1640 Patrem
2782 1585 3091 1643 facientem
3124 1588 3585 1658 firmamentum,
3617 1588 3859 1656 etdixit,

2145 1671 2261 1726 Non
2289 1677 2463 1741 potest
2486 1673 2661 1729 Filius
2687 1692 2720 1729 a
2740 1692 2795 1731 se
2812 1677 2995 1746 facere
3021 1676 3344 1748 quidquam,
3358 1678 3480 1732 nisi
3496 1677 3636 1748 quod
3654 1677 3858 1732 viderit

2147 1766 2363 1817 Patrem
2377 1762 2693 1832 facientem,
2713 1767 2789 1820 da
2803 1766 2939 1821 mihi
2954 1766 3197 1822 alterum
3212 1766 3756 1823 firmamentum.An
3771 1771 3855 1823 tu-

2148 1850 2399 1906 amisisti
2420 1852 3348 1927 fundamentum?Supertsdiiicati
3366 1860 3556 1912 autem
3574 1857 3859 1927 suprafun

2148 1940 2483 1995 damentum
2510 1944 2916 2014 Apostolorum
2942 1950 2997 2001 et
3013 1945 3456 2017 Prophetarum,
3480 1946 3604 2016 ipso
3626 1962 3861 2001 summo

2149 2029 2339 2097 lapide
2354 2032 2622 2101 angulari
2636 2033 2918 2089 existente
2933 2035 3162 2089 Christo
3177 2036 3308 2090 Jesu
3330 2044 3615 2107 pacantur
3631 2036 3687 2089 in
3704 2034 3863 2089 Chri-

2149 2126 2238 2172 sto
2269 2118 2482 2189 (Ephes.
2522 2137 2584 2186 11,
2621 2122 2810 2193 14-20)
2836 2139 2849 2189 ;
2876 2140 2979 2179 nec
2996 2126 3354 2180 contendunt
3375 2129 3431 2178 et
3452 2132 3646 2179 errant
3670 2123 3727 2178 in
3749 2123 3868 2177 has-

2151 2208 2288 2262 resi.
2326 2208 2710 2281 intelligimus
2739 2228 2875 2283 ergo
2909 2212 3099 2269 lucem
3120 2214 3331 2268 factam
3356 2230 3388 2268 a
3409 2212 3524 2269 Deo
3539 2213 3730 2281 Patre,
3757 2214 3858 2269 sed

2153 2314 2256 2368 per
2282 2300 2482 2355 Filium
2511 2318 2524 2367 ;
2547 2300 2977 2358 firmamentum
2996 2306 3213 2358 facturn
3233 2320 3266 2358 a
3290 2305 3607 2373 DeojPatre,
3633 2303 3736 2358 sed
3757 2318 3864 2372 per

2154 2388 2379 2445 Filium.
2413 2394 2619 2449 Omnia
2646 2392 2797 2448 enim
2821 2410 2920 2463 per
2952 2394 3132 2465 ipsum
3152 2396 3305 2461 facta
3338 2402 3491 2456 sunt,
3513 2402 3563 2448 et
3585 2394 3711 2449 sine
3747 2396 3869 2465 ipso

2148 2487 2359 2549 factum
2373 2491 2449 2536 est
2462 2482 2847 2538 nihil.Excute
2863 2483 3302 2554 intelligentiam
3321 2489 3507 2551 tuam;
3525 2498 3628 2538 nec
3642 2481 3867 2539 intelli-

2153 2572 2402 2641 gentiam
2418 2572 3870 2645 vocandum,sedplanestultitiam.DeusPateriecit

2156 2662 2438 2716 mundum
2458 2678 2469 2716 :
2487 2678 2658 2733 quem
2677 2664 2998 2719 fecitFilius
3013 2664 3259 2719 alterum
3277 2664 3562 2720 mundum
3578 2665 3605 2720 Τ
3630 2666 3700 2720 da
3719 2658 3874 2719 mihi

2156 2752 2439 2806 mundum
2466 2752 2611 2806 Filii.
2638 2758 2753 2809 Iste
2776 2754 2832 2808 in
2857 2770 2973 2825 quo
2990 2770 3215 2820 sumis,
3238 2753 3651 2824 cujusesl‘Mic
3666 2752 3866 2821 nobis,

2154 2859 2187 2896 a
2218 2859 2331 2912 quo
2366 2846 2549 2897 tactus
2580 2844 2790 2898 est?Si
2823 2843 3058 2910 dixeris,
3101 2847 3138 2899 Α
3189 2844 3365 2911 Filio;
3421 2860 3532 2900 non
3571 2862 3604 2900 a
3653 2848 3863 2909 Patre;

2156 2933 2359 2988 errasti
2392 2949 2425 2987 a
2447 2932 2611 2987 Patre
2638 2950 2648 2989 :
2675 2933 2721 2987 si
2753 2935 2988 3001 dixeris,
3023 2938 3056 2988 A
3096 2939 3277 3005 Patre,
3301 2951 3417 2990 non
3468 2952 3500 2989 a
3547 2934 3689 2990 Filio
3722 2954 3737 3003 ;
3775 2948 3865 2989 re-

2156 3026 2401 3093 spondet
2432 3022 2530 3077 tibi
2565 3024 2957 3095 Evangelium,
3001 3025 3062 3079 Et
3107 3025 3344 3079 mundus
3367 3041 3466 3097 per
3510 3041 3635 3080 eum
3688 3027 3869 3094 factus

2158 3120 2253 3178 est,
2278 3114 3353 3185 etmunduseumnoncognovitann.1,
3384 3115 3438 3183 3,
3465 3116 3572 3185 i0).
3604 3117 3871 3185 Agnosco

2158 3222 2295 3276 ergo
2310 3222 2438 3260 eum
2459 3222 2742 3276 perquam
2761 3208 2945 3262 iactus
2958 3212 3048 3262 est
3063 3208 3412 3273 mundus,et
3428 3208 3546 3263 noli
3564 3222 3691 3262 esse
3713 3206 3871 3262 inter

2160 3295 2291 3349 illos
2322 3295 2425 3366 qui
2451 3312 2578 3350 eum
2612 3298 2712 3367 qui
2747 3298 2877 3352 fecit
2907 3297 3194 3352 mundum
3226 3313 3339 3352 non
3372 3302 3791 3367 cognoverunt.

2229 3387 2283 3441 8.
2311 3385 2724 3455 Inseparabilia
2754 3395 2890 3441 sunt
2913 3401 3048 3457 ergo
3078 3402 3252 3457 opera
3274 3386 3458 3441 Patris
3482 3391 3538 3442 et
3568 3385 3717 3440 Filii.
3754 3386 3871 3441 Sed

2162 3477 2268 3531 hoc
2300 3480 2408 3543 est,
2442 3477 2554 3531 Non
2576 3482 2746 3546 potest
2775 3476 2960 3531 Filius
2989 3492 3023 3530 a
3059 3492 3115 3531 se
3145 3476 3441 3547 quidquam
3468 3478 3674 3545 facere,
3706 3477 3870 3547 quod

2160 3569 2316 3621 esset
2345 3565 2393 3620 si
2425 3565 2658 3621 diceret.
2694 3565 2818 3621 Non
2852 3571 2940 3621 est
2962 3565 3140 3621 Filius
3170 3583 3203 3621 a
3236 3582 3319 3621 se.
3353 3566 3577 3622 Etenim
3609 3565 3657 3621 si
3686 3565 3875 3620 Filius

2162 3660 2270 3722 est,
2306 3660 2475 3711 natus
2505 3660 2593 3710 est
2616 3656 2691 3711 :si
2710 3661 2875 3711 natus
2889 3662 2994 3723 est,
3023 3656 3093 3711 ab
3114 3655 3212 3711 illo
3228 3656 3400 3711 estde
3423 3671 3538 3727 quo
3565 3658 3733 3710 natus
3757 3657 3877 3711 est.

2162 3746 2271 3801 Sed
2305 3751 2500 3802 tamen
2532 3746 2812 3817 aequalem
2846 3747 2955 3803 sibi
2981 3747 3206 3819 genuit,
3230 3746 3353 3802 Non
3380 3746 3536 3802 enim
3558 3746 3745 3802 defuit
3772 3746 3889 3801 ali-

2163 3837 2301 3907 quid
2324 3836 2650 3908 generanti,
2667 3841 2768 3892 aut
2785 3836 3315 3908 tempusqusesivit,
3333 3844 3392 3891 ut
3412 3843 3736 3907 generaret,
3768 3836 3885 3907 qui

2165 3928 2367 4000 genuit
2381 3934 2764 3996 coaeternum;
2790 3937 2887 3983 aut
2911 3933 3161 3983 matrem
3184 3927 3451 3999 quaesivit
3474 3928 3527 3983 ui
3551 3932 3883 3999 generaret,

2166 4016 2265 4088 qui
2298 4018 2369 4072 de
2398 4033 2459 4072 se
2484 4016 2719 4086 protulit
2747 4015 2999 4073 Verbum
3024 4034 3037 4084 ;
3071 4022 3173 4072 aut
3201 4021 3368 4072 Pater
3396 4029 3681 4087 generans
3708 4018 3891 4071 tutata

2169 4112 2538 4177 praecesserat
2570 4108 2801 4173 Filium,
2836 4116 2891 4160 ut
2916 4108 3199 4163 minorem
3226 4107 3435 4162 Filium
3460 4110 3787 4179 generaret.
3814 4107 3893 4162 Et

2170 4198 2312 4253 forte
2328 4198 2465 4252 dicit
2488 4197 2701 4268 aliquis
2716 4198 2853 4267 quia
2876 4202 3005 4269 post
3028 4196 3207 4252 multa
3227 4195 3505 4251 seculain
3522 4199 3753 4252 senecta
3772 4212 3894 4252 sua

2171 4286 2581 4358 Deussuscepit
2604 4286 2829 4341 Filium.
2854 4286 3016 4341 Sicut
3039 4288 3213 4342 Pater
3233 4286 3360 4341 sine
3375 4290 3699 4354 senectute,
3721 4284 3813 4341 sic
3834 4288 3899 4342 et

2176 4376 2350 4432 Filius
2364 4376 2491 4431 sine
2510 4376 2881 4432 incremento:
2902 4392 3003 4432 nec
3018 4374 3113 4431 ille
3129 4375 3320 4432 senuit
3335 4390 3437 4432 nec
3452 4373 3547 4429 ille
3561 4374 3758 4440 crevit;
3778 4375 3896 4430 sed

2170 4467 2406 4537 aequalis
2426 4467 2704 4537 aequalem
2723 4468 2944 4538 genuit,
2970 4472 3221 4523 internus
3236 4470 3540 4522 aeternum.
3556 4464 3898 4533 Quomodo,

2172 4556 2358 4627 inquit
2382 4556 2615 4627 aliquis,
2650 4561 2901 4613 aeternus
2934 4556 3258 4612 aeternum?
3299 4554 3602 4622 Quomodo
3645 4554 3903 4611 ﬂamma

2172 4646 2512 4717 temporalis
2541 4656 2773 4718 generat
2799 4649 2985 4703 lucem
3012 4646 3410 4717 temporalem.
3444 4648 3641 4701 Coaava
3662 4648 3751 4700 est
3786 4660 3902 4701 au-

2174 4744 2285 4791 tem
2306 4735 3163 4807 ilammageneransluciquam
3190 4739 3447 4807 generat,
3473 4750 3577 4791 nec
3611 4734 3906 4806 praecedit

2176 4835 2434 4898 tempore
2464 4826 2705 4883 ﬂamma
2736 4844 3020 4899 generans
3054 4825 3243 4883 lucem
3289 4830 3652 4895 generatam;
3681 4825 3784 4881 sed
3827 4840 3906 4880 ex

2174 4937 2287 4991 quo
2322 4918 2526 4989 incipit
2566 4917 2814 4983 flamma,
2850 4914 3028 4972 exilio
3060 4915 3263 4986 incipit
3292 4913 3527 4970 lux.Dat
3548 4912 3907 4970 mihiﬂam-

2177 5026 2333 5065 mum
2367 5007 2495 5062 sine
2527 5008 2674 5074 luce,
2706 5013 2764 5062 et
2795 5008 2868 5062 do
2902 5005 3007 5061 tibi
3040 5007 3223 5061 Deum
3264 5003 3496 5059 Patrem
3546 5004 3670 5058 sine
3720 5002 3909 5073 Filio,

2176 5101 2293 5153 Hoc
2325 5102 2413 5152 est
2442 5112 2600 5167 ergo,
2632 5097 2743 5151 Non
2777 5103 2946 5165 potest
2977 5093 3151 5150 Filius
3182 5109 3217 5148 a
3244 5108 3299 5148 se
3333 5097 3521 5164 [acere
3560 5090 3911 5161 quidquam,

2177 5190 2289 5246 nisi
2319 5189 2459 5260 quod
2492 5187 2687 5243 viderit
2718 5190 2941 5242 Patrem
2967 5185 3302 5254 facientem;
3326 5182 3463 5254 quia
3508 5181 3701 5237 videre
3734 5181 3913 5249 Filii,

2183 5283 2289 5337 hoc
2306 5285 2604 5336 estnatum
2626 5294 2752 5334 esse
2769 5279 2839 5333 de
2862 5277 3045 5331 Patre.
3086 5275 3206 5330 Non
3231 5274 3350 5329 alia
3372 5270 3514 5328 visio
3544 5272 3673 5340 ejus
3700 5280 3753 5326 et
3780 5272 3917 5330 alia

2182 5369 2503 5427 substantia
2533 5372 2659 5437 eius
2677 5386 2689 5424 :
2709 5385 2813 5423 nec
2836 5368 2948 5422 alia
2973 5366 3224 5436 potentia
3247 5365 3395 5432 ejus,
3422 5361 3534 5417 alia
3557 5360 3916 5419 substantia

2184 5467 2329 5531 ejus.
2380 5463 2585 5517 Totum
2641 5461 2793 5532 quod
2842 5466 2949 5527 est,
3001 5462 3072 5514 de
3114 5458 3273 5513 Patre
3304 5465 3431 5523 est;
3481 5459 3667 5510 totum
3727 5453 3913 5523 quod

2188 5559 2393 5626 potest,
2429 5555 2500 5609 de
2525 5554 2685 5609 Patre
2730 5558 2854 5608 est:
2901 5547 3181 5621 quoniam
3236 5546 3390 5617 quod
3448 5549 3638 5617 potest
3676 5548 3733 5598 et
3780 5548 3913 5616 est,

2189 5645 2295 5702 hoc
2328 5658 2507 5700 unum
2540 5648 2668 5713 est;
2702 5645 2759 5699 et
2788 5643 2856 5697 de
2879 5641 3048 5696 Patre
3078 5640 3263 5694 totum
3285 5638 3393 5691 est.
