4146 6186
237 283 382 348 1561

295 423 349 476 9.
382 422 664 494 Sequitur
714 425 768 477 et
811 421 936 491 ipse
967 422 1024 477 in
1055 421 1247 477 verbis
1310 422 1424 491 uis,
1456 427 1511 478 et
1543 423 1693 479 male
1726 423 1943 478 intelli-

230 519 426 579 gentes
480 513 812 581 conturbat,
847 519 911 568 ut
958 514 1029 567 ad
1063 517 1286 568 rectum
1320 512 1682 568 intellectum
1718 518 1943 570 revocet

230 608 491 656 errantes
547 602 684 657 Cum
731 601 991 669 dixisset,
1025 603 1138 656 Non
1179 609 1352 672 potest
1398 602 1574 657 Filius
1613 620 1645 658 a
1680 619 1736 658 se
1763 606 1942 671 facere

225 693 542 764 quidquam,
575 693 690 746 nisi
708 693 847 764 quod
867 692 1063 747 viderit
1087 694 1306 748 Patrem
1329 693 1634 761 faciendam
1665 710 1684 748 :
1711 709 1778 748 ne
1797 695 1941 748 forte

227 782 477 837 carnalis
516 784 855 853 subreperet
885 781 1235 850 intellectus,
1268 789 1324 838 et
1352 787 1628 838 averteret
1662 789 1936 852 mentem,

225 879 276 924 et
307 872 528 929 faceret
558 873 670 928 sibi
723 874 889 928 homo
920 872 1086 944 quasi
1119 876 1260 928 duos
1293 873 1508 938 fabros,
1543 889 1723 928 unum
1758 875 1937 943 magi-

223 967 340 1016 stru
355 979 407 1016 m
423 1007 436 1025 ,
455 964 699 1018 alterum
721 961 1068 1034 discipulum
1084 965 1249 1034 quasi
1269 965 1660 1019 attendentem
1681 965 1750 1018 ad
1769 965 1938 1035 magi-

222 1055 434 1118 strum,
471 1051 630 1105 verbi
650 1052 1179 1123 gratia,facientem
1198 1068 1385 1108 arcam
1415 1057 1512 1119 ;ut
1538 1053 1831 1124 quomodo
1851 1053 1947 1107 ille

228 1139 372 1194 fecit
404 1157 625 1209 arcam,
662 1142 835 1196 faciat
872 1149 927 1198 et
976 1143 1084 1198 iste
1132 1144 1372 1199 alteram
1405 1159 1596 1198 arcam
1621 1143 1943 1199 secundum

223 1230 518 1286 visionem
553 1248 725 1302 quam
757 1233 1010 1303 inspexit
1031 1233 1088 1287 in
1115 1233 1391 1305 magistro
1413 1241 1686 1304 Operante
1719 1249 1733 1287 :
1758 1233 1852 1288 sed
1875 1247 1945 1286 ne

232 1319 352 1375 tale
387 1321 606 1392 aliquid
640 1323 751 1377 sibi
797 1323 1119 1394 duplicaret
1150 1325 1208 1380 in
1240 1325 1340 1380 illa
1371 1323 1614 1396 simplici
1647 1323 1946 1378 divinitate

222 1413 558 1468 intellectus
575 1415 846 1481 carnalis,
870 1423 1103 1471 secutus
1117 1419 1216 1481 ait,
1232 1417 1591 1486 Quaecumque
1613 1417 1758 1470 enim
1782 1420 1948 1469 Pater

231 1503 396 1569 facit,
428 1502 549 1558 haec
594 1503 779 1558 eadem
825 1512 877 1558 et
919 1504 1093 1559 Filius
1139 1508 1275 1574 facit
1330 1506 1608 1560 similiter.
1653 1504 1778 1558 Non
1813 1501 1949 1557 facit

230 1592 411 1647 Pater
442 1590 577 1659 alia,
611 1602 663 1647 et
695 1593 805 1648 alia
835 1594 1014 1648 Filius
1037 1595 1275 1661 similia,
1298 1594 1401 1649 sed
1423 1595 1624 1650 eadem
1657 1592 1947 1649 similiter.

223 1685 348 1736 Non
382 1681 543 1736 enim
577 1681 676 1747 ait,
704 1683 1096 1755 Quacumque
1129 1685 1264 1740 facit
1294 1687 1479 1754 Pater,
1516 1684 1650 1739 facit
1679 1687 1736 1738 et
1769 1681 1949 1736 Filius

226 1769 344 1825 alia
392 1770 654 1826 similia:
693 1772 818 1840 sed,
869 1773 1252 1844 Quaecumque,
1312 1773 1522 1844 inquit,
1576 1774 1740 1826 Pater
1794 1771 1949 1840 facit,

225 1861 344 1915 haec
392 1859 584 1915 eadem
614 1866 665 1916 et
696 1861 874 1916 Filius
930 1866 1062 1933 facit
1119 1863 1397 1918 similiter.
1431 1865 1566 1928 Quae
1599 1861 1714 1928 ille,
1749 1861 1869 1914 haec
1901 1864 1956 1915 et

227 1949 361 2021 ipse
398 1967 411 2004 :
450 1952 738 2006 mundum
763 1953 951 2019 Pater,
976 1953 1258 2008 mundum
1283 1954 1484 2020 Filius,
1512 1952 1797 2006 mundum
1820 1950 1948 2020 Spi-

230 2041 386 2095 ritus
419 2048 679 2096 sanctus.
713 2042 769 2096 Si
803 2047 920 2098 tres
950 2042 1049 2111 dii,
1081 2048 1199 2098 tres
1249 2042 1455 2098 mundi
1491 2042 1578 2097 :si
1611 2058 1765 2096 unus
1795 2040 1948 2095 Deus

223 2130 466 2186 Pateret
491 2131 672 2188 Filius
694 2139 752 2188 et
769 2133 1024 2202 Spiritus
1046 2141 1304 2201 sanctus,
1321 2151 1474 2188 unus
1494 2132 1948 2188 mundusfactus

223 2225 309 2274 est
340 2237 378 2275 a
428 2221 600 2276 Patre
656 2237 758 2292 per
797 2222 1007 2277 Filium
1059 2223 1117 2278 in
1159 2224 1375 2292 Spiritu
1409 2231 1626 2279 sancto.
1660 2221 1791 2276 Haec
1817 2237 1947 2290 ergo

222 2311 367 2365 facit
401 2311 613 2377 Filius,
666 2327 793 2382 quae
844 2312 984 2368 facit
1013 2317 1069 2368 et
1121 2319 1308 2378 Pater,
1338 2317 1395 2369 et
1445 2329 1559 2369 non
1592 2310 1950 2368 dissimiliter

231 2399 376 2455 facit
411 2417 424 2454 :
461 2404 519 2455 et
542 2401 659 2456 haec
693 2402 848 2461 facit,
881 2406 936 2457 et
958 2403 1231 2458 similiter
1260 2403 1392 2458 facit

295 2489 393 2543 10.
427 2491 552 2544 Jam
590 2490 830 2559 dixerat,
856 2492 966 2547 haec
994 2495 1164 2562 facit;
1199 2509 1379 2564 quare
1419 2494 1660 2556 addidit,
1693 2493 1952 2547 similiter

227 2579 365 2650 facit
393 2585 419 2632 Ρ
448 2580 533 2635 Ne
566 2580 717 2636 alius
751 2598 960 2652 pravus
991 2581 1322 2639 intellectus
1363 2583 1450 2639 vel
1475 2600 1636 2639 error
1666 2583 1722 2637 in
1757 2584 1949 2638 animo

229 2676 602 2725 nasceretur.
636 2670 809 2726 Vides
840 2672 995 2728 enim
1029 2671 1284 2729 hominis
1315 2689 1501 2744 opus;
1533 2675 1761 2728 animus
1778 2678 1867 2728 est
1890 2674 1950 2728 in

229 2759 482 2815 homine
513 2769 565 2814 et
597 2777 809 2832 corpus
835 2777 848 2817 :
879 2762 1116 2817 animus
1140 2763 1391 2834 imperat
1411 2763 1656 2833 corpori,
1677 2764 1776 2818 sed
1802 2761 1950 2818 mul-

229 2857 355 2908 tum
393 2851 640 2908 interest
671 2854 822 2909 inter
837 2871 1050 2924 corpus
1072 2859 1128 2909 et
1147 2854 1408 2910 animum
1442 2871 1457 2910 :
1490 2872 1698 2923 corpus
1721 2853 1954 2910 visibile

231 2948 341 3008 est,
381 2941 621 2997 animus
650 2942 994 3011 invisibilis;
1028 2943 1180 3000 inter
1210 2945 1527 3016 potentiam
1563 2947 1955 3015 virtutemque

228 3031 442 3097 animi,
477 3037 534 3086 et
553 3033 813 3102 cujusvis
844 3032 979 3088 licet
1010 3036 1258 3090 scelestis
1289 3034 1547 3105 corporis
1579 3033 1826 3089 multum
1859 3035 1956 3088 in-

230 3126 437 3177 terest.
466 3123 724 3192 Imperat
746 3128 940 3178 tamen
958 3123 1188 3180 animus
1208 3124 1433 3195 corpori
1458 3141 1582 3192 suo,
1609 3129 1666 3180 et
1683 3125 1818 3180 facit
1833 3139 1956 3180 cor—

230 3228 346 3282 pus
388 3226 400 3262 :
437 3215 497 3264 et
528 3211 682 3281 quod
716 3212 948 3268 videtur
978 3213 1563 3279 animusfacere,hoc
1597 3213 1804 3268 facitet
1827 3229 1956 3268 cor-

231 3316 369 3371 pus.
411 3299 656 3354 Videtur
687 3316 821 3371 ergo
869 3318 1080 3372 corpus
1112 3303 1218 3357 hoc
1249 3303 1402 3358 idem
1431 3304 1614 3358 facere
1643 3303 1798 3374 quod
1831 3303 1958 3358 ani-

233 3406 393 3458 mus,
430 3389 530 3445 sed
568 3406 682 3444 non
716 3389 1004 3446 similiter.
1040 3392 1338 3456 Quomodo
1363 3392 1470 3447 hoc
1501 3393 1651 3448 idem
1674 3393 1831 3460 facit,
1855 3392 1958 3449 sed

236 3495 354 3534 non
393 3479 670 3534 similiter
691 3478 717 3533 ?
735 3479 1138 3536 Facitanimus
1154 3481 1386 3537 verbum
1406 3483 1557 3554 apud
1575 3482 1957 3552 se,jubetlin-

234 3586 390 3641 gue,
407 3574 462 3625 et
479 3569 701 3639 profert
716 3571 950 3626 verbum
967 3572 1119 3643 quod
1137 3572 1516 3628 fecitanimus
1536 3573 1958 3641 :fecitanimus,

236 3660 379 3714 fecit
405 3659 681 3731 etlingua
705 3680 718 3729 ;
738 3661 869 3715 fecit
892 3662 1162 3717 dominus
1184 3662 1462 3733 corporis,
1479 3663 1612 3717 fecit
1633 3667 1688 3718 et
1710 3679 1910 3719 servus
1943 3678 1956 3718 :

235 3750 340 3805 sed
372 3751 664 3806 utfaceret
700 3751 1213 3819 servus,adomino
1236 3753 1454 3824 accepit
1477 3753 1629 3823 quod
1650 3753 1879 3818 faceret,
1903 3757 1960 3808 et

233 3840 485 3908 jubente
504 3840 744 3896 domino
769 3840 920 3897 fecit.
938 3845 1057 3897 Hoc
1080 3843 1230 3898 idem
1250 3843 1320 3898 ab
1337 3847 1586 3914 utroque
1608 3843 1825 3899 factum
1842 3850 1957 3901 est:

237 3931 342 3986 sed
371 3930 663 4000 numquid
682 3931 1300 3997 similiter?Quomodo
1316 3949 1429 3988 non
1453 3933 1744 4002 similiter,
1770 3933 1963 3990 aitali—

241 4023 380 4090 quis
401 4020 428 4073 ?
458 4019 606 4076 Ecce
623 4019 861 4075 verbum
878 4023 1030 4093 quod
1065 4021 1198 4078 fecit
1221 4021 1450 4078 animus
1475 4039 1662 4091 meus,
1683 4034 1877 4080 manet
1904 4026 1961 4080 in

242 4123 333 4163 me
369 4124 385 4162 :
421 4109 577 4178 quod
631 4107 761 4164 fecit
803 4109 1004 4181 lingua
1054 4127 1201 4178 mea,
1236 4127 1504 4182 percusso
1546 4128 1676 4168 aere
1709 4114 1962 4182 transiit,

241 4205 297 4252 et
330 4213 450 4252 non
482 4202 587 4253 est.
623 4198 762 4253 Cum
811 4200 1022 4255 dixeris
1057 4202 1293 4256 verbum
1325 4202 1382 4256 in
1415 4202 1609 4258 animo
1634 4204 1756 4270 tuo,
1789 4206 1844 4258 et
1866 4219 1962 4258 so-

241 4286 445 4342 nuerit
473 4303 570 4356 per
612 4287 872 4358 linguam
925 4294 1106 4359 tuam,
1141 4290 1261 4345 redi
1295 4291 1364 4346 ad
1399 4291 1660 4347 animum
1692 4295 1879 4355 tuum,
1911 4296 1967 4349 et

240 4379 379 4432 vide
411 4377 555 4449 quia
583 4377 664 4432 ibi
697 4385 786 4434 est
818 4380 1056 4435 verbum
1082 4381 1239 4451 quod
1259 4382 1467 4437 fecisti.
1490 4381 1788 4454 Numquid
1815 4383 1967 4439 sicut

244 4468 474 4523 mansit
507 4469 562 4522 in
598 4469 794 4525 animo
818 4474 937 4538 tuo,
968 4472 1186 4527 mansit
1213 4472 1268 4526 in
1292 4472 1496 4544 lingua
1517 4477 1618 4528 tua
1640 4473 1665 4528 ?
1688 4475 1850 4539 Quod
1879 4491 1968 4530 so-

244 4559 384 4612 nuit
419 4574 522 4628 per
550 4557 811 4630 linguam
846 4567 1026 4627 tuam,
1053 4561 1408 4632 fecitlingua
1431 4579 1675 4632 sonans,
1699 4563 1970 4620 fecitani-

245 4663 388 4702 mus
414 4647 680 4719 cogitans
717 4666 727 4702 :
761 4650 859 4705 sed
885 4651 1033 4720 quod
1066 4651 1751 4723 sonuitlingua,transiit
1773 4672 1787 4721 ;
1812 4653 1967 4724 quod

242 4737 530 4808 cogitavit
581 4740 834 4806 animus,
861 4745 1175 4810 permanet.
1213 4741 1329 4797 Hoc
1379 4757 1515 4813 ergo
1568 4742 1703 4797 fecit
1735 4759 1967 4815 corpus,

243 4827 413 4896 quod
443 4827 577 4883 fecit
609 4829 844 4886 animus
878 4849 892 4900 ;
927 4832 1026 4887 sed
1051 4849 1163 4888 non
1185 4832 1472 4888 similiter.
1502 4834 1656 4889 Fecit
1676 4834 1829 4889 enim
1847 4832 1972 4890 ani-

243 4932 390 4972 mus
425 4918 576 4988 quod
614 4923 808 4975 teneat
829 4919 1090 4990 animus;
1115 4923 1247 4977 fecit
1269 4926 1462 4978 autem
1489 4923 1687 4992 lingua
1709 4924 1859 4994 quod
1884 4941 1972 4980 so-

243 5016 376 5076 nat,
403 5015 456 5062 et
489 5025 586 5079 per
617 5027 806 5066 aerem
836 5029 1034 5068 aurem
1068 5013 1348 5069 verberat.
1384 5014 1681 5085 Numquid
1713 5015 1974 5087 sequeris

241 5098 532 5167 syllabas,
565 5104 623 5156 et
656 5101 797 5157 facis
827 5113 887 5157 ut
919 5104 1240 5159 maneant?
1271 5104 1395 5159 Non
1441 5121 1576 5176 ergo
1609 5105 1693 5161 sic
1724 5105 1889 5162 Pater
1919 5110 1975 5163 et

247 5187 435 5244 Filius
470 5210 484 5257 ;
524 5189 626 5245 sed
662 5192 778 5247 base
810 5195 1012 5249 eadem
1045 5194 1198 5260 facit,
1229 5197 1284 5249 et
1305 5193 1577 5249 similiter
1609 5195 1762 5250 facit.
1793 5196 1849 5250 Si
1883 5196 1973 5252 fe-

245 5278 331 5333 cit
365 5277 521 5333 Deus
552 5282 762 5336 cmlum
806 5285 955 5353 quod
991 5288 1204 5349 manet,
1228 5283 1335 5339 hoc
1390 5283 1522 5339 fecit
1551 5283 1731 5339 Filius
1763 5284 1974 5341 ccslum

241 5369 410 5438 quod
443 5375 664 5424 manet.
698 5371 756 5425 Si
790 5372 921 5426 fecit
953 5371 1105 5428 Deus
1140 5374 1308 5428 Pater
1337 5373 1634 5429 hominem
1669 5374 1766 5444 qui
1795 5375 1978 5430 mori-

237 5463 370 5525 tur,
420 5464 699 5515 eumdem
764 5460 950 5518 Filius
1007 5464 1304 5518 hominem
1368 5465 1502 5519 fecit
1555 5462 1652 5535 qui
1706 5465 1973 5522 moritur.

236 5548 653 5621 Quaecumque
710 5552 842 5608 fecit
897 5553 1066 5609 Pater
1123 5554 1360 5620 stantia,
1423 5553 1544 5609 haec
1602 5553 1738 5610 fecit
1785 5560 1842 5610 et
1887 5554 1976 5610 Fi-

237 5637 379 5693 ‘ius
410 5639 634 5696 stantia
665 5658 678 5708 ;
715 5641 845 5713 quia
865 5642 1284 5701 similiterfecit
1317 5661 1328 5697 :
1354 5646 1411 5699 et
1431 5659 1811 5716 quacumque
1845 5643 1980 5701 fecit

1505 282 1969 348 TRACTA'I‘US
2011 282 2138 345 XX.
2185 285 2446 348 CAPUT
2488 285 2536 347 Ι.

3606 286 3760 351 1562

2045 425 2216 479 Pater
2264 414 2627 496 temporalia,
2661 424 2784 480 haec
2841 425 3041 480 eadem
3107 425 3237 481 fecit
3293 425 3479 482 Filius
3535 430 3762 500 tempo-

2046 514 2185 569 ralis
2214 535 2226 582 ;
2261 517 2397 586 quia
2429 532 2541 571 non
2574 515 2757 570 solum
2806 516 2933 584 ipsa
2975 515 3129 580 fecit,
3163 516 3262 571 sed
3297 524 3348 571 et
3381 516 3650 572 similiter
3677 517 3762 572 fe-

2047 603 2142 659 cit.
2176 606 2346 660 Pater
2375 606 2529 660 enim
2564 605 2693 660 fecit
2727 621 2826 675 per
2854 604 3082 672 Filium,
3120 607 3256 675 quia
3275 622 3377 676 per
3405 605 3657 661 Verbum
3683 606 3765 661 fe-

2047 693 2122 746 cit
2156 694 2325 750 Pater
2355 694 2572 750 omnia.

2120 788 2204 842 11.
2239 790 2434 856 Quaere
2465 790 2524 843 in
2559 793 2723 844 Patre
2772 793 2826 844 et
2861 789 3001 845 Filio
3044 790 3491 861 separationem,
3526 807 3642 847 non
3669 793 3766 846 in—

2042 875 2206 929 venis
2243 890 2256 928 :
2287 877 2385 931 sed
2440 877 2488 931 si
2537 877 2926 945 assurrexisti,
2959 885 3091 932 tunc
3138 895 3256 934 non
3287 878 3544 946 invenis;
3578 881 3623 934 si
3658 878 3766 934 ali-

2047 965 2183 1034 quid
2215 982 2392 1035 supra
2425 975 2674 1022 mentem
2709 973 2868 1022 tuam
2894 968 3160 1039 tetigisti,
3195 973 3336 1023 tunc
3362 985 3471 1024 non
3508 969 3765 1025 invenis.

2058 1051 2200 1108 Nam
2238 1055 2285 1108 si
2319 1055 2376 1109 in
2410 1055 2502 1111 his
2520 1056 2787 1122 versaris,
2814 1072 2937 1126 quae
2960 1057 3069 1112 sibi
3103 1072 3305 1112 errans
3327 1057 3561 1112 animus
3587 1058 3761 1126 facit;

2057 1156 2188 1194 cum
2215 1141 2571 1213 imaginibus
2616 1145 2730 1199 tuis
2762 1145 3037 1215 loqueris,
3070 1161 3185 1201 non
3221 1163 3352 1201 cum
3393 1147 3581 1202 Verbo
3613 1145 3712 1200 Dei
3749 1159 3764 1200 :

2052 1229 2263 1285 fallunt
2292 1235 2347 1286 te
2370 1231 2647 1302 imagines
2677 1237 2812 1291 tuas.
2836 1234 3200 1291 Transcende
3221 1239 3277 1290 et
3299 1239 3601 1307 corpus,et
3624 1249 3765 1306 sape

2054 1318 2365 1375 animum:
2417 1325 2762 1378 transcende
2819 1328 2875 1379 et
2931 1324 3215 1391 animum,
3270 1330 3324 1381 et
3371 1341 3503 1397 sape
3562 1329 3762 1380 Deum.

2052 1407 2177 1464 Non
2213 1409 2396 1479 tangis
2427 1410 2631 1478 Deum,
2668 1412 2777 1467 nisi
2809 1420 2861 1468 et
2893 1415 3153 1468 animum
3179 1414 3478 1470 transieris
3510 1417 3764 1485 :quanto

2057 1501 2251 1554 minus
2281 1502 2495 1571 tangis,
2527 1503 2574 1556 si
2602 1503 2658 1558 in
2691 1519 2860 1558 carne
2893 1503 3225 1559 manseris?
3259 1503 3345 1559 Illi
3378 1520 3512 1575 ergo
3543 1503 3642 1574 qui
3674 1520 3768 1558 sa-

2058 1589 2227 1660 piunt
2275 1605 2528 1655 carnem,
2573 1607 2745 1662 quam
2777 1590 2949 1662 longe
2998 1597 3135 1647 sunt
3193 1609 3226 1647 a
3275 1592 3551 1663 sapiendo
3610 1591 3765 1662 quod

2061 1681 2209 1732 Deus
2243 1678 2374 1732 est?
2404 1679 2541 1748 quia
2574 1697 2686 1735 non
2718 1680 2793 1734 ibi
2822 1690 3034 1748 essent,
3057 1681 3228 1736 etiam
3248 1681 3295 1735 si
3318 1680 3579 1736 animum
3605 1695 3771 1751 sape-

2057 1770 2203 1822 rent.
2241 1766 2475 1822 Recedit
2509 1769 2681 1824 homo
2718 1769 2963 1824 multum
2998 1787 3030 1825 a
3061 1770 3176 1825 Deo
3208 1769 3440 1841 quando
3462 1769 3613 1840 sapit
3643 1784 3768 1824 car-

2061 1857 2290 1925 naliter,
2322 1863 2376 1914 et
2407 1858 2656 1915 multum
2690 1860 2932 1916 interest
2961 1861 3112 1917 inter
3141 1877 3374 1917 carnem
3390 1865 3447 1916 et
3467 1859 3726 1916 animum
3753 1875 3770 1915 :

2059 1948 2185 2016 plus
2220 1955 2408 2003 tamen
2445 1949 2685 2005 interest
2715 1951 2870 2006 inter
2899 1952 3160 2007 animum
3195 1954 3247 2008 et
3278 1951 3482 2008 Deum.
3517 1951 3602 2005 'I‘u
3636 1950 3683 2004 si
3709 1950 3768 2004 in

2058 2038 2257 2093 animo
2289 2055 2372 2106 es,
2395 2039 2452 2094 in
2490 2041 2683 2096 medio
2717 2058 2776 2097 es
2808 2060 2820 2096 :
2855 2043 2901 2098 si
2934 2043 3086 2097 infra
3116 2043 3391 2109 attendis,
3416 2057 3620 2112 corpus
3644 2047 3729 2095 est
3756 2055 3770 2095 :

2057 2129 2107 2182 si
2166 2146 2344 2200 supra
2399 2132 2860 2196 attendis,Deus
2921 2141 3025 2189 est.
3086 2133 3292 2188 Attolle
3348 2138 3404 2188 te
3443 2149 3770 2204 acorpore,

2056 2217 2244 2273 transi
2274 2220 2448 2274 etiam
2479 2224 2553 2275 te.
2586 2221 2729 2276 Vide
2759 2222 2916 2277 enim
2940 2222 3072 2294 quid
3096 2223 3239 2277 dixit
3269 2222 3557 2290 Psalmus,
3592 2227 3648 2277 et
3671 2222 3771 2276 ad-

2060 2307 2312 2363 moneris
2365 2311 2863 2379 quemadmodum
2897 2312 3209 2381 sapiendus
3268 2312 3339 2366 sit
3372 2312 3557 2367 Deus:
3594 2315 3768 2366 Facta:

2057 2407 2206 2464 sunt,
2240 2396 2451 2468 inquit,
2485 2399 2632 2454 mihi
2678 2401 2995 2472 lacrmymz
3024 2415 3163 2456 meae
3198 2416 3363 2471 panes
3392 2399 3483 2454 die
3511 2415 3575 2454 ac
3601 2402 3770 2465 nocte,

2058 2502 2182 2541 cum
2211 2485 2417 2541 dicitur
2441 2488 2586 2543 mihi
2613 2490 2874 2560 quotidie,
2906 2489 3096 2547 Ubiest
3116 2495 3254 2545 Deus
3275 2490 3448 2544 tuus?
3472 2490 3771 2559 Tanquam

2062 2577 2273 2648 Pagani
2308 2577 2503 2632 dicant
2536 2594 2550 2631 :
2587 2578 2725 2635 Ecce
2756 2580 2835 2634 dii
2870 2580 3051 2636 nostri
3078 2579 3262 2646 ;Deus
3294 2584 3483 2635 vester
3515 2580 3606 2633 ubi
3643 2576 3776 2632 est?

2061 2668 2385 2723 Ostendunt
2414 2669 2571 2724 enim
2603 2669 2685 2725 illi
2715 2672 2869 2743 quod
2900 2671 3157 2738 videtur;
3191 2688 3295 2726 nos
3338 2670 3584 2726 colimus
3617 2670 3771 2740 quod

2063 2775 2178 2814 non
2209 2760 2454 2815 videtur.
2486 2761 2556 2815 Et
2585 2762 2676 2816 cui
2699 2763 3082 2818 ostendamus
3110 2763 3138 2817 τ
3168 2762 3394 2819 homini
3427 2761 3522 2832 qui
3549 2778 3658 2816 non
3683 2761 3778 2815 ha-

2065 2849 2160 2905 bet
2192 2852 2344 2906 unde
2375 2852 2613 2908 videat?
2641 2853 2786 2909 Nam
2814 2854 3010 2924 utique
3041 2854 3087 2910 si
3123 2855 3235 2926 ipsi
3255 2855 3393 2910 deos
3427 2869 3563 2909 suos
3579 2854 3778 2908 vident

2063 2939 2248 2995 oculis
2282 2957 2294 3006 ;
2330 2941 2611 2997 habemus
2641 2948 2697 2997 et
2730 2961 2833 2998 nos
2864 2943 3009 3000 alios
3035 2943 3257 3012 oculos,
3291 2947 3442 3000 unde
3471 2943 3777 2998 videamus

2065 3025 2240 3082 Deum
2274 3033 2557 3084 nostrum.
2595 3031 2712 3099 Ipsi
2746 3032 2894 3086 oculi
2929 3032 3252 3086 mundandi
3286 3035 3425 3087 sunt
3458 3048 3490 3085 a
3525 3032 3634 3086 Deo
3670 3045 3775 3086 no-

2071 3121 2210 3183 stro,
2247 3127 2305 3174 ut
2340 3119 2642 3176 videamus
2668 3121 2849 3176 Deum
2885 3132 3184 3177 nostrum:
3222 3121 3540 3178 Beatienim
3564 3121 3774 3175 mundo

2066 3207 2244 3278 corde,
2292 3212 2422 3282 quia
2478 3211 2586 3283 ipsi
2645 3214 2816 3267 Deum
2866 3212 3126 3268 videbunt
3179 3213 3391 3284 (Matth.
3426 3227 3480 3281 ν,
3514 3211 3591 3281 8).
3626 3210 3773 3281 Ergo

2068 3314 2199 3353 cum
2233 3316 2291 3356 se
2349 3304 2757 3358 conturbatum
2804 3303 3069 3372 dixisset,
3102 3318 3236 3358 cum
3268 3302 3482 3357 dicitur
3513 3299 3594 3355 illi
3629 3316 3781 3370 quo-

2068 3387 2226 3455 tidie,
2263 3390 2364 3445 Ubi
2393 3400 2469 3446 est
2499 3393 2637 3447 Deus
2663 3397 2790 3447 tuus
2810 3395 2837 3447 ?
2875 3394 3000 3449 Haec
3029 3403 3360 3448 memoratus
3389 3405 3533 3456 sum,
3566 3388 3778 3458 inquit,

2069 3481 2200 3548 quia
2226 3479 2434 3537 dicitur
2463 3485 2601 3539 mihi
2641 3485 2902 3556 quotidie,
2931 3486 3029 3542 Ubi
3056 3487 3131 3540 est
3163 3485 3306 3537 Deus
3338 3487 3462 3536 tuus
3483 3483 3507 3532 Υ
3526 3483 3582 3533 et
3607 3477 3776 3548 quasi

2069 3567 2266 3624 volens
2324 3575 2760 3644 apprehendere
2819 3575 2998 3630 Deum
3046 3589 3237 3641 suum,
3281 3574 3402 3628 Haec
3447 3573 3782 3624 memoratus

2069 3674 2211 3724 sum,
2258 3659 2465 3732 inquit,
2498 3673 2548 3719 et
2573 3664 2744 3737 eﬂudi
2772 3681 2938 3737 super
2981 3681 3062 3720 me
3093 3663 3343 3720 animam
3394 3676 3571 3716 meam
3601 3657 3776 3729 (Psal.

2067 3767 2184 3820 th,
2217 3752 2270 3820 4,
2304 3760 2374 3817 5).
2428 3755 2499 3810 Ut
2547 3773 2680 3827 ergo
2738 3757 3081 3827 attingerem
3115 3756 3296 3812 Deum
3327 3770 3539 3819 meum,
3573 3751 3643 3806 de
3666 3764 3782 3822 quo

2071 3845 2216 3901 mihi
2253 3844 2572 3912 dicebatur,
2599 3846 2698 3903 Ubi
2717 3856 2795 3903 est
2826 3847 2964 3902 Deus
2987 3848 3155 3902 tuus?
3176 3861 3290 3900 non
3324 3841 3500 3900 eﬂ’udi
3524 3841 3780 3898 animam

2072 3951 2260 3992 meam
2310 3951 2489 4007 super
2545 3952 2778 3992 carnem
2835 3953 3046 4006 meam,
3081 3936 3179 3992 88d
3241 3950 3418 4006 super
3450 3947 3540 3989 me
3575 3949 3586 3985 Ξ
3621 3939 3782 3987 tran-

2071 4026 2274 4082 scendi
2306 4041 2418 4092 me,
2452 4031 2518 4081 ut
2545 4025 2711 4083 illum
2737 4030 3057 4098 tangerem.
3086 4024 3778 4094 Illeenimestsuperms,

2073 4117 2166 4188 qui
2200 4115 2332 4171 fecit
2363 4131 2672 4172 me:nemo
2696 4133 2828 4172 eum
2857 4115 3238 4186 attingit,nisi
3265 4114 3366 4186 qui
3390 4113 3780 4168 transieritse.

2147 4207 2233 4261 12.
2267 4206 2467 4278 Cogita
2505 4223 2749 4278 corpus;
2786 4206 3028 4262 mortale
3076 4210 3184 4269 est,
3215 4209 3510 4259 terrenum
3542 4209 3644 4269 est,
3680 4201 3787 4254 fra-

2075 4297 2189 4370 gile
2220 4302 2327 4367 est,
2360 4298 2736 4368 corruptibile
2775 4301 2898 4353 est:
2933 4296 3137 4366 abjice.
3169 4295 3273 4350 Sed
3308 4292 3451 4347 forte
3483 4307 3614 4345 earo
3637 4295 3786 4342 tem-

2078 4387 2293 4459 poralis
2313 4391 2420 4441 est.
2453 4386 2580 4441 Alia
2610 4401 2852 4456 corpora
2891 4384 3096 4454 cogita,
3131 4381 3382 4438 cmlestia
3413 4395 3657 4448 corpora
3688 4393 3786 4431 co-

2078 4477 2492 4551 gita;majora,
2552 4476 2813 4543 meliora,
2871 4473 3179 4544 splendida
3235 4478 3416 4526 sunt:
3470 4468 3702 4524 attende
3724 4470 3783 4521 et

2079 4569 2230 4637 ipsa,
2256 4564 2568 4620 volvuntur
2591 4564 2661 4619 ab
2693 4563 2911 4619 oriente
2943 4562 3014 4617 ad
3045 4560 3424 4627 occidentem,
3454 4574 3568 4615 non
3584 4559 3783 4622 stant;

2081 4655 2350 4710 videntur
2406 4652 2610 4721 oculis,
2645 4669 2759 4710 non
2808 4653 3000 4709 solum
3033 4651 3104 4706 ab
3138 4649 3393 4717 homine,
3415 4648 3516 4705 sed
3548 4646 3724 4703 etiam
3754 4661 3787 4700 a

2080 4760 2286 4818 pecore
2319 4760 2332 4799 :
2365 4744 2548 4800 transi
2599 4748 2655 4800 et
2699 4745 2844 4816 ipsa.
2882 4743 2951 4799 Et
2979 4741 3291 4815 quomodo,
3316 4740 3569 4813 inquies,
3604 4747 3790 4794 trans-

2081 4853 2148 4892 eo
2179 4835 2432 4892 cmlestia
2453 4851 2716 4906 corpora,
2749 4850 2882 4890 cum
2914 4833 3147 4890 ambulo
3180 4832 3237 4888 in
3263 4839 3412 4888 terra
3431 4831 3459 4885 ?
3481 4829 3600 4885 Non
3618 4841 3789 4882 carne

2083 4926 2314 4993 transis,
2347 4927 2446 4981 sed
2471 4930 2680 4982 mente.
2717 4925 2908 4995 Abjice
2947 4928 3004 4980 et
3033 4924 3156 4995 ipsa
3191 4939 3202 4978 :
3237 4920 3506 4993 quamvis
3535 4918 3786 4979 luceant,

2083 5032 2323 5088 corpora
2367 5020 2549 5084 sunt;
2611 5016 2874 5086 quamvis
2931 5016 3002 5070 de
3049 5015 3192 5072 coelo
3237 5011 3514 5081 fulgeant,
3548 5019 3791 5075 corpora

2083 5112 2244 5162 sunt.
2274 5106 2433 5174 Veni,
2485 5106 2762 5178 quoniam
2810 5107 2952 5162 forte
3001 5123 3114 5161 non
3143 5109 3198 5159 te
3231 5107 3401 5172 putas
3435 5096 3642 5152 habere
3671 5110 3788 5165 quo

2084 5213 2202 5263 eas,
2237 5213 2370 5253 cum
2430 5198 2762 5252 consideras
2821 5197 2930 5250 ista
2978 5194 3194 5250 omnia.
3228 5191 3296 5245 Et
3348 5190 3501 5245 ultra
3531 5185 3793 5242 cmlestia

2085 5302 2324 5356 corpora
2356 5301 2468 5355 quo
2518 5287 2707 5339 iturus
2755 5299 2904 5347 sum,
2931 5281 3148 5351 inquis,
3181 5283 3238 5333 et
3267 5278 3362 5348 qui
3385 5287 3577 5331 mente
3608 5279 3797 5330 trans-

2087 5377 2278 5432 iturus
2309 5374 2482 5429 sum?
2554 5371 2948 5429 Considerasti
2983 5371 3095 5424 ista
3126 5367 3366 5424 omnia?
3397 5363 3795 5433 Consideravi,

2087 5464 2306 5534 inquis.
2323 5462 2484 5516 Unde
2497 5458 2920 5517 considerasti?
2937 5460 3067 5530 Ispe
3088 5459 3794 5528 consideratorappareat.

2091 5553 2220 5624 Ipse
2252 5551 2406 5607 enim
2433 5550 2833 5617 considerator
2853 5549 3101 5606 istorum
3121 5547 3409 5617 omnium,
3431 5545 3798 5603 discrimina-

2090 5647 2200 5710 tor,
2230 5642 2540 5698 distinctor
2568 5646 2624 5700 et
2654 5642 3085 5713 quodammodo
3133 5656 3423 5714 sppensor
3443 5639 3500 5694 in
3532 5637 3678 5693 libra
3698 5652 3797 5692 sa-
