4146 6186
352 265 506 328 1563

348 401 601 472 pientiss,
635 401 869 458 animus
927 407 1032 459 est.
1062 404 1173 460 Sed
1235 405 1407 461 dubio
1468 409 1670 464 melior
1724 411 2062 465 estanimus

351 504 461 559 quo
494 490 598 544 ista
621 490 814 546 omnia
855 492 1143 561 cogitasti,
1179 509 1353 563 quam
1387 494 1500 550 ista
1522 497 1719 553 omnia
1751 515 1876 568 quae
1909 497 2062 569 cogi-

353 578 513 634 tasti.
544 580 789 636 Animus
845 597 976 651 ergo
1025 581 1132 636 iste
1184 583 1424 654 spiritus
1469 590 1576 656 est,
1630 604 1744 642 non
1799 603 2058 658 corpus:

355 670 527 724 transi
564 675 620 726 et
650 670 864 742 ipsum.
911 672 1195 744 Compara
1237 673 1427 744 ipsum
1461 677 1725 732 animum
1760 678 1966 748 primo,
2003 686 2062 732 ut

353 760 549 816 videas
574 778 681 831 quo
712 767 1013 830 transeas;
1056 780 1331 835 compara
1362 765 1524 820 illum
1559 768 1737 822 carni.
1773 769 1958 835 Absit,
1993 784 2062 822 ne

351 851 607 922 digneris
647 869 1000 926 comparare.
1035 855 1317 926 Compara
1348 855 1514 911 illum
1539 856 1748 929 fulgori
1778 858 1940 924 solis,
1974 857 2062 911 luo

350 957 458 1010 nte,
492 941 793 998 stellarum
832 961 843 997 :
881 946 1069 1015 major
1100 945 1293 1016 fulgor
1333 950 1422 1001 est
1451 947 1651 1002 animi.
1685 947 1878 1002 Primo
1908 947 2062 1003 cele-

349 1028 577 1085 ritatem
632 1031 811 1087 animi
858 1034 1047 1105 ipsius
1095 1034 1244 1091 vide.
1280 1035 1415 1092 Vide
1448 1035 1495 1091 si
1531 1052 1644 1092 non
1668 1036 2068 1091 vehementior

352 1119 604 1175 scintilla
628 1124 715 1176 est
745 1122 922 1177 animi
945 1122 1278 1194 cogitantis,
1312 1141 1484 1194 quam
1520 1124 1796 1196 splendor
1820 1126 1960 1180 solis
1982 1124 2075 1180 lu-

354 1209 559 1265 centis.
591 1210 779 1266 Solem
817 1213 1100 1268 orientem
1135 1218 1197 1269 tu
1220 1213 1380 1270 vides
1405 1215 1601 1270 animo
1630 1231 1644 1270 :
1675 1219 1866 1271 motus
1889 1215 2073 1285 ipsius

359 1315 530 1369 quam
566 1303 765 1357 tardus
799 1308 886 1358 est
927 1304 998 1358 ad
1033 1306 1295 1360 animum
1341 1313 1500 1362 tuum
1523 1306 1695 1361 ?Cito
1742 1310 1803 1361 tu
1829 1288 2076 1376 potuisti

353 1390 607 1460 cogitare
637 1393 788 1462 quod
816 1393 1076 1450 facturus
1107 1402 1197 1450 est
1219 1395 1320 1450 sol.
1355 1397 1438 1450 Ab
1473 1396 1692 1451 oriente
1716 1397 1784 1451 ad
1811 1396 2072 1474 occiden_

352 1483 467 1533 tem
502 1485 781 1536 venturus
811 1487 918 1550 est,
946 1484 1066 1552 jam
1118 1500 1184 1538 ex
1234 1485 1346 1541 alia
1378 1490 1536 1556 parte
1568 1502 1693 1540 cras
1727 1485 1910 1540 oritur
1963 1483 2068 1556 Ubi

355 1566 462 1622 hoc
497 1569 628 1623 fecit
677 1572 947 1642 cogitatio
997 1578 1116 1642 tua,
1173 1575 1364 1630 adhuc
1392 1575 1489 1630 ille
1523 1577 1724 1630 tardus
1753 1581 1861 1642 est,
1903 1578 1960 1629 et
2004 1578 2070 1630 tu

357 1660 554 1714 omnia
605 1665 948 1733 peragrasti.
978 1664 1183 1736 Magna
1232 1682 1367 1737 ergo
1413 1682 1504 1720 res
1558 1671 1646 1722 est
1669 1666 1923 1721 animus.
1957 1664 2069 1720 Sed

363 1751 653 1819 quomodo
704 1752 852 1819 dico,
886 1754 1019 1810 est?
1049 1756 1243 1811 Transi
1305 1761 1360 1812 et
1417 1757 1642 1828 ipsum;
1677 1756 1817 1827 quia
1859 1762 1916 1810 et
1946 1755 2069 1826 ipse

363 1840 596 1896 animus
620 1843 916 1900 mutabilis
966 1850 1074 1910 est,
1108 1847 1372 1916 quamvis
1417 1845 1624 1901 melior
1649 1848 1724 1901 sit
1755 1845 1915 1900 omni
1947 1860 2071 1899 cor-

361 1945 515 1999 pore.
548 1933 714 1988 Modo
759 1934 934 2001 novit,
964 1936 1132 1990 modo
1172 1953 1284 1991 non
1349 1937 1542 2003 novit;
1579 1936 1749 1990 modo
1783 1933 2079 1991 oblivisci-

357 2023 473 2087 tur,
509 2023 681 2077 modo
732 2025 1101 2092 recordatur;
1141 2027 1311 2080 modo
1362 2025 1505 2090 vult,
1541 2025 1712 2080 modo
1764 2042 1878 2080 non
1914 2021 2074 2079 vult;

361 2110 530 2166 modo
578 2117 797 2182 peccat,
826 2116 995 2170 modo
1037 2115 1237 2185 justus
1287 2120 1395 2171 est.
1431 2116 1638 2171 Transi
1680 2131 1815 2186 ergo
1843 2130 2078 2170 omnem

363 2200 809 2258 mutabilitatem
837 2220 852 2270 ;
881 2220 991 2260 non
1023 2204 1212 2260 solum
1240 2221 1412 2260 omne
1442 2205 1596 2276 quod
1631 2203 1879 2271 videtur,
1915 2203 2010 2260 sed
2025 2207 2081 2258 et

366 2305 539 2345 omne
570 2293 722 2362 quod
756 2299 1034 2350 mutatur.
1069 2295 1352 2350 Transisti
1382 2295 1537 2350 enim
1571 2310 1805 2350 carnem
1839 2311 1968 2366 quae
1993 2294 2080 2347 vi-

367 2378 559 2445 detur,
585 2381 847 2439 transisti
889 2383 1122 2454 caelum,
1151 2385 1355 2452 solem,
1380 2383 1602 2450 lunam,
1638 2388 1695 2438 et
1721 2383 1917 2439 stellas
1951 2399 2080 2454 qua:

369 2468 666 2530 videntur:
692 2473 876 2528 transi
920 2477 976 2529 et
1014 2490 1187 2529 omne
1229 2476 1381 2544 quod
1433 2478 1718 2529 mutatur.
1750 2473 1879 2528 Jam
1922 2472 2078 2527 enim

373 2558 502 2614 istis
536 2561 844 2616 transactis
874 2578 1114 2618 veneras
1162 2564 1232 2618 ad
1264 2563 1526 2618 animum
1554 2567 1746 2629 tuum,
1782 2562 1881 2616 sed
1913 2565 1970 2616 et
2001 2561 2078 2615 ibi

365 2646 638 2703 invenisti
662 2650 1112 2706 mutabilitatem
1136 2651 1318 2706 animi
1351 2652 1452 2706 tui.
1476 2651 1767 2721 Numquid
1787 2648 2080 2705 mutabilis

365 2741 455 2790 est
487 2735 634 2791 Deus
657 2737 684 2792 ‘2
713 2739 919 2794 Transi
960 2757 1092 2811 ergo
1115 2745 1173 2795 et
1193 2740 1456 2796 animum
1485 2744 1674 2796 tuum.
1713 2739 1954 2794 Effunde
1983 2756 2077 2795 su-

367 2840 466 2895 per
499 2829 552 2881 te
575 2826 833 2885 animam
866 2833 1049 2899 tuam,
1076 2833 1140 2884 ut
1170 2831 1474 2902 contingas
1497 2830 1701 2897 Deum,
1725 2830 1794 2885 de
1826 2845 1940 2900 quo
1971 2827 2080 2884 tibi

367 2915 598 2983 dicitur,
628 2917 727 2973 Ubi
755 2924 832 2973 est
853 2921 994 2974 Deus
1024 2928 1148 2976 tuus
1169 2923 1196 2976 ?

442 3004 528 3059 13.
553 3006 632 3060 Ne
661 3013 827 3077 putes
876 3013 930 3065 te
980 3010 1198 3080 aliquid
1236 3010 1523 3066 facturum
1575 3011 1724 3082 quod
1762 3011 1933 3065 homo
1967 3023 2081 3063 non

371 3097 577 3165 possit.
611 3096 730 3153 Hoc
763 3100 893 3154 fecit
916 3100 1038 3172 ipse
1066 3101 1322 3158 Joannes
1343 3101 1715 3173 evangelista.
1747 3101 2080 3157 Transcen-

372 3185 458 3239 dit
487 3202 743 3258 carnem,
775 3191 1135 3247 transcendit
1167 3199 1372 3248 terram
1405 3208 1580 3263 quam
1614 3192 1900 3249 calcabat,
1933 3194 2082 3245 tran-

369 3277 595 3331 scendit
627 3277 811 3333 maria
867 3293 988 3350 quae
1044 3279 1298 3350 videbat,
1331 3281 1692 3338 transcendit
1741 3295 1954 3349 aerem,
1983 3277 2080 3333 ubi

369 3363 538 3421 alites
563 3366 817 3436 volitant,
851 3371 1214 3426 transcendit
1243 3371 1445 3439 solem,
1467 3371 1828 3427 transcendit
1857 3369 2080 3433 lunam,

369 3458 724 3514 transcendit
771 3459 995 3529 stellas,
1028 3461 1389 3518 transcendit
1441 3478 1648 3518 omnes
1710 3460 1954 3531 spiritus
1985 3456 2082 3528 qui

375 3563 491 3603 non
527 3548 812 3620 videntur,
836 3553 1188 3608 transcendit
1213 3557 1463 3610 mentem
1484 3569 1649 3610 suam
1674 3553 1802 3624 ipsa
1823 3551 2043 3607 ratione
2061 3549 2078 3584 ¹

377 3637 560 3694 animi
591 3640 702 3696 sui.
737 3642 1183 3700 Transcendens
1216 3645 1324 3700 ista
1353 3644 1570 3712 omnia,
1605 3658 1782 3714 super
1811 3657 1874 3697 se
1904 3640 2084 3696 effun-

377 3728 522 3782 dens
536 3729 790 3784 animam
810 3747 994 3801 suam,
1020 3749 1132 3803 quo
1157 3733 1459 3805 pervenit?
1485 3733 1632 3797 Quid
1647 3731 2083 3801 vidit?Inprin-

373 3817 513 3886 cipio
543 3821 660 3872 erat
696 3819 944 3888 Verbum,
975 3825 1024 3875 et
1053 3822 1278 3878 Verbum
1307 3830 1428 3879 erat
1451 3823 1599 3894 aput
1631 3823 1819 3878 Deum.
1851 3822 1907 3875 Si
1939 3836 2076 3892 ergo

371 3906 793 3973 separationem
846 3925 962 3964 non
1012 3911 1170 3967 vides
1212 3913 1270 3967 in
1303 3911 1447 3980 luce,
1483 3913 1622 3984 quid
1656 3910 2078 3983 separationem

365 3995 577 4064 quaris
611 3995 669 4050 in
701 3997 921 4067 opere?
952 3999 1093 4056 Vide
1126 4003 1330 4069 Deum,
1363 4003 1491 4057 vide
1551 4002 1804 4059 Verbum
1847 4003 1973 4073 ejus
2005 4002 2083 4057 in-

369 4081 588 4141 herere
619 4083 805 4140 Verbo
829 4085 1044 4143 dicenti
1079 4087 1100 4120 ²
1133 4107 1146 4145 :
1172 4091 1306 4161 quia
1331 4090 1452 4162 ipse
1474 4092 1674 4147 dicens
1697 4108 1808 4147 non
1843 4091 2082 4164 syllabis

375 4172 550 4241 dicit;
587 4179 682 4232 sed
714 4177 1022 4247 splendore
1054 4180 1348 4249 sapientiae
1371 4181 1728 4252 fulgere,hoc
1759 4186 1848 4238 est
1869 4181 2078 4237 dicere.

375 4263 521 4329 Quid
563 4265 785 4321 dictum
818 4271 906 4322 est
927 4269 997 4324 de
1026 4269 1322 4340 Sapientia
1350 4270 1533 4340 ipsius
1552 4271 1580 4325 ?
1608 4270 1825 4326 Candor
1848 4273 1926 4326 est
1947 4269 2086 4326 lucis

375 4361 595 4410 aeterna
617 4355 768 4427 (Sap.
802 4373 903 4424 vn,
961 4357 1073 4429 26).
1120 4358 1366 4414 Attende
1421 4356 1730 4416 candorem
1801 4357 1956 4415 solis.
2020 4363 2079 4414 ln

376 4444 517 4501 coelo
549 4451 658 4514 est,
690 4451 745 4503 et
776 4450 1049 4521 expandit
1081 4451 1390 4508 candorem
1413 4468 1515 4523 per
1534 4456 1716 4509 terras
1738 4466 2084 4522 omnes,per

375 4535 559 4590 maria
591 4539 790 4593 omnia
819 4554 831 4594 :
863 4546 917 4595 et
940 4540 1137 4614 utique
1159 4541 1470 4614 corporalis
1503 4542 1718 4600 luxest.
1752 4541 1809 4598 Si
1845 4557 2083 4614 separas

373 4626 684 4682 candorem
734 4629 876 4685 solis
906 4647 939 4684 a
968 4632 1106 4701 sole,
1139 4649 1344 4704 separa
1400 4632 1652 4690 Verbum
1695 4651 1729 4690 a
1785 4633 1970 4689 Patre.
2004 4631 2083 4686 De

376 4713 496 4770 sole
528 4716 754 4788 loquor.
789 4718 1063 4778 Lucerna:
1095 4739 1212 4778 una
1243 4723 1544 4779 ﬂammula
1575 4724 1789 4792 tenuis,
1824 4739 1947 4795 quas
1967 4738 2082 4777 uno

375 4805 515 4864 ﬂatu
537 4810 1043 4882 possitexstingui,
1076 4813 1496 4884 spargitlucem
1512 4830 1677 4870 suam
1691 4827 1864 4884 super
1875 4815 2085 4867 cuncta

374 4913 494 4971 quae
518 4900 844 4971 subjacent.
879 4900 1046 4957 Vides
1077 4901 1269 4958 lucem
1301 4919 1568 4975 sparsam
1602 4920 1634 4959 a
1657 4901 1954 4958 ﬂammula
1983 4917 2079 4973 ge-

371 4991 1045 5061 neratam,emissionem
1078 4990 1258 5061 vides,
1293 4994 1716 5064 separationem
1751 5009 1864 5049 non
1894 4992 2080 5049 vides-

372 5081 856 5156 Intelligiteergo,
891 5081 1100 5139 fratres
1130 5081 1484 5150 charissimi,
1519 5082 1748 5139 Patrem
1781 5087 1839 5138 et
1869 5081 2081 5137 Filium

372 5177 428 5227 et
455 5174 728 5244 Spiritum
782 5179 1052 5231 sanctum
1100 5171 1566 5244 inseparabiliter
1625 5173 1736 5228 sibi
1771 5172 2077 5242 cohaerere,

374 5261 716 5320 Trinitatem
751 5266 899 5322 hanc
930 5280 1116 5322 unum
1143 5265 1351 5320 Deum:
1387 5268 1444 5320 et
1472 5263 1670 5319 omnia
1707 5279 1881 5334 opera
1904 5261 2080 5318 unius

377 5350 497 5420 Dei,
532 5353 655 5412 haec
683 5371 810 5412 esse
841 5356 1049 5425 Patris,
1083 5355 1202 5411 haec
1233 5372 1360 5413 esse
1393 5354 1545 5426 Filii,
1577 5354 1698 5411 haec
1730 5369 1856 5410 esse
1895 5352 2082 5424 Spiri-

439 5521 457 5585 ξ
479 5517 836 5585 Dnu_s_codex,
858 5518 1028 5585 ipsum
1043 5521 1319 5585 rqtionem.
1332 5521 1497 5584 Alius,
1516 5521 1787 5585 ipsamque
1799 5518 2080 5585 rationem.

437 5580 566 5695 3‘S_ic
594 5579 719 5630 Mss.
749 5581 817 5629 At
839 5579 984 5644 editi,
1017 5581 1138 5633 vide
1167 5583 1375 5634 verbum
1405 5579 1553 5647 eius?
1585 5579 1782 5634 inhiare
1813 5580 1965 5633 verba
2007 5581 2082 5630 di-

376 5659 468 5697 om
495 5660 531 5694 1ο

1300 271 1377 331 ΙΝ
1421 273 1750 337 JOANNIS
1795 274 2335 348 EVANGELIUM,
2379 275 2445 334 S.
2493 274 2906 338 AUGUSTINI

3716 278 3793 340 15
3809 279 3884 338 64

2171 415 2270 465 tus
2302 410 2509 464 sancti.
2543 410 2758 467 Caetera
2790 428 2916 482 quae
2949 415 3404 482 consequuntur,
3432 429 3556 482 quae
3589 415 3887 484 pertinent

2173 500 2243 554 ad
2277 515 2604 557 sermonem
2645 499 2831 572 ipsius
2878 501 3106 556 Domini
3158 504 3340 557 nostri
3391 502 3530 558 Jesu
3575 503 3793 560 Christi
3826 504 3888 559 in

2175 588 2503 660 Evangelia,
2549 589 2829 660 quoniam
2876 595 2933 646 et
2981 592 3231 647 crastino
3282 592 3374 648 die
3415 609 3606 648 sermo
3648 593 3892 648 debetur

2173 679 2355 747 vobis,
2389 681 2648 735 adestote
2682 689 2740 735 ut
2773 681 3043 737 audiatis.

2729 806 3152 864 TRACTATUS
3191 809 3344 865 XXI.

2174 917 2247 970 Ab
2279 932 2336 972 eo
2368 915 2508 986 quod
2536 916 2806 986 scriptum
2837 923 2933 984 est,
2969 919 3132 974 Pater
3156 919 3312 974 enim
3346 918 3535 990 diligit
3569 919 3799 987 Filium,
3834 922 3894 975 et

2250 1005 2450 1061 omnia
2479 1006 2834 1062 demonstrat
2886 1008 2934 1061 ei
2968 1025 3091 1078 qua
3141 1009 3265 1080 ipse
3299 1008 3461 1079 facit;
3511 1025 3678 1081 usque
3706 1008 3777 1063 ad
3809 1008 3892 1078 id,

2250 1097 2354 1161 Qui
2389 1113 2502 1153 non
2535 1095 2877 1152 honorificat
2899 1097 3126 1168 Filium,
3151 1117 3264 1154 non
3287 1099 3636 1156 honorificat
3657 1099 3891 1155 Patrem

2250 1186 2345 1257 qui
2371 1187 2733 1242 misitillum.
2761 1189 2889 1258 Cap.
2921 1205 2974 1254 v,
3009 1190 3060 1257 ᾗ.
3093 1190 3292 1244 20-23.

2251 1295 2299 1348 1.
2331 1293 2609 1350 Hesterno
2640 1296 2732 1352 die
2765 1301 3048 1367 quantum
3072 1297 3354 1353 Dominus
3376 1299 3590 1353 donare
3612 1298 3892 1368 dignatus

2178 1387 2286 1448 est,
2319 1399 2430 1454 qua
2463 1385 2759 1455 potuimus
2803 1387 3070 1441 facultate
3120 1387 3520 1455 tractavimus,
3554 1392 3609 1443 et
3639 1403 3754 1458 qua
3787 1403 3893 1458 po-

2178 1472 2400 1528 tuimus
2426 1475 2747 1544 capacitate
2797 1475 3208 1542 intelleximus,
3244 1477 3534 1548 quomodo
3584 1476 3896 1547 insepara-

2175 1563 2316 1618 bilia
2373 1570 2508 1618 sunt
2556 1580 2729 1632 Opera
2762 1565 2944 1620 Patris
2975 1572 3031 1621 et
3055 1566 3216 1634 Filii;
3254 1582 3353 1622 nec
3397 1566 3509 1621 alia
3532 1567 3667 1621 facit
3697 1568 3888 1624 Pater;

2175 1652 2291 1709 alia
2348 1653 2548 1721 Filius,
2579 1656 2678 1709 sed
2737 1656 2934 1711 omnia
2989 1656 3154 1712 Pater
3180 1656 3315 1712 facit
3357 1673 3458 1728 per
3499 1655 3726 1722 Filium,
3764 1662 3894 1712 tan-

2175 1757 2351 1814 quam
2387 1757 2489 1814 per
2520 1743 2772 1800 Verbum
2799 1763 2994 1817 suum,
3019 1747 3088 1802 de
3115 1763 3231 1818 quo
3250 1747 3530 1818 scriptum
3555 1751 3664 1812 est,
3686 1748 3896 1804 Omnia

2170 1850 2272 1905 per
2299 1833 2480 1905 ipsum
2508 1838 2659 1905 facta
2687 1841 2835 1906 sunt,
2862 1844 2913 1892 et
2957 1841 3069 1892 sine
3097 1840 3212 1908 ipso
3242 1843 3450 1910 tantum
3481 1846 3560 1893 est
3592 1837 3756 1892 nihil.
3788 1837 3898 1892 Se-

2188 1925 2427 1996 quentia
2483 1926 2657 1982 verba
2677 1926 2849 1983 hodie
2870 1928 3189 1996 videamus,
3224 1933 3280 1984 et
3300 1928 3370 1984 ab
3412 1929 3614 1984 eodem
3656 1927 3896 1983 Domino

2187 2015 2315 2084 ejus
2348 2015 2805 2070 misericordiam
2857 2021 2911 2072 et
2959 2017 3355 2088 deprecemur,
3393 2022 3448 2072 et
3479 2032 3809 2087 speremus,
3835 2022 3900 2071 ut

2187 2105 2434 2174 primum
2466 2104 2512 2159 si
2540 2105 2783 2177 dignum
2808 2107 3182 2178 ipsejudicat,
3203 2107 3602 2179 intelligamus
3630 2109 3784 2180 quod
3800 2123 3903 2163 ve-

2188 2209 2316 2249 rum
2351 2201 2477 2252 est:
2517 2197 2565 2251 si
2598 2202 2791 2252 autem
2834 2197 2942 2253 hoc
2985 2215 3097 2253 non
3135 2198 3514 2268 potuerimus,
3553 2215 3665 2253 non
3697 2213 3904 2253 eamus

2188 2284 2414 2340 inillud
2469 2289 2618 2357 quod
2684 2287 2892 2342 falsum
2942 2292 3044 2343 est.
3073 2287 3283 2344 Melius
3329 2294 3418 2345 est
3460 2288 3614 2344 enim
3649 2288 3898 2344 nescire,

2189 2392 2362 2446 quam
2397 2392 2588 2432 errare
2623 2393 2636 2430 :
2671 2377 2772 2431 sed
2805 2377 2952 2433 scire
2981 2383 3068 2433 est
3097 2377 3307 2433 melius
3334 2394 3505 2449 quam
3531 2377 3906 2434 nescire.Ita-

2189 2481 2298 2536 que
2329 2470 2460 2520 ante
2475 2465 2670 2522 omnia
2691 2466 2887 2522 conari
2910 2467 3193 2524 debemus
3221 2473 3282 2524 ut
3305 2469 3558 2524 sciamus
3591 2484 3604 2522 :
3629 2467 3677 2524 si
3701 2469 3908 2539 potue-

2188 2557 2394 2624 rimus,
2430 2561 2542 2613 Deo
2573 2557 2825 2628 gratias;
2859 2558 2908 2612 si
2933 2563 3127 2614 autem
3151 2576 3266 2616 non
3293 2556 3906 2631 potuerimusinterim

2191 2647 2490 2719 pervenire
2541 2647 2610 2701 ad
2670 2648 2990 2716 veritatem,
3027 2665 3139 2703 non
3200 2665 3400 2705 eamus
3456 2649 3526 2704 ad
3569 2646 3903 2704 falsitatem.

2190 2736 2334 2802 Quid
2369 2736 2523 2792 enim
2558 2737 2765 2803 simus,
2798 2741 2853 2791 et
2882 2737 3024 2808 quid
3051 2742 3381 2803 tractemus,
3407 2735 3768 2792 considerare
3797 2737 3908 2792 de-

2191 2826 2413 2882 bemus.
2449 2826 2724 2883 Homines
2743 2844 2952 2883 sumus
2973 2843 3207 2883 carnem
3232 2831 3552 2898 portantes,
3579 2827 3637 2881 in
3661 2827 3766 2883 hac
3789 2826 3910 2882 vita

2191 2916 2597 2973 ambulantes:
2632 2921 2689 2972 et
2710 2918 2758 2973 si
2784 2918 2906 2988 jam
2941 2918 3011 2974 de
3033 2918 3254 2973 semine
3273 2917 3428 2973 verbi
3463 2917 3558 2972 Dei
3582 2917 3789 2983 renati,
3821 2920 3911 2973 ta-

2193 3022 2325 3063 men
2359 3006 2440 3062 ita
2471 3007 2529 3062 in
2579 3006 2808 3064 Christo
2857 3008 3136 3078 innovati,
3168 3015 3224 3063 ut
3272 3007 3532 3063 nondum
3565 3006 3799 3076 penitus
3834 3007 3907 3062 ab

2191 3097 2369 3152 Adam
2393 3096 2713 3168 exspolisti.
2747 3098 2909 3163 Quod
2940 3097 3094 3152 enim
3129 3104 3392 3153 nostrum
3424 3097 3670 3152 mortale
3700 3101 3758 3153 et
3783 3112 3912 3152 cor-

2195 3186 2469 3258 ruptibile
2527 3193 2804 3259 aggravet
2862 3188 3120 3244 animam
3179 3189 3326 3259 (Sap.
3361 3205 3437 3256 ix,
3473 3187 3580 3256 15),
3614 3203 3678 3242 ex
3718 3187 3909 3242 Adam

2193 3294 2320 3334 esse
2343 3283 2598 3348 apparet,
2630 3278 3075 3334 etmanifestum
3097 3282 3186 3334 est
3210 3295 3222 3332 :
3247 3278 3403 3351 quod
3417 3281 3609 3334 autem
3636 3281 3909 3334 nostrum

2193 3367 2492 3438 spirituale
2521 3369 2785 3424 sublevat
2809 3369 3088 3438 animam,
3121 3370 3189 3425 de
3221 3369 3319 3425 Dei
3345 3371 3493 3426 dono
3525 3372 3581 3425 et
3612 3369 3682 3424 de
3717 3369 3903 3424 mise-

2195 3457 2418 3513 ricorda
2464 3459 2612 3529 ejus,
2663 3458 2763 3530 qui
2813 3458 3061 3515 Unicum
3094 3477 3265 3516 suum
3291 3459 3451 3515 misit
3479 3461 3910 3515 communicare

2193 3547 2497 3605 nobiscum
2531 3554 2773 3604 mortem
2806 3553 3165 3617 nostram,et
3187 3552 3396 3606 ducere
3428 3567 3533 3606 nos
3564 3550 3634 3605 ad
3659 3549 3909 3605 immor-

2193 3637 2478 3694 talitatem
2525 3655 2715 3696 suam.
2749 3638 2914 3695 Hunc
2961 3640 3239 3697 habemus
3282 3642 3649 3712 magistrum,
3687 3645 3750 3694 ut
3785 3656 3910 3694 non

2192 3745 2498 3800 peccemus
2521 3743 2533 3797 ;
2556 3737 2609 3785 et
2638 3729 3021 3799 defensorem,
3054 3730 3102 3786 si
3126 3731 3555 3801 peccaverimus
3579 3737 3630 3785 et
3649 3729 3911 3785 confessi

2192 3824 2364 3891 atque
2396 3820 2660 3877 conversi
2692 3819 2976 3876 fuerimus
3004 3838 3016 3888 ;
3051 3825 3107 3876 et
3156 3820 3646 3892 interpellatorem
3675 3836 3778 3890 pro
3808 3837 3916 3875 no-

2193 3909 2305 3980 bis,
2335 3911 2380 3966 si
2427 3911 2565 3982 quid
2613 3910 2748 3966 boni
2777 3928 2810 3966 a
2838 3910 3084 3966 Domino
3124 3911 3682 3975 desideraverimus;
3727 3917 3780 3964 et
3817 3911 3924 3965 da-

2192 4004 2374 4055 torem
2405 4016 2538 4056 cum
2572 4000 2757 4068 Patre,
2784 4001 2915 4071 quia
2931 4005 3082 4056 Deus
3123 4017 3277 4056 unus
3301 4006 3390 4056 est
3430 4000 3598 4056 Pater
3614 4006 3668 4054 el
3700 3998 3914 4055 Filius.

2192 4091 2301 4146 Sed
2334 4090 2683 4162 loquebatur
2712 4091 2824 4147 ista
2856 4091 3028 4148 homo
3051 4091 3384 4148 hominibus
3411 4090 3593 4158 ;Deus
3610 4088 3918 4160 occultus,

2192 4181 2366 4237 homo
2387 4181 2753 4250 manifestus,
2773 4185 2835 4236 ut
2855 4182 3196 4239 manifestos
3214 4182 3480 4239 homines
3501 4183 3712 4238 iaceret
3733 4180 3913 4248 deos;

2192 4280 2246 4327 et
2278 4272 2458 4329 Filius
2490 4272 2612 4341 Dei,
2646 4273 2830 4329 factus
2852 4272 3108 4328 hominis
3135 4273 3314 4342 ﬁlius,
3340 4277 3404 4328 ut
3427 4271 3725 4327 hominum
3754 4269 3919 4326 filios

2194 4365 2406 4422 faceret
2438 4366 2589 4422 filios
2621 4365 2740 4421 Dei.
2777 4368 2902 4431 Qua
2931 4366 3038 4422 hoc
3071 4371 3191 4421 arte
3221 4365 3524 4436 sapientiae
3556 4380 3672 4420 suae
3711 4363 3921 4430 faciat,

2195 4455 2251 4510 in
2275 4457 2403 4527 ejus
2453 4457 2640 4511 verbis
2699 4454 3407 4527 agnoscimus.Loquitur
3442 4456 3597 4509 enim
3649 4451 3925 4524 parvulis

2195 4563 2404 4619 parvus
2431 4563 2444 4604 :
2477 4548 2577 4604 sed
2610 4548 2728 4618 ipse
2761 4547 2840 4604 ita
2872 4544 3173 4619 parvus'ut
3203 4554 3259 4603 et
3283 4560 3682 4618 magnus;nos
3707 4547 3922 4599 autem

2194 4639 2372 4710 parvi,
2397 4639 2498 4692 sed
2533 4637 2588 4692 in
2624 4638 2722 4694 illo
2738 4637 2935 4710 magni
2956 4654 2968 4692 :
2988 4637 3246 4708 loquitur
3264 4653 3398 4708 ergo
3414 4641 3688 4706 tanquam
3709 4634 3926 4690 fovens

2194 4736 2248 4783 et
2269 4727 2535 4783 nutriens
2563 4725 2870 4797 lactentes,
2893 4731 2951 4784 et
2983 4728 3233 4783 amando
3255 4733 3608 4784 crescentes.

2262 4821 2315 4872 2.
2361 4816 2611 4884 Dixerat,
2665 4819 2781 4874 Non
2819 4821 2993 4888 potest
3035 4818 3209 4872 Filius
3235 4833 3267 4871 a
3295 4831 3350 4871 se
3377 4817 3556 4886 facere
3587 4814 3926 4885 quidquam,

2191 4909 2309 4963 nisi
2356 4907 2493 4978 quod
2536 4907 2739 4962 viderit
2785 4908 3009 4964 Patrem
3044 4908 3343 4975 facientem
3374 4905 3550 4977 (loan.
3584 4903 3782 4973 v,19).
3828 4904 3930 4959 In-

2192 4996 2522 5054 telleximus
2545 5001 2734 5052 autem
2759 4996 2891 5067 quia
2913 5012 3027 5051 non
3045 5009 3298 5051 seorsum
3321 4993 3540 5065 aliquid
3563 4993 3926 5058 Paterfacit,

2193 5087 2343 5160 quod
2367 5101 2498 5140 cum
2530 5086 2738 5142 viderit
2771 5085 2973 5154 Filius,
3002 5084 3175 5142 faciat
3205 5089 3260 5140 et
3291 5084 3415 5156 ipse
3446 5081 3794 5153 aliquidtale
3822 5082 3926 5136 in-

2191 5181 2382 5247 specto
2431 5191 2601 5246 opere
2660 5178 2852 5231 Patris
2881 5175 3003 5244 sui;
3040 5176 3138 5230 sed
3192 5175 3345 5247 quod
3398 5174 3559 5237 dixit,
3593 5173 3708 5229 Non
3739 5177 3929 5241 potest

2191 5267 2422 5323 Filiusa
2451 5282 2508 5320 re
2531 5270 2712 5336 facere
2766 5265 3086 5337 quidquam,
3111 5264 3220 5320 nisi
3277 5264 3415 5336 quod
3449 5263 3651 5319 viderit
3683 5263 3928 5318 Patrem

2186 5359 2501 5430 facientem,
2536 5356 2672 5428 quia
2702 5357 2773 5412 de
2805 5356 2975 5412 Patre
3005 5361 3088 5412 est
3111 5360 3266 5411 totus
3297 5354 3500 5423 Filius,
3533 5359 3590 5409 et
3620 5357 3742 5408 tota
3765 5353 3928 5408 sub-

2191 5448 2408 5504 stantia
2446 5451 2502 5502 et
2552 5447 2804 5517 potentia
2857 5446 2984 5518 ejus
3023 5463 3092 5503 ex
3135 5446 3234 5503 illo
3265 5450 3354 5502 est
3384 5447 3484 5517 qui
3515 5442 3716 5517 genuit
3745 5459 3925 5500 eum.

2189 5536 2358 5592 Modo
2389 5538 2583 5590 autem
2619 5551 2752 5592 cum
2775 5535 3016 5592 dixisset
3036 5550 3098 5592 se
3124 5535 3244 5592 hth
3275 5534 3461 5590 facere
3493 5532 3760 5590 similiter
3776 5547 3928 5602 quas

2190 5625 2325 5684 facit
2369 5623 2557 5693 Pater,
2589 5630 2653 5685 ut
2697 5643 2814 5687 non
2854 5626 3247 5700 intelligamus
3286 5625 3400 5682 alia
3431 5625 3616 5684 facere
3647 5622 3924 5680 Patrem.
