4126 6194
234 295 390 357 1565

227 434 340 489 alia
371 435 599 501 Filium,
631 437 732 490 sed
766 435 946 490 simili
980 435 1234 506 polentia
1273 435 1459 490 facere
1490 433 1696 490 Filium
1729 439 1930 493 eadem

224 524 486 595 ipsaque
502 525 666 579 Pater
713 524 866 591 facit,
891 541 1024 579 cum
1049 524 1216 580 Pater
1238 524 1369 579 facit
1393 523 1712 594 perFilium
1736 551 1748 592 ;
1769 543 1941 581 secu-

1475 289 1943 358 TRACTATUS
1990 295 2143 358 XXI.
2192 297 2452 359 CAPUT
2499 301 2544 358 1.

3602 292 3762 355 1566

2055 458 2288 496 summo
2312 445 2478 496 Patre
2498 455 2628 505 suo,
2662 440 2832 492 Pater
2854 440 3050 491 noster
3085 436 3212 491 :sed
3239 441 3357 502 aut,
3384 440 3555 492 Pater
3579 456 3767 497 meus,

2053 530 2231 593 dixit;
2270 535 2390 596 aut,
2427 530 2593 584 Pater
2621 534 2829 582 vester.
2865 527 3031 581 Pater
3068 529 3262 580 noster
3295 542 3407 580 non
3447 527 3618 596 dixit,
3653 546 3761 584 us-

225 619 316 668 tus
339 613 419 668 ait
443 616 591 684 quod
621 613 1020 669 bodielectum
1041 614 1391 683 audivimus,
1411 616 1575 670 Pater
1595 617 1742 670 enim
1761 615 1947 688 diligit
2052 639 2162 694 que
2193 621 2332 676 adeo
2366 629 2426 676 ut
2449 624 2701 692 quodam
2742 620 2862 673 loco
2897 622 3134 688 poneret
3174 616 3294 671 hinc
3327 618 3482 672 duo:
3522 619 3665 674 Vada
3697 620 3773 675 ad

222 703 456 768 Filium,
487 710 538 759 et
582 707 768 758 omnia
799 705 1131 760 demonstrat
1161 705 1213 759 ei
1242 720 1362 776 quo:
1379 707 1491 775 ipse
1522 705 1682 772 facit.
1719 706 1940 763 Rursus

221 793 485 847 mortalis
518 794 792 865 cogitatio
835 794 1223 864 perturbatur.
1258 798 1616 850 Demonstrat
1648 795 1813 850 Pater
1846 796 1938 851 Fi-

217 880 288 936 lio
347 899 480 952 qua
522 882 648 954 ipse
709 883 846 938 facit
875 899 887 936 :
922 899 1078 955 ergo,
1112 884 1191 938 ait
1247 883 1479 956 aliquis,
1512 901 1740 940 seorum
1774 891 1938 943 Pater

218 970 372 1034 facit,
409 975 476 1025 ut
500 972 682 1041 possit
714 973 894 1027 Filius
925 973 1123 1028 videre
1142 974 1293 1044 quod
1322 974 1455 1029 facit
1477 974 1699 1030 Rursus
1731 992 1937 1030 occur-

216 1064 348 1114 runt
385 1060 657 1117 humanae
684 1063 1018 1134 cogitationi
1042 1068 1322 1134 tanquam
1346 1065 1596 1120 artifices
1621 1066 1757 1132 duo,
1782 1068 1935 1122 velut

214 1149 258 1204 si
291 1150 460 1205 faber
483 1152 686 1207 doceat
722 1152 907 1207 filium
943 1170 1115 1209 suum
1166 1159 1350 1209 artem
1383 1171 1574 1222 suam,
1609 1160 1665 1210 et
1695 1156 1933 1212 demon-

216 1243 354 1294 stret
391 1239 444 1295 ei
498 1241 784 1312 quidquid
838 1243 991 1311 facit,
1025 1247 1091 1298 ut
1121 1243 1302 1314 possit
1334 1245 1507 1300 etiam
1541 1246 1664 1316 ipse
1697 1248 1882 1302 facere
1917 1265 1929 1302 :

210 1329 433 1389 Omnia.
466 1329 681 1400 inquit,
705 1331 1036 1386 demonstrat
1064 1335 1115 1388 ei
1142 1350 1265 1405 qum
1294 1336 1406 1405 ipse
1433 1337 1589 1405 facit.
1623 1335 1761 1391 Cum
1796 1352 1931 1407 ergo

213 1418 377 1473 Pater
434 1421 597 1486 facit,
630 1419 808 1474 Filius
861 1438 976 1478 non
1022 1422 1180 1490 facit,
1233 1428 1293 1479 ut
1326 1425 1506 1495 possit
1535 1427 1725 1481 videre
1754 1427 1930 1482 Filius

215 1509 366 1579 quod
414 1509 585 1564 Pater
623 1509 986 1567 facit?Certe
1043 1516 1226 1568 omnia
1275 1530 1374 1585 per
1400 1517 1582 1587 ipsum
1601 1517 1749 1584 facta
1780 1529 1929 1587 sunt,

212 1607 256 1653 et
285 1602 415 1653 sine
447 1597 564 1669 ipso
593 1602 801 1667 factum
831 1612 911 1656 est
951 1604 1112 1657 nihil.
1139 1607 1300 1658 Hunc
1345 1605 1608 1660 videmus
1652 1607 1932 1677 quemad-

210 1689 457 1742 modum
493 1689 662 1744 Pater
689 1690 1053 1747 demonstrat
1087 1693 1226 1748 Filio
1258 1695 1410 1765 quod
1457 1695 1624 1763 facit;
1660 1713 1792 1751 cum
1829 1697 1930 1752 Pa-

207 1780 288 1830 ter
320 1778 478 1832 nihil
514 1777 708 1848 faciat,
743 1780 856 1834 nisi
898 1782 1049 1852 quod
1083 1798 1182 1853 per
1215 1782 1418 1839 Filium
1445 1785 1598 1840 facit.
1625 1786 1771 1850 Quid
1798 1787 1934 1842 facit

205 1866 426 1923 Pater?
453 1867 762 1924 Mundum.
800 1872 960 1926 Itane
991 1872 1208 1927 factum
1243 1874 1532 1929 mundum
1567 1875 1930 1931 demonstra-

217 1958 294 2011 vit
326 1956 505 2025 Filio,
535 1962 598 2012 ut
627 1965 683 2014 et
726 1961 852 2031 ipse
893 1960 1004 2017 tale
1054 1963 1271 2034 aliquid
1315 1966 1567 2020 faceret?
1596 1965 1773 2021 Detur
1795 1983 1930 2036 ergo

206 2048 469 2103 mundus
505 2049 672 2104 nobis
705 2067 877 2121 quem
912 2053 1050 2108 fecit
1072 2061 1130 2109 et
1161 2054 1363 2122 Filius,
1393 2059 1527 2122 Sed,
1551 2063 1606 2113 et
1636 2061 1934 2130 omniaper

203 2136 390 2207 ipsum
425 2141 571 2202 facta
602 2147 748 2209 sunt,
780 2147 832 2195 et
863 2144 1108 2214 sineipso
1124 2145 1360 2213 factum,
1384 2155 1462 2201 est
1493 2146 1658 2216 nihil,
1691 2152 1741 2203 et
1768 2165 1929 2202 mun-

204 2227 291 2280 dus
319 2244 432 2298 per
459 2243 588 2283 eum
614 2231 792 2299 factus
820 2240 896 2286 est
922 2235 1098 2302 (Joan.
1118 2251 1156 2299 1,
1176 2234 1226 2300 3,
1254 2235 1361 2305 10).
1380 2236 1436 2291 Si
1471 2236 1657 2292 factus
1683 2253 1781 2310 per
1797 2254 1931 2293 eum

203 2325 282 2370 est
315 2316 612 2388 mundus,
641 2323 696 2372 et
727 2321 918 2375 omnia
956 2338 1052 2392 per
1082 2323 1275 2393 ipsum
1316 2325 1464 2380 facta
1495 2331 1654 2393 sunt,
1686 2330 1742 2381 et
1785 2325 1928 2381 nihil

205 2406 340 2460 facit
373 2407 550 2462 Pater
582 2409 731 2478 quod
765 2426 876 2465 non
925 2427 1026 2482 per
1077 2413 1280 2468 Filium
1313 2414 1521 2483 faciat;
1559 2415 1655 2470 ubi
1687 2417 1928 2472 damon-

204 2501 350 2550 strat
404 2496 555 2551 Filio
609 2501 776 2553 Pater
825 2501 976 2570 quod
1019 2502 1176 2569 facit,
1223 2503 1337 2558 nisi
1381 2505 1439 2558 in
1486 2505 1613 2576 ipso
1658 2505 1799 2560 Filio
1833 2513 1932 2575 per

202 2603 377 2657 quem
413 2585 598 2642 facit?
629 2588 766 2653 Quis
799 2591 954 2646 enim
991 2591 1152 2648 locus
1191 2594 1290 2648 ubi
1321 2595 1753 2652 demonstretur
1781 2613 1931 2666 opus

204 2676 384 2732 Patris
421 2677 588 2744 Filio,
622 2679 789 2749 quasi
820 2689 971 2736 extra
1005 2682 1174 2738 faciat
1223 2689 1278 2739 et
1310 2689 1471 2740 extra
1503 2687 1724 2754 sedeat,
1755 2691 1809 2741 et
1837 2686 1928 2740 Fi-

204 2763 308 2820 lius
346 2768 619 2822 attendat
662 2786 904 2825 manum
963 2773 1150 2828 Patris
1183 2776 1675 2845 quemadmodum
1710 2776 1932 2832 faciat?

203 2853 301 2910 Ubi
335 2863 436 2911 est
465 2857 569 2913 illa
599 2858 1005 2930 inseparabilis
1039 2863 1296 2920 Trinitas
1320 2865 1454 2921 ?ubi
1478 2872 1564 2922 est
1585 2867 1835 2923 Verbum
1861 2867 1931 2921 de

207 2963 313 3017 quo
348 2948 582 3003 dictum
614 2953 701 3004 est
735 2952 889 3020 quod
920 2951 1045 3023 ipse
1077 2957 1165 3008 est
1199 2953 1391 3010 Virtus
1424 2961 1478 3011 et
1507 2958 1798 3028 Sapientia
1823 2958 1927 3013 Dei

200 3037 237 3108 (ἰ
273 3038 408 3092 Cor.
447 3055 485 3105 ι,
509 3038 600 3103 24)
626 3039 651 3092 ?
679 3041 778 3094 ubi
837 3043 990 3112 quod
1041 3043 1110 3098 de
1143 3044 1268 3116 ipsa
1299 3045 1600 3115 Sapientia
1627 3047 1927 3119 Scriptura

201 3129 362 3192 dicit,
405 3129 628 3183 Candor
654 3135 731 3184 est
761 3134 911 3185 enim
937 3131 1071 3188 lucis
1093 3140 1318 3192 aeterna?
1348 3136 1510 3209 (Sap,
1537 3155 1636 3205 vn,
1671 3138 1804 3210 26)?
1829 3123 1926 3194 ubi

209 3219 363 3289 quod
391 3219 464 3273 de
497 3218 596 3273 illa
652 3219 861 3275 iterum
911 3221 1145 3292 dicitur,
1179 3225 1414 3297 Attingit
1469 3245 1502 3281 a
1531 3227 1638 3296 ﬁne
1668 3245 1835 3298 usque
1860 3230 1928 3284 ad

200 3309 362 3376 ﬁnem
401 3309 644 3376 fortiter,
675 3315 728 3363 et
761 3309 1003 3381 disponit
1047 3315 1234 3368 omnia
1281 3317 1522 3371 suaviter
1546 3317 1647 3386 (Id.
1673 3333 1794 3382 VIII,
1829 3319 1929 3389 1)?

200 3398 253 3452 Si
286 3399 441 3470 quid
476 3398 615 3453 facit
646 3399 828 3468 Pater,
863 3416 965 3472 per
1006 3401 1216 3457 Filium
1265 3404 1437 3471 facit;
1472 3406 1519 3460 si
1554 3422 1651 3477 per
1682 3408 1929 3477 Sapien-

202 3489 336 3544 tiam
407 3494 680 3556 suam,et
736 3490 1012 3546 Virtutem
1062 3509 1229 3548 suam
1283 3494 1602 3552 facit:non
1656 3505 1813 3554 extra
1842 3499 1927 3554 illi

199 3580 461 3636 ostendit
484 3596 600 3651 quo
628 3580 836 3648 videat,
861 3583 963 3638 sed
996 3583 1056 3639 in
1079 3584 1202 3654 ipso
1227 3583 1570 3642 illiostendit
1591 3590 1743 3660 quod
1770 3590 1924 3646 facit.

266 3669 322 3724 3.
359 3668 515 3732 Quid
548 3668 700 3724 videt
730 3672 919 3739 Pater,
945 3672 1031 3727 vel
1065 3673 1261 3744 potius
1291 3675 1428 3745 quid
1450 3676 1604 3732 videt
1627 3677 1807 3733 Filius
1866 3681 1923 3734 in

202 3761 372 3817 Patre
400 3767 466 3815 ut
489 3761 661 3816 faciat
709 3767 763 3817 et
812 3764 935 3834 ipse
958 3763 984 3817 ‘i'
1008 3764 1232 3820 Possim
1279 3766 1423 3822 forte
1455 3767 1685 3836 dicere;
1721 3770 1820 3824 sed
1854 3771 1924 3825 da

204 3853 297 3920 qui
332 3851 532 3922 possit
563 3867 766 3922 capere
813 3870 826 3908 :
862 3861 959 3908 aut
991 3855 1136 3910 forte
1167 3855 1384 3926 possim
1409 3857 1678 3928 cogitare,
1715 3874 1818 3914 nec
1842 3860 1927 3914 di-

204 3956 372 4012 cere;
411 3946 517 3997 aut
563 3943 706 3999 forte
755 3960 858 4001 nec
906 3946 1178 4018 cogitare.
1229 3948 1462 4004 Excedit
1501 3948 1654 4004 enim
1689 3966 1793 4005 nos
1825 3949 1923 4007 illa

202 4031 484 4089 divinitas
509 4037 783 4104 tanquam
802 4037 948 4092 Deus
971 4037 1258 4106 homines,
1274 4048 1555 4112 tanquam
1578 4039 1922 4098 immortalis

203 4123 506 4190 mortales,
539 4129 819 4196 tanquam
839 4132 1087 4184 aeternus
1107 4129 1799 4203 temporales.fnspiretet
1820 4134 1913 4188 do-

204 4219 316 4280 net,
349 4214 426 4268 de
458 4213 617 4269 fonte
649 4215 746 4270 illo
777 4219 904 4272 vita
939 4234 1092 4274 nunc
1126 4219 1346 4291 aliquid
1378 4219 1624 4276 irrorare
1655 4221 1927 4293 dignetur

203 4307 254 4356 et
286 4301 581 4359 distillare
630 4303 686 4359 in
737 4304 891 4361 sitim
944 4313 1228 4377 nostram,
1262 4326 1333 4365 ne
1363 4310 1419 4364 in
1450 4311 1557 4367 hac
1587 4326 1776 4367 eremo
1800 4329 1928 4368 are-

207 4408 477 4448 scamus.
529 4392 805 4451 Dicamus
844 4397 917 4463 ei,
951 4397 1211 4463 Domine,
1247 4400 1338 4455 cui
1371 4400 1683 4457 didicimus
1716 4402 1924 4470 dicere,

205 4484 721 4540 Pater.Audemus
771 4486 924 4541 enim
971 4487 1100 4556 hoc,
1135 4490 1273 4562 quia
1304 4491 1427 4562 ipse
1449 4491 1630 4548 voluit
1661 4497 1724 4547 ut
1755 4494 1929 4549 aude-

206 4590 400 4629 remus
435 4591 450 4630 :
487 4574 572 4630 sic
601 4583 788 4631 tamen
821 4577 868 4631 si
901 4578 1180 4645 vivamus,
1209 4585 1270 4636 ut
1301 4599 1415 4637 non
1463 4581 1629 4637 nobis
1653 4583 1838 4649 dicat,
1872 4583 1932 4639 Si

203 4664 371 4719 Pater
399 4681 545 4731 sum,
576 4665 674 4720 ubi
694 4670 776 4720 est
795 4667 967 4723 honor
995 4684 1142 4724 meus
1161 4671 1188 4724 ‘t
1207 4671 1256 4725 sf
1275 4673 1540 4727 Dominus
1565 4688 1707 4738 sum,
1731 4674 1829 4727 ubi
1848 4678 1929 4728 est

201 4753 375 4808 timor
433 4769 590 4808 meus
649 4753 896 4825 (Malach.
949 4773 989 4823 ι,
1019 4757 1124 4828 6)?
1158 4758 1429 4816 Dicamus
1459 4777 1596 4832 ergo
1627 4759 1732 4826 illi,
1766 4760 1930 4816 Pater

201 4847 426 4897 noster.
457 4842 562 4898 Cui
587 4844 861 4912 dicimus,
895 4847 1061 4904 Pater
1101 4852 1297 4904 noster
1329 4847 1519 4906 ‘tPatri
1561 4850 1793 4905 Christi.
1821 4850 1929 4916 Qui

202 4949 340 5003 ergo
399 4933 550 4988 Patri
607 4935 819 4990 Christi
879 4939 1038 5006 dicit,
1090 4943 1256 4995 Pater
1309 4946 1526 5009 noster,
1587 4941 1724 5012 quid
1783 4941 1929 4997 dicit

202 5022 461 5088 Christo,
497 5024 632 5092 nisi,
665 5026 861 5082 Frater
888 5029 1128 5083 noster?
1158 5029 1280 5085 Non
1317 5035 1508 5087 tamen
1541 5030 1928 5087 sicutChristi

203 5113 401 5179 Pater,
436 5113 518 5168 ita
547 5119 604 5169 et
635 5119 837 5172 noster
865 5116 1036 5173 Pater
1070 5135 1082 5173 :
1120 5137 1418 5189 nunquam
1467 5120 1622 5177 enim
1666 5120 1928 5178 Christus

204 5202 282 5257 ita
307 5221 416 5259 nos
446 5205 772 5276 conjunxit,
797 5216 856 5262 ut
879 5208 1095 5265 nullam
1129 5210 1564 5268 distinctionem
1603 5213 1929 5268 faceretin-

203 5296 292 5349 ter
353 5312 461 5351 nos
512 5302 568 5352 et
625 5314 709 5353 se.
762 5297 861 5355 llle
909 5301 1062 5356 enim
1122 5301 1299 5358 Filius
1356 5303 1598 5378 aequalis
1631 5303 1798 5370 Patri,
1832 5303 1928 5359 ille

206 5388 466 5439 eternus
500 5402 628 5441 cum
660 5388 850 5456 Patre,
886 5387 1154 5461 Patrique
1205 5397 1522 5449 coaeternus
1558 5411 1569 5448 :
1597 5409 1701 5448 nos
1731 5398 1925 5450 autem

207 5472 347 5528 facti
386 5492 480 5544 per
514 5476 748 5550 Filium,
779 5477 1034 5550 adoptati
1064 5497 1164 5550 per
1196 5481 1464 5539 Unicum.
1499 5481 1745 5539 Proinde
1777 5500 1926 5540 nun-

205 5579 397 5634 quam
429 5566 695 5624 auditum
719 5575 801 5625 est
829 5569 900 5625 de
939 5585 1038 5625 ore
1065 5569 1294 5628 Domini
1323 5573 1507 5630 nostri
1535 5573 1668 5629 Jesu
1691 5572 1927 5643 Christi,

207 5667 347 5710 cum
387 5657 456 5711 ad
490 5657 814 5731 discipulos
856 5659 1212 5734 loqueretur,
1262 5663 1475 5722 dixisse
1503 5663 1670 5723 illum
1709 5665 1780 5723 de
1809 5665 1927 5723 Deo

2051 711 2219 766 Deum
2265 727 2467 774 meum,
2502 709 2710 779 inquit,
2751 713 2806 764 et
2864 708 3030 762 Deum
3089 710 3348 761 vestrum.
3409 708 3594 772 Quare
3655 724 3769 764 non

2051 801 2212 866 dixit,
2247 802 2423 856 Deum
2457 803 2721 854 nostrum
2746 797 2773 850 ‘t
2798 797 2862 850 Et
2894 798 3112 851 Patrem
3160 811 3343 850 meum
3385 795 3550 865 dixit,
3583 805 3631 852 et
3657 799 3773 853 Pa—

2049 899 2187 945 trem
2218 894 2456 946 vestrum
2512 890 2686 960 (Joan.
2750 904 2843 954 xx,
2875 887 2961 957 17)
2998 905 3011 955 ;
3049 903 3162 942 non
3195 886 3362 952 dixit,
3401 887 3628 943 Patrem
3665 905 3772 944 no-

2046 984 2256 1036 strum.
2288 980 2670 1050 Sicjungitut
2701 978 3040 1047 distinguat,
3067 976 3144 1031 sic
3214 977 3522 1049 distinguit
3556 982 3618 1033 ut
3651 995 3766 1034 non

2045 1071 2333 1142 sejungat.
2365 1071 2553 1125 Unum
2589 1085 2692 1125 nos
2725 1069 2844 1123 vult
2876 1084 3004 1124 esse
3035 1066 3094 1122 in
3119 1083 3202 1135 se,
3239 1083 3422 1122 unum
3440 1072 3638 1124 autem
3658 1069 3768 1124 Pa-

2043 1163 2186 1214 trem
2222 1164 2279 1214 et
2311 1175 2388 1214 se.

2114 1249 2164 1304 4.
2199 1248 2748 1320 Quantumcumque
2780 1263 2912 1319 ergo
2945 1247 3345 1318 intelligamus
3379 1250 3434 1301 et
3451 1252 3772 1318 quantum-

2043 1355 2295 1412 cumque
2327 1340 2648 1404 videamus,
2684 1339 2861 1394 etiam
2911 1355 3044 1392 cum
3076 1337 3314 1408 Angelis
3347 1339 3555 1408 aequali
3589 1339 3764 1394 fueri-

2043 1445 2195 1498 mus,
2227 1446 2338 1484 non
2363 1429 2688 1483 videbimus
2730 1428 2881 1482 sicut
2925 1428 3078 1481 videt
3127 1425 3330 1482 Filius.
3364 1425 3486 1481 Non
3520 1427 3674 1482 enim
3709 1431 3766 1483 et

2044 1521 2274 1591 quando
2309 1537 2420 1574 non
2448 1518 2726 1583 videmus,
2751 1533 2922 1572 suum
2947 1515 3185 1587 aliquid.
3211 1515 3280 1570 Et
3313 1518 3448 1586 quid
3480 1516 3636 1571 aliud
3661 1533 3764 1571 su-

2044 1625 2172 1664 mus
2205 1609 2435 1680 quando
2470 1626 2580 1663 non
2610 1607 2896 1672 videmus,
2933 1605 3049 1661 nisi
3082 1623 3194 1660 non
3222 1603 3763 1660 videntes?Sumus

2042 1705 2233 1755 tamen
2262 1699 2347 1754 vel
2386 1717 2493 1755 non
2519 1699 2815 1765 videntes;
2849 1703 2904 1752 et
2931 1702 2994 1752 ut
3017 1697 3339 1764 videamus,
3364 1697 3760 1751 convertimus

2043 1806 2147 1846 nos
2181 1789 2252 1845 ad
2285 1806 2416 1844 eum
2450 1807 2618 1860 quem
2655 1789 2994 1855 videamus;
3026 1792 3081 1842 et
3115 1787 3176 1840 fit
3198 1788 3256 1841 in
3282 1786 3447 1842 nobis
3471 1786 3616 1842 visio
3639 1802 3764 1857 quas

2040 1896 2156 1938 non
2190 1885 2332 1948 erat,
2357 1881 2584 1951 quando
2619 1896 2722 1935 nos
2754 1884 2947 1934 tamen
2972 1894 3223 1934 eramus.
3258 1877 3357 1933 Est
3403 1877 3557 1933 enim
3590 1877 3763 1932 homo

2045 1989 2154 2026 non
2199 1973 2421 2042 videns,
2453 1980 2504 2026 et
2546 1970 2692 2026 idem
2747 1970 2872 2042 ipse
2921 1986 3054 2026 cum
3090 1969 3316 2036 viderit,
3341 1969 3557 2024 dicitur
3581 1969 3758 2025 homo

2041 2062 2263 2117 videns.
2289 2061 2412 2117 Non
2447 2077 2581 2132 ergo
2606 2061 2712 2115 hoc
2743 2065 2831 2115 est
2860 2060 2941 2114 illi
2981 2059 3194 2125 videre,
3227 2059 3378 2130 quod
3415 2076 3541 2114 esse
3564 2059 3757 2114 homi-

2043 2169 2176 2208 nem
2212 2170 2224 2207 :
2259 2169 2392 2207 nam
2420 2153 2461 2206 si
2491 2150 2857 2207 hocilliesset
2875 2151 3065 2206 videre
3098 2151 3253 2222 quod
3283 2166 3410 2205 esse
3439 2149 3758 2209 hominem.

2044 2258 2343 2313 nunquam
2377 2245 2529 2296 esset
2550 2240 2724 2295 homo
2750 2240 2862 2295 nisi
2887 2240 3107 2295 videns.
3139 2239 3278 2293 Cum
3311 2256 3445 2294 vero
3471 2243 3560 2293 est
3584 2239 3757 2320 homo

2043 2347 2156 2386 non
2188 2331 2414 2398 videns,
2447 2334 2501 2386 et
2542 2329 2751 2400 quaerit
2780 2331 2973 2384 videre
3005 2328 3160 2400 quod
3194 2346 3307 2382 non
3336 2329 3519 2392 videt;
3545 2333 3631 2382 est
3657 2325 3755 2396 qul

2042 2427 2282 2493 quaerat,
2317 2429 2368 2478 et
2425 2430 2508 2477 est
2569 2421 2666 2492 qui
2700 2435 2758 2476 se
2790 2423 3081 2476 convertat
3114 2425 3172 2474 ut
3203 2417 3422 2473 videat:
3454 2421 3509 2473 et
3540 2433 3670 2471 cum
3697 2432 3757 2471 se

2041 2513 2187 2568 bene
2218 2511 2559 2566 converterit
2581 2516 2636 2566 et
2663 2510 2892 2576 viderit,
2928 2510 2993 2564 fit
3023 2509 3195 2564 homo
3217 2509 3441 2574 videns,
3468 2508 3568 2578 qui
3595 2505 3756 2578 prius

2041 2606 2164 2656 erat
2185 2600 2357 2657 homo
2382 2616 2494 2655 non
2521 2599 2741 2655 videns.
2765 2599 2972 2654 Videre
2993 2615 3126 2670 ergo
3157 2595 3498 2661 acceditilli,
3521 2602 3575 2649 et
3601 2610 3755 2650 rece-

2041 2690 2123 2746 dit
2154 2691 2225 2746 ab
2257 2690 2354 2746 illo
2390 2707 2403 2745 :
2439 2691 2660 2746 accedit
2691 2689 2773 2743 illi
2808 2705 2938 2744 cum
2964 2704 3025 2743 se
3056 2686 3420 2754 converterit,
3438 2685 3652 2741 recedit
3687 2683 3756 2738 ab

2039 2781 2140 2836 illo
2200 2797 2332 2836 cum
2392 2797 2452 2835 se
2513 2781 2799 2835 averterit.
2843 2777 3139 2848 Numquid
3173 2777 3252 2831 ita
3297 2773 3473 2830 Filius
3506 2773 3532 2827 ?
3565 2773 3752 2828 Absit.

2039 2870 2353 2942 Nunquam
2388 2869 2498 2923 fuit
2531 2868 2711 2923 Filius
2751 2884 2864 2923 non
2886 2867 3108 2932 videns,
3132 2870 3190 2921 et
3214 2868 3412 2936 postea
3446 2864 3634 2918 factus
3666 2864 3752 2918 est

2043 2960 2245 3017 videns
2273 2976 2284 3012 :
2319 2960 2412 3013 sed
2447 2959 2640 3012 videre
2672 2957 2922 3021 Patrem,
2954 2955 3059 3012 hoc
3115 2954 3199 3009 illi
3251 2958 3334 3009 est
3365 2969 3492 3008 esse
3521 2952 3754 3006 Filium.

2041 3051 2155 3106 Nos
2196 3051 2352 3106 enim
2383 3049 2689 3105 avertendo
2721 3049 2787 3102 ad
2825 3052 3147 3117 peccatum,
3183 3045 3513 3100 amittimus
3543 3042 3755 3097 illumi-

2043 3142 2372 3210 nationem;
2395 3145 2451 3195 et
2499 3138 2882 3195 convertenda
2915 3153 3018 3192 nos
3049 3138 3118 3192 ad
3155 3135 3362 3202 Deum,
3397 3134 3755 3207 percipimus

2042 3231 2557 3287 illuminationem.
2590 3228 2756 3284 Aliud
2793 3231 2878 3283 est
2910 3228 3059 3283 enim
3092 3226 3288 3282 lumen
3322 3242 3436 3296 quo
3468 3223 3759 3279 illumina-

2043 3338 2196 3389 mur,
2221 3320 2378 3376 aliud
2398 3337 2502 3375 nos
2529 3319 2628 3390 qui
2649 3317 3075 3373 illuminamur.
3105 3320 3319 3370 Lumen
3343 3319 3532 3369 autem
3562 3313 3754 3385 ipsum

2043 3428 2159 3485 quo
2192 3411 2624 3476 illuminamur,
2655 3424 2760 3464 nec
2819 3407 3095 3464 avertitur
3126 3423 3158 3459 a
3189 3421 3271 3471 se,
3318 3421 3419 3460 nec
3452 3403 3639 3474 perdit
3662 3403 3756 3456 lu-

2042 3517 2164 3558 cem
2200 3501 2238 3567 ¹,
2271 3499 2409 3570 quia
2465 3499 2562 3553 lux
2614 3503 2715 3553 est.
2750 3497 2843 3551 Sic
2886 3511 3021 3567 ergo
3053 3495 3412 3549 demonstrat
3446 3491 3613 3546 Pater
3634 3505 3754 3544 rem

2040 3607 2214 3662 quam
2249 3589 2380 3644 facit
2410 3588 2570 3655 Filio,
2607 3591 2670 3642 ut
2708 3587 2766 3640 in
2827 3587 2993 3640 Patre
3024 3583 3213 3638 videat
3244 3581 3441 3638 omnia
3472 3580 3671 3650 Filius,
3700 3582 3757 3633 et

2039 3682 2092 3736 iu
2127 3680 2293 3735 Patre
2317 3680 2391 3735 sit
2419 3678 2614 3733 omnia
2646 3676 2848 3731 Filius.
2882 3673 3146 3729 Videndo
3177 3673 3332 3729 enim
3357 3675 3524 3728 natus
3557 3674 3665 3738 est,
3698 3674 3756 3725 et

2037 3771 2329 3829 nascendo
2370 3769 2545 3824 videt.
2594 3768 2704 3823 Sed
2767 3784 2879 3823 non
2914 3765 3223 3837 aliquando
3268 3779 3380 3820 non
3413 3767 3535 3820 erat
3559 3766 3753 3828 natus,

2036 3867 2092 3918 et
2122 3865 2320 3934 postea
2353 3864 2523 3916 natus
2556 3863 2679 3927 est;
2708 3858 2858 3914 sicut
2891 3873 3002 3914 non
3037 3855 3352 3928 aliquando
3378 3871 3490 3911 non
3514 3853 3678 3920 vidit,
3702 3857 3761 3908 et

2038 3959 2237 4027 postea
2268 3953 2413 4008 vidit
2446 3967 2459 4006 :
2493 3953 2592 4009 sed
2626 3951 2684 4006 in
2717 3966 2783 4007 eo
2816 3949 2972 4022 quod
3016 3958 3100 4005 est
3130 3947 3213 4004 illi
3243 3947 3456 4012 videre,
3491 3947 3549 4000 in
3579 3961 3642 4001 eo
3665 3950 3755 4002 est

2036 4045 2119 4100 illi
2177 4061 2327 4113 esse,
2362 4044 2414 4099 in
2436 4059 2500 4100 eo
2531 4046 2621 4098 est
2676 4041 2760 4098 illi
2795 4047 2996 4097 natum
3029 4055 3178 4110 esse,
3212 4039 3274 4094 in
3304 4054 3368 4095 eo
3400 4040 3485 4094 est
3515 4035 3597 4092 illi
3632 4052 3764 4107 per-

2036 4151 2290 4200 manere,
2327 4135 2388 4188 in
2449 4150 2513 4190 eo
2564 4138 2647 4188 est
2688 4132 2771 4187 illi
2806 4148 2919 4186 non
2952 4129 3185 4194 mutari,
3219 4128 3274 4182 in
3309 4145 3373 4183 eo
3397 4131 3483 4182 est
3512 4126 3594 4180 illi
3629 4126 3755 4180 sine

2042 4226 2208 4281 initio
2241 4228 2296 4280 et
2328 4223 2453 4280 sine
2485 4223 2597 4279 line
2629 4221 2957 4294 persistere.
2991 4219 3113 4274 Non
3157 4233 3289 4289 ergo
3323 4213 3628 4271 carnaliter
3657 4231 3756 4267 ac-

2039 4316 2328 4388 cipiamus
2357 4314 2492 4386 quia
2514 4315 2672 4368 sedet
2696 4317 2886 4380 Pater,
2910 4313 2966 4366 et
2990 4309 3122 4364 facit
3140 4310 3377 4377 opus,et
3398 4306 3756 4358 demonstrat

2041 4406 2212 4473 Filio;
2246 4409 2302 4461 et
2331 4403 2490 4459 videt
2540 4402 2720 4456 Filius
2779 4415 2924 4470 opus
2957 4399 3110 4469 quod
3138 4397 3306 4451 Pater
3337 4393 3495 4462 facit,
3536 4397 3591 4447 et
3623 4391 3756 4446 facit

2040 4496 2184 4551 illud
2219 4495 2278 4550 in
2313 4494 2426 4549 alio
2459 4492 2602 4557 loco,
2629 4494 2730 4546 aut
2755 4487 2945 4544 exalia
2964 4485 3228 4541 materia.
3265 4484 3462 4538 Omnia
3484 4482 3637 4538 enim
3657 4497 3757 4553 per

2039 4587 2218 4656 ipsum
2244 4585 2390 4652 facta
2420 4583 2568 4651 sunt,
2600 4583 2651 4635 et
2681 4580 2799 4634 sine
2826 4579 2938 4648 ipso
2966 4577 3173 4647 factum
3205 4578 3285 4629 est
3316 4570 3478 4627 nihil.
3511 4570 3760 4626 Verbum

2039 4673 2223 4730 Patris
2256 4669 2562 4737 estFilius,
2581 4667 2728 4725 nihil
2759 4666 2904 4723 dixit
2933 4665 3086 4722 Deus
3109 4664 3259 4737 quod
3285 4678 3399 4720 non
3423 4661 3643 4718 dixitin
3662 4660 3756 4717 Fi-

2042 4765 2140 4822 lio.
2173 4761 2430 4820 Dicendo
2458 4759 2614 4816 enim
2650 4759 2708 4815 in
2749 4757 2892 4813 Filio
2925 4756 3076 4829 quod
3111 4755 3364 4813 facturus
3396 4757 3518 4810 erat
3550 4766 3651 4824 per
3674 4751 3759 4807 Fi-

2042 4855 2208 4923 lium,
2240 4855 2439 4926 ipsum
2473 4853 2681 4908 Filium
2726 4849 2922 4924 genuit
2965 4864 3066 4920 per
3094 4864 3264 4919 quem
3303 4847 3512 4902 faceret
3537 4845 3753 4900 omnia.

2109 4946 2162 5001 5.
2197 4947 2260 5000 Et
2288 4945 2509 5012 maiora
2535 4943 2618 4998 his
2643 4939 3038 4998 demonstrabit
3069 4941 3124 4994 ei
3151 4955 3344 5010 opera,
3381 4942 3443 4992 ut
3471 4951 3559 4991 vos
3592 4935 3754 4987 mire-

2038 5031 2198 5087 mini.
2235 5031 2461 5087 Rursus
2521 5029 2617 5085 bic
2650 5029 2870 5084 turbat.
2900 5027 2969 5082 Et
3000 5026 3135 5096 quis
3166 5031 3253 5080 est
3283 5022 3381 5092 qui
3416 5021 3588 5090 digne
3618 5033 3756 5091 per-

2039 5127 2340 5180 scrutetur
2391 5121 2497 5178 hoc
2525 5125 2754 5178 tantum
2802 5115 3133 5176 secretum?
3162 5115 3270 5168 Sed
3322 5113 3445 5182 jam
3478 5111 3753 5180 quoniam

2041 5213 2206 5270 nobis
2229 5213 2388 5284 loqui
2420 5213 2695 5282 dignatus
2714 5215 2824 5277 est,
2857 5208 2983 5278 ipse
3005 5205 3207 5276 aperit.
3231 5200 3428 5270 Neque
3449 5200 3602 5256 enim
3635 5197 3753 5254 vel-

2042 5305 2121 5361 let
2151 5307 2338 5360 dicere
2370 5303 2520 5374 quod
2555 5300 2734 5358 nollet
2763 5297 3034 5367 intelligit
3065 5311 3077 5349 :
3113 5293 3250 5364 quia
3268 5292 3458 5346 dicere
3481 5291 3755 5363 dignatus

2040 5397 2145 5461 est,
2178 5393 2304 5449 sine
2330 5390 2506 5446 dubio
2539 5386 2808 5443 excitavit
2837 5382 3193 5439 audientiam
3221 5379 3534 5451 ;numquid
3583 5396 3755 5453 quem

2041 5481 2309 5540 excitavit
2341 5486 2400 5536 ut
2434 5478 2682 5544 audiret,
2733 5473 3046 5529 excitatum
3082 5471 3346 5529 deserit?
3374 5469 3663 5538 Diximus,
3696 5479 3756 5526 ut

2043 5571 2359 5642 potuimus,
2383 5583 2497 5623 non
2512 5562 2911 5637 temporaliter
2923 5562 3069 5619 scire
3087 5561 3320 5636 Filium,
3335 5577 3442 5620 nec
3453 5560 3613 5618 aliud
3631 5576 3757 5618 esse

2109 5677 2124 5710 ι
2151 5674 2211 5722 1n
2247 5670 2432 5720 decem
2461 5666 2607 5727 Mss"
2637 5681 2728 5718 nec
2754 5664 2934 5731 perdit
2963 5664 3150 5718 lucere.
