4126 6194
383 322 540 382 1567

386 456 514 514 Filii
539 458 866 528 scientiam,
893 459 1049 516 aliud
1074 461 1264 533 ipsum
1291 462 1496 517 Filium
1525 480 1538 529 ;
1563 467 1618 517 et
1642 462 1797 518 aliud
1816 479 1941 518 esse
1965 462 2090 518 Filii

385 548 690 617 visionem,
724 549 945 605 etaliud
973 550 1164 623 ipsum
1187 553 1396 608 Filium
1426 570 1438 608 :
1473 555 1568 609 sed
1601 553 1788 624 ipsam
1813 552 2092 608 visionem

383 654 511 693 esse
543 638 770 704 Filium,
805 645 860 696 et
885 641 1074 712 ipsam
1097 642 1398 697 scientiam
1427 643 1510 698 vel
1531 644 1882 714 sapientiam
1906 641 2094 696 Patris

384 744 510 784 esse
536 728 767 795 Filium,
791 746 1032 800 eamque
1054 731 1397 803 sapientiam
1422 737 1477 789 et
1494 749 1617 788 eam
1636 733 1917 788 visionem
1937 737 2094 785 aeter-

384 835 518 874 nam
553 835 680 875 esse
712 819 783 874 ab
815 827 1050 890 aeterno,
1087 827 1143 877 et
1165 823 1215 878 ei
1239 842 1270 878 a
1293 840 1406 894 quo
1430 828 1517 878 est
1547 831 1888 880 comternam
1918 825 1933 856 ¹
1964 835 2098 890 ;nec

380 906 460 963 ibi
497 925 596 980 per
634 914 868 982 tempus
889 912 1110 982 aliquid
1127 915 1331 969 variari
1359 930 1371 980 ;
1405 932 1510 971 nec
1528 916 1743 986 aliquid
1770 916 1924 970 nasci
1945 916 2098 985 quod

386 1015 502 1054 non
535 1008 691 1067 erat;
729 1017 832 1055 nec
863 1001 1081 1071 aliquid
1121 1005 1307 1073 perire
1352 1006 1505 1074 quod
1547 1011 1688 1060 erat.
1724 1004 2011 1071 Diximus,
2037 1009 2103 1060 ut

389 1089 709 1160 potuimus.
743 1091 888 1155 Quid
935 1107 1071 1162 ergo
1117 1091 1209 1148 hic
1260 1094 1430 1149 modo
1465 1096 1595 1149 facit
1628 1099 1878 1165 tempus,
1914 1099 1976 1150 ut
2009 1095 2102 1149 di-

390 1184 563 1247 ceret,
620 1181 840 1249 majora
897 1181 981 1235 his
1024 1182 1417 1239 demonstrabit
1465 1187 1516 1240 ei
1546 1185 1760 1256 Opera?
1794 1185 1849 1240 id
1883 1190 1970 1240 est
2004 1187 2104 1242 de-

395 1276 818 1327 monstraturus
861 1277 966 1335 est,
1019 1273 1127 1330 hoc
1178 1283 1261 1331 est
1311 1278 1755 1333 demonstrabit.
1789 1277 1957 1332 Aliud
2017 1283 2105 1332 est

387 1361 825 1433 demonstravit,
861 1365 1015 1420 aliud
1049 1373 1135 1422 est
1167 1368 1624 1424 demonstrabit:
1651 1368 2101 1429 demonstravit,

389 1451 459 1505 de
511 1454 795 1524 praeterito
827 1455 1110 1522 dicimus;
1145 1456 1584 1526 demonstrabit,
1621 1460 1690 1513 de
1722 1461 1917 1515 futuro
1961 1459 2106 1514 dici-

391 1558 546 1598 mus.
581 1544 724 1609 Quid
755 1561 892 1616 ergo
925 1545 1016 1600 hic
1036 1547 1284 1617 agimus,
1312 1549 1512 1603 fratres
1532 1548 1560 1602 ‘I
1583 1553 1722 1604 Ecce
1755 1566 1925 1620 quem
1951 1550 2106 1603 dixe-

393 1647 593 1688 ramus
608 1633 757 1687 Patri
774 1637 1294 1701 cozeternum,nihil
1318 1638 1372 1690 in
1396 1636 1493 1691 illo
1512 1639 1719 1693 variari
1741 1643 2104 1708 pertempus,

396 1722 540 1777 nihil
581 1725 790 1779 moveri
827 1725 1121 1796 perspatia
1141 1725 1226 1781 vel
1253 1735 1677 1783 momentorum
1709 1727 1794 1782 vel
1821 1728 2103 1788 locorum,

396 1827 630 1867 manere
685 1829 913 1884 semper
963 1830 1093 1869 cum
1136 1817 1299 1870 Patre
1343 1818 1965 1881 videntem,videntem
1999 1817 2106 1871 Pa-

391 1905 539 1956 trem
573 1907 628 1956 et
657 1903 902 1958 videndo
924 1905 1289 1973 existentem,
1313 1922 1516 1960 rursus
1541 1907 1708 1961 nobis
1736 1917 1991 1976 tempora
2015 1922 2108 1961 no-

395 1993 650 2060 minans,
680 1992 1069 2048 demonstrabit
1100 1997 1171 2059 ei,
1204 1995 1414 2065 inquit,
1447 1997 1528 2050 his
1558 1997 1804 2067 majora.
1833 1997 1974 2066 Ergo
2010 1997 2104 2050 de-

394 2087 824 2138 monstraturus
841 2088 926 2138 est
957 2083 1148 2139 adhuc
1181 2084 1392 2153 aliquid
1415 2085 1577 2151 Filio,
1613 2087 1764 2156 quod
1805 2102 1918 2141 non
1949 2087 2106 2140 novit

395 2172 576 2227 Filius
599 2172 784 2238 'IQuid
800 2189 935 2242 ergo
955 2174 1200 2230 facimus
1226 2174 1668 2244 ?quomodohoc
1689 2176 2067 2248 intelligimus

392 2264 533 2317 Ecce
557 2261 838 2317 Dominus
852 2268 1046 2317 noster
1065 2264 1233 2319 Jesus
1248 2265 1509 2320 Christus
1529 2282 1762 2320 sursum
1778 2277 1915 2333 erat,
1938 2265 2102 2322 deor.

397 2368 529 2406 sum
552 2351 914 2414 est.Quando
937 2370 1168 2409 sursum
1193 2355 1363 2410 erat?
1384 2356 1623 2420 Quando
1642 2356 1806 2421 dixit,
1830 2358 2106 2424 Quaecum-

396 2455 497 2509 que
523 2441 656 2508 facit
682 2441 867 2509 Pater,
900 2440 1012 2496 haec
1028 2442 1215 2496 eadem
1232 2448 1281 2498 et
1306 2445 1474 2498 Filius
1489 2446 1623 2512 [acii
1639 2443 1922 2500 similiter.
1946 2444 2106 2499 Unde

398 2529 569 2584 modo
601 2531 870 2586 deorsum
904 2531 930 2584 ?
959 2533 1162 2603 Majora
1213 2534 1296 2588 his
1341 2529 1730 2589 demonstrabit
1759 2537 1811 2589 ei
1841 2551 2027 2601 opera.
2064 2533 2106 2587 Ο

395 2620 639 2676 Domine
667 2620 808 2676 Jesu
836 2621 1082 2688 Christe,
1100 2623 1344 2680 salvator
1364 2629 1574 2690 noster,
1607 2624 1859 2678 Verbum
1885 2624 1983 2679 Dei
2010 2641 2110 2695 per

398 2713 547 2780 quod
570 2713 722 2767 facta
746 2717 880 2766 sunt
901 2715 1121 2782 omnia,
1144 2715 1282 2784 quid
1299 2715 1403 2770 tibi
1421 2717 1585 2770 Pater
1600 2718 2108 2770 demonstraturus

401 2806 482 2853 est
513 2800 665 2869 quod
696 2800 886 2855 adhuc
945 2803 1131 2857 nescis
1153 2802 1181 2855 ?
1212 2803 1351 2873 quid
1385 2811 1436 2858 te
1465 2803 1604 2859 latet
1634 2802 1869 2859 Patris?
1898 2803 2035 2874 quid
2057 2807 2112 2858 te

405 2889 541 2943 latet
579 2890 638 2944 in
695 2890 888 2958 Patre,
925 2905 1095 2962 quem
1122 2908 1234 2948 non
1264 2892 1394 2947 latet
1421 2892 1583 2948 Pater
1611 2893 1637 2947 ‘t
1662 2910 1788 2965 quae
1813 2909 1985 2962 opera
2007 2891 2110 2946 tibi

408 2978 626 3048 majora
643 2979 1284 3037 demonstraturusest?
1301 2986 1402 3037 aut
1432 2984 1644 3054 quibus
1673 2984 1943 3053 operibus
1990 2999 2111 3037 ma-

398 3069 530 3138 jora
561 3073 699 3125 sunt
731 3087 856 3142 quae
881 3070 1378 3128 demonstraturus
1408 3072 1544 3130 est?
1565 3074 1706 3129 Cum
1761 3073 1916 3129 enim
1948 3073 2113 3142 dixit,

403 3158 614 3230 majora
646 3158 749 3226 his,
781 3160 1064 3215 debemus
1080 3160 1241 3231 prius
1281 3162 1599 3233 intelligere
1631 3162 1843 3234 quibus
1878 3163 2113 3233 majora.

473 3249 527 3303 6.
562 3250 945 3306 Recordemur
978 3253 1131 3307 unde
1172 3267 1357 3308 sermo
1399 3253 1507 3308 iste
1539 3254 1841 3324 processit.
1875 3253 2117 3316 Quando

406 3349 641 3395 curatus
661 3347 746 3396 est
769 3339 864 3396 ille
894 3342 991 3412 qui
1025 3342 1263 3413 triginta
1301 3347 1358 3398 et
1402 3347 1529 3399 octo
1561 3360 1745 3399 annos
1776 3343 2028 3398 habebat
2058 3341 2118 3397 in

409 3429 769 3498 inﬁrmitate,
827 3437 884 3487 et
934 3433 1108 3503 jussit
1158 3450 1292 3488 cum
1326 3433 1551 3489 salvum
1587 3432 1787 3489 tollere
1811 3433 2116 3504 grabatum

412 3534 610 3588 suum,
643 3523 698 3575 et
719 3520 804 3577 ire
826 3520 885 3576 in
910 3521 1151 3577 domum
1186 3537 1372 3578 suam.
1407 3522 1552 3577 Hinc
1577 3522 1732 3577 enim
1758 3521 1943 3576 Judaei
1966 3536 2123 3576 com-

413 3608 576 3676 moti,
608 3625 741 3666 cum
773 3611 985 3680 quibus
1016 3611 1390 3682 loquebatur:
1436 3611 1785 3683 loquebatur
1816 3611 2030 3678 verbis,
2063 3613 2120 3664 et

408 3700 638 3756 tacebat
667 3699 964 3756 intellectu
992 3718 1004 3769 ;
1037 3702 1466 3772 quodammodo
1489 3700 2120 3774 innuebatintelligen-

408 3789 584 3859 tibus,
636 3790 861 3846 celabat
920 3792 1337 3849 irascentibus:
1395 3793 1531 3848 hinc
1564 3809 1699 3863 ergo
1758 3809 1893 3847 cum
1927 3798 2121 3848 essent

408 3879 682 3935 commoti
712 3881 918 3950 Judei,
953 3883 1087 3952 quia
1126 3883 1234 3939 hoc
1278 3884 1513 3939 sabbato
1550 3884 1829 3940 Dominus
1889 3885 2118 3950 faceret,

408 3971 692 4026 dederunt
731 3974 1092 4029 occasionem
1137 3977 1392 4032 sermoni
1425 3976 1579 4032 huic.
1604 3979 1729 4034 Non
1753 3994 1888 4049 ergo
1906 3977 1991 4033 sic
2025 3993 2122 4033 au-

410 4061 642 4115 diamus
673 4059 793 4117 haec
817 4065 1100 4132 tanquam
1121 4065 1282 4119 obliti
1311 4082 1436 4135 quae
1456 4081 1632 4136 supra
1656 4067 1810 4122 dicta
1840 4071 1996 4137 sunt,
2021 4067 2120 4122 sed

411 4148 796 4220 respiciamus
811 4149 977 4205 illum
999 4151 1340 4223 languidum
1357 4153 1593 4225 triginta
1611 4159 1666 4209 et
1685 4161 1812 4211 octo
1837 4171 2122 4212 annorum

415 4239 609 4294 subito
660 4239 870 4296 factum
918 4257 1151 4309 sanum,
1186 4244 1612 4298 admirantibus
1651 4245 1869 4300 Judeeis
1909 4250 1965 4300 et
2004 4245 2126 4300 ira-

414 4329 732 4387 scentibus.
785 4330 1132 4394 Querebant
1181 4334 1450 4389 tenebras
1502 4335 1689 4407 magis
1740 4335 1810 4390 de
1859 4334 2122 4402 sabbato,

415 4435 587 4489 quam
618 4419 816 4477 lumen
850 4422 920 4478 de
952 4423 1253 4479 miraculo.
1289 4423 1388 4480 His
1417 4440 1550 4496 ergo
1581 4425 2021 4496 indignantibus
2045 4426 2126 4480 lo-

413 4524 616 4582 quens,
652 4512 726 4567 ait
757 4511 887 4580 hoc,
921 4512 1124 4583 Maiora
1160 4515 1245 4571 his
1293 4516 1693 4572 demonstrabit
1738 4518 2004 4587 ei0pera.
2036 4518 2128 4571 His

419 4601 629 4670 majora
664 4618 676 4656 :
710 4602 923 4673 quibus
945 4603 972 4659 ἓν
1020 4604 1178 4668 Quod
1206 4605 1431 4662 vidistis
1454 4608 1757 4664 hominem
1779 4607 1996 4663 factum
2034 4625 2128 4662 sa-

421 4705 585 4759 num,
633 4694 800 4763 cujus
849 4693 1096 4766 languor
1144 4698 1445 4753 duraverat
1490 4714 1674 4771 usque
1714 4699 1785 4753 ad
1822 4697 2053 4770 triginta
2073 4700 2131 4752 et

420 4783 546 4834 octo
577 4797 784 4842 annos.
817 4782 909 4839 his
942 4785 1163 4855 majora
1190 4787 1355 4842 Pater
1386 4787 1895 4844 demonstraturus
1920 4794 2008 4844 est
2039 4787 2130 4842 Fi-

418 4867 517 4925 lio.
551 4872 685 4936 Quae
716 4876 856 4926 sunt
885 4874 1107 4942 majora
1127 4878 1154 4928 ?
1184 4876 1474 4946 Sequitur,
1509 4882 1564 4932 et
1594 4877 1736 4932 dicit
1769 4894 1780 4930 :
1806 4877 1956 4933 Sicut
1985 4881 2131 4932 enim

416 4961 582 5016 Pater
609 4962 836 5017 suscitat
854 4967 1094 5019 mortuos
1118 4969 1169 5020 et
1199 4967 1456 5036 viviﬁcat,
1489 4968 1566 5021 sic
1594 4975 1644 5021 et
1675 4967 1846 5022 Filius
1868 4983 1996 5038 quos
2019 4970 2132 5022 vult

421 5053 674 5122 viviﬁcat.
715 5052 896 5109 Plane
938 5054 1162 5125 majora
1205 5055 1493 5113 suntista.
1520 5055 1863 5113 Valdeenim
1891 5058 2021 5130 plus
2045 5061 2133 5114 est

421 5147 485 5196 ut
517 5147 785 5216 resurgat
814 5148 1103 5211 mortuus,
1138 5161 1313 5216 quam
1345 5150 1410 5200 ut
1441 5146 1806 5202 convalescat
1849 5152 2128 5220 aegrotus:

423 5232 641 5300 majora
665 5238 806 5290 sunt
843 5232 971 5290 ista.
996 5234 1110 5290 Sod
1147 5237 1378 5306 quando
1409 5252 1476 5291 ea
1501 5236 1668 5291 Pater
1701 5237 2134 5292 demonstratu-

427 5337 526 5375 rus
557 5329 646 5378 est
668 5324 810 5381 Filio
840 5325 867 5381 ‘I
890 5325 1085 5381 Nescit
1115 5328 1267 5382 enim
1290 5342 1358 5382 ea
1379 5326 1561 5382 Filius
1586 5327 1614 5380 ‘?
1643 5329 1698 5382 et
1732 5327 1830 5381 ille
1853 5325 2134 5398 quiloque

425 5409 612 5476 batur,
641 5420 1005 5471 nonnoverat
1024 5421 1283 5473 mortuos
1326 5415 1846 5472 suscitare?adbuc
1884 5416 2138 5471 habebat

428 5497 648 5554 discere
715 5506 1056 5560 rssuscitare
1113 5511 1392 5569 mortuos.
1425 5525 1526 5579 per
1589 5524 1761 5579 quem
1810 5507 1960 5563 facta
2006 5511 2140 5562 sunt

425 5603 517 5646 om
531 5589 620 5644 nia
639 5588 666 5644 ‘t
698 5590 797 5662 qui
820 5592 952 5650 fecit
971 5599 1038 5651 ut
1055 5595 1396 5668 viveremus,
1419 5598 1516 5669 qui
1538 5614 1653 5654 non
1674 5613 1926 5664 eramus,
1949 5595 2140 5653 adhuc

501 5736 686 5793 tMss.,
718 5734 783 5785 ab
805 5739 993 5786 eterna
1024 5738 1183 5787 etiam
1220 5739 1301 5788 cui
1330 5741 1406 5787 est
1435 5744 1704 5792 eoeterna.

1331 325 1410 385 IN
1456 325 1782 386 JOANNIS
1829 323 2376 399 EVANGELIUM,
2426 327 2491 386 S.
2538 325 2965 388 AUGUSTINI

3755 320 3911 384 1568

2201 461 2449 517 habebat
2463 461 2682 517 discere
2698 465 2758 516 ut
2777 464 3260 519 resuscitaremur
3280 464 3307 517 ?
3321 461 3464 530 Quid
3490 466 3580 516 est
3600 476 3737 532 ergo
3761 462 3916 534 quod

2203 551 2324 606 vult
2355 551 2545 606 dicere
2564 551 2591 605 Ἰ

2273 641 2325 694 7.
2370 642 2678 697 Descendit
2709 644 2862 699 enim
2895 645 2965 699 ad
2999 661 3125 714 nos,
3157 649 3213 700 et
3243 643 3343 716 qui
3379 641 3548 714 paulo
3568 645 3700 697 ante
3732 640 3924 712 loque-

2209 731 2373 786 batur
2405 737 2468 786 ut
2498 732 2673 800 Deus,
2707 735 2877 805 cmpit
2908 735 3065 806 loqui
3110 740 3172 791 ut
3221 735 3417 790 homo.
3454 735 3578 802 Ipse
3608 735 3922 788 esttamen

2211 823 2380 878 homo
2404 822 2854 895 quiDeus,quia
2879 826 3031 881 Deus
3075 826 3262 881 factus
3307 830 3391 880 est
3439 823 3776 879 homozsed
3835 821 3921 876 fa-

2211 917 2337 968 ctus
2387 915 2536 984 quod
2591 933 2704 970 non
2755 922 2900 984 erat,
2935 934 3048 972 non
3099 919 3377 972 amittens
3419 917 3566 987 quod
3597 919 3738 970 erat.
3773 913 3923 983 Ergo

2213 1006 2457 1060 accessit
2515 1005 2689 1061 homo
2738 1007 2876 1076 Deo,
2911 1016 2972 1062 ut
3021 1013 3170 1063 esset
3223 1009 3390 1063 homo
3449 1007 3544 1077 qui
3580 1009 3706 1061 erat
3748 1004 3924 1072 Deus,

2215 1113 2326 1151 non
2363 1097 2560 1166 utjam
2591 1097 2764 1152 homo
2790 1102 2961 1164 esset,
2987 1104 3181 1154 etnon
3212 1103 3368 1154 esset
3404 1100 3571 1152 Deus.
3599 1095 3929 1151 Audiamus

2212 1201 2346 1257 ergo
2379 1201 2510 1240 eum
2531 1191 2588 1241 et
2620 1186 2877 1255 fratrem,
2912 1188 3010 1258 qui
3049 1192 3064 1223 ί
3099 1187 3484 1243 audiebamus
3513 1185 3875 1241 conditorem
3914 1197 3930 1240 :

2213 1277 2593 1346 conditorem,
2651 1278 2790 1348 quia
2865 1278 3119 1333 Verbum
3194 1279 3250 1331 in
3313 1277 3926 1349 principio;fratrem,

2214 1365 2352 1436 quia
2402 1372 2607 1422 natum
2677 1383 2745 1422 ex
2799 1368 3019 1438 virgine
3079 1369 3305 1423 Maria:
3367 1367 3726 1422 conditorem
3792 1368 3927 1418 ante

2213 1457 2522 1521 Abraham,
2556 1462 2688 1512 ante
2719 1459 2920 1525 Adam,
2955 1466 3086 1513 ante
3115 1463 3354 1524 terram,
3381 1462 3512 1512 ante
3533 1455 3769 1522 caelum,
3793 1458 3929 1508 ante

2217 1548 2413 1602 omnia
2444 1548 2765 1618 corporalia
2787 1557 2838 1604 et
2862 1547 3222 1619 spiritualia;
3257 1548 3486 1602 fratrem
3520 1554 3710 1600 autem
3745 1561 3811 1600 ex
3843 1558 3932 1598 se-

2217 1637 2374 1692 mina
2429 1638 2694 1703 Abrahae,
2728 1655 2795 1693 ex
2852 1639 3006 1692 tribu
3065 1638 3239 1704 Juda,
3297 1654 3364 1693 ex
3422 1636 3654 1705 Virgine
3694 1633 3930 1690 Israeli-

2215 1728 2350 1784 tica.
2386 1729 2444 1784 Si
2477 1745 2611 1801 ergo
2657 1730 2920 1785 novimus
2964 1730 3141 1798 hunc,
3193 1730 3294 1800 qui
3350 1727 3516 1783 nobis
3561 1725 3839 1797 loquitur,
3871 1728 3931 1779 et

2216 1819 2393 1874 Deum
2426 1818 2812 1885 ethominem,
2834 1820 3230 1891 intelligamus
3245 1819 3413 1874 verba
3427 1817 3528 1873 Dei
3555 1820 3612 1873 et
3626 1815 3884 1871 hominis
3914 1828 3929 1869 :

2216 1908 2530 1979 aliquando
2561 1909 2718 1964 enim
2743 1909 2876 1964 talia
2933 1909 3101 1964 nobis
3149 1909 3291 1963 dicit
3329 1924 3456 1978 quas
3499 1906 3825 1976 pertineant
3855 1902 3931 1957 ad

2218 2000 2604 2068 majestatem,
2639 2000 2954 2070 aliquando
2987 2016 3111 2070 quae
3153 1999 3480 2069 pertineant
3510 1997 3580 2051 ad
3618 1995 3936 2050 humilita-

2216 2094 2353 2144 tem.
2391 2090 2520 2159 lpse
2553 2090 2709 2144 enim
2741 2091 3026 2156 excelsus,
3061 2089 3159 2159 qui
3193 2086 3433 2142 humilis
3466 2090 3529 2140 ut
3553 2102 3656 2140 nos
3677 2083 3936 2139 humiles

2218 2180 2389 2235 faciat
2439 2179 2694 2234 excelsos
2725 2189 2765 2232 2.
2800 2178 2946 2244 Quid
2997 2194 3130 2249 ergo
3181 2175 3310 2232 ait?
3352 2174 3756 2231 Demonstrabit
3789 2172 3935 2226 mihi

2216 2271 2379 2324 Pater
2407 2270 2492 2323 his
2523 2268 2752 2338 majora,
2789 2277 2846 2322 ut
2878 2285 2966 2324 vos
2995 2268 3295 2323 miremini.
3334 2271 3476 2336 Ergo
3510 2265 3676 2320 nobis
3721 2267 3805 2318 est
3836 2262 3940 2317 de-

2219 2365 2670 2425 monstraturus,
2705 2375 2817 2413 non
2869 2358 2974 2413 illi.
3006 2358 3150 2413 Cum
3203 2373 3338 2428 ergo
3369 2355 3540 2411 nobis
3571 2355 3648 2410 sit
3678 2354 3935 2408 demon-

2217 2457 2507 2507 straturus
2565 2455 2760 2516 Pater;
2806 2454 3109 2520 propterea
3163 2449 3326 2517 dixit,
3358 2451 3416 2501 ut
3467 2463 3554 2503 vos
3620 2443 3940 2500 miremini.

2215 2540 2487 2612 Exposuit
2515 2539 2670 2595 enim
2695 2540 2844 2610 quod
2906 2537 3081 2594 voluit
3122 2539 3331 2605 dicere,
3367 2535 3764 2593 Demonstrabit
3790 2532 3945 2588 mihi

2219 2633 2399 2684 Pater.
2436 2629 2622 2691 Quare
2682 2644 2798 2682 non
2857 2628 3022 2696 dixit,
3072 2626 3496 2683 Demonstrabit
3526 2623 3690 2680 vobis
3720 2623 3937 2685 Pater;

2219 2720 2343 2788 sed,
2373 2717 2680 2773 demonstra
2695 2716 2770 2772 bit
2816 2716 3000 2771 Filio?
3029 2715 3175 2779 Quia
3226 2720 3282 2770 et
3309 2731 3413 2769 nos
3449 2713 3707 2768 membra
3737 2726 3946 2766 sumus

2222 2808 2385 2876 Filii;
2433 2817 2487 2864 et
2519 2825 2624 2863 nos
2657 2807 2920 2863 membra
2964 2812 3243 2877 tanquam
3292 2805 3445 2876 quod
3477 2803 3782 2867 discimus,
3815 2801 3949 2870 ipse

2221 2899 2388 2955 discit
2421 2898 2923 2970 quodammodoin
2953 2895 3235 2952 membris
3259 2896 3402 2950 suis.
3437 2892 3738 2959 Quomodo
3761 2890 3942 2945 discit

2223 2990 2284 3046 in
2317 2991 2531 3046 nobis?
2563 2988 2862 3052 Quomodo
2896 2987 3114 3059 patitur
3135 2987 3194 3041 in
3217 2985 3408 3042 nobis.
3433 2983 3592 3039 Unde
3626 2983 3949 3054 probamus

2225 3081 2363 3152 quia
2403 3080 2620 3151 patitur
2663 3079 2721 3134 in
2770 3076 2986 3134 nobis?
3015 3082 3092 3132 Ex
3131 3075 3232 3131 illa
3255 3091 3387 3131 voce
3429 3074 3500 3130 de
3540 3075 3717 3128 caalo:
3751 3070 3946 3138 Saule,

2227 3171 2412 3238 Saute,
2455 3170 2586 3242 quid
2632 3186 2718 3224 me
2775 3169 3110 3241 persequeris
3167 3168 3302 3238 (Aet.
3338 3183 3411 3234 iv,
3441 3165 3534 3236 ψ
3592 3163 3792 3219 Nonne
3814 3160 3948 3231 ipse

2229 3266 2318 3316 est
2349 3261 2445 3331 qui
2475 3261 2656 3332 judex
2697 3260 2756 3314 in
2804 3259 2920 3314 ﬁne
2983 3257 3177 3312 saeculi
3227 3254 3525 3320 residebit,
3569 3258 3625 3308 et
3648 3253 3834 3322 justos
3871 3250 3946 3304 ad

2229 3351 2524 3407 dexteram
2561 3365 2806 3421 ponens,
2843 3349 3078 3419 iniquos
3109 3355 3303 3403 autem
3328 3346 3396 3400 ad
3431 3343 3728 3399 sinistram
3754 3341 3951 3395 dictu-

2233 3458 2332 3495 rus
2385 3446 2490 3507 est,
2516 3436 3004 3505 Venite,benedicti
3035 3438 3224 3493 Patris
3245 3436 3374 3501 mei,
3398 3432 3665 3506 percipite
3678 3444 3956 3499 regnum:

2231 3531 2447 3587 esurivi
2475 3530 2646 3599 enim,
2677 3538 2726 3584 et
2754 3529 2974 3583 dedistis
3003 3527 3144 3582 mihi
3172 3527 3514 3580 manducare
3535 3526 3827 3592 7cumque
3861 3519 3954 3574 illi

2234 3620 2656 3693 responderint,
2691 3619 2930 3680 Domine.
2966 3617 3181 3690 quando
3214 3624 3265 3673 te
3305 3614 3542 3670 vidimus
3572 3615 3904 3670 esurientem
3927 3610 3956 3666 ?

2231 3716 2498 3770 dicturus
2547 3717 2630 3768 est
2680 3712 2784 3779 eis,
2811 3712 2947 3766 Cum
2985 3712 3087 3766 uni
3142 3726 3212 3766 ea:
3255 3707 3505 3763 minimis
3536 3707 3669 3761 meis
3699 3704 3952 3771 dedistis,

2229 3809 2370 3863 mihi
2425 3803 2654 3861 dedistis
2702 3802 2906 3873 (Matth.
2967 3818 3094 3870 xxv,
3152 3801 3363 3869 31-40).
3418 3797 3527 3862 Qui
3584 3813 3718 3868 ergo
3778 3794 3956 3860 dixit,

2233 3899 2367 3954 Cum
2423 3905 2546 3961 unt,
2585 3912 2656 3952 ea:
2686 3895 2934 3949 minimis
2965 3895 3102 3948 meis
3132 3890 3378 3958 dedistis,
3415 3889 3559 3944 mihi
3585 3887 3819 3943 dedistis
3843 3901 3870 3947 ;
3901 3893 3960 3941 et

2231 4005 2388 4044 nunc
2435 3986 2825 4056 interrogetur
2846 4002 2876 4039 a
2908 3982 3096 4050 nobis,
3128 3986 3186 4036 et
3244 3982 3512 4036 dicamus
3545 3977 3649 4041 illi,
3672 3974 3959 4042 Domine,

2234 4077 2467 4149 quando
2498 4076 2611 4131 eris
2641 4075 2661 4109 ³
2692 4075 2943 4138 discens,
2978 4089 3112 4129 cum
3146 4079 3206 4127 tu
3230 4071 3434 4126 doceas
3461 4067 3704 4125 omnia?
3733 4065 3960 4121 Statim

2233 4169 2386 4226 enim
2420 4169 2587 4224 nobis
2617 4168 2674 4222 in
2707 4167 2819 4222 ﬁde
2852 4171 3052 4222 nostra
3110 4163 3439 4236 respondet,
3486 4161 3632 4216 Cum
3692 4173 3854 4214 unus
3890 4171 3962 4212 ex

2238 4259 2496 4317 minimis
2520 4258 2665 4313 meis
2689 4257 2880 4322 discit,
2915 4271 3020 4327 ego
3048 4254 3230 4311 disco.

2305 4351 2358 4406 8.
2388 4350 2537 4418 Ergo
2569 4346 2934 4419 gratulemur
2978 4351 3035 4400 ct
3083 4359 3323 4415 agamus
3351 4341 3585 4411 gratias,
3610 4355 3725 4394 non
3759 4337 3962 4393 solum

2238 4458 2344 4497 nos
2375 4438 2728 4495 christianos
2752 4437 2932 4492 factos
2955 4451 3100 4500 esse,
3134 4435 3230 4488 sed
3252 4432 3568 4486 Christum.
3594 4427 3966 4497 Intelligitis,

2239 4530 2467 4595 fratres,
2499 4527 2751 4597 gratiam
2783 4525 2883 4580 Dei
2917 4538 3093 4594 super
3118 4538 3223 4577 nos
3255 4517 3508 4591 capitis?
3536 4515 3965 4584 Admiramini,

2239 4619 2508 4692 gaudete,
2533 4615 2802 4673 Christus
2828 4614 2958 4670 facti
2987 4629 3213 4669 sumus.
3239 4612 3299 4667 Si
3323 4612 3477 4667 enim
3499 4612 3673 4678 caput
3701 4605 3818 4674 ille,
3852 4621 3971 4660 nos

2242 4709 2541 4773 membra;
2583 4711 2742 4762 totus
2775 4706 2968 4771 homo,
3000 4703 3098 4759 ille
3138 4707 3194 4759 et
3223 4718 3350 4758 nos.
3377 4700 3493 4756 Hoc
3523 4697 3785 4768 estquod
3809 4712 3969 4767 apo-

2241 4798 2424 4854 stolus
2458 4797 2597 4852 dicit
2627 4795 2875 4850 Paulus:
2913 4795 2975 4850 Ut
3024 4795 3177 4848 ultra
3226 4793 3340 4861 iam
3369 4806 3478 4845 non
3505 4789 3679 4844 simus
3701 4787 3970 4858 parvuli,

2246 4885 2502 4942 iactatiet
2523 4884 2859 4940 circumdati
2876 4885 3202 4938 omnivento
3234 4880 3519 4936 doctrina.
3543 4877 3829 4948 Superius
3855 4893 3970 4930 au-

2242 4981 2358 5033 tem
2399 4975 2661 5030 dixerat:
2714 4973 2889 5028 Donec
2935 4987 3281 5028 occurramus
3337 4983 3524 5024 omnes
3568 4968 3624 5020 in
3684 4967 3976 5021 unitatem

2241 5066 2386 5136 ﬁdei,
2415 5069 2462 5120 et
2494 5067 2553 5117 in
2583 5063 2927 5132 agnitionem
2952 5061 3085 5116 Filii
3107 5063 3229 5131 Dei,
3262 5062 3320 5115 in
3351 5061 3534 5114 virum
3570 5057 3888 5128 perfectum
3912 5058 3976 5108 in

2243 5172 2555 5211 mensuram
2602 5156 2776 5209 aztatis
2832 5152 3196 5224 plenitudinis
3237 5149 3441 5205 Christi
3498 5147 3713 5218 (Ephes.
3757 5161 3833 5210 iv,
3877 5145 3978 5215 H,

2247 5246 2358 5316 13).
2394 5243 2693 5298 Plenitudo
2742 5258 2879 5312 ergo
2926 5239 3162 5307 Christi,
3196 5244 3371 5308 caput
3401 5245 3455 5291 et
3490 5236 3772 5290 membra.
3811 5234 3977 5296 Quid

2245 5339 2346 5402 est,
2371 5337 2546 5405 caput
2563 5341 2617 5388 et
2650 5332 2908 5387 membra
2928 5330 2956 5383 ‘i
2988 5331 3251 5386 Christus
3273 5335 3330 5383 et
3347 5324 3617 5382 Ecclesia.
3641 5327 3984 5395 Arrogare-

2314 5447 2329 5507 ξ
2358 5443 2415 5507 in
2437 5440 2648 5507 duobus
2673 5441 2815 5507 Mss._,
2853 5454 3020 5504 quem.
3071 5506 3074 5507 ν
3207 5501 3252 5507 __
3382 5500 3392 5507 _
3417 5504 3424 5507 _
3451 5499 3468 5507 _
3699 5497 3708 5506 _
3745 5495 3757 5507 .
3887 5497 3898 5507 .

2313 5505 2333 5538 ‘3
2356 5504 2440 5554 Sic
2464 5505 2587 5554 Bad.
2615 5504 2735 5554 Am.
2774 5495 2875 5552 Er.‘
2893 5507 2943 5553 et
2965 5506 3170 5566 septem
3207 5501 3331 5550 Mss.
3366 5500 3432 5548 At
3451 5499 3598 5556 Lov.,
3620 5497 3708 5561 qui
3737 5495 3988 5545 humiles

2246 5569 2386 5631 facit
2420 5567 2698 5632 excelsos._
2892 5630 2900 5632 _
2954 5627 2969 5632 ,
3107 5628 3118 5632 _
3319 5625 3379 5632 _.
3490 5626 3501 5632 .
3578 5626 3586 5632 .
3838 5621 3884 5632 ..

2316 5632 2504 5690 3l..ov.,
2554 5630 2762 5692 esuris;
2795 5633 2847 5679 et
2890 5627 3045 5683 infra,
3096 5625 3424 5692 intelligitis,
3474 5626 3688 5692 fratres,
3725 5624 3986 5692 gratian

2253 5693 2353 5763 Dei
2397 5683 2549 5763 super
2596 5706 2684 5742 nos
2710 5683 2757 5763 ἲς
2787 5692 3009 5763 capitis,
3057 5683 3420 5763 admiremini,
3474 5683 3592 5763 etc.‘
3619 5683 3992 5763 Eme-admur-

2257 5749 2478 5819 uterque
2507 5756 2660 5807 locus
2695 5755 2759 5806 ad
2792 5749 3054 5806 editiones
3085 5753 3412 5819 antiquiores
3447 5754 3500 5802 et
3529 5749 3596 5801 ad
3617 5749 3741 5798 Mss.
