4146 6186
157 90 278 119 ’⁷
397 93 436 118 π.

219 242 376 303 1569

222 401 347 439 mus
378 383 535 439 enim
570 381 738 438 nobis
778 379 885 433 hoc
932 374 1202 446 superbe,
1257 371 1368 428 nisi
1419 372 1541 442 ipse
1581 373 1924 446 dignaretur

1468 232 1930 298 TRACTATUS
1976 236 2133 297 XXI.
2180 236 2434 298 CAPUT
2477 236 2523 295 Ι.

3590 242 3744 302 1570

2035 375 2149 430 lius
2181 390 2310 445 quos
2340 375 2452 428 vult
2482 372 2745 442 viviﬁcat,
2773 376 2839 427 ut
2868 373 3201 428 ostenderet
3251 371 3328 429 ibi
3379 374 3740 431 voluntatem

219 474 318 528 hoc
343 472 696 541 promittere,
723 468 824 540 qui
859 481 958 536 per
985 460 1320 535 apostolum
1342 462 1612 517 eumdem
1636 463 1808 518 dicit:
1836 464 1925 518 νοὸ
2033 487 2194 526 suam
2233 488 2245 525 :
2279 476 2335 526 et
2383 485 2453 525 ne
2503 471 2628 541 quis
2678 469 2911 525 diceret.
2965 470 3214 525 Suscitat
3265 470 3429 526 Pater
3485 479 3740 529 mortuos

215 573 392 618 autem
423 563 552 618 estis
583 575 780 628 corpus
815 556 1017 612 Christi
1056 563 1110 608 et
1140 551 1390 606 membra
1419 551 1599 622 (lCor.
1635 569 1736 618 xu,
1760 554 1874 621 27).

281 653 336 706 9.
371 650 518 704 Cum
551 665 687 719 ergo
720 645 977 701 ostendit
1006 642 1172 696 Pater
1204 640 1481 695 membris
1515 640 1745 704 Christi,
1769 640 1929 696 Chri-

214 748 297 798 sto
331 739 610 796 ostendit.
645 736 730 790 Fit
765 735 1054 807 quoddam
1092 730 1438 786 miraculum
1475 745 1778 799 magnum,
1827 730 1926 785 sed

215 841 410 888 tamen
437 847 636 886 verum
665 846 677 884 :
711 827 1037 883 ostenditur
1061 823 1290 880 Christo
1327 824 1475 892 quod
1503 827 1740 876 noverat
1771 821 1929 876 Chri-

212 930 363 987 stus,
399 932 451 977 et
481 919 814 975 ostenditur
845 914 1076 970 Christo
1113 929 1211 983 per
1255 912 1574 966 Christum.
1631 912 1739 966 Res
1781 911 1930 966 mira

212 1018 298 1068 est
322 1015 381 1064 et
398 1025 629 1078 magna,
651 1006 751 1060 sed
768 1006 1062 1072 Scriptura
1077 1002 1158 1056 sic
1183 999 1460 1071 loquitur.
1500 999 1870 1054 Contradictu
1883 999 1928 1052 ri

210 1116 426 1155 sumus
453 1095 671 1152 divinis
705 1093 978 1164 eloquiis,
1011 1095 1066 1146 et
1099 1105 1210 1144 non
1241 1089 1428 1158 potius
1467 1088 1837 1154 intellecturi,
1871 1093 1929 1142 et

209 1207 275 1246 ex
309 1187 503 1258 ipsius
535 1189 683 1240 dono
714 1182 764 1238 ei
798 1183 889 1252 qui
915 1180 1150 1236 donavit
1180 1179 1392 1250 gratias
1411 1177 1644 1234 acturi?
1676 1177 1818 1243 Quid
1844 1180 1930 1233 est

209 1281 372 1354 quod
405 1279 544 1342 dixi,
587 1276 1027 1331 demonstratur
1050 1271 1279 1327 Christo
1311 1287 1411 1340 per
1437 1269 1736 1326 Christum
1759 1267 1786 1322 ?
1819 1277 1928 1323 De-

210 1375 574 1426 monstratur
592 1365 877 1421 membris
908 1379 1008 1434 per
1039 1365 1232 1431 caput.
1255 1361 1399 1416 Ecce
1430 1359 1556 1416 vide
1588 1359 1729 1413 illud
1753 1359 1810 1413 in
1834 1363 1925 1414 te:

206 1478 365 1536 pone
398 1466 454 1516 te
485 1457 700 1514 clausis
722 1452 1065 1511 oculisvelle
1089 1451 1310 1523 aliquid
1345 1449 1543 1506 tollere
1569 1451 1782 1518 ;nescit
1806 1467 1931 1504 ma-

207 1570 324 1608 nus
361 1567 470 1621 quo
503 1554 613 1615 eat,
648 1553 704 1602 et
739 1545 937 1616 utique
972 1559 1184 1598 manus
1233 1547 1336 1596 tua
1389 1541 1714 1596 membrum
1759 1545 1930 1596 tuum

207 1647 317 1706 est,
357 1656 474 1695 non
507 1638 664 1692 enirn
699 1653 730 1691 a
763 1649 1000 1703 corpore
1032 1641 1129 1687 tuo
1163 1637 1427 1701 separata
1449 1635 1577 1698 est;
1613 1630 1772 1702 aperi
1796 1645 1927 1684 ocu-

208 1731 318 1797 los,
360 1728 650 1797 videtjam
684 1741 896 1780 manus
941 1739 1058 1795 quo
1107 1729 1218 1788 eat,
1267 1723 1706 1776 demonstrante
1745 1719 1933 1791 capite

210 1818 548 1876 membrum
584 1817 848 1870 secutum
874 1816 980 1866 est.
1013 1810 1067 1865 Si
1104 1826 1241 1881 ergo
1274 1809 1334 1864 in
1361 1818 1411 1864 te
1443 1808 1636 1881 potuit
1686 1808 1930 1863 inveniri

208 1907 325 1964 tale
364 1905 695 1977 aliquid,ut
718 1917 926 1973 corpus
951 1909 1116 1954 tuum
1167 1899 1499 1954 ostenderet
1541 1896 1766 1967 corpori
1807 1901 1926 1963 tuo,

209 2005 263 2054 et
297 2015 411 2070 per
442 2011 657 2066 corpus
687 1999 852 2049 tuum
889 1992 1389 2046 demonstraretur
1435 1988 1656 2060 aliquid
1704 1987 1931 2059 corpori

210 2095 316 2144 tuo
348 2108 365 2156 ;
391 2085 508 2143 noli
545 2084 744 2140 mirari
777 2082 918 2154 quia
940 2082 1157 2136 dictum
1178 2083 1287 2145 est,
1315 2079 1757 2133 demonstratur
1779 2076 1935 2132 Chri-

210 2185 302 2234 sto
337 2193 442 2249 per
463 2176 783 2231 Christum.
806 2171 1176 2227 Demonstrat
1196 2168 1352 2223 enim
1381 2172 1556 2239 caput
1586 2172 1651 2222 ut
1673 2169 1933 2223 membra

219 2268 488 2329 videant,
519 2270 575 2319 et
605 2263 772 2318 docet
806 2265 977 2332 caput
999 2265 1065 2316 ut
1088 2259 1352 2315 membra
1383 2257 1648 2313 discant:
1676 2273 1831 2312 unus
1855 2265 1932 2313 ta-

209 2373 347 2412 men
383 2356 560 2410 homo
591 2357 768 2423 caput
797 2354 853 2406 et
883 2350 1168 2405 membra.
1201 2347 1400 2403 Noluit
1429 2363 1492 2402 se
1523 2347 1930 2418 separare,sed

206 2448 498 2518 dignatus
529 2447 618 2499 est
648 2439 1022 2514 agglutinari.
1064 2439 1251 2510 Longe
1274 2455 1307 2492 a
1340 2437 1506 2492 nobis
1529 2440 1672 2502 erat,
1697 2441 1752 2490 et
1783 2435 1932 2491 mul-

207 2542 336 2595 tum
373 2537 546 2606 longe
579 2549 592 2587 :
631 2535 732 2604 qui
762 2535 886 2587 tam
918 2529 1109 2602 longe,
1141 2545 1316 2600 quam
1351 2529 1652 2583 conditum
1703 2532 1759 2582 et
1798 2543 1936 2583 con—

205 2623 414 2680 ditor?
447 2622 588 2694 quid
619 2627 738 2676 tam
786 2620 975 2690 longe,
1027 2635 1200 2690 quam
1252 2618 1406 2673 Deus
1430 2621 1487 2671 et
1535 2615 1747 2671 homo?
1798 2615 1935 2686 quid

209 2719 327 2771 tam
353 2715 546 2782 longe,
579 2709 1003 2783 quamjustitia
1025 2714 1080 2764 et
1102 2708 1425 2778 iniquitas?
1452 2709 1552 2778 qui
1588 2713 1707 2761 tam
1745 2706 1937 2777 longe,

213 2819 398 2875 quam
435 2802 732 2857 reternitas
753 2806 810 2855 et
845 2797 1164 2854 mortalitas
1192 2796 1383 2852 iEcce
1415 2813 1590 2868 quam
1617 2797 1787 2867 longe
1817 2801 1940 2851 erat

211 2895 483 2951 Verbum
516 2893 575 2947 in
629 2891 913 2962 principio
962 2895 1113 2945 Deus
1155 2889 1306 2960 apud
1367 2889 1568 2953 Deum,
1624 2904 1722 2957 per
1769 2902 1942 2958 quem

215 2987 375 3041 facta
408 2987 550 3040 sunt
581 2983 797 3038 omnia.
836 2981 1135 3045 Quomodo
1158 2994 1292 3050 ergo
1327 2980 1511 3032 factus
1533 2981 1622 3032 est
1650 2993 1846 3047 prope,
1880 2980 1944 3030 ut

216 3076 380 3129 esset
409 3070 568 3142 quod
603 3086 726 3134 nos,
759 3076 810 3123 et
843 3084 946 3123 nos
980 3067 1036 3122 in
1061 3067 1160 3121 illo
1191 3066 1217 3122 ‘2
1277 3066 1508 3121 Verbum
1563 3080 1686 3120 caro
1732 3066 1946 3134 factum

224 3169 326 3232 est,
365 3171 414 3217 et
447 3161 718 3216 habitavit
753 3160 810 3213 in
842 3159 997 3213 nobis
1027 3159 1204 3226 (Joan.
1243 3173 1279 3220 ι,
1313 3157 1420 3225 13).

296 3254 387 3308 10.
425 3255 544 3306 Hoc
576 3265 709 3320 ergo
736 3256 822 3303 est
870 3247 1034 3303 nobis
1084 3247 1595 3301 demonstraturus
1632 3259 1644 3298 :
1687 3243 1797 3299 hoc
1848 3244 1948 3298 de-

223 3341 580 3400 monstravit
609 3337 910 3408 discipulis
943 3337 1203 3408 suis,qui
1238 3335 1444 3389 cumin
1468 3350 1638 3389 carne
1659 3335 1947 3390 viderunt.

225 3433 378 3498 Quid
413 3438 502 3486 est
532 3431 641 3484 hoc
668 3427 695 3483 ἲ
725 3428 875 3482 Sicut
907 3428 1566 3482 Patersuscitatmortuos
1596 3433 1645 3478 et
1672 3423 1908 3492 viviﬁcat
1933 3443 1946 3491 ;

225 3526 304 3578 sic
334 3531 384 3576 et
418 3518 607 3573 Filius
639 3532 774 3588 quos
806 3516 920 3571 vult
953 3515 1208 3583 viviﬁcat.
1247 3513 1484 3569 Aliosne
1519 3512 1708 3578 Pater,
1732 3511 1952 3568 aliosne

230 3612 420 3668 Filius
449 3608 479 3662 ‘I
510 3610 674 3664 Certe
705 3607 904 3662 omnia
932 3621 1032 3676 per
1063 3605 1258 3675 ipsum
1285 3604 1438 3658 facta
1455 3608 1612 3657 sunt.
1642 3603 1788 3668 Quid
1815 3601 1954 3656 dici-

234 3720 392 3765 mus,
409 3702 618 3756 fratres
644 3697 797 3754 mei?
825 3699 1100 3753 Lazarum
1121 3693 1426 3750 suscitavit
1445 3693 1712 3748 Christus
1737 3708 1750 3747 :
1776 3708 1952 3764 quem

235 3797 544 3849 mortuum
579 3788 886 3845 suscitavit
916 3790 1104 3850 Pater,
1131 3791 1196 3840 ut
1225 3785 1445 3839 videret
1474 3783 1732 3838 Christus
1751 3798 1954 3852 quem-

233 3882 558 3938 admodum
595 3879 871 3934 Lazarum
905 3877 1212 3931 suscitaret
1242 3874 1269 3927 ?
1303 3881 1390 3929 An
1435 3873 1668 3945 quando
1693 3871 1953 3928 resusci-

237 3973 383 4028 tavit
417 3972 705 4026 Lazarum
738 3967 1023 4032 Christus,
1049 3981 1164 4020 non
1211 3980 1341 4019 eum
1376 3963 1740 4020 resuscitavit
1768 3963 1952 4031 Pater,

236 4071 291 4119 et
321 4067 454 4120 sine
483 4063 649 4116 Patre
674 4060 806 4114 fecit
835 4059 1010 4113 Filius
1041 4056 1201 4112 solus
1233 4054 1260 4109 ‘t
1292 4054 1483 4125 Legite
1518 4052 1704 4124 ipsam
1759 4052 1954 4108 lectio-

235 4161 478 4221 nem,et
503 4151 695 4205 videte
729 4150 867 4220 quia
909 4147 1129 4201 Patrem
1179 4145 1258 4199 ibi
1308 4144 1531 4198 invocat
1583 4147 1642 4197 ut
1693 4147 1960 4213 resurgat

237 4239 618 4309 Lazarus(1d.
653 4256 730 4304 xx,
767 4237 972 4308 41-44).
999 4237 1162 4292 Sicut
1194 4236 1384 4300 homo,
1420 4232 1648 4286 invocat
1679 4236 1906 4286 Patrem
1942 4248 1955 4286 :

237 4335 390 4390 sicut
422 4333 603 4396 Deus,
631 4329 770 4384 facit
799 4343 930 4382 cum
966 4326 1150 4380 Patre.
1182 4325 1330 4393 Ergo
1360 4328 1416 4377 et
1448 4323 1696 4376 Lazarus
1731 4321 1829 4392 qui
1879 4336 1962 4376 re-

236 4423 514 4487 surrexit,
539 4426 597 4476 et
628 4437 660 4474 a
694 4419 860 4473 Patre
889 4421 945 4472 et
976 4432 1009 4470 a
1058 4414 1198 4469 Filio
1231 4413 1546 4468 suscitatus
1587 4416 1676 4466 est
1708 4411 1763 4464 in
1811 4412 1961 4466 dono

239 4523 292 4572 et
322 4514 522 4585 gratia
556 4510 810 4581 Spiritus
843 4506 1028 4563 sancti
1057 4522 1070 4572 ;
1104 4509 1162 4559 et
1193 4503 1338 4558 illud
1375 4501 1644 4557 mirabile
1667 4517 1812 4571 Opus
1843 4501 1965 4555 Tri-

243 4605 395 4659 nitas
419 4603 576 4656 fectt.
614 4605 732 4655 Non
755 4613 891 4668 ergo
915 4597 998 4651 sic
1031 4593 1451 4664 intelligamus,
1476 4592 1631 4646 Sicut
1656 4592 1822 4645 Pater
1843 4607 1957 4645 sus-

237 4698 376 4750 citat
399 4697 644 4747 mortuos
682 4691 730 4744 et
755 4687 1018 4756 viviﬁcat,
1049 4685 1126 4739 sic
1144 4690 1194 4740 et
1235 4682 1414 4737 Filius
1461 4696 1591 4752 quos
1629 4679 1748 4735 vult
1779 4681 1966 4748 viviﬁ-

239 4792 353 4852 cat,
382 4790 442 4837 ut
473 4783 620 4836 alios
646 4797 679 4834 a
711 4779 873 4833 Patre
905 4774 1236 4832 resuscitari
1285 4779 1340 4828 et
1379 4771 1677 4836 viviticari,
1731 4770 1874 4825 alios
1936 4788 1968 4824 a

243 4875 393 4930 Filio
423 4873 829 4928 existimemus
853 4868 987 4922 :sed
1018 4865 1415 4935 eosdemquos
1435 4862 1596 4916 Pater
1637 4859 1881 4915 suscitat
1912 4864 1969 4914 et

241 4964 523 5030 viviﬁcat,
560 4964 721 5032 ipsos
753 4966 812 5015 et
868 4955 1043 5012 Filius
1095 4954 1341 5010 suscitat
1381 4956 1436 5007 et
1473 4950 1727 5005 vivificat
1762 4969 1774 5016 ;
1831 4949 1968 5020 quia

243 5056 436 5109 omnia
467 5071 568 5126 per
588 5056 768 5124 ipsum
791 5052 938 5121 facta
968 5054 1116 5112 sunt,
1153 5050 1204 5099 et
1237 5044 1355 5098 sine
1377 5045 1490 5113 ipso
1523 5041 1725 5094 laetum
1754 5045 1832 5094 est
1878 5041 1966 5094 ni-

245 5155 346 5208 hil.
390 5145 462 5200 Et
489 5152 548 5199 ut
580 5141 914 5199 ostenderet
945 5137 1159 5193 habere
1199 5150 1262 5189 se
1292 5130 1559 5204 quamvis
1592 5147 1624 5184 a
1653 5129 1818 5184 Patre
1861 5130 1967 5184 da-

248 5243 395 5299 tam'
432 5279 444 5291 .
482 5243 680 5291 tamen
707 5245 901 5302 parem
933 5230 1296 5298 potestatem,
1334 5223 1462 5277 ideo
1497 5220 1597 5287 ait,
1650 5221 1740 5275 Sic
1779 5225 1827 5274 et
1876 5221 1968 5275 Fi-

2041 575 2140 626 per
2161 558 2390 621 Filium,
2428 559 2526 613 sed
2581 558 2675 613 ille
2722 566 2996 628 tanquam
3048 567 3270 627 potens,
3321 563 3599 630 tanquam
3636 576 3743 630 po—

2041 653 2306 705 testatem
2344 650 2582 717 habens,
2635 650 2738 702 iste
2785 653 3064 718 tanquam
3115 663 3178 701 ex
3221 647 3408 703 aliena
3440 655 3740 720 potestate,

2041 742 2317 809 tanquam
2335 737 2598 793 minister
2621 737 3015 808 facitaliquid,
3036 736 3182 791 sicut
3206 736 3477 807 angelus;
3497 745 3745 808 potesta-

2041 833 2155 883 tem
2190 829 2536 898 significavit
2568 827 2660 881 ubi
2696 828 2794 894 ait,
2819 830 2907 883 Sic
2935 837 2985 883 et
3011 829 3163 897 ﬁlius
3183 845 3313 900 quos
3343 829 3455 883 vult
3478 830 3741 900 viviﬁcat.

2039 919 2160 972 Non
2193 921 2347 973 enim
2381 918 2505 972 vult
2534 917 2700 973 Pater
2729 917 2882 972 aliud
2915 934 3086 988 quam
3109 917 3289 973 Filius
3311 919 3438 987 ;sed
3473 918 3751 975 sicutillis

2045 1024 2156 1064 una
2189 1009 2533 1075 substantia,
2567 1011 2649 1064 sic
2681 1016 2734 1062 et
2768 1025 2883 1062 una
2909 1008 3174 1064 voluntas
3207 1014 3313 1064 est.

2116 1099 2200 1151 11.
2233 1099 2296 1152 Et
2328 1099 2424 1168 qui
2458 1107 2593 1151 sunt
2623 1098 2720 1151 isti
2759 1099 2971 1152 mortui
3002 1114 3147 1168 quos
3177 1098 3426 1152 viviﬁcat
3479 1099 3644 1154 Pater
3689 1105 3748 1156 et

2043 1187 2224 1243 Filius
2251 1188 2276 1240 ?
2299 1189 2384 1240 An
2410 1187 2522 1257 ipsi
2554 1193 2692 1240 sunt
2723 1187 2790 1240 de
2815 1187 3028 1256 quibus
3062 1187 3333 1255 diximus,
3359 1189 3630 1257 Lazarus,
3654 1190 3746 1246 vel

2042 1275 2198 1330 filius
2230 1275 2387 1330 illius
2417 1276 2601 1330 viduas
2633 1276 2782 1347 (Luc.
2807 1292 2908 1341 vn,
2954 1276 3040 1341 14,
3086 1277 3193 1346 15),
3249 1276 3331 1330 vel
3384 1277 3501 1332 {illa
3551 1279 3739 1334 archi-

2041 1366 2318 1437 synagogi
2342 1365 2447 1435 (Id.
2481 1383 2601 1423 vni,
2634 1367 2724 1432 54,
2756 1367 2885 1433 55)?
2918 1366 3350 1422 novimusenim
3376 1368 3564 1424 istosa
3585 1370 3746 1425 Chri-

2040 1461 2131 1513 sto
2161 1456 2406 1512 Domino
2430 1457 2758 1512 suscitatos.
2796 1456 2959 1510 Aliud
2993 1456 3211 1526 aliquid
3246 1458 3416 1514 nobis
3455 1459 3746 1516 vultinsi-

2043 1562 2220 1602 nuare
2284 1547 2757 1602 resurrectionem
2830 1545 3054 1600 scilicet
3121 1554 3499 1616 mortuorum,
3569 1565 3744 1618 quam

2045 1651 2251 1691 omnes
2281 1641 2684 1708 exspectamus
2708 1654 2720 1702 ;
2744 1651 2858 1690 non
2886 1634 3045 1690 illam
3065 1651 3241 1706 quam
3261 1636 3501 1707 quidam
3524 1636 3744 1694 habue-

2046 1732 2204 1797 runt,
2240 1734 2302 1785 ut
2333 1727 2628 1784 crederent
2658 1725 2865 1781 caeteri.
2916 1724 3246 1781 Resurrexit
3295 1726 3452 1782 enim
3503 1727 3748 1783 Lazarus

2045 1825 2384 1890 moriturus,
2418 1832 2789 1888 resurgemus
2819 1830 2922 1870 nos
2945 1829 3172 1884 semper
3193 1814 3421 1869 victuri.
3445 1815 3641 1872 Talem
3667 1833 3753 1872 rev

2045 1916 2460 1971 surrectionem
2495 1909 2660 1963 Pater
2689 1906 2842 1971 facit,
2875 1922 2947 1959 an
2981 1903 3210 1960 Filius?
3243 1905 3362 1961 lmo
3404 1921 3535 1963 vero
3585 1906 3753 1962 Pater

2045 2006 2104 2061 in
2138 2003 2298 2060 Filio.
2327 2006 2478 2072 Ergo
2510 1998 2712 2063 Filius,
2745 2001 2802 2052 et
2831 1995 3001 2050 Pater
3045 1995 3100 2047 in
3141 1995 3306 2050 Filio.
3342 1995 3506 2051 Unde
3537 1997 3750 2067 proba-

2045 2113 2176 2152 mus
2209 2092 2347 2165 quia
2376 2093 2447 2146 de
2480 2092 2587 2144 ista
2619 2089 2758 2143 dicit
2791 2086 3213 2142 resurrectione
3245 2085 3273 2140 ?
3315 2087 3457 2141 Cum
3483 2086 3746 2144 dixisset.

2044 2186 2195 2240 Sicut
2225 2182 2372 2238 enim
2409 2185 2568 2236 Pater
2597 2179 2824 2233 suscitat
2854 2182 3094 2231 mortuos
3114 2184 3167 2230 et
3199 2175 3463 2244 viviﬁcat,
3483 2179 3563 2231 sic
3584 2186 3636 2232 et
3664 2179 3755 2232 Fi-

2046 2278 2151 2331 lius
2173 2289 2302 2346 quos
2333 2271 2446 2327 vult
2477 2270 2717 2338 viviﬁcat
2743 2285 2756 2331 ;
2791 2283 2860 2320 ne
2892 2265 3354 2335 intelligeremus
3377 2264 3534 2320 illam
3589 2282 3754 2322 mor-

2043 2370 2275 2421 tuorum
2307 2357 2786 2415 resurrectionem
2812 2371 2986 2425 quam
3008 2353 3225 2408 facitad
3244 2352 3746 2423 miraculum,non

2044 2457 2112 2511 ad
2146 2455 2318 2510 vitam
2351 2455 2648 2515 aternam,
2682 2450 2919 2503 secutus
2950 2444 3046 2510 ait,
3079 2446 3263 2515 Neque
3283 2445 3432 2498 enim
3461 2445 3622 2500 Pater
3651 2447 3750 2516 ju-

2045 2546 2193 2602 dicat
2223 2561 2297 2616 qu
2331 2558 2578 2614 mquam,
2601 2539 2699 2595 sed
2729 2553 2889 2594 omne
2909 2537 3186 2607 judicium
3218 2535 3364 2592 dedit
3417 2536 3580 2592 Filio.
3615 2537 3761 2603 Quid

2046 2635 2155 2690 hoc
2187 2639 2274 2688 est
2303 2632 2330 2687 ?
2364 2631 2442 2686 De
2484 2633 2854 2683 mortuorum
2888 2624 3316 2680 resurrectione
3356 2624 3606 2691 dicebat,
3631 2625 3769 2695 quia

2045 2726 2186 2780 sicut
2215 2726 2377 2779 Pater
2407 2720 2895 2776 suscitatmortuos
2924 2719 2972 2770 et
3005 2713 3362 2782 viviﬁcat,sic
3381 2723 3429 2768 et
3445 2715 3765 2786 Filiusquos

2051 2819 2163 2874 vult
2180 2816 2418 2883 viviﬁcat
2434 2831 2452 2868 :
2469 2812 2620 2866 unde
2634 2809 2912 2865 continuo
2937 2815 3068 2875 tanq
3081 2821 3214 2860 uam
3249 2804 3536 2860 rationem
3554 2806 3761 2876 subje—

2052 2909 2130 2962 cit
2159 2907 2230 2961 de
2252 2903 2498 2975 judicio,
2531 2900 2752 2963 dicens,
2787 2899 2965 2966 Neque
2994 2897 3144 2951 enim
3158 2893 3549 2965 Paterjudicat
3575 2911 3760 2966 quem-

2053 3013 2214 3069 quam
2246 2993 2339 3048 sed
2368 3006 2525 3046 omne
2551 2989 2819 3058 judicium
2849 2984 2994 3040 dedit
3022 2983 3186 3048 Filio,
3220 2983 3330 3038 nisi
3365 2985 3502 3054 quia
3549 2983 3618 3039 de
3665 2984 3766 3040 illa

2057 3087 2480 3147 resurrectione
2513 3087 2878 3138 mortuorum
2909 3080 3153 3145 dixerat,
3188 3095 3314 3148 quas
3349 3079 3544 3132 futura
3577 3082 3666 3134 est
3707 3079 3766 3133 in

2051 3182 2280 3254 judicio
2312 3177 2340 3234 τ

2131 3275 2218 3327 12.
2251 3272 2430 3341 Neque
2455 3267 2626 3328 enim,
2657 3263 2757 3327 ait,
2793 3262 2958 3315 Pater
3018 3259 3233 3329 judicat
3281 3273 3629 3331 quemquam,
3680 3259 3772 3315 sed

2060 3379 2217 3420 omne
2237 3359 2515 3432 judicium
2545 3354 2694 3410 dedit
2725 3352 2884 3408 Filio.
2912 3349 3085 3404 Paulo
3120 3354 3251 3402 ante
3286 3351 3630 3418 putabamus
3659 3349 3763 3403 ali-

2061 3454 2197 3524 quid
2232 3453 2404 3506 fatere
2433 3443 2854 3513 Patrem,quod
2882 3439 3146 3494 nonfacit
3171 3437 3349 3491 Filius
3374 3455 3387 3504 ;
3412 3436 3646 3506 quando
3669 3437 3759 3491 di-

2060 3543 2247 3609 cebat,
2282 3543 2444 3595 Pater
2463 3537 2610 3591 enim
2641 3531 2826 3602 diligit
2841 3528 3074 3594 Filium,
3098 3535 3150 3582 et
3166 3528 3346 3582 omnia
3361 3525 3701 3580 demonstrat
3716 3527 3766 3580 ei

2063 3647 2188 3706 qua?
2262 3632 2376 3700 ipse
2423 3626 2565 3698 facit
2595 3639 2607 3677 :
2637 3629 2917 3691 tanquam
2966 3618 3132 3671 Pater
3189 3614 3459 3678 faciebat,
3503 3619 3559 3669 et
3589 3614 3770 3669 Filius

2064 3702 2310 3778 videbat.
2353 3717 2449 3773 Sic
2495 3717 2622 3770 erat
2665 3712 2991 3779 subrepens
3044 3705 3219 3760 menti
3275 3708 3488 3758 nostra:
3542 3702 3770 3758 intelle-

2064 3819 2194 3868 ctur
2213 3806 2488 3871 carnalis,
2518 3800 2681 3874 quasi
2710 3799 2874 3854 Pater
2906 3797 3118 3851 faceret
3142 3791 3302 3864 quod
3326 3791 3507 3847 Filius
3541 3808 3653 3845 non
3689 3791 3775 3847 fa-

2066 3907 2220 3959 ceret
2253 3919 2268 3968 ;
2301 3897 2482 3953 Filius
2514 3898 2707 3950 autem
2740 3889 2956 3944 videret
2988 3887 3215 3940 Patrem
3266 3884 3770 3939 demonstrantem

2067 3992 2221 4066 quod
2253 3989 2416 4043 ﬁeret
2446 4001 2478 4040 a
2503 3988 2686 4037 Patre.
2721 3981 2867 4050 Ergo
2896 3977 3056 4031 velut
3101 3976 3270 4029 Pater
3320 3972 3563 4028 faciebat
3611 3973 3766 4044 quod

2067 4063 2248 4140 li‘ilius
2282 4094 2394 4132 non
2412 4073 2687 4138 faciebat;
2716 4068 3018 4136 modojam
3041 4065 3312 4119 videmus
3332 4063 3550 4132 aliquid
3582 4064 3767 4118 facere

2070 4171 2302 4235 Filium,
2335 4166 2488 4239 quod
2523 4179 2638 4218 non
2669 4160 2802 4216 facit
2822 4162 3007 4211 Pater.
3033 4153 3334 4218 Quomodo
3365 4168 3471 4206 nos
3491 4157 3698 4217 versat,
3714 4157 3771 4206 et

2071 4264 2326 4317 mentem
2353 4237 2612 4310 nostram
2646 4252 2982 4321 pertractat;
3017 4245 3130 4298 huc
3163 4248 3338 4311 atque
3390 4237 3531 4293 illuc
3582 4240 3768 4307 ducit,

2073 4367 2189 4408 uno
2212 4347 2404 4404 carnis
2429 4345 2552 4398 loco
2576 4353 2875 4395 remanere
2892 4350 3003 4389 non
3028 4332 3192 4398 sinit,
3218 4335 3281 4384 ut
3301 4328 3584 4384 versando
3611 4345 3779 4382 exer-

2073 4446 2218 4506 ceat,
2253 4432 2571 4492 exercendo
2608 4427 2867 4491 inundet,
2902 4421 3240 4477 mundando
3272 4433 3514 4488 capaces
3541 4417 3781 4485 reddat,

2074 4543 2317 4601 capaces
2349 4525 2534 4578 factos
2565 4517 2796 4587 impleat
2830 4515 2838 4568 !
2871 4511 3016 4576 Quid
3050 4510 3120 4565 de
3147 4507 3310 4563 nobis
3343 4507 3569 4562 faciunt
3603 4507 3782 4562 verba

2078 4596 2194 4676 haec
2215 4619 2242 4670 ‘l
2260 4613 2398 4688 quid
2416 4609 2768 4679 loquebatur
2785 4605 2812 4659 ‘l
2835 4602 2972 4674 quid
2995 4600 3257 4670 loquitur
3283 4597 3310 4652 ?
3341 4597 3517 4652 Paulo
3539 4600 3670 4652 ante
3689 4596 3775 4651 dl-

2075 4709 2239 4763 cebat
2267 4684 2406 4774 quia
2435 4697 2796 4753 demonstrat
2824 4690 2966 4746 Filio
2997 4691 3163 4742 Pater
3186 4684 3470 4757 quidquid
3503 4684 3638 4740 facit
3657 4700 3670 4750 ;
3689 4684 3776 4738 vi-

2077 4797 2283 4852 debam
2304 4788 2473 4862 quasi
2494 4790 2718 4842 Patrem
2736 4781 3064 4846 facientem,
3081 4776 3289 4831 Filium
3305 4778 3739 4845 exspectantem
3763 4791 3776 4827 :

2079 4885 2251 4942 modo
2283 4895 2490 4936 rursus
2518 4876 2684 4931 video
2725 4872 2929 4926 Filium
2963 4868 3291 4932 facientem,
3313 4865 3537 4918 Patrem
3579 4877 3783 4915 vacan-

2078 4982 2193 5032 tem
2231 4993 2244 5040 ',
2277 4972 2393 5026 Non
2424 4967 2574 5023 enim
2597 4967 2762 5020 Pater
2790 4961 3002 5033 iudicat
3025 4970 3375 5030 quamquam,
3398 4952 3494 5006 sed
3515 4965 3673 5004 omne
3685 4951 3784 5020 ju—

2079 5066 2296 5122 dicium
2314 5061 2467 5115 dedit
2486 5057 2653 5113 Filio.
2670 5053 3057 5119 Quandoergo
3077 5041 3528 5111 Filiusjudicatu
3541 5054 3638 5092 rus
3666 5043 3779 5105 est,

2079 5155 2246 5210 Pater
2274 5147 2501 5204 vacabit
2520 5149 2577 5199 et
2600 5160 2710 5198 non
2732 5136 3060 5212 judicabit?
3083 5133 3228 5198 Quid
3253 5135 3342 5184 est
3368 5126 3500 5181 bocl
3524 5127 3664 5196 quid
3689 5128 3780 5184 in-

2080 5247 2335 5316 telligam
2362 5242 2389 5296 ‘l
2410 5237 2673 5299 Domine,
2698 5233 2833 5301 quid
2851 5227 2996 5283 dicis
3015 5227 3043 5279 ’ἓ
3061 5221 3306 5282 Verbum
3323 5217 3476 5270 Deus
3497 5216 3780 5316 esthomo

2080 5305 2236 5393 sum:
2273 5329 2424 5386 Dicis
2445 5325 2575 5395 quia
2611 5325 2768 5376 Pater
2783 5334 2890 5372 non
2899 5315 3109 5386 judicat
3143 5305 3597 5379 quemquam,sed
3614 5321 3776 5364 omne

319 5461 334 5491 ι
363 5453 438 5502 lta
475 5452 597 5497 Mss.
633 5450 885 5508 quatuor.
917 5442 1014 5490 Alii
1047 5441 1226 5508 plures
1258 5451 1378 5486 cum
1398 5436 1630 5508 edi‘tio‘n‘e
1657 5434 1973 5508 Lovanrien‘si
2073 5424 2351 5498 judicium
2380 5415 2525 5469 dedit
2563 5410 2743 5465 Filio?
2775 5411 2920 5477 Lego
2951 5402 3063 5502 alio
3094 5401 3219 5454 loco
3250 5404 3303 5508 te
3333 5395 3781 5508 dice'nte‘szgo

248 5497 526 5570 emitiunt,
548 5497 733 5558 datum
762 5522 774 5566 ;
809 5497 1496 5570 habentqiieLtanienqapud.
1523 5497 1725 5570 Patrem
1753 5499 1974 5570 potesta-

250 5559 671 5636 ie—niivlttwapud
707 5559 828 5619 Am.
867 5569 986 5617 Bad.
1021 5559 1073 5617 ἐι
1113 5566 1194 5614 Er.
1229 5559 1420 5626 legitur
1457 5562 1546 5620 sic,
1591 5559 1768 5607 datam
1803 5564 1974 5608 tamen

249 5644 429 5694 Patris
459 5640 791 5702 potestatem.

2083 5483 2191 5569 'non
2213 5510 2412 5582 judico
2443 5513 2803 5573 quamquam;
2829 5502 2907 5550 est
2938 5494 3034 5566 qui
3062 5493 3272 5562 quaerat
3301 5494 3350 5541 et
3362 5483 3570 5556 judicet
3601 5486 3781 5557 (Joan.

2093 5575 2337 5671 νιιιξ15,
2367 5594 2458 5661 50)
2493 5607 2506 5645 :
2539 5591 2608 5645 de
2637 5603 2750 5659 quo
2773 5585 2942 5652 dicis,
2975 5585 3062 5638 Est
3093 5581 3189 5652 qui
3217 5585 3427 5648 quaerat
3468 5581 3518 5631 et
3555 5575 3788 5650 judicet,
