4146 6186
418 241 563 303 1571

417 380 529 437 nisi
562 381 631 436 de
663 379 826 435 Patre
850 376 878 433 ‘t
899 376 997 433 Ille
1027 373 1233 449 quaerit
1263 373 1511 446 injurias
1532 378 1684 442 tuas,
1708 373 2119 445 illejudicatte

415 478 799 553 injuriistuis.
821 477 1119 544 Quomodo
1139 475 1233 530 hic
1255 476 1424 530 Pater
1438 474 2115 545 nonjudieatquemquam,

417 572 508 628 sed
537 587 696 628 omne
723 569 994 641 judicium
1035 566 1176 622 dedit
1208 566 1388 621 Filio?
1435 565 1864 637 lnterrogemne
1916 569 1972 619 et
2015 568 2116 618 Pe-

416 668 595 729 trum,
616 662 922 716 audiamus
945 673 1078 712 eum
1095 657 1428 726 loquentem
1455 656 1510 709 in
1531 656 1930 726 Epistolasua:
1958 653 2114 709 Chri-

411 760 526 807 stus
551 768 654 824 pro
687 750 838 806 nobis
867 764 1058 816 passus
1089 750 1184 811 est,
1210 746 1422 817 inquit,
1449 746 1720 817 reliquens
1752 746 1903 801 nobis
1934 759 2112 799 exem-

410 846 585 917 plum,
612 846 671 896 ut
700 854 991 911 sequamur
1023 838 1249 906 vestigia
1268 837 1386 908 ejus
1407 852 1427 890 :
1457 839 1552 907 qui
1567 843 1844 905 peccatum
1889 851 1997 890 non
2029 834 2111 901 fe-

412 938 506 1004 cit,
523 951 622 988 nec
650 932 804 987 dolus
838 930 1094 984 inventus
1111 929 1263 982 estin
1287 942 1376 980 ore
1399 929 1550 998 ejus;
1569 928 1799 997 quicum
1830 923 2117 979 maledice-

413 1032 584 1091 retur,
618 1041 726 1079 non
757 1021 1196 1085 remaledicebat,
1229 1035 1352 1074 cum
1387 1021 1654 1090 iujuriam
1687 1022 1973 1089 acciperet,
2006 1033 2115 1073 non

410 1114 748 1178 minabatur,
774 1112 873 1166 sed
889 1108 1300 1166 commendabat
1322 1110 1385 1163 ill
1393 1112 1411 1165 i
1425 1112 1522 1181 qui
1532 1111 1674 1177 iuste
1677 1111 1704 1180 j
1712 1110 1894 1164 udieat
1911 1110 1951 1175 (Ι
1968 1109 2112 1164 Petr.

413 1224 469 1272 Il,
501 1204 724 1272 21-23).
759 1201 1056 1266 Quomodo
1088 1215 1285 1254 verum
1319 1204 1402 1255 est
1433 1201 1567 1270 quia
1591 1202 1756 1256 Pater
1777 1201 2113 1270 nonjudicat

409 1312 760 1370 quemquam,
790 1294 882 1349 sed
914 1307 1071 1347 omne
1092 1291 1371 1361 judicium
1397 1291 1539 1346 dedit
1562 1293 1696 1347 Filio
1726 1295 1752 1346 ?
1782 1293 2115 1349 Turbamur

408 1387 524 1455 hic,
545 1384 759 1441 turbati
787 1385 1168 1448 desudamus,
1193 1383 1541 1437 desudantes
1571 1398 1903 1454 purgamur.
1931 1384 2111 1440 Cone-

409 1492 542 1530 mur
573 1479 908 1543 utcumque,
945 1471 1199 1524 donante
1231 1469 1378 1539 ipso,
1413 1476 1710 1540 penetrare
1741 1472 1853 1526 alta
1887 1478 2111 1528 secreta

407 1564 713 1619 verborum
730 1562 1000 1615 istorum.
1026 1560 1264 1614 Temere
1283 1559 1527 1614 fortasse
1552 1561 1819 1626 facimus,
1843 1563 1981 1633 quia
1997 1563 2114 1618 dis-

406 1662 600 1711 cutere
627 1659 683 1710 et
705 1652 955 1708 scrutari
989 1651 1261 1706 volumus
1293 1652 1465 1707 verba
1490 1652 1612 1706 Dei.
1651 1654 1714 1707 Et
1745 1670 1923 1725 quare
1955 1655 2110 1710 dicta

407 1748 567 1811 sunt,
594 1744 793 1799 nisiut
826 1743 1089 1795 sciantur
1121 1740 1348 1810 ?quare
1380 1749 1722 1808 sonuerunt,
1758 1743 1870 1798 nisi
1914 1747 1978 1798 ut
2008 1760 2108 1798 au-

406 1833 643 1888 diantur
660 1832 879 1902 ‘lquare
899 1829 1092 1884 audita
1113 1837 1272 1895 sunt,
1292 1828 1404 1883 nisi
1421 1834 1481 1882 ut
1497 1829 2109 1902 intelligantur?Con—

406 1921 576 1976 fortet
602 1935 737 1990 ergo
772 1935 897 1983 nos,
934 1923 990 1972 et
1020 1917 1192 1971 donet
1215 1917 1382 1972 nobis
1419 1918 1639 1988 aliquid
1673 1923 1958 1989 quantum
1985 1920 2108 1991 ipse

405 2010 708 2080 dignatur;
744 2013 801 2062 et
821 2007 871 2062 si
904 2007 1163 2062 nondum
1185 2011 1560 2077 penetramus
1584 2007 1653 2062 ad
1675 2007 1916 2075 fontem,
1941 2009 2012 2064 de
2031 2010 2108 2064 ri-

401 2107 538 2166 vulo
557 2108 850 2163 bibamus.
876 2105 1019 2161 Ecce
1041 2105 1166 2177 ipse
1181 2104 1438 2161 Joannes
1463 2105 1629 2162 nobis
1659 2114 1926 2177 tanquam
1952 2109 2108 2164 rivu-

400 2198 493 2254 lus
524 2197 836 2266 emanavit,
863 2195 1132 2268 perduxit
1156 2196 1223 2249 ad
1260 2211 1364 2250 nos
1379 2196 1446 2250 de
1469 2195 1584 2250 alto
1605 2196 1881 2266 Verbum,
1909 2196 2109 2253 humi-

403 2287 582 2351 liavit,
615 2293 670 2342 et
700 2285 1128 2357 quodammodo
1159 2283 1385 2352 stravit,
1417 2291 1476 2340 ut
1509 2302 1619 2342 non
1655 2285 1998 2342 horreamus
2021 2288 2105 2343 al-

400 2387 546 2438 tum,
580 2378 680 2433 sed
714 2377 1061 2432 accedamus
1083 2376 1154 2430 ad
1188 2375 1488 2431 humilem.

476 2470 560 2524 13.
594 2467 843 2523 Omnino
871 2470 959 2522 est
993 2465 1230 2536 quidam
1265 2466 1590 2522 intellectus
1622 2483 1808 2534 verus,
1837 2469 2022 2537 fortis,
2057 2471 2104 2526 si

400 2577 515 2630 quo
549 2559 721 2614 modo
748 2573 881 2612 eum
916 2563 1109 2610 tenere
1141 2559 1634 2626 possumus,quia
1653 2559 1933 2614 Paternon
1956 2561 2104 2625 iudi-

398 2653 485 2703 cat
507 2662 857 2718 quemquam,
881 2644 973 2699 sed
999 2660 1157 2699 omne
1173 2644 1442 2711 judicium
1463 2645 1607 2700 dedit
1627 2647 1784 2703 Filio.
1814 2649 1926 2704 Hoc
1948 2651 2103 2705 enim

411 2736 631 2790 dictum
665 2743 768 2802 est,
804 2732 935 2803 quia
969 2731 1305 2786 hominibus
1328 2733 1385 2787 in
1415 2733 1638 2802 judicio
1660 2752 1772 2790 non
1805 2740 2106 2808 apparebit

399 2825 510 2880 nisi
546 2823 745 2880 Filius.
773 2823 940 2876 Pater
961 2820 1223 2876 occultus
1254 2823 1382 2890 erit,
1421 2823 1602 2879 Filius
1634 2827 2005 2882 manifestus.
2043 2831 2102 2884 1n

400 2931 518 2985 quo
547 2912 651 2969 erit
669 2912 847 2967 Filius
866 2910 1322 2968 manifestus'tln
1340 2913 1525 2968 forma
1538 2931 1652 2985 qua
1665 2918 2102 2974 ascendit.Nam

401 3004 458 3058 in
495 3004 678 3057 forma
708 3000 807 3056 Dei
839 3016 974 3055 cum
1005 3000 1171 3055 Patre
1203 3001 1466 3057 occultus
1498 3011 1604 3069 est,
1640 3005 1697 3059 in
1733 3007 1914 3062 forma
1954 3009 2101 3063 servi

396 3090 737 3145 horninibus
771 3089 1133 3143 manifestus.
1165 3089 1282 3146 Non
1312 3106 1444 3156 ergo
1475 3093 1636 3147 Pater
1653 3094 1869 3163 judicat
1909 3113 2100 3166 quem~

394 3196 580 3250 quam,
611 3179 704 3233 sed
737 3193 895 3232 omne
911 3177 1176 3247 judicium
1208 3179 1352 3234 dedit
1371 3181 1532 3247 Filio,
1558 3183 1656 3237 sed
1684 3185 2097 3242 manifestum:

397 3269 454 3323 in
481 3284 592 3338 quo
618 3267 1160 3336 manifestojudicio
1185 3267 1844 3341 Filiusjudicabit,quia
1867 3273 2100 3344 ipseju-

395 3356 662 3412 dicendis
693 3355 1019 3427 apparebit.
1057 3355 1392 3412 Evidentius
1443 3359 1610 3413 nobis
1642 3361 1898 3415 ostendit
1942 3362 2098 3416 Scri-

395 3451 562 3518 ptura
592 3447 726 3517 quia
757 3445 880 3515 ipse
911 3445 1228 3516 apparebit.
1255 3447 1710 3518 Quadragesimo
1741 3447 1834 3502 die
1851 3454 1979 3520 post
2013 3466 2098 3505 re-

393 3535 807 3592 surrectionem
834 3549 1002 3589 suam
1027 3535 1291 3589 ascendit
1317 3535 1376 3588 in
1407 3535 1639 3605 cmlum,
1664 3535 1997 3592 videntibus
2011 3539 2096 3594 di-

394 3626 632 3698 scipulis
662 3625 813 3681 suis:
849 3633 902 3680 et
924 3641 1031 3680 vox
1051 3624 1459 3696 illisangelica,
1485 3627 2096 3700 Viri,inquit,6alilazi,

390 3718 520 3788 quid
551 3719 709 3772 statis
733 3719 1062 3788 aspicientes
1084 3719 1138 3769 in
1171 3716 1367 3772 caelum
1396 3724 1422 3771 Ρ
1444 3719 1548 3772 Iste
1570 3720 1668 3789 qui
1695 3725 2004 3789 assumptus
2019 3726 2098 3776 est

389 3823 421 3860 a
442 3807 589 3860 vobis
622 3809 678 3859 in
703 3806 920 3870 coelum,
946 3807 1027 3859 sic
1058 3807 1237 3859 ueniet
1255 3806 1703 3875 quemadmodum
1734 3808 1953 3865 vidistis
1975 3827 2098 3866 eum

387 3899 608 3950 euntem
639 3894 698 3948 in
727 3894 922 3948 calum
953 3895 1089 3960 (Act.
1125 3911 1165 3962 ι,
1198 3895 1251 3963 3,
1284 3896 1341 3959 9,
1375 3897 1599 3966 10,11).
1634 3899 1933 3961 Quomodo
1965 3916 2095 3957 eum

387 3983 664 4038 videbant
695 3981 777 4036 ire
806 3981 833 4036 ‘t
866 3984 929 4036 In
947 3995 1141 4050 carne,
1167 3999 1340 4053 quam
1364 3984 1700 4054 tetigerunt,
1718 4003 1889 4055 quam
1908 3989 2096 4058 palpa-

386 4077 614 4137 verunt,
649 4071 814 4139 cujus
847 4070 1022 4125 etiam
1045 4070 1343 4126 cicatrices
1363 4073 1660 4142 tangendo
1685 4075 2090 4144 probaverunt,

385 4161 441 4216 in
480 4161 578 4217 illo
611 4177 849 4233 corpore
881 4160 940 4214 in
973 4176 1087 4230 quo
1119 4176 1254 4215 cum
1283 4161 1366 4215 eis
1409 4163 1646 4216 intravit
1674 4169 1729 4217 et
1768 4165 1942 4220 exivit
1996 4185 2094 4238 per

384 4250 778 4323 quadraginta
807 4249 953 4315 dies,
989 4248 1371 4304 manifestans
1403 4265 1464 4304 se
1482 4248 1565 4304 eis
1597 4249 1656 4304 in
1683 4251 1952 4320 veritate;
1977 4272 2090 4310 non

382 4341 440 4396 in
473 4341 669 4412 aliqua
693 4339 981 4396 falsitate:
1016 4355 1130 4394 non
1163 4341 1526 4410 phantasma,
1565 4357 1675 4396 non
1713 4342 1938 4413 umbra,
1977 4362 2090 4401 non

383 4432 628 4503 spiritus
659 4452 674 4500 ;
709 4432 810 4486 sed
832 4431 1319 4500 quemadmodum
1356 4430 1476 4502 ipse
1510 4431 1652 4487 dixit
1696 4449 1810 4488 non
1863 4434 2088 4502 fallens,

381 4523 636 4592 Palpate,
667 4529 719 4576 et
739 4522 933 4587 videte,
967 4519 1097 4592 quia
1117 4522 1347 4591 spiritus
1377 4537 1598 4577 carnem
1628 4529 1681 4577 et
1703 4539 1821 4578 ossa
1856 4541 1965 4580 non
1986 4526 2091 4580 ha-

383 4610 486 4677 bet,
511 4612 652 4666 sicut
686 4625 772 4663 me
801 4608 999 4663 videtis
1029 4609 1228 4664 habere
1249 4613 1401 4677 (Luc.
1429 4627 1578 4678 XXIV,
1611 4612 1831 4684 39).Est
1852 4614 2089 4684 quidem

381 4697 524 4752 illud
550 4699 673 4767 jam
689 4714 900 4768 corpus
916 4699 1156 4767 dignum
1183 4698 1396 4753 caelesti
1420 4699 1795 4763 habitatione,
1821 4719 1931 4757 non
1949 4705 2090 4759 sub-

374 4785 579 4856 jacens
614 4785 806 4850 morti,
841 4801 954 4839 non
991 4786 1268 4840 mutabile
1299 4803 1398 4857 per
1420 4792 1637 4842 mtates.
1672 4791 1791 4844 Non
1814 4791 1965 4846 enim
1982 4792 2090 4848 sic-

381 4885 444 4931 ut
479 4876 548 4930 ad
573 4874 736 4930 illam
767 4878 989 4929 aetatem
1023 4874 1094 4928 ab
1126 4873 1372 4929 infantia
1401 4882 1677 4944 creverat,
1703 4878 1782 4933 sic
1819 4880 1890 4933 ab
1922 4883 2088 4936 astate

377 4982 496 5036 quae
524 4966 800 5035 juventus
832 4965 974 5030 erat,
1009 4961 1187 5032 vergit
1213 4961 1271 5016 in
1302 4969 1692 5021 senectutem:
1721 4972 1914 5022 manet
1937 4969 2087 5025 sicut

383 5052 671 5122 ascendit,
712 5055 991 5109 venturus
1024 5051 1094 5106 ad
1128 5065 1227 5105 eos
1260 5050 1474 5121 quibus
1507 5058 1818 5127 antequam
1875 5058 2082 5126 veniat,

374 5143 616 5198 verbum
647 5158 820 5197 suum
849 5137 1031 5197 voluit
1058 5138 1380 5210 praedicari.
1404 5139 1496 5195 Sic
1519 5157 1653 5211 ergo
1672 5144 1861 5198 veniet
1884 5144 1939 5198 in
1968 5147 2082 5200 lor-

377 5247 473 5287 ma
507 5233 760 5287 humana
794 5248 806 5287 :
843 5231 994 5286 hanc
1025 5227 1580 5299 videbuntetimpii,
1614 5231 1980 5299 videbuntfet
2011 5235 2082 5290 ad

375 5320 664 5376 dexteram
682 5320 874 5390 positi,
891 5319 1168 5375 videbunt
1189 5322 1246 5373 et
1260 5317 1330 5372 ad
1346 5317 1639 5374 sinistram
1659 5322 1908 5391 separati
1934 5342 1946 5388 ;
1972 5322 2083 5377 sic-

377 5411 440 5463 ut
472 5411 754 5479 scriptum
786 5416 896 5474 est,
933 5409 1188 5464 Videbunt
1231 5411 1287 5462 in
1311 5425 1470 5481 quem
1508 5419 1862 5484 pupugerunt
1894 5412 2078 5484 (Zach.

374 5515 474 5564 xu,
510 5498 604 5562 10;
630 5499 766 5552 Joan
795 5515 907 5567 xix,
946 5497 1062 5567 37).
1096 5498 1154 5553 Si
1198 5499 1478 5559 videbunt
1510 5502 1567 5558 in
1601 5519 1773 5574 quem
1813 5520 2080 5577 pupuge—

376 5594 536 5658 runt,
569 5600 776 5655 corpus
808 5587 1003 5656 ipsum
1033 5586 1335 5658 videbunt,
1371 5593 1522 5661 quod
1556 5593 1755 5652 lancea
1777 5610 2076 5667 percusse-

1373 238 1451 297 lN
1493 234 1817 298 JOANNIS
1863 234 2384 306 EVANGELIUM,
2430 231 2493 294 S.
2539 231 2962 296 AUGUSTINI

3775 244 3929 306 1572

2228 383 2364 435 runt
2396 393 2410 435 :
2445 379 2643 436 lancea
2684 394 2798 434 non
2830 380 3148 450 percutitur
3179 381 3425 439 Verbum
3463 382 3611 440 :hoc
3643 399 3779 458 ergo
3820 387 3936 441 im—

2227 469 2306 541 pii
2334 468 2524 524 videre
2556 472 2852 540 poterunt,
2874 471 3090 541 quodet
3113 471 3415 527 vulnerare
3467 477 3801 545 potuerunt.
3832 475 3938 532 La-

2225 560 2441 613 tentem
2477 562 2653 613 Deum
2674 558 2730 612 in
2757 574 2995 630 corpore
3016 576 3131 616 non
3157 561 3464 616 videbunt:
3490 562 3935 634 postjudicium

2221 646 2511 703 videbitur
2530 647 2601 702 ab
2636 648 2725 703 his
2757 649 2856 719 qui
2889 649 2958 704 ad
2984 651 3277 705 dexteram
3303 658 3488 707 erunt.
3518 652 3634 708 Hoc
3660 658 3749 710 est
3797 671 3936 726 ergo

2221 736 2380 808 quod
2407 738 2505 804 ait,
2541 742 2705 793 Pater
2733 754 2839 792 non
2857 738 3063 805 iudicat
3093 742 3547 812 quemquam,sed
3576 759 3736 799 omne
3774 746 3935 816 judi-

2218 829 2362 881 cium
2391 827 2539 883 dedit
2568 827 2710 884 Filio
2740 844 2758 882 :
2789 829 2924 899 quia
2965 831 3309 886 manifestus
3341 833 3411 886 ad
3432 832 3720 901 judicium
3740 836 3934 890 veniet

2226 916 2428 985 Filius,
2464 918 2520 972 in
2558 917 2814 973 humano
2847 934 3084 990 corpore
3117 936 3406 991 apparens
3439 922 3800 987 hominibus,
3835 923 3934 978 di-

2222 1030 2358 1070 cens
2390 1016 2630 1085 dextris,
2671 1017 2871 1082 Venite,
2904 1016 3169 1073 benedicti
3198 1019 3382 1074 Patris
3401 1023 3524 1085 mei,
3548 1022 3808 1092 percipite
3840 1039 3927 1078 re-

2221 1121 2420 1177 gnum;
2452 1106 2650 1162 dicens
2677 1105 2954 1173 sinistris,
2990 1109 3066 1164 Ite
3087 1110 3142 1163 in
3176 1110 3359 1178 ignem
3377 1117 3669 1179 aeternum,
3695 1114 3796 1183 qui
3820 1129 3927 1184 pa-

2220 1203 2384 1251 ratus
2413 1205 2487 1252 est
2513 1196 2730 1253 diabolo
2760 1202 2811 1253 et
2841 1199 3054 1269 angelis
3075 1200 3191 1266 eius
3223 1199 3434 1271 (Matth.
3463 1217 3592 1271 xxv,
3624 1203 3838 1275 34,41).

2295 1286 2379 1340 14.
2412 1286 2555 1342 Ecce
2589 1285 2877 1342 videbitur
2907 1289 3092 1343 forma
3126 1288 3379 1343 hominis
3411 1307 3441 1343 a
3477 1288 3584 1358 piis
3618 1297 3674 1345 et
3714 1290 3927 1364 impiis,

2223 1393 2254 1430 a
2278 1377 2457 1448 justis
2489 1381 2544 1432 et
2574 1377 2644 1432 ab
2679 1377 2938 1448 iniustis,
2972 1395 3004 1432 a
3032 1378 3301 1433 fidelibus
3325 1382 3381 1434 et
3413 1380 3484 1433 ab
3511 1380 3873 1450 infidelibus,
3898 1400 3930 1438 a

2219 1467 2606 1540 gaudentibus
2636 1472 2691 1522 et
2722 1485 2754 1522 a
2796 1467 3228 1539 plangentibus,
3261 1485 3294 1524 a
3317 1469 3550 1525 conlisis
3582 1478 3634 1525 et
3661 1489 3693 1526 a
3723 1474 3931 1529 conlu-

2221 1557 2301 1614 sis
2337 1574 2350 1611 :
2385 1573 2513 1613 ecce
2544 1557 2849 1614 videbitur.
2892 1559 3036 1613 Cum
3068 1558 3189 1614 visa
3214 1560 3267 1613 fu
3291 1561 3383 1614 :rit
3405 1560 3504 1616 illa
3537 1563 3723 1616 forma
3753 1564 3810 1618 in
3831 1565 3931 1633 ju-

2222 1649 2389 1715 dicio,
2423 1654 2478 1702 et
2502 1648 2675 1704 fuerit
2697 1648 3315 1719 peractumjudicium,
3349 1651 3448 1705 ubi
3475 1651 3695 1707 dictum
3717 1659 3804 1709 est
3827 1654 3928 1709 Pa-

2221 1745 2365 1793 trem
2401 1737 2797 1808 nonjudicare
2848 1754 3221 1810 quemquam,
3275 1741 3376 1795 sed
3424 1757 3600 1798 omne
3632 1743 3926 1814 judicium

2219 1829 2449 1885 dedisse
2485 1829 2647 1896 Filio,
2677 1829 2752 1884 ob
2783 1828 2912 1898 hoc,
2947 1829 3083 1901 quia
3110 1829 3287 1886 Filius
3309 1833 3926 1904 apparebitinjudicio

2219 1919 2277 1974 in
2311 1919 2489 1974 forma
2521 1934 2692 1989 quam
2721 1935 2788 1973 ex
2820 1919 2988 1973 nobis
3013 1921 3253 1991 accepit,
3276 1921 3416 1991 quid
3441 1930 3642 1993 postea
3666 1924 3923 1979 futurum

2216 2013 2299 2063 est
2318 2009 2345 2063 ‘l
2373 2008 2612 2071 Quando
2645 2007 3129 2063 videbiturforma
3147 2008 3266 2077 Dei,
3302 2026 3476 2080 quam
3503 2013 3926 2070 sitiuntomnes

2218 2098 2462 2153 fideles?
2483 2097 2715 2169 quando
2747 2096 3036 2153 videbitur
3056 2098 3198 2154 illud
3224 2099 3377 2169 quod
3411 2112 3530 2157 erat
3553 2102 3610 2158 in
3644 2102 3925 2174 principio

2215 2186 2650 2256 Verbum,Deus
2666 2188 2819 2258 apud
2838 2187 3017 2243 Deum
3032 2203 3153 2259 ,per
3173 2191 3326 2260 quod
3348 2191 3493 2246 facta
3515 2197 3650 2247 sunt
3673 2194 3873 2248 omnia
3893 2195 3925 2249 ?

2216 2277 2449 2348 quando
2480 2276 2769 2331 videbitur
2790 2274 2891 2331 illa
2915 2277 3102 2333 forma
3119 2277 3236 2344 Dei,
3263 2277 3332 2334 de
3360 2296 3473 2350 qua
3495 2279 3634 2335 dicit
3677 2286 3927 2352 Aposto-

2215 2365 2328 2431 lus,
2364 2365 2497 2420 Cum
2528 2366 2588 2419 in
2618 2365 2795 2423 forma
2829 2365 2924 2421 Dei
2953 2370 3107 2433 esset,
3159 2382 3269 2422 non
3316 2370 3575 2440 rapinam
3616 2369 3929 2426 arbitratus

2213 2461 2291 2510 est
2320 2470 2432 2510 esse
2453 2455 2681 2526 aequalis
2701 2455 2803 2510 Deo
2831 2454 3098 2527 (Philipp.
3133 2472 3195 2512 ιι.
3231 2458 3284 2528 6)
3317 2458 3343 2512 ?
3374 2459 3576 2528 Magna
3615 2459 3769 2514 enim
3820 2461 3931 2517 illa

2217 2545 2403 2600 forma
2434 2544 2532 2599 ubi
2565 2545 2752 2600 adhuc
2775 2544 3079 2615 aequalitas
3103 2547 3293 2602 Patris
3325 2553 3382 2602 et
3427 2547 3553 2603 Filii
3583 2551 3888 2620 Icognoeci
3908 2583 3935 2593 -

2215 2637 2340 2687 tur:
2366 2631 2701 2699 iuell'abilis,
2722 2632 3350 2704 incomprehensibilis,
3375 2637 3627 2694 maxime
3646 2639 3928 2707 parvulis.

2215 2723 2458 2778 Guando
2491 2722 2780 2778 videbitur
2803 2726 2830 2778 Σ)
2851 2724 2993 2779 Ecce
3011 2725 3079 2778 ad
3107 2725 3400 2782 dexteram
3416 2729 3812 2798 suntjusti,ad
3838 2729 3935 2783 si-

2213 2814 2457 2867 nistram
2487 2818 2627 2868 sunt
2657 2813 2898 2884 injusti;
2933 2830 3133 2870 omnes
3162 2816 3376 2887 pariter
3409 2819 3700 2874 hominem
3725 2818 3936 2876 vident

2217 2903 2424 2958 Filium
2458 2903 2710 2959 hominis
2741 2904 2956 2970 vident,
2996 2905 3096 2974 qui
3129 2911 3380 2974 puuctus
3429 2917 3514 2964 est
3573 2909 3784 2977 vident,
3820 2912 3933 2980 qui

2211 2995 2523 3049 cruciﬁxus
2555 3003 2639 3048 est
2667 2995 2897 3061 vident;
2933 2995 3306 3051 humiliatum
3348 2997 3565 3065 vident,
3615 3003 3819 3055 natum
3856 3017 3934 3057 ex

2214 3083 2448 3154 Virgine
2471 3083 2929 3153 videnl,Agnum
2950 3085 3018 3140 de
3043 3084 3192 3140 tribu
3223 3085 3375 3141 Jnda
3399 3086 3595 3143 vident
3619 3103 3633 3144 :
3674 3089 3932 3148 Verbum

2211 3172 2393 3228 Deum
2425 3173 2579 3244 apud
2604 3174 2778 3228 Deum
2797 3174 3031 3243 quando
3054 3174 3332 3231 videbunt
3354 3179 3382 3229 ?
3402 3177 3523 3246 ipse
3551 3179 3658 3232 erit
3679 3183 3734 3232 et
3755 3182 3927 3248 tunc,

2211 3263 2315 3318 sed
2348 3263 2532 3317 forma
2560 3263 2704 3316 servi
2727 3263 3047 3333 apparebit.
3073 3264 3279 3320 Forma
3312 3265 3462 3321 servi
3485 3268 3662 3323 servis
3685 3268 3933 3326 demou-

2210 3351 2526 3406 strabitur:
2562 3352 2742 3406 forma
2766 3352 2863 3406 Dei
2885 3352 3016 3407 filiis
3042 3353 3392 3409 servabitur.
3423 3355 3738 3428 Fiantergo
3763 3359 3937 3414 servi

2212 3440 2350 3509 lilii;
2387 3441 2480 3510 qui
2515 3447 2651 3496 sunt
2683 3443 2754 3496 ad
2788 3443 3104 3512 dexteram,
3129 3443 3342 3499 eantin
3377 3449 3649 3501 aeternam
3669 3447 3931 3506 heredi-

2209 3537 2386 3588 tatem
2408 3533 2564 3588 olim
2597 3533 2968 3604 promissam,
2990 3551 3164 3606 quam
3185 3551 3297 3590 non
3337 3536 3596 3592 videntes
3631 3543 3936 3606 martyres

2209 3621 2594 3690 crediderunt,
2629 3638 2729 3693 pro
2761 3622 2928 3693 cujus
2960 3622 3341 3692 promissione
3370 3627 3710 3698 sanguinem
3734 3643 3934 3686 suum

2209 3711 2334 3767 sine
2366 3711 2728 3767 dubitatione
2762 3711 3034 3767 fuderunt
3067 3729 3080 3767 :
3115 3719 3249 3768 eant
3278 3713 3417 3770 illuc
3447 3719 3504 3770 et
3534 3716 3764 3771 videant
3813 3717 3935 3774 ibi.

2210 3806 2450 3872 Quando
2481 3804 2619 3859 illnc
2643 3804 2850 3859 ibunt?
2868 3804 3027 3860 Dicat
3051 3804 3173 3875 ipse
3197 3805 3476 3861 Dominus
3501 3825 3514 3863 :
3538 3807 3630 3864 Sic
3661 3808 3817 3863 ibunt
3835 3811 3944 3866 illi

2211 3895 2268 3949 in
2281 3895 2679 3949 ambustionem
2701 3898 2988 3958 aeternam,
3003 3895 3146 3964 justi
3174 3904 3355 3949 autem
3373 3896 3429 3950 in
3454 3896 3621 3953 vitam
3645 3901 3944 3956 aeternam

2209 3984 2426 4054 (Matth.
2462 4000 2590 4050 xxv,
2624 3984 2736 4051 46).

2280 4073 2364 4128 15.
2401 4073 2543 4127 Ecce
2568 4074 2742 4127 vitam
2779 4077 3050 4129 aeternam
3077 4073 3419 4130 nominavit.
3472 4075 3763 4147 Numquid
3810 4077 3947 4135 hoc

2207 4161 2372 4216 nobis
2404 4161 2571 4226 dixit,
2607 4161 2743 4232 quia
2784 4161 2863 4215 ibi
2896 4161 3220 4216 videbimus
3250 4168 3306 4217 et
3347 4179 3770 4234 cognoscemus
3797 4168 3946 4224 Pa-

2201 4253 2344 4305 trem
2380 4255 2433 4306 et
2459 4251 2668 4306 Filium
2700 4249 2726 4302 ‘l
2757 4250 2926 4318 Quid,
2961 4252 3009 4306 si
3053 4252 3314 4308 vivemus
3346 4253 3404 4308 in
3453 4259 3753 4322 aeternum,
3818 4263 3946 4314 sed

2203 4339 2362 4394 illum
2396 4343 2625 4394 Patrem
2645 4345 2700 4394 et
2725 4340 2931 4395 Filium
2959 4358 3072 4396 non
3092 4342 3415 4398 videbimus
3435 4343 3622 4398 ?Audi
3653 4345 3766 4400 alio
3791 4345 3950 4406 loco

2203 4429 2299 4483 ubi
2334 4429 2508 4482 vitam
2539 4433 2808 4483 mternam
2844 4429 3182 4498 nominavit,
3214 4435 3271 4486 et
3314 4431 3598 4502 expressit
3646 4433 3786 4502 quid
3850 4438 3954 4494 sit

2201 4518 2315 4573 vita
2344 4523 2574 4572 aeterna.
2603 4517 2731 4573 Noli
2763 4518 2988 4585 timere,
3011 4537 3124 4574 non
3158 4523 3210 4575 te
3244 4520 3380 4575 fallo
3415 4537 3429 4576 :
3456 4539 3567 4576 non
3601 4524 3956 4584 sinecausa

2200 4607 2435 4679 promisi
2470 4605 2847 4663 dilectoribus
2881 4609 3024 4663 meis
3058 4609 3285 4676 dicens,
3320 4611 3425 4678 Qui
3462 4611 3621 4666 habet
3649 4614 3955 4672 mandata

2201 4714 2318 4752 mea
2349 4700 2400 4752 et
2427 4705 2605 4752 servat
2636 4713 2719 4765 ea,
2765 4697 2863 4752 ille
2887 4707 2966 4753 est
2988 4702 3081 4769 qui
3101 4698 3284 4771 diligit
3316 4717 3435 4765 me;
3457 4709 3509 4757 et
3538 4705 3629 4773 qui
3669 4717 3754 4755 me
3779 4704 3959 4762 diti-

2199 4790 2300 4857 git,
2329 4787 2638 4858 diligetura
2669 4789 2834 4843 Patre
2867 4805 3002 4853 meo,
3025 4792 3073 4846 et
3105 4806 3197 4862 ego
3229 4791 3462 4859 diligam
3479 4809 3626 4859 eum,
3658 4803 3707 4848 et
3738 4804 3958 4852 osten-

2197 4877 2323 4932 dam
2352 4880 2624 4950 meipsum
2649 4878 2736 4932 illi
2759 4882 2941 4947 (Joan.
2977 4897 3090 4946 XIV,
3123 4881 3235 4951 21).
3272 4881 3745 4952 Respondeamus
3811 4887 3960 4944 Do-

2199 4968 2378 5034 mino,
2421 4973 2476 5024 at
2507 4969 2752 5023 dicanus
2784 4985 2797 5024 :
2845 4969 3014 5036 Quid,
3040 4971 3283 5026 Domino
3318 4972 3466 5028 Deus
3526 4978 3737 5042 noster,
3799 4992 3965 5033 ma-

2195 5072 2376 5127 gnum
2408 5057 2434 5111 ’ἲ
2491 5059 2641 5124 Quid
2686 5075 2962 5128 magnum
2995 5059 3022 5114 ?
3071 5060 3258 5116 Nobis
3300 5061 3815 5121 demonstraturus
3880 5086 3961 5127 es

2195 5145 2443 5217 teipsum
2476 5147 2503 5202 ?
2528 5148 2674 5213 Quid
2703 5148 2882 5218 enim,
2905 5149 3195 5206 etJudasis
3226 5152 3419 5223 te,non
3445 5153 3891 5214 demonstrasti
3932 5162 3968 5217 ?

2196 5250 2310 5288 non
2345 5241 2392 5289 te
2423 5233 2688 5291 viderunt
2710 5239 2764 5290 et
2796 5237 2895 5307 qui
2917 5238 3325 5293 crucifixerunt
3347 5240 3375 5296 ?
3404 5241 3511 5296 Sed
3545 5242 3967 5304 demonstra-

2193 5323 2282 5378 bis
2312 5327 2364 5378 te
2397 5324 2453 5378 in
2478 5325 2722 5393 judicio,
2774 5343 2906 5380 cum
2952 5327 3233 5382 stabimus
3268 5330 3336 5382 ad
3391 5329 3678 5384 dexteram
3715 5335 3962 5394 tuam;

2193 5415 2476 5484 numquid
2509 5421 2566 5469 et
2596 5415 2680 5469 illi
2712 5417 2808 5484 qui
2835 5417 2904 5470 ad
2932 5417 3228 5473 sinistram
3256 5423 3500 5474 stabunt
3525 5438 3636 5476 non
3670 5427 3723 5475 te
3747 5426 3961 5482 vide-

2191 5504 2386 5560 bunt?
2419 5505 2568 5570 Quid
2598 5511 2686 5562 est
2731 5510 2881 5578 quod
2916 5507 3344 5565 demonstrabis
3395 5511 3562 5566 nobis
3593 5510 3882 5584 teipsum
3931 5519 3970 5576 τέ

2191 5591 2359 5652 Nunc
2382 5595 2542 5653 enim
2574 5612 2692 5654 non
2718 5603 2770 5654 te
2791 5597 3064 5654 videmus
3093 5612 3227 5655 cum
3250 5597 3503 5670 loqueris
3523 5599 3550 5655 ε)
3579 5603 3979 5674 Respondet
