4126 6194
51 113 66 118 -
99 102 542 124 ---“.

205 227 368 289 1513

203 363 643 420 Demonstrabo
677 361 966 432 meipsum
1015 359 1073 417 in
1123 360 1310 416 forma
1353 361 1470 429 Dei,
1506 361 1709 418 videtis
1742 365 1911 420 modo

201 456 457 510 formam
484 453 655 509 servi.
687 453 812 508 Non
844 457 899 507 te
931 452 1231 519 fraudabo,
1265 467 1298 506 ο
1329 451 1504 507 homo
1538 451 1763 521 ﬁdelis;
1798 471 1914 510 cre-

203 545 275 600 de
308 544 454 616 quia
484 542 730 600 videbis.
762 544 957 610 Amas,
994 545 1049 597 et
1080 557 1195 597 non
1227 541 1426 596 vides:
1462 558 1627 597 amor
1657 543 1781 614 ipse
1807 561 1919 600 non

202 639 257 690 te
301 635 586 705 perducet
618 639 683 688 ut
713 632 910 688 videas
933 633 961 687 ?
989 637 1160 698 Ama,
1215 647 1512 701 persevera
1545 635 1600 688 in
1633 635 1916 690 amando:

203 741 319 781 non
346 723 654 790 fraudabo,
674 722 888 794 inquit,
937 736 1196 777 amorem
1213 721 1511 791 tuum,qui
1537 723 1812 778 mundavi
1835 740 1932 780 cor

205 822 403 871 tuum.
429 814 648 886 thuid
678 814 833 869 enim
859 813 1146 868 mundavi
1170 830 1267 868 cor
1289 821 1476 879 tuum,
1502 813 1612 869 nisi
1638 819 1700 868 ut
1725 815 1874 870 Deus
1899 833 1931 871 a

208 912 262 964 te
294 905 490 977 possit
536 904 768 960 videri?
808 903 964 959 Beati
1011 903 1164 959 enim
1214 903 1418 958 mundo
1457 903 1634 974 corde,
1667 907 1796 977 quia
1827 906 1936 976 ipsi

209 998 384 1053 Deum
418 995 678 1050 videbunt
725 994 950 1063 (Matth.
981 1010 1034 1060 v,
1073 994 1150 1063 8).
1186 993 1298 1048 Sed
1333 992 1467 1060 hoc,
1518 994 1707 1063 inquit
1737 1011 1937 1051 servus

208 1093 498 1158 tanquam
527 1101 658 1142 cum
691 1086 932 1141 Domino
956 1085 1286 1156 disputans,
1307 1101 1424 1141 non
1449 1085 1786 1157 expressisti
1809 1102 1937 1140 cum

207 1176 433 1244 dixisti,
488 1176 645 1231 Ibunt
682 1177 830 1246 justi
868 1177 925 1229 in
966 1177 1136 1230 vitam
1183 1179 1498 1232 aeternam:
1545 1191 1660 1231 non
1715 1175 1934 1243 dixisti,

207 1270 389 1326 Ibunt
423 1275 482 1322 ut
509 1267 744 1322 videant
775 1281 862 1320 me
886 1266 946 1321 in
973 1267 1157 1322 forma
1177 1265 1299 1334 Dei,
1328 1265 1562 1321 videant
1586 1265 1812 1321 Patrem
1845 1249 1938 1322 cui

208 1358 455 1430 aequalis
490 1374 644 1412 sum.
676 1355 828 1413 Alibi
852 1359 1088 1413 attende
1105 1357 1247 1426 quid
1273 1357 1416 1412 dixit
1443 1373 1455 1412 :
1492 1358 1620 1414 Haec
1648 1360 1722 1413 est
1752 1359 1937 1413 autem

209 1449 326 1506 vita
345 1455 585 1516 aeterna,
600 1455 660 1502 ut
673 1450 996 1516 cognoscant
1013 1453 1066 1501 te
1081 1463 1254 1501 unum
1281 1463 1470 1501 verum
1486 1447 1673 1512 Deum,
1705 1453 1755 1503 et
1776 1464 1936 1518 quem

212 1539 425 1595 misisti
452 1538 639 1594 Iesum
671 1537 941 1592 Christum
971 1537 1150 1605 (Joan.
1174 1553 1314 1602 xvn,
1339 1537 1418 1607 3).

285 1631 373 1684 16.
413 1631 484 1683 Et
521 1629 689 1684 modo
722 1643 856 1699 ergo
882 1629 894 1662 ¹
922 1635 1049 1697 post
1072 1629 1938 1700 commemoratumjudicium,

212 1721 374 1789 quod
401 1733 581 1774 omne
605 1717 760 1772 dedit
784 1717 930 1773 Filio
947 1718 1537 1788 Paternonjudicans
1566 1733 1939 1792 quemquam,

216 1809 368 1881 quid
404 1809 672 1863 futurum
711 1809 842 1862 est?
875 1807 1019 1872 Quid
1054 1806 1360 1878 sequitur?
1393 1809 1454 1864 Ut
1483 1824 1666 1864 omnes
1689 1809 1946 1882 honoriﬁ-

213 1904 331 1956 cent
371 1899 619 1962 Filium,
651 1896 794 1952 sicut
837 1897 1210 1967 honoriﬁcant
1241 1899 1480 1952 Patrem.
1512 1897 1730 1954 Judazis
1760 1899 1943 1956 hono-

215 1990 482 2046 riﬁcatur
511 1988 730 2054 Pater’,
752 1988 1148 2045 contemnitur
1165 1987 1362 2044 Filius.
1405 1988 1581 2044 Filius
1606 1990 1760 2045 enim
1791 1992 1943 2047 vide-

218 2079 390 2135 batur
413 2083 478 2133 ut
508 2093 738 2145 servus,
760 2078 930 2134 Pater
958 2077 1447 2133 honorificabatur
1471 2083 1534 2133 ut
1555 2079 1728 2134 Deus.
1754 2083 1940 2152 Appa-

218 2170 373 2226 rebit
409 2174 466 2224 et
498 2167 681 2224 Filius
715 2169 956 2239 aequalis
977 2168 1157 2231 Patri.
1183 2173 1246 2223 ut
1268 2184 1452 2224 omnes
1483 2169 1942 2240 honoriﬁcentFi~

223 2257 544 2324 tium,sicut
557 2256 921 2326 honoriﬁcam
934 2256 1367 2312 Patrem.Modo
1382 2273 1517 2329 ergo
1533 2257 1641 2313 hoc
1655 2259 1940 2317 habemus

222 2349 281 2404 in
317 2349 459 2404 ﬁde.
494 2347 612 2402 Nec
645 2348 800 2404 dicat
837 2347 1114 2403 Judasus:
1149 2347 1377 2404 Patrem
1409 2347 1729 2405 honorifico
1755 2367 1768 2417 ;
1799 2351 1940 2421 quid

223 2438 374 2494 mihi
407 2443 503 2494 est
539 2454 671 2493 cum
703 2437 843 2493 Filio
861 2438 888 2494 ‘l
909 2438 1274 2509 Respondeat
1298 2437 1401 2507 illi,
1425 2439 1531 2506 Qui
1550 2455 1658 2494 non
1682 2441 1951 2512 honoriﬁ-

224 2531 309 2583 σαι
341 2529 582 2594 Filium,
611 2544 719 2584 non
753 2527 1077 2599 honoriﬁcat
1121 2530 1358 2582 Patrem.
1409 2529 1664 2584 Mentiris
1697 2532 1946 2599 omnino,

223 2618 447 2673 Filium
501 2616 901 2690 blasphemas,
950 2621 1006 2673 et
1054 2617 1205 2672 Patri
1257 2617 1399 2674 facis
1444 2619 1742 2688 injuriam.
1788 2621 1953 2678 Pater

229 2708 390 2763 enim
429 2707 644 2762 Filium
685 2706 866 2771 misit,
900 2714 958 2761 tu
991 2707 1322 2762 contemnis
1375 2723 1546 2777 quem
1582 2708 1772 2765 misit:
1808 2727 1954 2780 quo-

231 2797 414 2853 modo
432 2796 788 2853 honoriﬁcas
805 2795 1260 2867 mittentem,qui
1277 2796 1650 2868 blasphemas
1667 2799 1912 2855 missum
1927 2801 1955 2854 ?

304 2888 396 2942 17.
466 2886 628 2952 Ecce,
681 2885 869 2956 inquit
920 2884 1155 2955 aliquis,
1203 2884 1420 2940 missus
1477 2891 1565 2940 est
1613 2887 1791 2942 Filius
1834 2888 1878 2958 ;‘_
1899 2893 1956 2943 et

229 2977 430 3047 major
474 2981 561 3031 est
593 2977 782 3044 Pater,
826 2975 962 3047 quia
994 2974 1176 3030 misit.
1232 2976 1450 3031 Recede
1485 2994 1516 3031 a
1548 2993 1739 3032 carne.
1775 2978 1952 3033 Vetus

226 3067 408 3123 homo
445 3066 709 3137 suggerit
738 3069 1087 3121 vetustatem
1110 3066 1152 3134 ³,
1185 3069 1243 3120 tu
1267 3067 1324 3119 in
1350 3082 1494 3121 novo
1522 3083 1768 3138 agnosce
1799 3067 1957 3122 novi-

227 3159 438 3211 tatem.
504 3153 700 3209 Novus
759 3152 862 3208 tibi
916 3171 949 3210 a
998 3154 1210 3209 sweulo
1266 3155 1566 3225 antiquus,
1624 3164 1953 3228 perpetuus,

229 3249 513 3310 eternus,
548 3247 774 3298 revocet
802 3243 869 3297 ad
895 3243 1006 3298 hoc
1029 3241 1407 3298 intellectum.
1436 3244 1615 3299 Minor
1639 3250 1726 3299 est
1752 3244 1956 3312 Filius,

242 3335 382 3405 quia
400 3334 620 3387 missus
641 3331 832 3387 dictus
845 3336 929 3387 est
949 3332 1122 3388 Filius
1138 3333 1163 3387 ‘?
1180 3332 1508 3388 Missionem
1527 3333 1720 3404 audio,
1748 3351 1862 3390 non
1879 3352 1963 3391 se-

233 3423 630 3495 parationem.
657 3422 764 3477 Sed
792 3422 921 3490 hoc,
950 3423 1160 3492 inquit,
1183 3423 1448 3478 videmus
1478 3424 1533 3478 iu
1558 3425 1730 3479 rebus
1756 3423 1962 3480 huma-

235 3513 352 3579 nis,
389 3513 534 3581 quia
568 3511 751 3580 major
778 3520 862 3565 est
887 3511 987 3582 qui
1014 3510 1212 3578 mittit,
1237 3527 1414 3581 quam
1437 3510 1534 3566 ille
1567 3511 1663 3582 qui
1689 3512 1960 3568 mittitur.

241 3600 351 3654 Sed
375 3601 758 3671 reslhumana:
783 3599 993 3655 fallunt
1011 3599 1332 3667 hominem,
1349 3616 1441 3656 res
1458 3600 1660 3656 divinas
1686 3606 1960 3674 purgant.

241 3691 369 3746 Noli
406 3691 714 3746 attendere
733 3689 803 3745 ad
828 3706 919 3747 res
943 3689 1258 3759 humanas,
1283 3691 1380 3745 ubi
1408 3692 1595 3761 major
1615 3691 1844 3748 videtur
1865 3690 1965 3762 qui

246 3784 458 3847 mittit,
489 3789 550 3836 et
583 3781 771 3836 minor
801 3780 900 3851 qui
927 3780 1220 3835 mittitur:
1254 3797 1590 3852 quanquam
1624 3785 1680 3836 et
1710 3781 1845 3853 ipsae
1878 3797 1967 3836 res

250 3879 528 3933 humanae
562 3871 766 3925 dicunt
796 3875 998 3926 contra
1031 3875 1084 3926 te
1115 3871 1540 3927 testimonium.
1578 3871 1774 3941 Velut,
1807 3871 1962 3926 verbi

249 3966 460 4037 gratia.
495 3961 550 4017 si
583 3959 716 4032 quis
768 3975 1006 4015 uxorem
1057 3960 1194 4015 velit
1245 3965 1457 4031 petere,
1509 3967 1562 4016 et
1610 3977 1712 4032 per
1760 3976 1820 4015 se
1852 3978 1966 4016 non

251 4055 459 4124 possit,
494 4051 755 4108 amicum
791 4050 1067 4119 majorem
1099 4049 1279 4105 mittit
1309 4049 1408 4120 qui
1441 4049 1491 4104 ei
1525 4055 1695 4122 petat.
1732 4051 1800 4105 Et
1831 4055 1970 4105 sunt

254 4146 437 4200 multa
472 4143 529 4197 in
567 4141 785 4212 quibus
836 4140 958 4211 ipse
1006 4142 1191 4210 major
1220 4140 1473 4212 eligitur,
1508 4141 1608 4212 qui
1643 4142 1907 4196 mittatur
1937 4158 1969 4197 a

249 4237 498 4292 minore.
525 4232 675 4295 Ouid
702 4232 970 4302 ergojam
996 4231 1349 4287 calumniam
1375 4231 1460 4286 vis
1480 4233 1688 4300 facere,
1713 4232 1966 4301 quiaille

253 4327 432 4392 misit,
485 4324 590 4378 ille
641 4323 858 4377 missus
913 4327 1000 4376 est
1025 4323 1053 4376 ‘2
1081 4322 1174 4376 Sol
1224 4322 1450 4376 radium
1506 4321 1702 4388 mittit,
1753 4325 1811 4377 et
1855 4339 1969 4376 non

252 4419 487 4488 separat
522 4433 536 4481 ;
592 4411 732 4466 luna
778 4411 1148 4482 splendorem
1210 4410 1406 4481 mittit,
1439 4415 1495 4466 et
1527 4427 1641 4466 non
1691 4418 1923 4482 separat
1957 4427 1969 4478 ;

258 4507 498 4562 lucerna
533 4503 738 4558 lumen
773 4502 984 4570 fundit,
1006 4507 1063 4557 et
1085 4519 1198 4557 non
1223 4509 1452 4574 separat
1489 4519 1500 4556 :
1534 4502 1698 4557 video
1730 4502 1808 4557 ibi
1843 4503 1976 4558 mis-

261 4598 485 4651 sionem
516 4593 562 4659 ⁴,
597 4597 653 4648 et
686 4591 905 4648 nullam
957 4591 1119 4647 video
1169 4592 1610 4663 separationem.
1647 4591 1790 4646 Nam
1825 4593 1872 4648 si
1907 4593 1976 4648 de

263 4687 438 4742 rebus
470 4682 750 4739 humanis
804 4683 1014 4753 quieris
1063 4682 1343 4753 exempla,
1373 4698 1404 4736 o
1440 4682 1704 4737 heretica
1734 4682 1974 4748 vanitas,

264 4789 632 4849 quanquam,
659 4774 808 4829 sicut
835 4772 1006 4842 paulo
1029 4780 1162 4828 ante
1185 4772 1322 4838 dixi,
1349 4780 1400 4827 et
1425 4772 1566 4842 ipsa:
1594 4789 1685 4828 res
1704 4772 1977 4829 humanis

264 4869 326 4922 in
361 4864 717 4937 quibusdam
751 4863 1034 4935 exemplis
1065 4865 1392 4934 coarguunt
1421 4866 1477 4917 et
1507 4863 1854 4918 convincunt
1884 4868 1972 4933 te;

263 4961 466 5012 tamen
490 4952 730 5009 attende
750 4967 922 5024 quam
946 4951 1018 5008 sit
1043 4952 1199 5008 aliud
1221 4950 1279 5004 in
1304 4951 1477 5006 rebus
1502 4949 1796 5018 humanis,
1830 4954 1980 5008 unde

329 5069 346 5100 ¹
379 5064 504 5113 Mss.
520 5059 720 5123 plures,
747 5058 809 5108 Et
829 5060 1078 5123 quomodo
1099 5073 1220 5122 ergo
1236 5065 1375 5122 post.
1407 5057 1510 5107 Alii
1532 5071 1675 5118 vero,
1697 5059 1982 5122 thuomo-

262 5128 328 5176 do
352 5129 379 5174 Ι
411 5125 554 5186 Ergo
585 5126 631 5170 et
659 5127 793 5186 post.

266 5139 379 5212 doni
411 5139 554 5236 ριν·Ῡο
585 5139 631 5170 et
659 5139 811 5194 ροει.⁶
1808 5185 1818 5195 ⁹

266 5189 499 5302 “131;.
514 5187 784 5298 eegtenqﬁm
794 5185 1039 5248 JuxtaEr.
1061 5183 1223 5248 Lugd.
1242 5188 1294 5234 et
1306 5182 1614 5236 Ven..Modo
1631 5182 1985 5246 honoriﬁcam

307 5264 499 5306 errem,
531 5264 600 5298 et.
666 5264 733 5296 ω.

326 5317 350 5349 3
375 5314 462 5363 Sic
492 5317 605 5362 tres
634 5309 756 5359 Mss.
796 5310 900 5360 Alii
939 5315 1118 5361 autem
1165 5311 1384 5368 habent,
1419 5315 1719 5365 vetustate;
1754 5308 1834 5357 vel
1867 5323 1986 5359 cum

266 5378 450 5436 editis,
485 5373 750 5423 vetustati.
787 5373 954 5436 Paulo
985 5378 1104 5436 post
1147 5375 1202 5422 in
1251 5373 1405 5423 editis
1447 5373 1654 5434 legitur,
1688 5385 1845 5419 novus
1872 5372 1987 5428 tibi.

267 5435 454 5489 3:"qu
483 5436 754 5500 antiquus,
790 5435 998 5498 absque
1030 5437 1426 5500 praepositione,
1458 5448 1506 5500 ᾳ,
1548 5447 1667 5496 quin
1698 5438 1872 5500 tamen
1906 5440 1991 5500 est

269 5506 322 5552 in
357 5495 626 5551 omnibus
642 5498 764 5562 Mss.
800 5495 1046 5562 Denique
1075 5495 1218 5548 infra
1242 5500 1366 5562 Lov.
1392 5495 1790 5562 habet,’revocet
1813 5496 1876 5545 ab
1899 5498 1992 5547 hoc

272 5565 580 5616 intellectu:
611 5559 1010 5623 refragantibus
1042 5562 1201 5612 editis
1232 5561 1346 5611 aliis
1377 5566 1427 5609 et
1461 5559 1587 5608 Mss.

337 5631 359 5665 ι
383 5627 535 5688 ωσι,
567 5625 906 5674 emissionem.

1419 225 1894 290 TRACTATUS
1939 231 2126 292 XXII.
2172 233 2430 296 CAPUT
2479 237 2528 295 Ι.

3575 244 3732 304 1574

2032 367 2118 424 vis
2149 370 2348 426 decere
2379 372 2644 444 exempla
2661 373 2728 428 ad
2754 389 2842 430 res
2874 373 3126 430 divinas.
3161 375 3343 431 Homo
3374 377 3474 450 qui
3535 379 3733 437 mittit.

2032 466 2240 515 manet
2271 459 2419 532 ipse,
2455 467 2511 517 et
2543 462 2727 534 pergit
2760 462 2858 518 ille
2881 463 2980 536 qui
3005 463 3271 521 mittitur:
3300 467 3582 538 numquid
3615 487 3736 542 per-

2030 548 2116 618 git
2149 550 2320 604 homo
2353 567 2481 606 cum
2505 567 2570 606 eo
2593 568 2767 622 quem
2794 553 2970 608 mittit
2989 553 3016 609 ?
3041 558 3206 610 Pater
3228 559 3423 612 autem
3458 557 3556 627 qui
3580 557 3740 615 misit

2032 639 2263 704 Filium,
2317 657 2433 697 non
2489 643 2724 699 recessit
2755 661 2787 698 a
2820 643 2982 698 Filio.
3017 644 3209 714 Ipsum
3259 645 3571 702 Dominum
3603 649 3740 703 audi

2033 729 2344 797 dicentem,
2377 735 2512 788 Ecce
2541 737 2714 790 veniet
2744 735 2898 800 hora,
2932 741 2994 788 ut
3023 739 3388 808 unusquisque
3416 735 3635 792 dicebat
3665 738 3742 794 ad

2035 838 2154 887 sua,
2189 831 2240 876 et
2271 838 2356 877 me
2395 823 2569 879 solum
2603 826 2927 895 relinquatis
2949 842 2971 882 :
2999 825 3090 879 sed
3121 842 3227 881 non
3257 827 3401 882 solus
3432 844 3576 895 sum,
3608 831 3738 900 quia

2036 912 2200 966 Pater
2239 929 2450 967 mecum
2491 924 2564 969 est
2612 916 2788 984 (Joan.
2822 931 2936 980 XVI,
2968 916 3390 986 32).Quomodo
3421 934 3555 972 cum
3589 920 3751 974 misit

2037 1017 2169 1056 cum
2205 1019 2314 1073 quo
2337 1004 2542 1059 venit?
2565 1007 2850 1074 quomodo
2873 1022 3005 1061 eum
3041 1008 3202 1061 misit
3225 1025 3257 1062 a
3278 1025 3392 1078 quo
3417 1026 3528 1064 non
3559 1026 3748 1066 reces-

2041 1093 2162 1149 sit?
2186 1093 2312 1149 Alio
2342 1095 2464 1150 loco
2498 1096 2663 1163 dixit,
2716 1103 2883 1152 Pater
2911 1107 3094 1153 autem
3141 1099 3201 1153 in
3254 1115 3337 1154 me
3365 1116 3590 1156 manens
3618 1103 3752 1170 facit

2043 1197 2205 1251 Opera
2233 1198 2352 1237 sua.
2409 1184 2508 1248 (Id.
2545 1201 2656 1248 xiv,
2696 1186 2803 1256 t0).
2843 1187 2981 1242 Ecce
3027 1186 3086 1241 in
3120 1187 3215 1243 illo
3269 1193 3375 1257 est,
3432 1205 3563 1245 ecce
3611 1207 3747 1261 ope-

2047 1277 2224 1327 ratur.
2256 1271 2380 1327 Non
2443 1275 2682 1329 recessit
2715 1292 2746 1330 a
2780 1276 2954 1331 misso
2989 1277 3248 1344 mittens,
3284 1279 3420 1348 quia
3452 1281 3660 1336 missus
3692 1286 3750 1337 et

2049 1362 2284 1419 mittens
2316 1381 2500 1421 unum
2536 1370 2692 1420 sunt.

2580 1508 3005 1567 TRAC’I‘A'I‘US
3041 1511 3218 1568 XXII.

2049 1615 2124 1670 Ab
2149 1631 2208 1671 eo
2230 1615 2370 1686 quod
2407 1618 2668 1687 scriptum
2690 1627 2784 1681 est,
2809 1619 3012 1690 Amen,
3061 1636 3229 1676 amen
3255 1621 3384 1677 dico
3409 1623 3573 1678 vobis
3621 1625 3759 1696 quia

2121 1704 2221 1774 qui
2253 1705 2491 1760 verbum
2520 1722 2713 1761 meum
2756 1707 2938 1773 audit,
2970 1716 3022 1762 et
3055 1708 3236 1764 credit
3258 1709 3307 1764 ei
3343 1709 3442 1781 qui
3465 1711 3623 1767 misit
3643 1729 3757 1783 me,

2121 1793 2293 1849 habet
2351 1795 2524 1850 vitam
2579 1801 2850 1852 aeternam
2902 1815 2915 1865 ;
2979 1815 3147 1869 usque
3212 1799 3281 1854 ad
3337 1798 3410 1869 id,
3446 1801 3605 1865 Quod
3641 1819 3757 1858 non

2120 1899 2312 1954 quaero
2344 1883 2700 1941 voluntatem
2737 1903 2949 1954 meam,
2983 1889 3082 1944 sed
3117 1887 3480 1945 voluntatem
3515 1892 3642 1962 ejus
3663 1891 3765 1964 qui

2120 1988 2209 2029 me
2237 1973 2411 2030 misit.
2447 1975 2575 2047 Cap.
2607 1992 2662 2044 v,
2698 1978 2750 2045 ᾗ.
2783 1979 2850 2032 24
2885 1979 2972 2033 30.

2121 2099 2171 2152 1.
2219 2098 2681 2156 Nudiustertiani
2730 2107 2786 2157 et
2833 2103 3088 2161 hesterni
3120 2107 3232 2162 diei
3265 2122 3564 2164 sermones
3623 2108 3756 2165 red-

2049 2187 2199 2244 ditos
2230 2189 2393 2245 vobis
2424 2191 2688 2260 sequitur
2709 2192 2986 2250 hodierna
3008 2197 3341 2268 evangelica
3359 2197 3548 2264 lectio,
3575 2213 3752 2269 quam

2051 2295 2118 2335 ex
2149 2278 2352 2333 ordine
2385 2285 2830 2351 pertractemus,
2865 2299 2978 2338 non
3021 2301 3122 2354 pro
3154 2287 3281 2356 ejus
3313 2286 3614 2357 dignitate,
3649 2287 3750 2342 sed

2049 2384 2153 2440 pro
2185 2367 2405 2424 viribus
2456 2371 2708 2427 nostris:
2742 2373 2879 2442 quia
2911 2377 2967 2427 et
2998 2389 3098 2428 vos
3130 2389 3242 2428 non
3276 2391 3376 2444 pro
3408 2375 3754 2431 inundantia

2061 2455 2236 2512 fontis
2270 2457 2554 2529 largitate,
2584 2461 2681 2515 sed
2707 2477 2805 2531 pro
2829 2467 3013 2517 vestro
3044 2462 3278 2518 modulo
3297 2464 3522 2533 capitis.
3558 2467 3621 2520 Et
3649 2480 3760 2520 nos

2061 2563 2176 2603 non
2211 2551 2427 2603 tantum
2463 2549 2713 2606 dicimus
2743 2551 2802 2605 in
2834 2568 3005 2608 aures
3043 2558 3286 2618 vestras,
3325 2559 3607 2624 quantum
3639 2554 3767 2624 ipse

2065 2639 2193 2694 fons
2225 2643 2462 2706 manat;
2498 2642 2595 2696 sed
2623 2647 2904 2712 quantum
2928 2659 3132 2713 capere
3160 2659 3496 2714 possumus,
3530 2645 3683 2715 quod
3708 2643 3766 2698 in

2063 2733 2251 2784 vestro
2285 2745 2490 2784 sensus
2514 2731 2898 2802 trajiciamus,
2923 2732 3317 2789 abundantius
3347 2741 3622 2804 operante
3643 2734 3769 2806 ipso

2066 2820 2123 2873 in
2165 2821 2436 2877 cordibus
2469 2824 2691 2889 vestris,
2745 2840 2920 2894 quam
2967 2824 3132 2880 nobis
3162 2825 3221 2881 in
3253 2827 3494 2880 auribus
3539 2825 3772 2881 vestris.

2069 2910 2178 2965 Res
2229 2910 2380 2965 enim
2425 2927 2636 2982 magna
2689 2919 2986 2981 tractatur,
3037 2923 3089 2969 et
3137 2931 3252 2970 non
3285 2933 3316 2970 a
3349 2914 3596 2986 magnis,
3647 2915 3765 2970 imo

2070 3001 2317 3054 multum
2353 3001 2582 3070 parvis:
2617 3018 2778 3072 spem
2829 3008 3019 3058 tamen
3053 3009 3108 3059 et
3139 3005 3413 3060 ﬁduciam
3446 3005 3542 3060 dat
3572 3005 3767 3071 nobis,

2069 3090 2164 3158 qui
2198 3107 2444 3161 magnus
2476 3096 2704 3162 propter
2727 3108 2832 3147 nos
2856 3092 3040 3148 factus
3062 3097 3150 3148 est
3181 3109 3412 3164 parvus.
3445 3095 3500 3149 Si
3523 3093 3674 3150 enim
3698 3095 3768 3149 ab

2068 3179 2168 3234 illo
2202 3197 2314 3235 non
2347 3179 2800 3249 exhortaremur,
2825 3198 2929 3237 nec
2962 3181 3301 3238 invitaretur
3331 3184 3402 3238 ad
3431 3200 3566 3239 eum
3599 3182 3772 3238 intel-

2069 3270 2372 3342 ligentum,
2398 3273 2494 3327 sed
2527 3272 2816 3327 desereret
2841 3289 2944 3327 nos
2969 3277 3244 3343 tanquam
3269 3273 3737 3344 contemptibiles
3761 3287 3776 3340 ;

2073 3361 2210 3433 quia
2240 3377 2441 3432 capere
2471 3377 2581 3416 non
2617 3378 2924 3432 possumus
2948 3362 3309 3418 divinitatem
3345 3364 3551 3434 ipsius,
3585 3363 3631 3417 si
3658 3379 3773 3419 non

2073 3457 2301 3523 caperet
2324 3451 2446 3521 ipse
2481 3451 2896 3506 mortalitatem
2938 3455 3221 3518 nostram,
3257 3457 3313 3506 et
3343 3453 3675 3522 perveniret
3705 3453 3774 3506 ad

2073 3559 2180 3599 nos
2204 3546 2266 3597 ut
2287 3541 2623 3613 loqueretur
2647 3541 2814 3596 nobis
2839 3541 3212 3613 Evangelium
3240 3557 3252 3608 ;
3277 3541 3500 3612 siquod
3528 3543 3585 3596 in
3605 3541 3772 3597 nobis

2074 3634 2363 3704 abjectum
2395 3637 2452 3687 et
2481 3631 2791 3687 minimum
2844 3636 2948 3697 est,
3007 3631 3295 3687 noluisset
3342 3632 3778 3687 communicare

2075 3724 2380 3780 nobiscum
2407 3739 2419 3790 ;
2465 3726 2805 3792 putaremus
2835 3738 2964 3776 eum
2999 3722 3256 3777 noluisse
3285 3721 3453 3776 nobis
3482 3722 3620 3776 dare
3654 3739 3782 3776 ma-

2075 3828 2256 3884 gnum
2288 3827 2481 3879 suum,
2506 3810 2599 3881 qui
2624 3812 2878 3880 suscepit
2901 3827 3141 3881 parvum
3169 3815 3456 3866 nostrum.
3490 3813 3617 3865 [nec
3639 3809 3790 3877 dixi,

2078 3919 2149 3958 ne
2194 3900 2326 3973 quis
2356 3901 2443 3958 vel
2495 3917 2600 3956 nos
2651 3900 3028 3970 reprehendat
3077 3901 3190 3955 ista
3230 3903 3562 3968 tractantes,
3614 3900 3784 3971 quasi

2078 3991 2327 4047 multum
2360 3993 2648 4060 audaces;
2678 3990 2766 4046 vel
2798 3993 2868 4047 de
2901 4008 2962 4046 se
2994 3991 3261 4061 desperet
3291 3991 3446 4062 quod
3481 3991 3656 4060 possit
3682 4006 3781 4045 ca-

2080 4098 2213 4154 pere
2243 4083 2394 4137 dono
2427 4080 2549 4146 Dei,
2575 4082 2726 4153 quod
2753 4080 2836 4136 illi
2859 4081 3139 4153 dignatus
3160 4087 3246 4135 est
3270 4079 3431 4151 loqui
3463 4079 3640 4133 Filius
3662 4078 3786 4133 Dei.

2080 4174 2226 4244 Ergo
2260 4171 2411 4242 quod
2463 4171 2615 4243 loqui
2667 4170 2834 4225 nobis
2868 4171 3142 4242 dignatus
3183 4174 3289 4237 est,
3345 4169 3624 4222 debemus
3664 4181 3788 4221 cre-

2082 4263 2238 4332 dere,
2270 4261 2409 4333 quia
2437 4261 2619 4318 voluit
2651 4265 2712 4314 ut
2743 4260 3157 4331 intelligamus.
3191 4258 3298 4312 Sed
3331 4257 3380 4311 si
3412 4271 3525 4310 non
3579 4270 3786 4324 possu-

2084 4367 2232 4417 mus,
2249 4348 2848 4421 prazstatintellectum
2867 4353 3118 4417 rogatus,
3137 4345 3237 4415 qui
3256 4344 3496 4400 verbum
3522 4340 3794 4412 prmstitit

2086 4458 2200 4496 non
2225 4443 2484 4510 rogatus.

2153 4533 2205 4584 2.
2242 4530 2385 4584 Ecce
2418 4544 2542 4599 quas
2573 4528 2884 4582 verborum
2919 4525 3031 4579 ista
3060 4526 3280 4580 secreta
3312 4521 3452 4583 sint,
3487 4519 3794 4577 attendite.

2088 4623 2276 4686 Amen,
2298 4634 2457 4674 amen
2487 4617 2604 4672 dico
2635 4616 2802 4683 vobis,
2851 4613 2984 4686 quia
3025 4614 3121 4687 qui
3151 4614 3374 4670 verbum
3406 4627 3586 4668 meum
3609 4613 3792 4680 audit,

2087 4716 2140 4766 et
2186 4709 2357 4764 credit
2385 4710 2437 4764 ei
2469 4709 2566 4780 qui
2611 4709 2758 4761 misit
2805 4721 2909 4773 me,
2944 4705 3100 4762 habet
3151 4707 3318 4759 vitam
3369 4707 3656 4760 aeternam.
3709 4702 3793 4756 Ad

2089 4801 2264 4856 vitam
2294 4803 2446 4854 certe
2498 4801 2772 4853 aeternam
2805 4811 3006 4852 omnes
3059 4794 3398 4863 tendimus;
3443 4797 3501 4849 et
3549 4793 3652 4857 ait,
3687 4790 3794 4858 Qui

2091 4893 2313 4950 verbum
2364 4906 2541 4946 meum
2587 4889 2762 4957 audit,
2799 4892 2850 4943 et
2882 4887 3058 4943 credit
3086 4889 3140 4942 ei
3168 4889 3262 4958 qui
3301 4887 3450 4940 misit
3493 4881 3801 4949 meﬁhabet

2092 4987 2260 5040 vitam
2292 4988 2579 5039 aeternam.
2616 4979 2912 5052 Numquid
2940 4994 3077 5050 ergo
3107 4977 3308 5034 audire
3338 4990 3442 5029 nos
3473 4971 3654 5026 voluit
3687 4983 3804 5023 ver-

2094 5076 2232 5129 bum
2267 5088 2464 5140 suum,
2490 5075 2546 5125 et
2567 5070 2884 5140 intelligere
2907 5067 3142 5124 noluit?
3164 5059 3642 5132 Quandoquidem
3668 5057 3798 5114 siin

2096 5163 2386 5220 audiendo
2419 5165 2472 5217 et
2505 5161 2788 5216 credendo
2837 5159 2952 5212 vita
3001 5160 3212 5211 aeterna
3259 5156 3365 5218 est,
3399 5148 3579 5205 multo
3613 5147 3799 5220 magis

2097 5257 2154 5310 in
2190 5251 2588 5324 intelligendo.
2638 5251 2746 5305 Sed
2796 5248 3014 5320 gradus
3066 5243 3296 5317 pietatis
3326 5245 3414 5297 est
3443 5240 3609 5306 fides,
3667 5239 3803 5296 fidei

2100 5347 2322 5402 {ructus
2344 5341 2688 5407 intellectus,
2712 5343 2777 5394 ut
2797 5337 3202 5408 perveniamus
3223 5335 3290 5389 ad
3316 5333 3483 5387 vitam
3508 5336 3772 5386 mternam
3789 5372 3804 5399 ,

2101 5435 2200 5490 ubi
2225 5450 2337 5489 non
2375 5430 2541 5485 nobis
2561 5427 2785 5498 legatur
2811 5424 3181 5496 Evangelium
3213 5444 3227 5492 ;
3258 5423 3355 5479 sed
3385 5421 3482 5477 ille
3504 5423 3602 5492 qui
3630 5420 3803 5476 nobis

2103 5524 2277 5579 modo
2308 5515 2686 5588 Evangelium
2732 5514 3113 5585 dispensavit,
3149 5513 3384 5570 remotis
3415 5511 3688 5566 omnibus
3722 5511 3806 5566 le-

2108 5611 2320 5671 ctionis
2361 5605 2610 5682 paginis,
2644 5608 2702 5664 et
2726 5619 2862 5663 voce
2893 5603 3126 5665 lectoris
3163 5610 3222 5665 et
3250 5601 3599 5674 tractatoris,
3633 5615 3810 5673 appa-
