4146 6186
402 196 553 257 15³75

399 337 521 389 rest
549 330 826 388 omnibus
858 330 981 388 suis
1007 335 1250 405 purgato
1282 333 1453 388 corde
1483 333 1914 398 assistentibus,
1948 337 2004 387 et
2039 331 2096 386 in

399 439 634 495 corpore
659 424 1109 496 immortalijam
1132 441 1433 494 nunquam
1456 425 1773 491 morituris,
1800 424 2094 479 mundans

402 531 521 581 eos,
556 519 609 568 et
641 514 978 568 illuminaus
1011 515 1288 579 viventes,
1313 522 1365 568 et
1389 513 1641 568 videntes
1672 516 1822 585 quod
1859 515 1918 568 in
1951 515 2102 582 prin-

402 604 544 676 cipio
577 609 692 658 erat
733 605 983 668 Verbum,
1029 608 1076 658 et
1116 604 1341 659 Verbum
1389 608 1504 658 erat
1547 603 1690 673 apud
1725 604 1886 657 Deum
1919 603 2098 672 (Joan.

400 713 438 760 1,
492 695 566 765 1).
617 694 779 748 Nunc
827 711 962 764 ergo
1011 693 1104 763 qui
1158 709 1365 746 sumus
1415 694 1808 756 attendamus,
1842 697 1897 746 et
1928 707 2098 761 quem

399 785 704 839 audiamus
737 788 1076 855 cogitemus.
1129 784 1279 836 Deus
1319 787 1404 838 est
1433 783 1712 849 Christus,
1746 786 1800 836 et
1830 797 1960 835 cum
1999 782 2102 834 ho-

399 875 662 928 minibus
687 873 944 944 loquitur
969 890 980 925 :
1009 872 1133 942 capi
1160 889 1220 926 se
1253 872 1388 938 vult,
1417 872 1588 925 faciat
1612 887 1852 942 capaces
1879 888 1892 937 ;
1923 870 2098 925 videri

401 981 461 1018 se
493 964 632 1030 vult,
668 963 888 1034 aperiat
921 963 1139 1017 oculos.
1175 963 1297 1016 Non
1332 970 1520 1016 tamen
1555 963 1681 1016 sine
1715 978 1888 1016 causa
1920 960 2102 1032 loqui-

404 1062 493 1110 tur
526 1054 714 1118 nobis,
751 1053 858 1108 nisi
892 1053 1030 1124 quia
1056 1071 1257 1108 verum
1290 1063 1372 1109 est
1407 1055 1558 1125 quod
1596 1052 1875 1124 promittit
1909 1053 2095 1106 nobis.

470 1147 522 1200 3.
564 1145 737 1200 Verba
769 1162 908 1213 mea,
945 1146 1158 1215 inquit,
1191 1145 1284 1217 qui
1323 1145 1500 1208 audit,
1534 1155 1584 1200 et
1613 1143 1778 1198 credit
1810 1144 1863 1197 ei
1893 1145 1988 1214 qui
2017 1158 2100 1196 me

396 1234 568 1304 misit,
600 1235 761 1289 habet
789 1237 955 1289 vitam
978 1245 1257 1302 aeternam,
1290 1243 1337 1289 et
1369 1237 1426 1288 in
1449 1234 1730 1302 judicium
1763 1248 1868 1286 non
1901 1235 2096 1296 veniet,

397 1326 489 1379 sed
537 1327 754 1380 transiit
786 1343 817 1378 a
849 1331 1020 1378 morte
1050 1325 1118 1377 ad
1148 1330 1340 1378 vitam.
1395 1323 1527 1387 Ubi,
1569 1322 1800 1393 quando
1833 1325 2099 1376 venimus

401 1414 470 1466 de
506 1419 687 1467 morte
721 1414 788 1466 ad
824 1413 1018 1479 vitam,
1047 1419 1107 1466 ut
1133 1429 1241 1465 non
1269 1413 1323 1466 in
1344 1413 1629 1480 judicium
1662 1411 1965 1465 veniamus
1988 1411 2013 1462 ?
2040 1410 2096 1463 ln

405 1502 510 1557 hac
541 1502 654 1557 vita
686 1502 967 1556 transitur
999 1519 1030 1556 a
1063 1508 1245 1555 morte
1268 1504 1335 1554 ad
1359 1502 1576 1566 vitam;
1609 1501 1665 1554 in
1693 1501 1795 1554 hac
1831 1500 1939 1553 vita
1974 1515 2098 1567 quae

399 1592 656 1645 nondum
690 1591 942 1657 estvita,
995 1591 1128 1644 hinc
1179 1590 1460 1645 transitur
1490 1609 1522 1644 a
1555 1599 1733 1645 morte
1783 1590 1851 1642 ad
1899 1589 2096 1642 vitam.

404 1679 541 1745 Quis
575 1684 658 1734 est
690 1678 787 1735 ille
816 1680 1143 1734 transitus?
1177 1681 1280 1747 Qui
1309 1679 1464 1734 audit
1515 1679 1681 1734 verba
1705 1677 2029 1742 mea,dixit,
2050 1684 2102 1730 et

398 1771 572 1826 credit
603 1773 654 1826 ei
683 1773 778 1841 qui
806 1773 950 1826 misit
976 1787 1077 1826 me.
1108 1772 1357 1826 Servans
1393 1771 1505 1824 ista
1536 1770 1744 1840 credis,
1779 1774 1834 1824 et
1863 1767 2098 1823 transis.

400 1861 467 1914 Et
496 1865 583 1914 est
617 1861 711 1932 qui
743 1860 951 1915 stando
983 1861 1240 1915 transit?
1282 1860 1454 1914 Plane
1485 1865 1606 1914 est:
1644 1863 1756 1914 stat
1785 1859 1940 1914 enim
1974 1873 2098 1912 cor-

400 1967 555 2020 pore,
591 1951 797 2004 transit
832 1956 1037 2006 mcnte.
1072 1950 1174 2005 Ubi
1208 1957 1351 2017 erat,
1389 1952 1540 2005 unde
1574 1950 1865 2016 transiret,
1901 1955 1954 2003 et
1985 1964 2097 2018 quo

399 2041 656 2095 transit?
685 2041 914 2095 Transit
947 2058 979 2094 a
1009 2045 1195 2095 morte
1216 2042 1288 2096 ad
1314 2041 1505 2095 vitam.
1536 2041 1674 2094 Vide
1709 2056 1888 2094 unum
1917 2037 2102 2094 homi-

400 2146 532 2185 nem
566 2135 841 2197 stantem,
874 2130 933 2184 in
967 2147 1082 2200 quo
1107 2136 1308 2202 agatur
1332 2141 1510 2185 totum
1547 2133 1650 2186 hoc
1674 2131 1825 2200 quod
1862 2127 2097 2183 dicitur.

401 2220 549 2284 Stat,
592 2221 790 2288 audit;
839 2220 982 2275 forte
1027 2236 1142 2276 non
1192 2222 1482 2287 credebat,
1533 2221 1821 2275 audiendo
1877 2218 2097 2272 credit:

400 2311 572 2381 paulo
605 2319 735 2365 ante
763 2327 874 2365 non
909 2311 1199 2372 credebat,
1253 2311 1421 2366 modo
1450 2313 1625 2366 credit
1654 2331 1666 2379 ;
1703 2311 1872 2382 quasi
1906 2313 1975 2367 de
2003 2325 2094 2364 re-

397 2400 569 2470 gione
602 2397 962 2454 inﬁdelitatis
995 2399 1064 2452 ad
1099 2399 1386 2469 regionem
1423 2400 1552 2454 fidei
1586 2400 1893 2454 transitum
1943 2401 2094 2465 fecit,

399 2497 557 2543 moto
608 2487 798 2556 corde,
847 2503 960 2542 non
1013 2493 1169 2542 moto
1219 2505 1478 2558 corpore,
1533 2493 1682 2544 moto
1715 2488 1769 2541 in
1808 2489 2093 2544 nielius‘:

398 2578 532 2647 quia
565 2579 771 2630 iterum
805 2576 904 2646 qui
947 2576 1222 2633 deserunt
1272 2580 1465 2643 fidem,
1521 2584 1822 2634 moventur
1855 2577 1911 2631 in
1942 2580 2098 2632 dete-

399 2667 540 2720 rius.
573 2666 713 2720 Ecce
745 2666 801 2718 in
839 2665 940 2719 hac
972 2667 1111 2733 vita,
1164 2684 1308 2738 quis,
1363 2668 1513 2722 sicut
1543 2668 1680 2735 dixi,
1717 2669 1975 2722 nondum
2011 2672 2100 2721 est

397 2757 532 2823 vita,
567 2756 905 2811 transitura
937 2763 1122 2813 morte
1155 2760 1223 2813 ad
1259 2762 1456 2826 vitam,
1483 2764 1545 2814 ut
1577 2760 1632 2814 in
1657 2759 1951 2830 judicium
1985 2776 2096 2814 non

395 2847 678 2900 veniatur.
712 2845 900 2910 Quare
942 2852 1132 2901 autem
1157 2849 1268 2902 dixi
1294 2848 1428 2918 quia
1454 2850 1703 2903 nondum
1739 2854 1828 2903 est
1859 2848 2018 2902 vita?
2040 2848 2098 2902 Si

393 2934 508 2990 vita
540 2941 692 2990 esset
727 2937 858 3006 ista,
921 2953 1033 2992 non
1067 2939 1278 2994 diceret
1308 2938 1590 2994 Dominus
1639 2941 1895 3006 cuidam,
1927 2938 1987 2994 Si
2017 2936 2098 2991 vis

391 3024 582 3079 venire
612 3028 690 3079 ad
718 3028 908 3091 vitam,
941 3043 1100 3081 serva
1146 3027 1410 3083 mandata
1456 3028 1666 3099 (Matth.
1700 3047 1813 3094 χιχ,
1841 3031 1948 3096 17).
1977 3033 2095 3083 Non

395 3115 550 3170 enim
584 3116 665 3169 ait
697 3115 798 3181 illi,
835 3117 894 3171 Si
944 3117 1030 3172 vis
1074 3118 1264 3173 venire
1312 3119 1380 3172 ad
1430 3119 1604 3172 vitam
1641 3129 1950 3186 aeternam;
1986 3138 2098 3177 non

394 3203 621 3257 addidit
648 3210 934 3270 aeternam,
970 3206 1068 3260 sed
1118 3212 1344 3260 tantum
1397 3207 1558 3273 dixit,
1594 3210 1777 3261 vitam.
1816 3209 1959 3279 Ergo
1989 3210 2101 3264 ista

397 3307 503 3346 nec
533 3292 654 3346 vita
688 3293 1043 3348 nominanda
1075 3299 1181 3361 est,
1208 3296 1342 3365 quia
1368 3313 1476 3351 non
1502 3302 1591 3350 est
1623 3312 1756 3351 vera
1788 3300 1922 3352 vita.
1967 3299 2098 3361 Quae

396 3388 486 3438 est
517 3399 652 3438 vera
681 3385 819 3451 vita,
856 3387 963 3441 nisi
999 3403 1121 3456 qua:
1153 3397 1232 3442 est
1257 3392 1468 3441 aeterna
1493 3387 1652 3441 vita?
1680 3388 1828 3442 Audi
1861 3391 2102 3460 Aposto-

397 3474 516 3528 lum
548 3474 831 3528 dicentem
860 3477 930 3530 ad
952 3476 1320 3532 Timotheum
1347 3495 1360 3531 :
1387 3481 1634 3548 Praecipe
1652 3477 1918 3534 divitibus
1939 3479 2100 3549 hujus

392 3566 612 3629 saeculi,
637 3581 744 3619 non
776 3568 1005 3636 superbe
1050 3585 1260 3639 sapere,
1310 3585 1483 3639 neque
1532 3587 1749 3640 sperare
1795 3571 1853 3625 in
1899 3573 2100 3626 incerto

394 3654 729 3708 divitiarum
751 3671 770 3715 ,·
802 3656 892 3710 sed
922 3659 983 3710 in
1016 3658 1119 3712 Deo
1163 3659 1301 3722 vivo,
1338 3661 1432 3729 qui
1469 3667 1698 3727 praestat
1741 3661 1892 3715 nobis
1915 3663 2101 3715 omnia

394 3744 739 3798 abundanter
767 3745 836 3799 ad
876 3747 1208 3813 fruendum:
1254 3749 1384 3802 bene
1413 3751 1642 3817 faciant,
1677 3749 1870 3804 divites
1901 3751 2008 3804 sint
2043 3752 2099 3803 in

392 3834 642 3904 aper-ibus
675 3835 849 3903 bonis,
880 3837 1044 3903 facile
1090 3837 1364 3903 tribuant,
1411 3841 1833 3893 communicent.
1881 3838 2097 3909 thuid

393 3923 546 3978 hoc?
575 3923 720 3977 Audi
771 3925 922 3995 quod
971 3927 1267 3996 sequitur:
1323 3927 1706 3983 Thesaurizent
1744 3930 1853 3984 sibi
1891 3931 2097 4001 funda-

392 4018 636 4068 mentum
684 4013 880 4069 bonum
929 4017 987 4068 in
1033 4019 1300 4084 futurum,
1346 4027 1405 4070 ut
1453 4019 1860 4087 apprehendant
1914 4036 2098 4075 verum

391 4103 563 4158 vitam
593 4103 635 4173 (l
671 4106 802 4160 Tim.
856 4122 932 4168 vi,
990 4105 1190 4173 17-19).
1226 4106 1277 4158 Si
1319 4107 1534 4159 debent
1565 4107 1674 4161 sibi
1707 4109 2096 4166 thesaurizare

394 4194 835 4251 fundamentum
893 4195 1103 4250 bonum
1137 4195 1193 4247 in
1249 4195 1528 4263 futurum,
1567 4201 1629 4250 ut
1660 4199 2097 4267 apprehendant

391 4303 584 4342 veram
637 4289 860 4357 vitam;
895 4287 1147 4358 profecto
1181 4287 1292 4340 ista
1326 4287 1380 4340 in
1415 4304 1529 4357 qua
1578 4294 1763 4354 erant,
1802 4289 1948 4346 falsa
1982 4295 2097 4348 vita

391 4385 495 4431 est.
531 4381 670 4431 Nam
725 4377 935 4448 utquid
981 4377 1121 4432 velis
1166 4379 1601 4446 apprehendere
1651 4397 1866 4446 veram,
1901 4383 2090 4452 sijam

390 4470 556 4521 tenes
588 4483 778 4520 veram
801 4466 828 4519 ‘t
876 4468 1373 4538 Apprehendenda
1404 4475 1491 4524 est
1520 4487 1651 4526 vera
1672 4473 1698 4525 ?
1730 4473 2092 4541 migrandum

391 4562 480 4609 est
511 4573 540 4608 a
575 4555 737 4608 falsa.
775 4556 840 4610 Et
872 4574 987 4626 qua
1038 4557 1402 4624 migrandum
1427 4559 1454 4614 ‘?
1484 4577 1598 4630 quo
1629 4561 1655 4614 ‘I
1681 4562 1852 4630 Audi,
1887 4563 2095 4632 crede;

391 4647 449 4698 et
477 4645 791 4700 transitum
843 4647 984 4702 facis
1018 4665 1050 4703 a
1084 4654 1267 4704 morte
1299 4651 1369 4704 ad
1405 4653 1608 4720 vitam,
1635 4659 1690 4708 et
1725 4655 1780 4709 in
1806 4656 2091 4724 judicium

392 4749 505 4788 non
539 4735 720 4789 venis.

463 4825 512 4878 4.
549 4824 696 4889 Quid
730 4830 811 4880 est
848 4826 975 4894 hoc,
1008 4828 1076 4881 Et
1100 4829 1463 4900 injudicium
1491 4848 1603 4886 non
1627 4834 1835 4888 venis?
1868 4835 1928 4888 Et
1962 4837 2095 4908 quis

395 4915 595 4972 melior
624 4917 733 4972 erit
760 4916 935 4972 Paulo
968 4920 1248 4989 apostolo,
1282 4922 1378 4991 qui
1413 4923 1529 4976 ait:
1568 4923 1783 4994 Oportet
1819 4941 1912 4980 nos
1933 4926 2094 4980 exhi-

1345 199 1420 259 IN
1466 199 1787 260 JOANNI—S
1832 194 2368 274 EVANGELIUM,
2417 200 2482 260 S.
2529 198 2957 263 AUGUSTINI

3759 207 3916 268 1576

2212 339 2328 388 tere
2361 334 2496 405 quia
2528 335 2586 389 in
2610 336 2903 406 judicium
2961 355 3075 395 non
3107 338 3322 406 venies,
3377 339 3562 408 Absit,
3594 340 3815 413 inquis,
3854 346 3919 397 ut

2209 439 2314 494 ego
2348 425 2485 478 mihi
2519 425 2626 482 hoc
2660 429 2994 497 promittere
3014 432 3255 486 audeam
3282 449 3294 486 :
3323 433 3422 486 sed
3463 432 3634 487 credo
3669 434 3915 504 promit-

2211 516 2372 570 tenti.
2407 517 2670 573 Salvator
2699 518 2975 591 loquitur,
3012 523 3236 577 Veritas
3261 524 3585 593 pollicetur,
3614 523 3735 592 ipse
3768 525 3916 579 dixit

2213 605 2380 674 mihi,
2410 607 2514 675 Qui
2551 609 2707 663 audit
2740 613 2899 665 verba
2939 627 3079 679 mea,
3114 617 3162 667 et
3192 613 3365 668 credit
3393 612 3449 666 ei
3493 613 3588 685 qui
3617 630 3706 667 me
3738 614 3914 681 misit,

2211 693 2374 749 habet
2405 698 2574 752 vitam
2602 705 2892 767 aeternam,
2911 705 2963 755 et
2987 705 3286 756 transitum
3309 705 3443 771 [acii
3465 702 3529 756 de
3559 710 3734 758 morte
3755 707 3814 758 in
3840 707 3918 758 vi-

2212 788 2344 851 tam,
2377 793 2429 841 et
2460 787 2514 842 in
2537 788 2814 859 judicium
2844 805 2955 844 non
2988 795 3180 847 veniet.
3217 795 3331 864 Ego
3353 809 3489 863 ergo
3521 794 3713 847 audivi
3745 795 3921 849 verba

2211 874 2439 932 Domini
2466 880 2596 944 mei,
2623 881 2838 934 credidi
2867 880 3024 950 ;jam
3046 883 3301 938 inﬁdelis
3329 900 3459 939 cum
3483 899 3696 952 essem,
3723 884 3913 938 factus

2211 982 2338 1020 sum
2374 967 2557 1023 fidelis
2581 985 2594 1023 :
2622 971 2770 1025 sicut
2804 987 2894 1026 me
2931 976 3177 1041 monuit,
3214 974 3417 1028 transii
3451 993 3482 1029 a
3517 980 3698 1028 morte
3730 975 3799 1028 ad
3838 975 3920 1028 vi-

2210 1060 2353 1124 tam,
2378 1059 2446 1112 ad
2469 1059 2757 1129 judicium
2783 1080 2897 1118 non
2920 1065 3089 1119 venio
3115 1082 3128 1127 ;
3155 1081 3264 1118 non
3293 1065 3748 1136 presumptione
3767 1082 3921 1133 mea,

2210 1150 2309 1201 sed
2336 1149 2519 1218 ipsius
2537 1153 2937 1220 promissione.
2959 1155 3170 1208 Paulus
3188 1161 3383 1209 autem
3400 1162 3600 1209 contra
3623 1155 3919 1211 Christum

2209 1225 2484 1297 loquitur,
2520 1246 2719 1285 servus
2751 1240 2950 1288 contra
2985 1234 3320 1299 Dominum,
3357 1233 3685 1301 discipulus
3717 1239 3921 1289 contra

2212 1320 2574 1389 magistrum,
2613 1321 2780 1376 homo
2810 1333 3011 1378 contra
3039 1327 3236 1389 Deum,
3272 1329 3334 1377 ut
3365 1339 3493 1377 cum
3529 1325 3807 1378 Dominus
3840 1325 3921 1377 di-

2210 1414 2300 1462 cat
2332 1410 2468 1478 quia
2498 1413 2592 1480 qui
2622 1411 2778 1466 audit
2809 1421 2859 1466 et
2892 1413 3080 1478 credit,
3133 1415 3334 1467 transit
3364 1431 3398 1466 a
3431 1417 3600 1468 morte
3629 1412 3697 1466 ad
3724 1416 3915 1477 vitam,

2209 1504 2260 1552 et
2295 1501 2348 1552 in
2377 1501 2657 1569 judicium
2680 1518 2787 1555 non
2813 1506 3007 1567 veniet,
3041 1503 3193 1557 dicat
3215 1503 3544 1566 Apostolus,
3567 1504 3790 1572 Oportet
3816 1519 3914 1556 nos

2210 1603 2389 1641 omnes
2406 1589 2658 1643 exhiberi
2674 1595 2799 1646 ante
2813 1592 3061 1646 tribunal
3079 1591 3322 1646 Christi?
3349 1593 3460 1645 Aut
3480 1592 3526 1646 si
3543 1592 3642 1662 adj
3655 1590 3911 1646 udicium

2211 1693 2325 1731 non
2359 1681 2514 1733 venit
2549 1679 2648 1749 qui
2674 1681 2741 1734 ad
2768 1680 3022 1735 tribunal
3053 1681 3378 1748 exhibetur,
3408 1680 3600 1735 nescio
3623 1681 3915 1750 quomodo

2213 1765 2557 1838 intelligam.

2282 1858 2336 1910 5.
2388 1858 2620 1914 Revelat
2666 1875 2802 1931 ergo
2873 1861 3149 1916 Dominus
3215 1860 3362 1916 Deus
3432 1864 3644 1926 noster,
3711 1864 3768 1914 et
3817 1876 3919 1931 per

2213 1947 2538 2016 Scripturas
2568 1965 2703 2003 suas
2754 1951 3027 2005 admonet
3077 1965 3183 2005 nos
3224 1951 3509 2018 quomodo
3541 1949 3918 2017 intelligatur,

2212 2041 2442 2106 quando
2483 2039 2692 2094 dicitur
2732 2039 3016 2108 judicium
3077 2041 3283 2094 Hortor
3313 2056 3447 2112 ergo
3481 2047 3540 2094 ut
3572 2040 3913 2094 attendatis.

2209 2126 2776 2198 Aliquandojudiciu
2791 2147 2840 2182 m
2860 2147 3028 2200 pcena
3041 2129 3250 2184 dicitur
3267 2145 3279 2184 :
3296 2129 3906 2200 aliquandojudicium

2209 2216 2634 2272 discriminatio
2664 2219 2896 2274 dicitur.
2941 2220 3268 2274 Secundum
3316 2219 3480 2274 illum
3514 2220 3752 2275 modum
3788 2234 3904 2289 quo

2209 2307 2719 2376 diciturjudicium
2735 2308 3180 2377 discriminatio,
3196 2313 3404 2379 oportet
3426 2324 3520 2364 nos
3541 2325 3726 2364 omnes
3747 2309 3910 2364 exhi-

2209 2397 2330 2451 beri
2357 2405 2492 2453 ante
2512 2399 2776 2465 tribunal,
2823 2399 3046 2462 Christi,
3071 2408 3128 2454 ut
3173 2397 3295 2453 illic
3323 2398 3551 2468 recipiat
3582 2399 3753 2453 homo
3775 2415 3908 2468 quae

2205 2503 2302 2558 per
2330 2503 2522 2557 corpus
2570 2493 2752 2558 gessit,
2798 2489 2909 2544 sive
2957 2490 3156 2544 bonum
3203 2491 3316 2544 sive
3363 2489 3607 2544 malum:
3659 2489 3786 2558 ipsa
3816 2493 3912 2544 est

2209 2579 2360 2634 enim
2393 2577 2838 2645 discriminatio,
2867 2584 2929 2634 ut
2955 2579 3121 2634 bonis
3147 2579 3317 2647 bona,
3345 2578 3512 2634 malis
3537 2578 3688 2633 mala
3719 2578 3916 2633 distri-

2210 2669 2486 2723 buantur.
2521 2667 2664 2722 Nam
2699 2668 2746 2722 si
2771 2669 3059 2739 judicium
3091 2685 3321 2739 semper
3351 2670 3409 2724 in
3443 2667 3597 2723 malo
3628 2669 3920 2739 accipere-

2208 2762 2324 2821 tur,
2379 2773 2491 2811 non
2545 2758 2752 2813 diceret
2801 2757 3085 2825 Psalmus,
3134 2758 3329 2813 Judica
3377 2775 3482 2825 me,
3532 2759 3688 2813 Deus.
3739 2758 3921 2812 Audit

2210 2850 2380 2905 fotrte
2412 2847 2628 2916 aliquis
2657 2848 2970 2912 dicentem,
2995 2847 3202 2904 Judica
3224 2863 3329 2915 me,
3364 2849 3523 2913 Deus,
3557 2852 3613 2900 et
3647 2848 3918 2903 miratur.

2209 2940 2368 2995 Solet
2394 2938 2550 2992 enim
2584 2940 2756 2994 homo
2789 2941 3004 3006 dicere,
3043 2941 3307 3008 Ignoscat
3338 2937 3477 2992 mihi
3513 2937 3703 3003 Deus;
3737 2938 3923 2994 Parce

2213 3026 2377 3092 mihi,
2412 3025 2562 3081 Deus
2595 3043 2607 3079 :
2640 3026 2765 3095 quis
2796 3030 2884 3080 est
2913 3029 3013 3095 qui
3047 3026 3219 3092 dicat,
3269 3025 3461 3081 Judica
3494 3034 3601 3091 me,
3633 3024 3820 3078 Deus?
3852 3025 3924 3078 Et

2212 3118 2522 3188 aliquando
2547 3117 2602 3170 in
2631 3117 2854 3170 Psalmo
2876 3131 3079 3170 versus
3101 3114 3220 3185 ipse
3245 3115 3300 3169 in
3326 3114 3713 3182 diapsalmatc
3744 3115 3927 3183 poni-

2213 3210 2324 3274 tur,
2357 3205 2450 3275 qui
2479 3204 2799 3275 praebeatur
2844 3223 2876 3259 a
2920 3203 3152 3272 lectore,
3204 3209 3260 3258 et
3297 3203 3714 3275 respondeatur
3743 3218 3777 3256 a
3810 3219 3924 3270 po-

2214 3303 2372 3374 pulo.
2401 3304 2521 3360 Non
2547 3305 2690 3359 forte
2714 3303 3000 3358 alicuicor
3017 3303 3359 3374 percutitur,
3394 3311 3445 3357 et
3472 3302 3633 3355 timet
3676 3307 3923 3358 cantare

2212 3392 2326 3448 Deo
2375 3397 2431 3447 et
2479 3393 2691 3460 dicere,
2739 3393 2939 3448 Judiea
2985 3409 3089 3459 me,
3140 3393 3324 3446 Deus?
3375 3393 3442 3446 Et
3489 3399 3678 3445 tamen
3718 3397 3930 3446 cantat

2212 3484 2462 3552 populus
2493 3487 2760 3548 credens,
2785 3499 2890 3537 nec
2914 3486 3071 3552 putat
3095 3497 3156 3535 se
3183 3481 3331 3534 male
3357 3485 3557 3550 optare
3579 3480 3731 3549 quod
3765 3479 3926 3534 didi-

2214 3575 2292 3630 cit
2324 3591 2356 3627 a
2386 3573 2578 3627 divina
2627 3572 2909 3629 lectione:
2963 3577 3018 3627 et
3067 3572 3112 3626 si
3169 3586 3373 3641 parum
3405 3568 3696 3639 intelligit.
3730 3571 3932 3625 credit

2212 3665 2427 3737 aliquid
2465 3665 2600 3719 boni
2632 3680 2756 3719 esse
2787 3664 2938 3735 quod
2965 3667 3176 3717 cantat.
3207 3663 3270 3716 Et
3291 3667 3481 3716 tamen
3516 3664 3571 3714 et
3602 3660 3725 3731 ipse
3757 3661 3934 3715 Psal-

2216 3773 2345 3809 mus
2378 3772 2492 3810 non
2526 3753 2740 3809 dimisit
2791 3753 3089 3808 hominem
3143 3751 3265 3806 sine
3313 3752 3631 3806 intellectu.
3669 3749 3934 3806 Secutus

2210 3847 2392 3911 enim,
2434 3844 2621 3900 verbis
2673 3843 3085 3914 posterioribus
3133 3843 3392 3898 ostendit
3423 3840 3932 3913 qualejudicium

2211 3937 2457 4002 diceret;
2494 3935 2634 4005 quia
2668 3949 2778 3988 non
2812 3937 2900 3987 est
2945 3931 3359 3996 damnationis,
3394 3932 3488 3985 sed
3524 3929 3935 3986 discretionis.

2211 4029 2295 4082 Ait
2347 4024 2525 4088 enim,
2594 4023 2784 4078 Judica
2835 4037 2938 4088 me,
2975 4023 3128 4076 Deus.
3189 4021 3334 4084 Quid
3396 4025 3506 4087 est,
3561 4019 3755 4076 Judica
3814 4035 3936 4084 me,

2210 4117 2346 4170 Deus
2373 4117 2399 4169 ?
2432 4116 2496 4168 Et
2540 4113 2788 4168 discerne
2807 4129 3027 4167 causam
3078 4127 3260 4165 meam
3291 4128 3322 4163 a
3360 4117 3516 4180 gente
3558 4125 3664 4164 non
3703 4113 3937 4164 sancta.

2211 4209 2358 4275 Ergo
2390 4203 3147 4273 secundumbocjudicium
3171 4201 3562 4264 discretionis,
3593 4206 3802 4269 Oportet
3831 4215 3940 4254 nos

2211 4311 2402 4350 omnes
2436 4294 2693 4350 exhiberi
2721 4301 2850 4348 ante
2882 4293 3132 4347 tribunal
3157 4290 3384 4346 Christi.
3411 4289 3737 4345 Secundum
3764 4289 3944 4355 judi-

2207 4385 2361 4439 cium
2387 4389 2579 4439 autem
2607 4382 3024 4447 damnationis,
3056 4380 3333 4446 Quiaudit
3355 4380 3516 4433 verba
3537 4393 3675 4443 mea,
3703 4377 3942 4447 inquit,

2208 4483 2258 4530 et
2287 4471 2459 4528 credit
2489 4474 2544 4526 ei
2589 4471 2686 4543 qui
2710 4473 2861 4526 misit
2896 4487 3001 4536 me,
3045 4471 3201 4525 habet
3231 4469 3402 4524 vitam
3450 4474 3743 4532 mter-nam,
3775 4475 3839 4520 et
3876 4469 3942 4522 in

2197 4563 2483 4632 judicium
2505 4577 2614 4616 non
2645 4564 2842 4627 veniet,
2867 4561 2957 4616 sed
2988 4559 3286 4615 transitum
3314 4562 3450 4628 facit
3478 4575 3509 4611 a
3541 4560 3712 4610 morte
3744 4557 3824 4610 ad
3848 4561 3944 4612 vi-

2208 4662 2339 4707 tam.
2373 4654 2518 4718 Quid
2553 4658 2659 4719 est,
2714 4655 2771 4706 in
2817 4651 3099 4722 judicium
3146 4667 3256 4706 non
3318 4649 3541 4704 veniet!
3574 4650 3632 4703 ln
3665 4649 3945 4704 damna-

2210 4741 2432 4797 tionem
2463 4759 2574 4798 non
2626 4741 2836 4798 veniet.
2912 4743 3231 4798 Probemus
3282 4743 3353 4796 de
3405 4739 3737 4809 Scripturis
3780 4742 3947 4809 quia

2207 4836 2428 4890 dictum
2451 4848 2529 4893 est
2559 4836 2840 4904 judicium
2865 4837 3146 4907 ubipaana
3166 4832 3511 4904 intelligitur
3535 4849 3548 4886 :
3575 4845 3940 4900 quanquam

2207 4932 2264 4982 et
2294 4927 2351 4981 in
2386 4927 2492 4982 hac
2525 4930 2645 5000 ipsi
2668 4928 2912 4984 lectione
2934 4925 3101 4997 paulo
3126 4930 3260 4997 post
3282 4922 3532 4978 audietis
3565 4922 3756 4993 ipsum
3795 4935 3944 4973 ver-

392 5007 508 5064 beri
537 5025 720 5066 omnes
750 5015 881 5065 ante
910 5011 1152 5066 tribunal
1184 5010 1406 5078 Christi,
1439 5017 1498 5066 ut
1531 5014 1645 5070 illic
1676 5017 1904 5088 recipiat
1933 5035 2097 5074 unus-

388 5098 614 5170 quisque
645 5117 762 5171 quw
789 5117 892 5170 per
921 5117 1111 5172 corpus
1139 5104 1322 5172 gessit,
1353 5100 1466 5156 sive
1520 5103 1714 5158 bonum
1745 5110 1856 5161 sive
1885 5109 2096 5164 malum

390 5187 458 5250 (11
490 5189 611 5243 (.‘or.
666 5205 717 5256 v,
760 5189 895 5260 10)?
950 5190 1160 5244 Paulus
1210 5191 1388 5244 dicit:
1439 5192 1652 5262 Oportet
1701 5211 1796 5248 nos
1844 5197 2097 5252 exhiberi

391 5289 579 5330 omnes
612 5286 737 5332 ante
769 5280 1014 5335 tribunal
1047 5281 1292 5347 Christi;
1323 5287 1379 5336 et
1408 5286 1469 5337 tu
1502 5283 1604 5338 tibi
1638 5285 1819 5340 audes
1852 5289 2090 5356 promit-

2207 5018 2342 5073 bum
2362 5018 2564 5088 judicii
2593 5037 2703 5076 non
2731 5019 2981 5092 positum
3008 5016 3120 5072 nisi
3146 5031 3249 5086 pro
3274 5013 3649 5071 damnatione
3669 5015 3724 5066 et
3749 5028 3946 5080 pcena

2206 5107 2403 5177 (Infra,
2442 5126 2496 5163 η.
2541 5110 2644 5180 13).
2688 5110 2904 5165 Tamen
2939 5107 3252 5180 Apostolus
3284 5105 3425 5162 dicit
3454 5104 3706 5175 quodam
3766 5100 3944 5167 loco,

2205 5190 2464 5244 scribens
2504 5209 2530 5243 a
2559 5193 2568 5243 ἔ
2602 5207 2698 5245 eos
2732 5191 2826 5263 qui
2860 5191 3083 5262 Corpus
3116 5189 3267 5259 quod
3305 5187 3502 5241 ﬁdeles
3535 5183 3738 5247 nostis,
3765 5182 3947 5239 male

2207 5281 2530 5335 tractabant
2558 5298 2569 5346 ;
2604 5288 2656 5334 et
2691 5287 2922 5351 propter
2965 5279 3124 5351 quod
3157 5278 3336 5347 male;
3362 5276 3708 5338 tractabant,
3741 5276 3945 5328 corri-

2206 5369 2516 5438 piebantur
2542 5370 2768 5440 ﬂagello
2820 5368 3087 5425 Domini:
3143 5369 3224 5422 ait
3255 5366 3409 5422 enim
3446 5365 3586 5430 illis,
3621 5368 3946 5432 Propterea

458 5438 1326 5529 ifﬂﬂ5C??‘f€"f}j€citiﬁmi“
1356 5452 1542 5529 ςονάίε,
1568 5455 1826 5529 "mimo!"
1849 5456 2092 5529 corporis.
2207 5459 2374 5512 multi
2404 5462 2460 5511 in
2488 5438 2872 5529 vobisiinﬁrmi
2901 5463 2949 5515 et
2984 5457 3177 5529 egroti
3208 5459 3491 5513 dormiunt
3511 5455 3868 5521 sufficienter
3896 5454 3944 5509 ί.

397 5505 836 5580 ῃίοςξξέἱῖξςηιειίακ.
862 5509 931 5558 At
953 5505 1097 5569 Mss,
1112 5521 1246 5562 moto
1258 5516 1428 5572 corde,
1450 5505 1555 5565 non
1568 5520 1702 5566 moto
1715 5505 1944 5580 corpore;
1959 5505 2095 5566 moto

390 5561 453 5610 ίη
485 5561 684 5611 νησίίυεο
1088 5561 1096 5569 ’
1229 5561 1235 5562 ί
1719 5561 1879 5580 "Th
1900 5561 1941 5575 Ἷ
1960 5561 2089 5566 MV"
2221 5585 2234 5616 ι
2286 5579 2372 5630 Sic
2389 5595 2574 5633 omnes
2594 5582 3119 5648 codices,licetapud
3146 5581 3463 5646 Apostolum
3484 5582 3694 5635 sit.non
3715 5577 3948 5629 ίάαηόεο
