4146 6186
264 269 409 331 1577

258 407 416 462 Multi
447 409 608 464 enim
645 413 947 481 propterea
976 407 1152 464 etiam
1185 405 1602 462 moriebantur.
1634 403 1702 457 Et
1731 404 1961 457 secutus

253 504 353 566 est,
386 498 616 554 Sienim
645 516 744 555 nos
782 500 926 571 ipsos
949 497 1352 570 judicaremus,
1385 513 1419 549 a
1467 496 1691 550 Domino
1720 508 1826 548 non
1860 492 1958 563 ju-

251 588 610 645 dicaremur:
663 589 773 647 hoc
821 594 923 653 est,
978 590 1026 644 si
1079 605 1181 643 nos
1230 587 1386 656 ipsos
1435 586 1880 656 corriperemus,
1926 599 1960 638 a

248 678 494 735 Domino
527 697 642 734 non
675 681 1115 752 corriperemur.
1161 678 1294 732 Cum
1328 677 1647 746 judicamur
1686 681 1892 739 autem,
1926 689 1959 726 a

244 769 475 825 Domino
509 770 864 838 corripimur,
920 787 987 824 ne
1043 785 1163 824 cum
1223 767 1319 822 hoc
1377 766 1580 820 mundo
1630 764 1960 818 damnemur

240 859 456 929 (lCor.
510 876 588 924 χι,
619 860 843 931 30-32).
877 860 1026 915 Sunt
1058 875 1189 926 ergo
1236 855 1558 911 secundum
1596 871 1822 925 pcnnam
1857 852 1956 926 qui

237 951 581 1020 judicantur
613 951 726 1020 hic,
752 957 815 1006 ut
849 955 1116 1022 pareatur
1148 948 1268 1003 illis
1295 947 1374 1002 ibi
1400 965 1412 1011 ;
1434 951 1571 1001 sunt
1593 946 1805 1017 quibus
1829 964 1957 1017 par-

245 1041 400 1095 citur
423 1039 539 1104 hic,
565 1045 628 1096 ut
650 1041 1047 1096 abundantius
1071 1043 1452 1110 torqueantur
1477 1037 1550 1090 ibi
1571 1054 1582 1090 :
1606 1041 1744 1091 sunt
1762 1043 1956 1091 autem

239 1131 462 1203 quibus
511 1131 940 1187 distribuuntur
970 1130 1107 1201 ipsa:
1143 1144 1320 1202 poema
1352 1127 1476 1183 sine
1506 1125 1727 1198 ﬂagello
1760 1143 1957 1198 poenae,

239 1223 286 1277 si
321 1223 554 1293 ﬂagello
591 1223 685 1276 Uci
738 1221 976 1277 correcti
1013 1237 1126 1275 non
1156 1220 1408 1285 fuerint;
1444 1224 1506 1273 ut
1535 1234 1667 1272 cum
1702 1217 1795 1271 hic
1827 1234 1956 1272 con-

235 1312 586 1382 tempserint
622 1316 840 1382 patrem
868 1311 1293 1376 verberantem,
1327 1309 1404 1363 ibi
1429 1307 1956 1377 sentiantjudicem

236 1401 607 1473 punientem.
632 1402 778 1473 Ergo
792 1399 1185 1470 estjudicium
1221 1415 1336 1471 quo
1361 1397 1652 1452 missurus
1670 1402 1757 1451 est
1779 1396 1954 1465 Deus,

233 1492 292 1548 id
327 1501 416 1548 est
451 1491 634 1548 Filius
657 1492 779 1556 Dei,
803 1491 861 1546 in
887 1491 1000 1546 ﬁne
1024 1489 1317 1545 diabolum
1347 1493 1403 1544 et
1454 1487 1691 1559 angelos
1733 1489 1882 1557 ejus,
1904 1495 1958 1544 et

233 1599 448 1639 omnes
493 1581 758 1638 inﬁdeles
787 1585 843 1637 et
872 1580 1084 1652 impios
1114 1595 1248 1634 cum
1280 1595 1344 1634 co
1380 1594 1393 1633 :
1429 1579 1499 1632 ad
1535 1577 1640 1632 hoc
1664 1577 1954 1646 judicium

231 1689 355 1728 non
419 1672 632 1736 veniet,
676 1670 776 1742 qui
837 1669 1007 1726 modo
1065 1669 1306 1724 credens
1364 1667 1679 1722 transitum
1739 1665 1875 1721 facit
1923 1683 1956 1720 a

233 1765 428 1815 morte
461 1760 532 1815 ad
569 1758 766 1815 vitam.

299 1853 361 1906 6.
399 1850 624 1906 Etenim
654 1865 723 1904 ne
764 1853 998 1920 putares
1028 1848 1312 1903 crexlcndo
1344 1851 1400 1902 te
1441 1862 1556 1901 non
1595 1844 1952 1901 moriturum

229 1939 562 1997 secundum
617 1953 871 2008 carnem,
905 1941 961 1992 et.
1009 1935 1346 2007 accipiendo
1395 1932 1703 1990 carnaliter
1732 1933 1954 1990 diceres

231 2031 365 2095 tibi,
399 2028 686 2084 Dominus
717 2043 882 2085 meus
915 2026 1056 2082 mihi
1090 2026 1253 2092 dixit,
1287 2027 1391 2094 Qui
1420 2024 1576 2080 audit
1619 2024 1777 2080 verba
1807 2041 1949 2093 mea,

227 2127 278 2174 et
301 2118 489 2175 credit
511 2121 562 2173 ei
579 2120 674 2190 qui
703 2118 855 2173 misit
880 2133 987 2184 me,
1003 2118 1229 2172 transiit
1249 2132 1282 2171 a
1305 2119 1480 2171 morte
1501 2115 1568 2170 ad
1589 2116 1793 2181 vitam;
1815 2131 1950 2186 ergo

227 2226 338 2282 ego
404 2210 648 2281 credidi,
674 2225 791 2265 non
847 2225 981 2264 sum
1014 2208 1336 2263 moriturus
1369 2222 1381 2256 ε
1416 2206 1569 2262 scias
1601 2209 1654 2261 te
1704 2209 1950 2261 mortem

229 2317 414 2372 quam
449 2300 629 2356 debes
673 2298 960 2372 supplicio
991 2299 1194 2364 Adam,
1227 2297 1656 2369 persoluturum
1693 2296 1952 2366 :accepit

232 2391 398 2446 enim
431 2389 556 2457 ille,
593 2390 652 2444 in
686 2405 798 2462 quo
839 2393 980 2445 tunc
1009 2405 1215 2444 omnes
1247 2387 1479 2455 fuimus,
1508 2387 1673 2442 Morte
1701 2387 1952 2443 morieris

228 2481 388 2550 (Gen.
423 2482 644 2553 ΙΙ,17);
679 2496 782 2538 nec
854 2484 1041 2551 potest
1089 2479 1356 2535 evacuari
1402 2478 1595 2533 divina
1639 2477 1945 2535 sententia.

228 2572 347 2627 Sed
384 2585 523 2626 cum
559 2567 900 2639 persolveris
933 2572 1180 2625 mortem
1213 2567 1425 2623 veteris
1470 2566 1747 2632 hominis,
1780 2566 1956 2621 susci-

230 2661 414 2732 pieris
441 2661 503 2715 in
520 2659 694 2715 vitam
718 2664 992 2714 aeternam
1018 2658 1147 2714 novi
1171 2657 1448 2720 hominis,
1465 2662 1520 2713 et
1542 2656 1851 2713 transitum
1877 2657 1958 2711 fa—

223 2752 344 2808 cies
359 2767 396 2806 a
412 2758 600 2805 morte
621 2750 689 2804 ad
709 2751 906 2804 vitam.
926 2748 1092 2803 Modo
1108 2747 1336 2802 interim
1360 2748 1447 2802 fac
1461 2747 1774 2802 transitum
1800 2745 1950 2802 vitae.

221 2839 362 2903 Quae
379 2843 472 2894 est
496 2839 616 2893 vita
632 2842 734 2892 tua
749 2837 776 2892 ‘2
797 2837 960 2892 Fides
983 2852 996 2891 :
1013 2838 1198 2892 Justus
1218 2853 1290 2891 ea:
1305 2836 1408 2904 ﬁde
1425 2837 1559 2891 vivit
1584 2836 1803 2905 (Habac.
1823 2837 1952 2904 11,4;

222 2929 378 2985 Hom.
415 2945 456 2997 ι,
484 2927 594 2998 l7).
630 2925 899 2982 Inﬁdeles
941 2926 1078 2998 quid
1103 2927 1130 2980 ‘?
1170 2925 1380 2981 Mortui
1414 2933 1569 2980 sunt.
1615 2925 1764 2980 Inter
1802 2925 1950 2980 tales

219 3023 496 3074 mortuos
519 3022 644 3073 erat
675 3017 770 3072 ille
802 3031 1058 3088 corpore,
1093 3016 1163 3071 de
1193 3032 1307 3086 quo
1331 3015 1472 3072 dicit
1499 3014 1781 3070 Dominus
1816 3030 1830 3069 :
1857 3015 1945 3068 Di-

215 3107 384 3163 mitte
411 3112 682 3174 mortuos,
713 3107 984 3177 sepeliant
1013 3111 1253 3161 mortuos
1282 3121 1405 3159 suos
1449 3104 1657 3174 (Matth.
1690 3121 1811 3164 vnI,
1834 3104 1945 3173 22).

215 3200 370 3270 Ergo
401 3209 456 3253 et
491 3198 548 3251 in
585 3196 691 3251 hac
741 3196 857 3250 vita
887 3199 1027 3251 sunt
1077 3196 1313 3261 mortui,
1352 3198 1492 3249 sunt
1531 3193 1662 3262 vivi,
1694 3197 1749 3249 et
1779 3193 1944 3262 quasi

215 3304 432 3344 omnes
455 3287 685 3342 vivunt.
711 3287 818 3351 Qui
840 3291 980 3342 sunt
1009 3285 1266 3341 mortui?
1287 3286 1394 3349 Qui
1417 3301 1527 3340 non
1552 3283 1943 3340 crediderunt.

222 3379 331 3444 Qui
369 3377 645 3434 suntvivi
668 3376 695 3431 ‘t
721 3376 829 3444 Qui
853 3376 1246 3432 crediderunt.
1278 3374 1421 3442 Quid
1459 3374 1672 3430 dicitur
1703 3375 1942 3431 mortuis

1492 264 1956 326 TRACTATUS
1999 264 2190 325 XXII.
2237 264 2492 326 CAPUT
2538 267 2612 328 V.

3620 293 3775 355 1578

2065 402 2391 458 secundum
2423 418 2614 459 veram
2647 403 2819 460 ﬁdem
2843 413 3043 478 agunt,
3080 411 3278 468 vivunt
3309 419 3366 472 et
3404 422 3618 477 mortui
3659 438 3774 480 non

2068 494 2209 547 sunt
2233 508 2247 547 :
2271 491 2370 562 qui
2400 495 2593 549 autem
2628 494 2710 550 vel
2744 513 2857 552 non
2891 500 3157 568 credunt,
3190 503 3277 559 vel
3302 507 3454 565 sicut
3485 510 3774 571 daemones

2069 581 2334 671 credunt,
2369 586 2686 638 trementes
2727 586 3014 658 (Jacobiu,
3052 592 3138 663 19)
3192 597 3247 649 et
3297 597 3448 654 male
3493 601 3770 671 viventes,

2069 670 2283 726 Filium
2319 673 2414 726 Dei
2465 675 2804 731 conﬁtentes
2853 681 2909 731 et
2944 679 3284 739 charitatem
3322 703 3434 742 non
3467 688 3770 760 habentes,

2071 762 2282 818 mortui
2319 763 2508 832 potius
2541 765 2855 834 deputandi
2888 775 3045 825 sunt.
3068 773 3135 826 Et
3157 777 3350 832 tamen
3375 779 3564 849 agitur
3584 783 3774 840 adhuc

2070 851 2210 906 hora
2237 853 2367 907 ista.
2403 854 2527 909 Non
2559 856 2712 910 enim
2743 856 2883 913 hora
2914 860 2984 915 de
3015 878 3132 932 qua
3181 863 3406 923 locutus
3437 875 3525 926 est
3571 870 3772 928 Domi-

2071 957 2202 1008 nus,
2238 959 2351 996 una
2383 944 2492 997 erit
2523 944 2661 998 hora
2692 946 2762 1001 de
2794 949 3090 1005 duodecim
3134 951 3292 1012 horis
3328 957 3499 1015 unius
3537 960 3672 1016 diei.
3697 966 3774 1018 Ex

2071 1032 2459 1124 quoglocutus
2499 1039 2587 1090 est
2646 1053 2830 1108 usque
2889 1041 2958 1096 ad
3014 1040 3121 1098 hoc
3182 1049 3432 1117 tempus,
3474 1055 3528 1106 et
3586 1068 3774 1124 usque

2071 1123 2141 1175 ad
2192 1122 2362 1178 ﬁdem
2413 1126 2630 1194 seculi,
2667 1128 2792 1197 ipsa
2824 1145 2944 1184 una
2972 1130 3113 1187 hora
3146 1135 3358 1206 agitur,
3392 1139 3461 1194 de
3493 1157 3610 1212 qua
3638 1122 3772 1198 dicit

2070 1212 2127 1266 in
2183 1212 2438 1282 Epistola
2479 1231 2586 1269 sua
2632 1214 2906 1285 Joannes,
2949 1222 3152 1290 Filioli,
3204 1226 3500 1285 novissima
3528 1231 3667 1288 hora
3694 1236 3773 1289 est

2069 1301 2299 1370 ([Joan.
2352 1320 2412 1367 ll,
2447 1304 2555 1375 18).
2604 1305 2750 1377 Ergo
2811 1323 2966 1366 nunc
3023 1318 3128 1368 est.
3191 1317 3295 1382 Qui
3354 1319 3512 1391 vivit,
3570 1321 3770 1380 vivat:

2070 1392 2168 1463 qui
2204 1398 2469 1449 mortuus
2503 1399 2643 1464 erat,
2678 1397 2862 1466 vivat;
2897 1401 3091 1456 audiat
3116 1421 3309 1460 vocem
3372 1409 3503 1464 Filii
3545 1412 3638 1466 Dei
3671 1413 3770 1484 qui

2070 1489 2334 1538 mortuus
2359 1484 2612 1552 jacebat,
2633 1492 2854 1558 surgat,
2888 1495 2942 1545 et
2973 1492 3141 1546 vivat.
3178 1495 3459 1553 Clamavit
3490 1499 3774 1558 Dominus

2065 1574 2135 1626 ad
2171 1573 2500 1643 sepulcrum
2527 1576 2816 1644 Lazari,et
2843 1581 3266 1649 quatriduanus
3292 1592 3556 1644 mortuus
3580 1607 3776 1646 resur-

2067 1667 2229 1720 rexit.
2263 1664 2365 1728 Qui
2409 1668 2663 1735 putebat,
2699 1668 2755 1722 in
2785 1685 2956 1725 auras
2989 1674 3302 1742 processit;
3337 1678 3603 1749 sepultus
3633 1686 3772 1749 erat,

2066 1753 2218 1824 lapis
2232 1755 2634 1826 superpositus
2649 1762 2792 1828 erat,
2808 1776 2915 1815 vox
2938 1761 3249 1820 Salvatoris
3263 1765 3474 1839 irrupit
3497 1770 3774 1827 duritiam

2068 1844 2277 1912 lapidis
2312 1862 2324 1900 :
2359 1851 2413 1901 et
2443 1863 2542 1902 cor
2574 1852 2740 1905 tuum
2770 1849 2848 1904 ita
2879 1852 3091 1909 durum
3125 1861 3231 1926 est,
3267 1863 3331 1914 ut
3369 1865 3628 1920 nondum
3677 1864 3775 1921 illa

2066 1948 2174 2024 vox
2205 1933 2401 2024 divina
2433 1939 2486 1991 te
2527 1938 2796 2009 rumpat!
2832 1940 3013 2012 Surge
3061 1943 3119 1999 in
3151 1947 3321 2003 corde
3367 1953 3485 2016 tuo,
3530 1955 3776 2024 procede

2067 2023 2137 2077 de
2168 2023 2435 2095 sepulcro
2481 2031 2598 2082 tuo.
2635 2027 2859 2084 Etenim
2915 2037 3182 2089 mortuus
3214 2037 3271 2091 in
3321 2040 3493 2096 corde
3525 2023 3624 2097 tuo
3655 2047 3777 2100 tan-

2065 2127 2241 2183 quam
2275 2115 2333 2169 in
2349 2114 2968 2188 sepulcrojacehas,et
2989 2126 3265 2196 tanquam
3287 2144 3426 2185 saxo
3450 2131 3615 2188 male:
3649 2149 3778 2191 con.

2063 2203 2394 2292 suetudinis
2433 2206 2794 2275 gravabaris.
2828 2210 3033 2282 Surge,
3067 2218 3125 2269 et
3166 2220 3429 2286 procede.
3475 2221 3620 2286 Quid
3665 2229 3771 2292 est,

2063 2291 2266 2362 Surge,
2300 2298 2356 2348 et
2387 2296 2632 2365 procede
2652 2296 2679 2352 ‘I
2708 2297 2902 2366 Crede,
2936 2308 2990 2356 et
3011 2303 3304 2362 conﬁtere.
3341 2307 3449 2370 Qui
3472 2310 3630 2368 enim
3653 2291 3774 2372 cre-

2064 2382 2227 2476 didit,
2263 2386 2545 2476 surrexit;
2576 2386 2676 2458 qui
2709 2389 3041 2458 conﬁtetur,
3074 2396 3376 2463 processit.
3413 2400 3597 2465 Quare
3645 2421 3776 2476 pro-

2062 2473 2300 2529 cessisse
2314 2474 2572 2530 diximus
2595 2477 2966 2535 conﬁtentem
2983 2481 3010 2536 ‘t
3026 2483 3170 2548 Quia
3186 2489 3494 2557 antequam
3542 2473 3775 2554 conﬁte-

2068 2567 2244 2630 retur,
2275 2564 2539 2621 occultus
2569 2570 2729 2634 erat;
2765 2584 2895 2624 cum
2921 2576 3115 2627 autem
3148 2576 3482 2646 conﬁtetur,
3514 2587 3776 2653 procedit

2066 2653 2134 2746 de
2164 2656 2418 2746 tenebris
2442 2656 2520 2746 ad
2555 2657 2762 2712 lucem.
2797 2658 2864 2712 Et
2894 2676 3027 2715 cum
3058 2663 3359 2721 confessus
3399 2668 3594 2738 fuerit,
3631 2676 3772 2746 quid

2065 2743 2278 2799 dicitur
2309 2745 2594 2800 ministris
2616 2747 2642 2802 ‘2
2671 2747 2832 2808 Quod
2864 2749 3084 2806 dictum
3118 2757 3206 2808 est
3237 2755 3307 2810 ad
3342 2757 3521 2816 funus
3552 2743 3774 2832 Laaari,

2061 2835 2262 2892 Solvite
2318 2837 2502 2905 illum,
2536 2842 2587 2893 et
2627 2837 2796 2893 sinite
2831 2842 2989 2897 abire
3015 2843 3192 2913 (Joan.
3238 2863 3318 2912 XI,
3359 2849 3568 2921 38-44).
3616 2853 3774 2917 Quo-

2062 2927 2231 2982 modo
2253 2928 2279 2980 ?
2305 2928 2522 2982 dictum
2555 2935 2639 2983 est
2671 2930 2956 2985 ministris
2989 2935 3303 3005 Apostolis,
3338 2939 3473 3008 Quae
3499 2944 3774 3001 solveritis

2061 3016 2120 3071 in
2152 3020 2322 3084 terra,
2353 3017 2539 3072 soluta
2561 3027 2721 3073 erunt
2751 3023 2802 3074 et
2832 3022 2890 3073 in
2920 3022 3049 3077 caelo
3083 3024 3289 3091 (illatth.
3325 3045 3485 3091 XVIII,
3521 3033 3628 3102 18).

2128 3106 2182 3161 8.
2224 3106 2390 3161 Venit
2422 3105 2581 3173 hora,
2614 3111 2666 3160 et
2686 3123 2832 3161 nunc
2847 3117 2942 3173 est,
2974 3113 3186 3180 quando
3211 3121 3415 3171 mortui
3434 3121 3776 3179 audientvo-

2059 3211 2172 3250 cem
2208 3195 2338 3250 Filii
2370 3196 2485 3264 Dei,
2503 3201 2552 3250 et
2573 3198 2666 3266 qui
2695 3195 2977 3253 audierint
3009 3201 3204 3257 vivent.
3232 3207 3394 3261 Unde
3427 3208 3611 3265 vivent
3639 3210 3665 3267 ‘?
3695 3213 3773 3269 De

2056 3285 2189 3340 vita.
2229 3286 2302 3339 De
2325 3302 2437 3356 qua
2469 3285 2628 3341 vita?
2678 3290 2751 3340 De
2781 3285 3030 3343 Christo.
3068 3289 3228 3346 Unde
3280 3295 3595 3365 probamus
3637 3302 3774 3372 quia

2055 3375 2124 3430 de
2153 3375 2270 3429 vita
2290 3375 2517 3430 Christo
2541 3374 2568 3429 ‘t
2597 3376 2709 3446 Ego
2739 3392 2880 3442 sum,
2908 3376 3119 3447 inquit,
3157 3383 3263 3449 via,
3299 3384 3502 3440 veritas
3531 3394 3584 3442 et
3607 3392 3775 3447 vitam

2053 3465 2229 3537 (Joan.
2254 3480 2366 3531 xxv,
2408 3465 2485 3535 6).
2516 3464 2821 3520 Ambulare
2870 3465 2952 3521 vis
2983 3470 3008 3520 .9
3035 3483 3130 3536 ego
3157 3486 3298 3536 sum,
3332 3474 3440 3528 via.
3487 3475 3606 3531 Fali
3653 3495 3770 3536 non

2049 3554 2134 3609 vis
2163 3551 2189 3608 ‘l
2217 3568 2309 3622 ego
2343 3572 2461 3611 sum
2491 3554 2713 3611 veritas.
2743 3557 2881 3610 Mori
2915 3573 3030 3612 non
3063 3560 3193 3615 vis?
3219 3577 3315 3630 ego
3345 3578 3464 3620 sum
3489 3567 3619 3622 vita.
3646 3568 3766 3626 Hoc

215 3468 286 3522 ab
318 3466 611 3539 Apostolo
631 3466 659 3522 ’ἶ
678 3467 868 3538 Surge,
895 3469 993 3538 qui
1021 3465 1245 3521 dormis.
1268 3467 1376 3520 Sed
1407 3480 1702 3531 somnum,
1727 3463 1940 3536 inquit,

209 3558 381 3626 dixit,
405 3573 526 3614 non
556 3560 820 3614 mortem.
847 3558 1000 3612 Audi
1025 3556 1687 3629 sequentia:Surge,qui
1710 3555 1939 3625 dormis,

206 3658 257 3704 et
288 3663 535 3718 exsurge
559 3664 592 3703 a
622 3649 871 3705 mortuis.
904 3647 974 3702 Et
1004 3645 1173 3717 quasi
1195 3646 1428 3711 diceret,
1463 3645 1584 3708 Quo
1617 3645 1710 3701 ibo
1733 3645 1760 3700 ‘t
1780 3646 1844 3700 Et
1871 3647 1938 3701 il-
2048 3655 2188 3712 dicit
2217 3652 2322 3708 tibi
2353 3648 2615 3706 Salvator
2637 3650 2775 3703 tuus
2807 3646 2961 3703 :Non
2999 3652 3086 3703 est
3109 3666 3224 3720 quo
3247 3667 3366 3719 eas,
3392 3655 3500 3709 nisi
3525 3657 3596 3712 nd
3622 3674 3750 3730 me;

211 3736 526 3794 Iuminabit
558 3745 610 3793 te
641 3737 887 3795 Christus
916 3737 1130 3808 (Ephes.
1176 3754 1228 3803 ν,
1263 3737 1372 3808 14).
1405 3736 1536 3792 Jam
1568 3751 1702 3792 cum
1737 3743 1788 3790 te
1809 3751 1934 3791 cre-
2047 3761 2161 3799 non
2192 3747 2282 3799 est
2311 3757 2427 3812 qua
2459 3754 2576 3806 eas,
2611 3735 2721 3792 nisi
2774 3752 2874 3807 per
2923 3754 3036 3794 me.
3071 3737 3234 3796 Nunc
3280 3757 3415 3814 ergo
3465 3745 3572 3802 ista
3619 3748 3761 3809 hora

209 3825 1523 3892 dentemilluminaveritChristus,transitum
1547 3823 1935 3879 facisamorte
2044 3835 2256 3908 agitur,
2291 3834 2398 3889 hoc
2429 3835 2486 3887 et
2517 3828 2708 3901 agitur
2738 3828 2927 3900 plane,
2952 3835 3009 3885 et,
3037 3831 3276 3889 omnino
3309 3849 3422 3890 non
3473 3848 3757 3901 cessatur.

206 3919 276 3974 ad
312 3917 504 3973 vitam
531 3934 544 3973 :
580 3933 752 3972 mane
777 3916 837 3972 in
870 3931 934 3972 eo
957 3931 1070 3987 quo
1099 3913 1382 3976 transisti,
1418 3921 1475 3970 et
1499 3930 1613 3970 non
1646 3913 1841 3970 venies
1862 3915 1931 3970 ad

2059 3926 2305 3997 Surgunt
2338 3920 2602 3978 homines
2635 3920 2732 3991 qui
2765 3919 2979 3974 mortui
3012 3925 3196 3989 erant,
3233 3927 3537 3983 transeunt
3567 3931 3636 3985 ad
3669 3929 3758 3986 vi-

199 4007 525 4077 judicium,
2040 4018 2182 4080 tam,
2215 4013 2285 4069 ad
2320 4025 2518 4067 vocem
2551 4007 2680 4063 Filii
2709 4007 2812 4064 Dei
2843 4006 3063 4079 vivunt,
3088 4011 3156 4066 de
3179 4012 3298 4080 illo,
3323 4024 3752 4085 perseverantes

270 4099 329 4152 7.
370 4097 623 4168 Exponit
680 4095 825 4152 illud
882 4097 1004 4167 jam
1063 4096 1208 4168 ipse,
1258 4104 1310 4152 et
1368 4097 1682 4167 sequitur:
1737 4097 1926 4163 Amen,
2037 4102 2095 4158 in
2130 4103 2242 4157 ﬁde
2274 4100 2478 4173 ipsius.
2513 4098 2699 4155 Habet
2729 4098 2883 4156 enim
2919 4098 3098 4157 Filius
3130 4101 3327 4169 vitam,
3364 4107 3518 4162 unde
3557 4109 3753 4166 vivant

199 4204 366 4244 amen
390 4187 512 4242 dico
531 4188 702 4244 vobis.
738 4186 820 4244 Ne
852 4188 996 4243 forte
1027 4187 1163 4258 quia
1194 4186 1598 4256 dixil,transiil
1619 4195 1838 4243 amorte
1858 4187 1928 4242 ad
2037 4193 2337 4249 credentes
2369 4190 2564 4248 habet.

199 4277 826 4348 vitam,intelligamus
849 4277 956 4334 hoc
979 4277 1249 4332 inlutura
1271 4277 1712 4341 resurrectione,
1737 4281 1925 4332 osten-
2104 4283 2158 4338 9.
2211 4282 2278 4337 Et
2327 4280 2619 4352 quomodo
2667 4278 2888 4334 habet?
2933 4280 3093 4334 Sicut
3136 4281 3307 4336 habet
3355 4286 3545 4342 Pater.
3593 4288 3744 4344 Audi

199 4369 339 4424 dere
376 4366 572 4422 volens
610 4367 898 4438 quomodo
933 4367 1142 4421 transit
1175 4365 1274 4437 qui
1315 4367 1529 4434 credit;
1564 4371 1623 4422 et
1652 4366 1762 4421 hoc
1796 4384 1924 4424 esse
2031 4385 2224 4443 ipsum
2257 4367 2740 4433 dicentem,Sicut
2761 4369 2910 4422 enim
2929 4369 3087 4423 Pater
3106 4369 3267 4424 habet
3289 4373 3528 4427 vitamin
3546 4386 3744 4431 semet-

198 4457 455 4514 transire
484 4458 553 4513 de
575 4463 760 4513 morte
787 4457 859 4512 ad
883 4458 1084 4523 vitam,
1107 4457 1359 4512 transire
1389 4457 1460 4512 ab
1482 4456 1826 4512 inﬁdelitate
1849 4459 1919 4514 ad
2031 4463 2165 4533 ipso,
2197 4463 2276 4516 sic
2305 4458 2454 4514 dedit
2481 4462 2531 4512 et
2571 4457 2709 4511 Filio
2738 4456 2912 4510 vitam
2941 4457 3136 4512 habere
3178 4457 3237 4513 in
3267 4463 3575 4529 semetipso.
3609 4469 3741 4521 Fra-

196 4549 406 4615 ﬁdem,
429 4548 503 4604 ab
525 4547 814 4618 injustitia
835 4546 1243 4618 adjustitiam,
1271 4563 1304 4602 a
1333 4547 1605 4618 superbia
1627 4547 1698 4602 ad
1724 4546 1920 4603 humi-
2028 4553 2161 4616 tres,
2198 4558 2259 4603 ut
2291 4552 2485 4619 potero
2518 4545 2730 4601 dicam.
2765 4545 2895 4600 Haec
2927 4549 3065 4601 sunt
3095 4547 3250 4602 enim
3284 4549 3379 4604 illa
3408 4553 3581 4609 verba
3613 4571 3739 4627 quas

193 4637 450 4704 litatem,
498 4640 572 4693 ab
630 4637 763 4694 odio
820 4638 892 4693 ad
950 4636 1291 4692 charitatem
1324 4651 1338 4691 :
1373 4652 1527 4692 nunc
1579 4637 1675 4698 ait.
1725 4638 1918 4705 Amen,
2027 4635 3741 4711 parvumintellectumperturbant.Quareaddidit,insemet-

187 4744 368 4784 amen
411 4727 534 4782 dico
580 4726 746 4796 vobis,
779 4727 908 4799 quia
937 4728 1087 4783 venit
1120 4729 1136 4763 ⁸
1178 4726 1332 4793 hora,
1361 4732 1415 4782 et
1444 4742 1592 4782 nunc
1636 4732 1736 4784 est.
1771 4727 1918 4792 Quid
2029 4732 2172 4800 ipsos
2199 4731 2224 4781 .9
2253 4725 2558 4782 Sufﬁceret
2589 4729 2653 4780 ut
2683 4724 2920 4789 diceret,
2952 4723 3104 4780 Sicut
3121 4727 3271 4783 enim
3293 4731 3460 4787 Pater
3481 4731 3640 4791 habet
3659 4738 3738 4793 vi-

188 4816 581 4874 evidentius?
629 4817 762 4873 Jam
809 4820 964 4872 certe
1014 4816 1241 4888 aperuit
1287 4816 1441 4888 quod
1493 4816 1744 4884 dicebat,
1779 4818 1918 4888 quia
2025 4823 2160 4887 tam,
2192 4820 2269 4873 sic
2284 4817 2441 4874 dedit
2472 4823 2521 4872 et
2544 4816 2688 4873 Filio
2720 4815 2918 4873 habere
2946 4815 3135 4874 vitam.
3170 4819 3427 4892 Addidit,
3451 4825 3510 4880 in
3535 4832 3736 4882 semet-

186 4907 374 4965 modo
405 4907 469 4962 ﬁt
497 4923 610 4979 quo
632 4923 739 4963 nos
770 4905 1033 4962 Christus
1064 4906 1350 4963 hortatur.
1385 4905 1552 4962 Venit
1595 4905 1747 4961 hora.
1783 4908 1916 4973 Quae
2028 4912 2148 4982 ipso
2178 4925 2198 4965 :
2223 4908 2393 4964 habet
2421 4907 2576 4963 enim
2619 4907 2678 4962 in
2711 4906 3020 4979 semetipso
3053 4909 3222 4964 Pater
3247 4911 3444 4981 vitam,
3480 4915 3647 4970 habet
3678 4920 3735 4970 et

183 4997 339 5055 hora
361 4996 390 5050 τ
416 4999 481 5053 Et
508 5013 658 5054 nunc
693 5003 793 5065 est,
824 4995 1042 5068 quando
1071 4995 1279 5052 mortui
1315 4994 1547 5052 audient
1576 5010 1754 5052 vocem
1781 4995 1916 5051 Filii
2026 4999 2203 5056 Filius
2233 4998 2292 5053 in
2324 4998 2659 5069 semetipso.
2691 4995 2916 5068 Aliquid
2950 4995 3273 5070 intelligere
3306 5017 3413 5056 nos
3444 5001 3645 5069 voluit,
3671 5004 3729 5058 in

185 5089 308 5156 Dei,
349 5096 401 5144 et
428 5089 523 5160 qui
548 5087 832 5144 audierint
849 5086 1055 5143 vivent.
1086 5086 1219 5143 Jam
1242 5087 1313 5143 de
1351 5086 1443 5142 his
1467 5086 1714 5143 mortuis
1735 5085 1914 5143 locuti

181 5193 420 5235 sumus.
453 5176 601 5242 Quid
635 5181 929 5248 putamus,
953 5177 1159 5232 fratres
1185 5175 1297 5231 mei
1318 5175 1345 5230 ?
1369 5175 1427 5231 in
1464 5177 1578 5232 ista
1599 5176 1911 5247 turbaquas

179 5282 276 5322 me
310 5265 504 5333 audit,
527 5264 754 5323 nulline
782 5271 918 5321 sunt
949 5263 1209 5322 mortui?
1239 5264 1346 5330 Qui
1388 5264 1542 5321 enim
1576 5263 1819 5321 credunt
1855 5269 1915 5320 et

2025 5107 2090 5148 eo
2122 5091 2272 5161 quod
2323 5088 2425 5154 ait,
2457 5091 2518 5143 in
2564 5088 2870 5158 semetipso.
2904 5086 2970 5142 Et
3020 5087 3112 5143 hic
3141 5092 3426 5145 secretum
3466 5090 3525 5146 in
3555 5092 3728 5150 verbo

2024 5183 2133 5240 hoc
2163 5181 2433 5238 clausum
2463 5183 2552 5236 est
2585 5196 2600 5236 :
2629 5177 2908 5250 pulsetur,
2942 5181 3006 5232 ut
3037 5176 3350 5246 aperiatur.
3385 5179 3428 5235 Ο
3461 5179 3725 5250 Domine,

2023 5274 2161 5347 quid
2187 5276 2272 5329 est
2302 5271 2459 5344 quod
2493 5269 2687 5325 dixisti
2711 5268 2738 5323 ‘t
2767 5270 2827 5324 1n
2849 5268 3153 5335 semetipso,
3182 5282 3362 5337 quare
3402 5269 3728 5329 addidisti?

2024 5364 2250 5422 Etenim
2283 5361 2499 5417 Paulus
2526 5356 2826 5427 apostolus
2858 5371 3027 5425 quem
3051 5354 3238 5410 vivere
3263 5356 3469 5424 fecisti,
3495 5377 3606 5416 non
3632 5363 3724 5421 ha-

2016 5455 2188 5511 bebat
2208 5452 2382 5504 vitam
2406 5445 2948 5515 ?Habehat,inquit.
2974 5443 3264 5508 Quantum
3285 5444 3552 5505 homines
3575 5467 3724 5508 mor.

2015 5545 2098 5602 tui
2132 5547 2196 5599 ut
2219 5538 2581 5602 reviviscunt,
2597 5539 2652 5590 et
2680 5535 2749 5590 ad
2782 5533 3020 5590 verbum
3038 5537 3200 5589 tuum
3225 5538 3509 5595 credendo
3533 5545 3720 5600 trans-

2013 5637 2147 5692 eant
2178 5645 2194 5690 :
2225 5644 2361 5690 cum
2390 5622 2744 5695 transierint,
2778 5638 2892 5682 non
2941 5621 3001 5678 in
3049 5623 3106 5679 te
3149 5620 3449 5684 habebunt
3494 5627 3670 5692 vitam
3693 5635 3720 5687 ?

173 5401 548 5465 sufﬁcienter;
569 5399 664 5448 sed
697 5399 1285 5465 icharioi,s_ufﬁc_ientes,
1318 5399 1428 5448 sive
1461 5397 1629 5465 multi.

242 5459 357 5513 ίἸο
389 5465 486 5514 hac
521 5459 655 5512 voce
688 5463 933 5512 versiculi
957 5462 1038 5517 25.
1072 5463 1155 5510 vix
1201 5475 1366 5511 unum
1399 5463 1633 5511 codicem
1665 5459 1900 5522 reperias

172 5528 278 5576 sibi
321 5529 422 5588 ipsi
447 5527 876 5588 consentientem
901 5538 915 5574 :
937 5539 1059 5574 nam
1083 5525 1208 5573 editi
1228 5525 1423 5588 ethice.
1447 5523 1901 5588 aliasrhahentme-

174 5591 290 5640 aiat
315 5586 502 5645 :alias.
529 5589 689 5638 venit.
714 5587 796 5638 Sic
819 5591 1001 5650 postea
1021 5587 1183 5638 etiam
1210 5588 1263 5636 in
1286 5586 1346 5636 28
1379 5601 1520 5636 vers.
1545 5587 1786 5651 ejusdem
1809 5600 1895 5637 εδει

177 5651 314 5717 pitis
342 5653 374 5704 5
400 5651 629 5704 Joannis
659 5663 844 5701 vocem
873 5653 1047 5708 istam,
1085 5652 1449 5703 inconstanter
1480 5653 1804 5717 permutant.

518 5773 798 5835 PATROL.
840 5767 1080 5835 XXXV.
2979 5748 3396 5832 (Ctnquante.)
