4126 6194
124 5830 129 5837 Α
140 5828 147 5835 ο
250 5822 275 5837 .⁴

124 5830 129 5837 Α
140 5830 147 5835 .

44 5844 51 5855 Ι
148 5842 151 5847 ν

92 5860 97 5871 ο

32 5878 39 5883 -
82 5878 103 5887 ο-

32 5878 103 5887 ι-ο-

414 270 569 334 1579

411 415 716 474 Habebunt
741 434 753 483 ;
785 428 917 469 nam
943 415 998 468 et
1026 427 1130 484 ego
1154 410 1324 482 paulo
1350 416 1481 465 ante
1498 408 1635 477 dixi,
1657 394 1761 477 Qui
1777 406 1931 463 audit
1957 405 2119 462 verba

413 522 553 573 mea,
586 514 636 561 et
662 504 836 561 credit
863 505 913 558 ei
943 504 1039 575 qui
1067 517 1153 557 me
1210 501 1374 564 misit,
1416 500 1573 555 habet
1614 499 1782 554 vitam
1820 504 2116 554 aeternam.

409 598 556 668 Ergo
605 594 687 650 illi
738 594 833 666 qui
886 593 942 647 in
998 598 1053 648 te
1084 591 1345 657 credunt,
1383 590 1596 645 habent
1644 588 1819 642 vitam
1852 603 1865 641 :
1899 590 1955 641 et
2003 602 2116 641 non

411 688 628 754 dixisti,
659 686 715 741 in
767 684 1115 754 semetipsis.
1150 685 1291 737 Cum
1341 685 1523 736 autem
1555 680 1625 735 de
1659 681 1823 735 Patre
1854 676 2118 747 loquere-

411 780 505 844 ris,
541 777 693 832 Sicut
723 778 883 830 Pater
907 773 1067 828 habet
1098 773 1269 827 vitam
1292 772 1350 826 in
1380 772 1704 841 semetipso:
1737 784 1960 833 rursus,
1986 781 2117 821 cum

407 868 481 924 de
512 873 567 923 te
596 861 1157 937 loquereris,dixisti,
1180 861 1258 915 sic
1286 863 1341 915 et
1363 859 1498 915 Filio
1535 858 1689 913 dedit
1721 857 1917 912 habere
1951 856 2118 910 vitam

409 964 469 1012 in
490 958 790 1026 semetipso.
824 953 986 1009 Sicut
1008 952 1201 1017 habet,
1228 950 1311 1006 sic
1336 950 1493 1005 dedit
1516 949 1746 1004 habere.
1772 946 1877 1003 Ubi
1904 946 2120 1002 habet?

408 1050 469 1103 In
498 1044 800 1114 semetipso.
833 1040 939 1095 Ubi
983 1039 1138 1095 dedit
1172 1036 1434 1093 habere?
1468 1037 1525 1092 In
1558 1036 1872 1108 semetipso.
1908 1033 2120 1089 Paulus

410 1134 511 1189 ubi
542 1133 716 1187 habet
738 1130 765 1185 (ξ
790 1130 916 1185 Non
946 1130 1003 1183 in
1031 1128 1365 1199 semetipso,
1399 1127 1496 1181 sed
1519 1125 1577 1180 in
1604 1124 1851 1181 Christo.
1878 1124 1965 1178 Tu
1988 1122 2121 1178 iide-

409 1224 482 1279 lis
516 1221 611 1277 ubi
644 1219 867 1276 habes?
903 1218 1027 1276 Non
1062 1216 1120 1273 in
1155 1216 1489 1287 semetipso,
1524 1216 1624 1271 sed
1656 1214 1717 1269 in
1747 1214 1992 1271 Christo.
2029 1211 2119 1268 Vi-

407 1312 651 1367 deamus
682 1309 731 1364 si
762 1309 872 1365 hoc
904 1308 1046 1363 dicit
1076 1306 1388 1378 Apostolus
1424 1323 1436 1359 :
1478 1306 1599 1361 Vivo
1648 1309 1833 1359 autem
1857 1303 1978 1369 iam
2010 1315 2121 1355 non

409 1419 525 1475 ego,
554 1405 689 1459 vivit
723 1417 849 1457 vero
872 1404 931 1456 in
960 1416 1047 1455 me
1075 1400 1329 1457 Christus
1362 1397 1564 1468 (Galat.
1601 1413 1662 1464 ιι,
1694 1396 1806 1467 20).
1839 1394 1969 1449 Vita
2017 1409 2123 1449 ne-

412 1499 534 1551 stra
565 1501 843 1565 tanquam
880 1496 1098 1555 nostra,
1123 1490 1177 1545 id
1212 1492 1317 1555 est,
1337 1490 1407 1544 de
1439 1488 1737 1543 voluntate
1759 1485 1990 1558 propria
2022 1501 2122 1541 no-

411 1592 551 1650 stra,
588 1600 699 1639 non
722 1584 831 1637 erit
859 1582 967 1637 nisi
1004 1580 1174 1650 mala,
1208 1579 1512 1651 peccatrix,
1547 1577 1753 1649 iniqua
1783 1594 1799 1631 :
1833 1576 1948 1631 vita
1992 1590 2121 1632 vero

412 1676 561 1730 bona
593 1673 663 1728 de
696 1675 807 1729 Deo
839 1673 896 1727 in
930 1671 1097 1727 nobis
1123 1674 1235 1738 est,
1268 1686 1382 1725 non
1417 1686 1448 1724 a
1484 1668 1687 1735 nobis;
1719 1685 1752 1722 a
1795 1666 1911 1722 Dee
1952 1664 2121 1721 nobis

412 1768 605 1834 datur,
640 1783 753 1821 non
788 1782 820 1820 a
852 1764 1040 1819 nobis.
1074 1762 1338 1819 Christus
1370 1764 1566 1816 autem
1599 1760 1658 1814 in
1690 1759 2003 1829 semetipso
2026 1757 2123 1813 ha-

414 1858 505 1911 bet
537 1857 714 1911 vitam
747 1856 896 1910 sicut
944 1855 1133 1920 Pater,
1167 1850 1305 1923 quia
1344 1850 1595 1906 Verbum
1630 1848 1749 1904 Dei.
1790 1848 1914 1903 Non
1948 1847 2121 1902 modo

415 1943 569 2001 male
598 1944 758 2007 vivit,
790 1947 847 1997 et
879 1943 1045 1998 modo
1099 1942 1244 1997 bene
1276 1938 1410 1995 vivit
1442 1956 1455 1995 :
1489 1938 1662 1994 homo
1710 1942 1927 2006 autem,
1954 1935 2121 1992 modo

396 2034 588 2103 ~male,
614 2034 788 2090 modo
818 2033 980 2089 bene.
1015 2032 1121 2096 Qui
1154 2030 1301 2087 male
1324 2030 1565 2098 vivebat,
1591 2029 1649 2084 in
1674 2028 1789 2083 vita
1819 2044 1928 2083 sua
1958 2029 2120 2084 erat:

396 2128 514 2201 -qui
548 2128 694 2183 bene
724 2125 883 2194 vivit,
908 2125 976 2180 ad
1010 2124 1188 2180 vitam
1208 2121 1416 2177 Christi
1440 2119 1693 2176 transiit.
1718 2118 2009 2188 Particeps
2041 2117 2122 2173 fa-

410 2225 538 2273 ctus
570 2217 719 2282 vitae,
754 2229 868 2270 non
913 2229 1043 2268 eras
1075 2212 1229 2282 quod
1264 2208 1558 2282 accepisti,
1591 2216 1643 2265 et
1674 2224 1799 2263 eras
1831 2207 1930 2278 qui
1961 2204 2120 2262 acci-

408 2322 612 2377 peres:
664 2304 843 2360 Filius
894 2306 1088 2358 autem
1140 2302 1239 2356 Dei
1271 2317 1384 2356 non
1436 2300 1605 2371 quasi
1639 2299 1823 2368 primo
1856 2297 1965 2352 fuit
1995 2297 2122 2352 sine

409 2396 546 2463 vita,
581 2400 637 2450 et
687 2393 909 2463 accepit
955 2392 1156 2446 vitam.
1189 2390 1245 2444 Si
1286 2390 1439 2444 enim
1482 2389 1567 2445 sic
1608 2387 1767 2443 illam
1813 2386 2119 2457 acciperet,

406 2502 524 2540 non
547 2500 674 2540 eam
702 2484 935 2539 haberet
958 2482 1013 2535 in
1030 2480 1369 2550 semetipso.
1389 2478 1533 2544 Quid
1556 2482 1643 2533 est
1664 2476 1843 2542 enim,
1868 2475 2124 2531 insemet-

407 2574 524 2645 ipso
547 2581 575 2628 Ρ
606 2573 677 2628 Ut
710 2573 836 2641 ipsa
868 2571 984 2625 vita
1016 2570 1140 2641 ipse
1172 2573 1348 2623 esset.

483 2662 569 2717 10.
603 2662 803 2716 Adhuc
828 2658 984 2715 aliud
1021 2658 1254 2728 planius
1286 2658 1526 2712 fortasse
1558 2657 1768 2713 dicam.
1806 2660 2119 2712 Lucernam

419 2750 671 2823 quisque
688 2748 950 2804 accendit
968 2764 981 2805 :
998 2746 1246 2817 exempli
1262 2745 1463 2817 gratia,
1480 2745 1717 2801 lucerna
1732 2746 1810 2817 (ιι)
1826 2745 1924 2800 illa
1942 2762 2121 2816 quan-

392 2847 532 2897 tum
568 2840 821 2911 pertinet
850 2838 919 2893 ad
963 2834 1323 2893 ﬂammulam
1357 2853 1482 2906 quae
1517 2836 1594 2891 ibi
1629 2835 1801 2903 lucet,
1834 2835 1988 2905 ignis
2028 2833 2123 2891 ille

408 2930 585 2986 habet
615 2930 806 2985 lucem
840 2928 898 2984 in
942 2926 1299 2998 semetipso;
1332 2925 1483 2982 oculi
1524 2930 1718 2981 autem
1764 2925 1848 2981 tui
1882 2925 1982 2997 qui
2032 2924 2121 2980 lu-

410 3037 582 3075 cerna
612 3020 852 3074 absente
882 3017 1149 3087 iacebant
1184 3020 1238 3071 et
1281 3015 1423 3070 nihil
1451 3016 1745 3082 videbant,
1770 3016 1893 3086 jam
1927 3020 1984 3071 et
2013 3015 2126 3087 ipsi

409 3108 629 3165 habent
658 3109 872 3176 lucem,
907 3108 1005 3163 sed
1042 3122 1152 3161 non
1185 3106 1240 3161 in
1276 3105 1625 3176 semetipsis.
1650 3106 1906 3169 Proinde
1932 3105 1982 3162 si
2008 3121 2070 3162 se
2093 3122 2126 3161 a

407 3199 645 3255 lucerna
686 3196 1016 3263 everterint,
1050 3197 1434 3251 tenebrantur
1468 3220 1482 3263 ;
1512 3196 1557 3251 si
1602 3212 1664 3251 se
1710 3195 2123 3263 converterint,

409 3289 836 3345 illuminantur.
871 3290 941 3342 At
980 3302 1111 3343 vero
1153 3285 1249 3341 ille
1281 3284 1433 3356 ignis
1466 3285 1749 3356 quamdiu
1781 3288 1889 3354 est,
1922 3284 2073 3341 lucet
2106 3301 2120 3339 :

411 3379 458 3435 si
493 3378 745 3434 volueris
778 3377 861 3431 illi
901 3376 1082 3432 lucem
1119 3375 1343 3442 tollere,
1375 3374 1549 3431 simul
1591 3381 1646 3430 et
1677 3376 1867 3446 ipsum
1902 3376 2124 3430 exstin—

411 3469 581 3540 guis;
617 3484 750 3523 nam
803 3471 930 3522 sine
984 3466 1108 3521 luce
1143 3483 1257 3522 non
1291 3470 1479 3537 potest
1520 3481 1837 3521 remanere.
1874 3465 1983 3521 Sed
2028 3466 2120 3522 lux

411 3557 673 3613 Christus
695 3554 1189 3623 inexstinguibilis
1220 3559 1277 3609 et
1317 3560 1636 3609 coaeternus
1682 3554 1857 3624 Patri,
1893 3571 2124 3626 semper

412 3649 688 3712 candens,
718 3661 947 3716 semper
976 3645 1194 3711 lucens,
1227 3660 1452 3714 semper
1480 3645 1704 3698 fervens
1729 3660 1742 3698 :
1768 3660 1899 3697 nam
1934 3645 1981 3698 si
2007 3661 2121 3699 non

414 3736 670 3801 ferveret,
707 3735 990 3805 numquid
1025 3732 1396 3789 dicereturin
1429 3731 1678 3797 Psalmo,
1712 3734 1818 3788 Nec
1847 3742 1923 3788 est
1952 3734 2048 3804 qui
2066 3748 2123 3790 se

407 3825 703 3882 abscondat
735 3842 768 3879 a
796 3825 975 3879 calore
1021 3824 1142 3893 ejus
1201 3824 1377 3894 (Psal.
1414 3840 1574 3892 xvut,
1606 3822 1707 3893 7)?
1728 3824 1811 3878 Tu
1844 3828 2037 3880 autem
2062 3823 2121 3879 in

414 3920 647 3984 peccato
677 3918 775 3969 tuo
807 3914 1053 3984 frigidus
1082 3929 1232 3980 eras,
1265 3917 1616 3968 converteris
1637 3918 1697 3968 ut
1724 3914 2013 3970 fervescas
2038 3931 2050 3968 :
2076 3914 2122 3969 si

414 4002 746 4068 recesseris,
782 4000 1059 4072 irigescis.
1097 4000 1157 4055 ln
1192 4009 1422 4071 peccato
1455 4017 1560 4055 suo
1592 4001 1940 4058 tenebrosus
1973 4019 2119 4071 oras,

415 4092 763 4149 converteris
778 4095 841 4145 ut
859 4090 1210 4145 illumineris
1227 4106 1239 4143 :
1257 4088 1306 4144 si
1320 4090 1594 4145 averteris
1612 4089 2119 4151 te,ebscuraberis.

413 4180 662 4236 Proinde
676 4180 814 4251 quia
834 4179 891 4233 in
912 4184 966 4234 te
984 4178 1231 4234 tenebrae
1248 4194 1533 4245 eras,cum
1550 4178 2124 4247 illuminaberis,non

413 4271 529 4328 eris
551 4268 1043 4341 lumen,quamvis
1061 4268 1140 4323 sis
1157 4269 1214 4322 in
1240 4268 1478 4324 lumine.
1500 4267 1756 4323 Aitenim
1778 4269 2117 4338 Apostolus:

410 4360 614 4417 Fuistis
644 4358 942 4432 aliquando
971 4359 1249 4425 tenebrae,-
1280 4374 1423 4413 nunc
1462 4366 1642 4413 autem
1677 4360 1774 4413 tua:
1808 4360 1863 4413 in
1897 4358 2125 4416 Domino

410 4454 625 4527 (Ephes.
660 4470 709 4521 v,
734 4455 808 4525 8).
838 4454 977 4508 Cum
998 4451 1411 4520 dixisset,nunc
1432 4457 1617 4506 autem
1639 4450 1738 4506 tua:
1760 4469 1777 4505 :
1796 4450 2041 4517 addidit,
2063 4455 2122 4507 iu

412 4543 661 4599 Domino.
687 4543 751 4595 In
770 4550 821 4596 te
841 4557 977 4612 ergo
1004 4542 1278 4609 tenebrae,
1304 4542 1402 4596 lux
1417 4543 1472 4596 in
1488 4541 1737 4597 Domino.
1763 4544 1878 4596 Lux
1901 4557 2074 4612 quare
2094 4541 2122 4597 ?

413 4632 557 4699 Quia
572 4633 1001 4702 participatione
1018 4632 1436 4689 lucisilliuslux
1449 4632 1604 4702 es.ZSi
1619 4632 1992 4688 autemaluce
2006 4649 2120 4704 qua

412 4719 783 4785 illumineris,
808 4721 1138 4790 recesseris,
1159 4722 1224 4776 ad
1243 4721 1508 4777 tenebras
1530 4725 1658 4776 tuas
1681 4721 1855 4777 redis.
1881 4720 2004 4777 Non
2033 4722 2118 4778 sic

411 4808 822 4876 Christus,nen
840 4809 922 4864 sic
938 4809 1189 4864 Verbum
1211 4810 1447 4865 Dei.Sed
1465 4809 2119 4881 quomode‘ZSicuthabet

412 4904 577 4958 Pater
596 4902 763 4957 vitam
781 4902 837 4955 in
854 4903 1243 4971 semetipso,sic
1254 4901 1400 4955 dedit
1415 4906 1467 4956 et
1488 4899 1630 4956 Filio
1645 4900 1843 4956 habere
1866 4903 2036 4957 vitam
2058 4902 2119 4958 iu

410 4992 697 5063 semetipso
712 5010 728 5046 :
748 4999 807 5045 ut
822 5006 933 5046 non
971 4990 1414 5061 participatione
1431 4991 1598 5059 vivat,
1617 4992 1715 5046 sed
1733 4990 2120 5049 incommuta-

410 5082 602 5139 biliter
624 5083 774 5137 vivat
799 5103 813 5148 ;
846 5086 902 5137 et
932 5080 1169 5136 omnino
1202 5080 1327 5151 ipse
1360 5081 1474 5135 vita
1504 5081 1600 5135 sit.
1629 5082 1718 5136 Sic
1749 5080 1892 5136 dedit
1910 5089 1959 5137 et
1978 5083 2119 5139 Filio

409 5174 611 5228 habere
632 5175 823 5229 vitam.
843 5170 1299 5236 Sicuthabet,sic
1319 5169 1494 5226 dedit.
1520 5171 1665 5236 Quid
1684 5171 1960 5227 interest?
1978 5173 2120 5237 Quia

410 5258 506 5317 ille
522 5261 702 5327 dedit,
717 5262 828 5319 iste
841 5261 1082 5334 accepit.
1109 5261 1537 5331 Numquidjam
1564 5262 1934 5331 eratquando
1954 5275 2118 5316 acce-

412 5348 539 5418 pit?
558 5350 854 5420 Numquid
880 5350 1256 5421 intelligimus
1276 5350 1571 5407 Christum
1595 5348 1906 5421 aliquando
1940 5349 2120 5406 fuisse

472 5518 901 5589 (a)Subobscure
920 5524 1342 5585 signiﬁcathunc
1354 5540 1658 5577 sermonem
1679 5542 1733 5577 se
1754 5528 1818 5578 ad
1845 5529 2117 5578 lucernam

410 5583 752 5649 dixisse,cum
769 5597 887 5649 eum
909 5583 1083 5634 tamen
1098 5594 1277 5637 testate
1295 5589 1645 5649 habuerit,uli
1660 5605 1721 5639 ex
1751 5604 1897 5640 xxvu
1912 5593 2117 5641 Tracta-

412 5651 469 5694 tu
499 5645 552 5694 iu
580 5643 850 5693 Laurentii
876 5650 1119 5707 martyris
1142 5650 1442 5700 celebritate
1458 5643 1802 5713 pronuntiato
1826 5654 2114 5717 colligitur.

356 5830 481 5907 1.

1359 263 1433 324 IN
1482 262 1806 325 JOANNIS
1852 262 2386 335 EVANGELIUM,
2433 264 2497 326 S.
2544 265 2965 327 AUGUSTINI

3776 275 3931 339 1580

2227 404 2353 463 sine
2373 404 2521 471 luce,
2537 422 2670 462 cum
2685 406 2808 478 ipse
2831 409 2904 463 sit
2925 409 3228 481 Sapientia
3248 411 3459 481 Patris,
3476 412 3548 469 de
3573 431 3691 486 qua
3711 415 3933 475 dictum

2227 506 2330 554 est.
2365 495 2579 551 Candor
2606 504 2687 551 est
2720 495 2859 552 lucis
2885 506 3107 555 aeterne
3152 500 3309 573 (Sap.
3330 518 3432 570 vn,
3456 502 3587 575 26)?
3619 505 3761 577 Ergo
3782 508 3938 578 quod

2229 584 2455 654 dicitur,
2490 584 2639 640 dedit
2669 585 2835 653 Filio,
2870 587 2978 644 tale
3008 594 3097 645 est
3126 605 3192 646 ac
3221 589 3269 645 si
3302 590 3606 663 diceretur,
3640 596 3843 665 genuit
3876 596 3941 652 ﬁ-

2231 674 2377 729 lium
2404 691 2417 730 :
2440 676 2769 746 generando
2792 677 2946 734 enim
2970 678 3145 735 dedit.
3173 682 3475 747 Quomodo
3498 682 3650 738 dedit
3674 686 3739 739 ut
3758 689 3938 756 esset,

2233 764 2313 820 sic
2342 765 2496 821 dedit
2529 770 2593 821 ut
2626 767 2736 822 vita
2765 772 2933 837 esset,
2960 772 3015 824 et
3044 770 3125 825 sic
3143 770 3300 826 dedit
3326 772 3467 827 utin
3490 773 3804 847 semetipso
3825 777 3942 834 vita

2233 859 2403 911 esset.
2421 855 2566 921 Quid
2582 856 2756 924 est,in
2771 858 3081 929 semetipso
3096 859 3211 915 vita
3225 861 3417 917 esset?
3430 861 3554 918 Non
3570 863 3808 921 aliunde
3821 866 3944 923 vita

2234 944 2535 1016 indigeret,
2561 945 2663 1001 sed
2687 946 2809 1018 ipse
2839 950 2993 1003 esset
3022 947 3323 1018 plenitudo
3344 949 3497 1018 vitae,
3524 953 3678 1007 unde
3700 955 3942 1013 creden-

2232 1038 2318 1090 tes
2333 1033 2428 1091 alii
2446 1035 2703 1093 viverent
2722 1037 2862 1092 dum
2885 1038 3157 1094 viverent.
3185 1039 3339 1095 Dedit
3363 1056 3498 1112 ergo
3522 1042 3615 1098 illi
3628 1043 3829 1101 habere
3852 1047 3948 1103 υἱ·-

2233 1128 2343 1179 tam
2366 1126 2723 1197 insemetipso
2746 1144 2765 1183 :
2789 1127 2950 1183 dedit
2971 1131 3251 1200 tanquam
3275 1130 3368 1185 cui
3395 1130 3421 1184 ?
3439 1131 3738 1203 Tanquam
3753 1133 3945 1194 Verbo

2233 1230 2360 1281 suo,
2392 1218 2671 1286 tanquam
2697 1215 2748 1272 ei
2779 1216 2881 1287 qui
2909 1220 2968 1272 in
2995 1219 3271 1289 principio
3320 1223 3435 1275 erat
3474 1221 3708 1277 Verbum
3730 1230 3782 1279 et
3814 1227 3946 1282 Ver-

2234 1305 2361 1360 bum
2389 1312 2508 1362 erat
2536 1306 2679 1378 apud
2712 1306 2899 1362 Deum.

2304 1395 2390 1451 11.
2424 1396 2643 1452 Deinde
2682 1396 2819 1468 quia
2866 1396 3039 1453 homo
3092 1398 3301 1467 factus,
3334 1399 3473 1472 quid
3523 1400 3608 1458 illi
3641 1402 3847 1461 dedit?
3876 1409 3941 1463 Et

2230 1491 2544 1555 potestatem
2591 1485 2738 1543 dedit
2794 1487 2850 1542 ei
2886 1485 3167 1556 judicium
3214 1490 3421 1558 facere,
3477 1494 3736 1563 quoniam
3786 1495 3944 1565 ﬁlius

2230 1575 2467 1632 hominis
2497 1580 2590 1633 est.
2620 1578 2955 1634 Secundum
2994 1578 3149 1650 quod
3184 1577 3371 1636 Filius
3400 1580 3499 1637 Dei
3531 1585 3638 1651 est,
3660 1582 3800 1641 sicut
3841 1587 3943 1643 ha-

2233 1665 2317 1720 bet
2346 1669 2515 1721 Pater
2545 1668 2717 1721 vitam
2749 1666 2808 1720 in
2860 1667 3162 1738 semetipso,
3194 1668 3275 1723 sic
3301 1673 3353 1724 et
3403 1668 3551 1725 dedit
3582 1671 3720 1728 Filio
3764 1675 3940 1730 vitam

2232 1755 2433 1812 habere
2457 1758 2515 1811 in
2544 1760 2825 1827 semetipso
2856 1774 2875 1813 :
2906 1757 3224 1815 secundum
3256 1762 3453 1816 autem
3476 1762 3628 1833 quod
3659 1763 3810 1820 ﬁlius
3830 1765 3939 1822 ho-

2234 1847 2408 1904 minis
2438 1851 2541 1914 est,
2574 1852 2892 1919 potestatem
2924 1848 3079 1905 dedit
3126 1848 3179 1905 ei
3225 1849 3498 1919 iudicium
3522 1852 3784 1924 faciendi.
3821 1856 3941 1915 Hoc

2232 1942 2322 1995 est
2360 1939 2511 2008 quod
2544 1938 2813 1995 hesterno
2843 1938 2936 1995 die
2966 1938 3204 2010 exposui
3244 1939 3523 1998 Cbaritati
3554 1949 3778 2014 vestrae,
3801 1948 3943 2019 quia

2230 2028 2292 2084 in
2318 2026 2538 2098 judicio
2561 2026 2736 2084 homo
2769 2026 3079 2096 videbitur,
3102 2030 3454 2088 Deusautem
3472 2048 3587 2088 non
3608 2033 3898 2092 videbitur
3925 2053 3944 2097 :

2233 2118 2327 2175 sed
2363 2122 2493 2189 post
2514 2117 2804 2189 judicium
2836 2118 3129 2175 videbitur
3162 2120 3312 2177 Deus
3342 2120 3413 2176 ab
3445 2121 3540 2177 his
3568 2122 3671 2195 qui
3699 2124 3943 2184 vicerint

2230 2206 2290 2263 in
2308 2206 2566 2278 judicio;
2618 2207 2689 2263 ab
2721 2206 2914 2279 impiis
2956 2212 3148 2265 autem
3181 2225 3293 2265 non
3340 2210 3633 2268 videbitur
3669 2213 3821 2271 Deus
3851 2217 3941 2284 (In

2230 2298 2505 2368 superiori
2545 2298 2841 2367 Tractatu).
2876 2298 3022 2365 Quia
3057 2314 3193 2371 ergo
3242 2298 3416 2357 homo
3448 2300 3741 2359 videbitur
3767 2304 3824 2360 in
3844 2307 3943 2376 ju-

2231 2387 2382 2443 dicio
2414 2388 2598 2443 forma
2628 2386 2750 2457 illa,
2783 2388 2918 2458 quia
2956 2389 3037 2445 sic
3084 2388 3273 2446 veniet
3305 2389 3458 2446 sicut
3497 2393 3774 2462 ascendit,
3810 2396 3946 2453 ideo

2231 2477 2672 2549 supradixerat:
2706 2482 2875 2533 Pater
2903 2495 3016 2533 non
3039 2480 3259 2551 judicat
3292 2496 3640 2553 quemquam,
3665 2483 3757 2539 sed
3776 2500 3946 2543 omne

2224 2566 2501 2638 judicium
2530 2566 2677 2623 dedit
2720 2568 2864 2624 Filio
2894 2569 3079 2638 (Joan.
3130 2585 3187 2639 v,
3216 2570 3334 2639 22.)
3383 2571 3500 2627 Hoc
3528 2571 3699 2628 etiam
3732 2573 3793 2629 in
3826 2575 3948 2632 iste

2232 2658 2357 2714 loco
2419 2658 2646 2731 repetit,
2675 2675 2806 2714 cum
2866 2658 3024 2727 dicit,
3060 2661 3125 2715 Et
3174 2664 3495 2732 potestatem
3543 2662 3690 2721 dedit
3717 2666 3771 2720 ei
3790 2667 3950 2737 judi-

2220 2748 2378 2803 cium
2423 2748 2696 2820 faciendi,
2731 2751 2990 2821 quoniam
3022 2751 3173 2821 ﬁlius
3202 2752 3441 2808 hominis
3479 2756 3577 2808 est.
3636 2754 3947 2825 Tanquam

2233 2839 2454 2895 diceres
2511 2843 2596 2907 tu,
2656 2842 2980 2897 Polestatem
3035 2841 3193 2899 dedit
3251 2845 3303 2899 ei
3360 2842 3630 2913 iudicium
3678 2847 3950 2916 faciendi,

2233 2929 2459 2999 quare?
2492 2929 2733 2996 Quando
2784 2946 2896 2986 non
2943 2929 3152 2987 habuit
3190 2932 3356 2988 istam
3402 2937 3740 3003 potestatem
3779 2936 3950 3005 judi-

2233 3016 2389 3073 cium
2425 3018 2722 3074 faciendi?
2759 3018 2999 3082 Quando
3030 3021 3087 3074 in
3129 3020 3400 3091 principio
3438 3030 3557 3077 erat
3611 3022 3861 3091 Verbum,
3900 3031 3949 3080 et

2240 3108 2474 3165 Verbum
2531 3116 2653 3165 erat
2709 3109 2860 3181 apud
2918 3110 3105 3177 Deum,
3163 3120 3214 3165 et
3287 3112 3427 3167 Deus
3496 3116 3615 3167 erat
3692 3113 3947 3181 Verbum,

2234 3199 2467 3268 quando
2495 3201 2680 3254 omnia
2696 3200 3143 3271 peripsum/acta
3171 3199 3414 3270 suntUd.
3433 3217 3472 3255 ι.
3509 3201 3631 3273 1,3)
3656 3204 3946 3272 numquid

2234 3304 2349 3343 non
2386 3289 2633 3345 habebat
2686 3293 3030 3361 potestatem
3075 3289 3370 3361 judicium
3404 3290 3700 3349 faciendi?
3726 3294 3837 3350 Sed
3864 3311 3952 3351 se-

2233 3380 2487 3433 cundum
2504 3379 2612 3435 hoc
2630 3380 2780 3448 dico,
2796 3382 3123 3436 Potestatem
3143 3379 3295 3435 dedit
3309 3380 3362 3437 ei
3367 3380 3647 3451 judicium
3668 3382 3949 3453 faciendi,

2230 3471 2361 3541 quia
2392 3470 2543 3539 ﬁlius
2565 3470 2804 3527 hominis
2824 3480 2903 3527 est
2933 3488 2952 3525 :
2977 3472 3303 3527 secundum
3327 3471 3435 3528 hoc
3458 3474 3682 3544 accepit
3698 3480 3955 3546 potesta-

2234 3566 2344 3615 tem
2372 3560 2702 3630 judicandi,
2725 3561 2855 3632 quia
2884 3560 3034 3630 ﬁlius
3056 3559 3296 3616 hominis
3328 3569 3428 3617 est.
3453 3562 3596 3617 Nam
3620 3566 3957 3621 secundum

2233 3652 2385 3721 quod
2420 3651 2521 3707 Dei
2555 3653 2733 3708 Filius
2762 3657 2871 3721 est,
2904 3668 3134 3724 semper
3152 3652 3359 3709 habuit
3388 3652 3540 3709 hanc
3571 3659 3952 3726 potestatem.

2235 3743 2573 3815 Accepitqui
2597 3743 2909 3799 cruciﬁxus
2930 3744 3154 3808 est.Qui
3178 3744 3355 3800 fuitin
3381 3748 3682 3814 morte,est
3701 3746 3760 3801 in
3782 3747 3954 3805 vita:

2233 3832 2487 3889 Verbum
2524 3836 2619 3889 Dei
2647 3850 2946 3907 nunquam
2978 3833 3036 3888 in
3071 3837 3278 3901 morte,
3314 3850 3543 3905 semper
3571 3836 3630 3890 in
3662 3835 3794 3892 vita.

2308 3926 2392 3980 12.
2424 3925 2555 3981 Jam
2604 3942 2741 3998 ergo
2789 3927 2861 3982 de
2910 3924 3329 3981 resurrectione
3378 3925 3526 3980 forte
3575 3925 3786 3998 aliquis
3842 3944 3960 3984 no-

2233 4020 2421 4071 strum
2454 4015 2680 4072 dicebat
2711 4033 2725 4072 :
2760 4019 2900 4072 Ecce
2940 4015 3406 4083 resurreximus;
3438 4013 3537 4085 qui
3570 4015 3733 4070 audit
3769 4016 3956 4073 Chri-

2234 4109 2409 4172 stum,
2445 4106 2540 4176 qui
2574 4106 2776 4171 credit,
2797 4109 2854 4161 et
2878 4104 3087 4160 transit
3106 4104 3176 4159 de
3206 4107 3379 4159 morte
3399 4104 3470 4159 ad
3491 4104 3667 4159 vitam
3686 4104 3825 4161 etin
3847 4107 3955 4178 ju-

2234 4195 2450 4251 dicium
2502 4212 2616 4251 non
2664 4194 2891 4264 veniet;
2924 4193 3079 4250 venit
3126 4192 3288 4259 hora,
3320 4196 3377 4249 et
3408 4208 3562 4249 nunc
3594 4199 3707 4260 est,
3740 4201 3802 4250 ut
3848 4197 3960 4268 qui

2235 4284 2393 4339 audit
2433 4300 2629 4341 vocem
2680 4283 2804 4341 Filii
2834 4284 2955 4351 Dei,
2989 4284 3177 4351 vivat;
3212 4286 3467 4338 mortuus
3518 4287 3661 4353 erat,
3695 4284 3957 4358 audivit,

2236 4391 2366 4431 ecce
2399 4373 2649 4445 resurgit
2682 4390 2693 4427 :
2729 4374 2869 4444 quid
2902 4377 2990 4429 est
3019 4372 3170 4444 quod
3208 4371 3417 4427 dicitur
3446 4375 3648 4443 postea
3678 4389 3963 4433 resurre-

2234 4465 2345 4522 ctio
2376 4464 2617 4520 futura?
2650 4463 2825 4518 Parce
2855 4462 2985 4529 tibi,
3019 4461 3135 4517 noli
3166 4461 3526 4532 praecipitare
3566 4462 3956 4533 sententiam,

2232 4571 2303 4611 ne
2334 4570 2541 4626 pergas
2593 4559 2725 4623 post
2767 4551 2952 4608 illam.
2999 4552 3101 4607 Est
3149 4550 3386 4622 quidem
3439 4550 3551 4606 ista
3596 4554 3962 4611 resurrectio

2232 4662 2356 4716 quas
2391 4645 2452 4699 ﬁt
2495 4660 2649 4699 nunc
2684 4662 2696 4700 :
2730 4641 2944 4700 mortui
2992 4645 3159 4698 erant
3186 4639 3474 4707 infideles,
3516 4641 3725 4697 mortui
3771 4650 3963 4703 erant

2230 4734 2453 4804 iniqui;
2495 4734 2697 4790 vivunt
2720 4732 2892 4804 justi,
2927 4734 3232 4787 transeunt
3267 4746 3300 4785 a
3348 4732 3536 4785 morte
3579 4730 3962 4793 inﬁdelitatis

2230 4822 2303 4879 ad
2334 4823 2506 4877 vitam
2552 4822 2687 4878 ﬁdei
2722 4821 2861 4877 :sed
2913 4818 3031 4876 noli
3086 4819 3221 4875 inde
3273 4817 3505 4875 credere
3562 4817 3786 4875 nullam
3853 4822 3962 4878 fu-

2228 4916 2419 4968 turam
2470 4918 2671 4984 postea
2714 4909 3201 4967 resurrectionem
3251 4908 3724 4980 corporis,crade
3777 4911 3959 4969 futu-

2231 5020 2349 5058 ram
2385 5008 2442 5059 et
2474 5003 2950 5059 resurrectionem
2983 4999 3263 5071 corporis.
3297 4997 3446 5054 Audi
3478 4999 3634 5054 enim
3664 4999 3805 5071 quid
3844 5018 3960 5058 so-

2231 5098 2446 5165 quatur
2468 5098 2595 5165 post
2612 5091 3080 5159 commendatam
3103 5088 3587 5145 resurrectionem
3611 5088 3781 5145 istam
3807 5107 3958 5162 quae

2231 5184 2295 5240 ﬁt
2325 5201 2426 5257 per
2454 5184 2649 5250 ﬁdem,
2677 5200 2747 5239 ne
2778 5183 2911 5253 quis
2945 5183 3174 5252 putaret
3194 5180 3364 5236 istam
3383 5178 3568 5235 solam
3599 5194 3751 5248 esse,
3775 5187 3835 5236 et
3861 5181 3965 5238 in-

2230 5276 2445 5332 cideret
2474 5274 2533 5328 in
2567 5273 2725 5329 illam
2749 5270 3213 5344 desperationem
3244 5273 3301 5326 et
3322 5284 3573 5326 errorem
3604 5267 3957 5341 hominum,

2236 5367 2337 5438 qui
2371 5365 2770 5437 pervertebant
2818 5364 3063 5421 alierum
3116 5377 3348 5430 sensus,
3399 5360 3638 5417 dicentes
3684 5375 3958 5419 νέειν-νει

2229 5459 2455 5511 ctionem
2480 5457 2601 5527 jam
2632 5458 2848 5526 factum
2876 5470 3011 5523 esse,
3046 5453 3117 5508 de
3143 5452 3362 5524 quibus
3391 5450 3531 5506 dicit
3574 5448 3898 5521 Apostolus
3938 5470 3956 5509 :

2236 5545 2299 5599 Et
2344 5545 2505 5614 ﬁdem
2553 5543 2917 5616 quorumdam
2957 5544 3275 5612 pervertunt
3341 5539 3419 5611 (lt
3502 5540 3637 5593 Tim.
3713 5555 3771 5606 ιι,
3814 5540 3956 5617 «18).

2230 5636 2409 5694 Credo
2440 5637 2595 5692 enim
2629 5636 2765 5714 quia
2796 5634 2932 5694 talia
2962 5635 3133 5692 verba
3162 5631 3281 5689 illis
3312 5630 3619 5691 dicebant:
3654 5629 3787 5687 Ecce
3816 5628 3956 5689 'Do-
