4126 6194
236 229 343 294 1581

1371 221 1840 287 TRACTATUS
1881 220 2089 281 XXIII.
2138 217 2393 281 CAPUT
2453 222 2525 283 V.

3550 228 3705 287 1582

236 364 380 420 minus
407 361 505 418 ubi
523 361 623 431 ait,
656 362 728 417 Et
757 361 853 434 qui
879 358 1058 417 credit
1086 360 1145 416 in
1175 374 1281 421 me.
1313 362 1544 416 transiit
1572 376 1604 414 a
1634 362 1804 414 morte
1823 356 1894 413 ad
1990 355 2271 427 Judicium
2299 371 2482 411 meum
2502 356 2716 428 justum
2746 363 2839 413 est.
2873 356 3018 412 Nam
3043 356 3092 412 si
3122 357 3263 414 nihil
3298 357 3439 415 iacis
3471 376 3539 416 ex
3568 364 3648 429 te,
3668 378 3702 418 o

234 454 396 521 vitam;
421 454 543 523 jam
576 452 721 509 facta
752 456 840 508 est
872 452 1217 508 resurrectio
1249 451 1308 507 in
1340 450 1681 507 hominibus
1714 446 1893 505 fideli-

231 543 305 599 bus
332 544 427 615 qui
459 543 683 599 fuerant
714 540 1015 597 infideles:
1046 541 1338 613 quomodo
1369 540 1549 596 altera
1566 539 1777 595 dicitur
1805 553 1894 592 re~

228 635 467 692 surrsctio
486 632 515 689 '3
545 633 767 688 Gratias
796 630 1043 688 Domino
1066 631 1180 688 Deo
1214 636 1413 687 nostro
1438 650 1451 691 ;
1488 629 1654 687 fulcit
1686 632 1895 685 nutan-

228 730 302 792 tes,
350 723 545 796 dirigit
590 723 943 789 haesitantes,
990 721 1298 777 conﬁrmat
1344 721 1701 777 dubitantes.
1745 717 1893 773 Audi

225 815 331 887 quid
363 813 644 886 sequitur,
675 811 812 883 quia
831 829 944 868 non
968 811 1147 867 babes
1175 811 1328 867 unde
1350 810 1455 866 tibi
1489 810 1667 865 facias
1697 806 1896 875 caligi-

225 919 326 959 nem
359 902 581 958 mortis.
616 902 675 957 Si
710 900 1030 968 credidisti,
1077 904 1263 956 totum
1295 900 1474 955 crede.
1512 898 1653 963 Quid
1686 903 1894 961 totum,

224 992 419 1064 inquis,
449 990 670 1047 credo?
701 991 849 1045 Audi
900 990 1037 1061 quid
1080 989 1220 1045 dicit
1254 1004 1267 1045 :
1318 988 1497 1044 Nolite
1538 988 1735 1042 mirari
1778 986 1894 1055 hoc,

220 1084 336 1154 quia
381 1083 541 1139 dedit
582 1086 917 1154 potestatem
972 1079 1116 1136 Filio
1150 1079 1397 1135 faciendi
1427 1078 1651 1148 iudicii.
1690 1080 1751 1133 In
1787 1078 1899 1131 fine

220 1172 348 1238 dico,
382 1172 483 1225 ait.
544 1170 840 1236 Quomodo
871 1169 928 1224 in
964 1169 1079 1224 ﬁne
1109 1168 1136 1223 ‘t
1164 1167 1339 1223 Nolite
1371 1167 1571 1221 mirari
1600 1166 1733 1229 hoc;
1770 1165 1900 1238 quia

220 1264 340 1317 venit
370 1260 523 1316 hora.
558 1260 656 1314 Hic
689 1276 798 1314 non
829 1257 993 1323 dixit,
1024 1262 1075 1313 et
1106 1274 1252 1312 nunc
1280 1263 1376 1312 est.
1416 1257 1475 1311 In
1509 1255 1609 1309 illa
1640 1271 1901 1310 resurre-

217 1350 384 1407 ctione
412 1349 541 1405 ﬁdei
573 1348 710 1421 quid
732 1347 917 1403 dixit?
956 1349 1111 1403 Venit
1137 1348 1297 1413 hora,
1330 1354 1380 1402 et
1402 1362 1547 1401 nunc
1574 1347 1757 1401 est.1n
1793 1344 1901 1399 ista

220 1438 620 1496 resurrectione
652 1455 824 1511 quam
877 1438 1244 1492 commendat
1292 1437 1545 1492 futuram
1596 1450 1901 1505 corporum

219 1535 584 1598 mortuorum,
624 1530 785 1585 Venit
831 1530 984 1592 hora,
1019 1529 1163 1584 dixit
1194 1546 1205 1582 :
1254 1544 1367 1583 non
1409 1526 1571 1594 dixit,
1604 1543 1748 1581 nunt:
1777 1529 1854 1580 est
1881 1539 1904 1585 .·

217 1620 337 1689 quia
365 1618 421 1673 in
459 1619 574 1674 fine
599 1618 794 1674 saeculi
835 1620 1070 1673 ventura
1098 1623 1201 1673 est.

272 1709 363 1764 13.
395 1708 463 1763 Et
496 1709 673 1774 unde,
718 1707 931 1779 inquis,
984 1706 1127 1762 mihi
1159 1705 1364 1777 probas
1398 1705 1534 1776 quia
1565 1704 1635 1759 de
1668 1704 1793 1775 ipsa
1824 1718 1907 1758 re-

215 1799 557 1854 surrectione
587 1797 792 1853 dixit?
841 1798 899 1853 Si
950 1797 1238 1868 patienter
1282 1795 1508 1861 audias,
1540 1797 1599 1849 tu
1646 1793 1769 1864 ipse
1801 1790 1908 1847 tibi

216 1888 374 1944 modo
388 1887 683 1959 probabis.
698 1888 1024 1959 Sequamur
1041 1903 1209 1959 ergo:
1223 1886 1401 1942 Nolite
1416 1882 1754 1943 mirarihoc;
1776 1884 1908 1953 quia

218 1980 353 2035 venit
386 1978 541 2044 hora,
565 1976 623 2031 in
655 1994 763 2048 qua
792 1994 974 2033 manes
997 1978 1089 2047 qui
1120 1978 1178 2031 in
1200 1975 1569 2031 monumentis
1599 1978 1740 2027 sunt.
1768 1970 1917 2036 Quid

218 2066 534 2121 evidentius
550 2066 664 2121 ista
682 2066 1098 2121 resurrectione
1114 2065 1281 2121 ?Jam
1299 2064 1519 2118 dudum
1545 2080 1656 2116 non
1673 2062 1915 2126 dixerat,

220 2158 307 2227 qui
334 2157 390 2209 in
412 2155 782 2211 monumentis
801 2160 959 2216 sunt;
982 2155 1104 2224 sed,
1128 2157 1330 2211 mortui
1349 2153 1577 2209 audient
1596 2168 1775 2208 vocem
1792 2151 1919 2205 Filii

220 2248 333 2307 De;
364 2249 416 2301 et
446 2247 543 2316 qui
590 2246 892 2317 audierint,
940 2248 1140 2301 vivent.
1190 2245 1314 2302 Non
1365 2243 1530 2311 dixit,
1573 2242 1669 2298 alii
1704 2243 1916 2308 vivent,

219 2336 316 2394 alii
350 2328 787 2392 damnabantur
816 2354 831 2405 ;
882 2338 1019 2408 quia
1059 2352 1262 2391 omnes
1304 2336 1402 2407 qui
1434 2335 1675 2389 credunt
1704 2332 1915 2387 vivent.

216 2427 290 2484 De
325 2426 723 2483 monumentis
753 2432 941 2482 autem
967 2425 1106 2497 quid
1138 2424 1324 2482 dicit?
1349 2425 1546 2482 Omnes
1575 2424 1674 2494 qui
1702 2426 1829 2478 sunt
1860 2422 1918 2476 in

217 2516 610 2581 monumentis,
661 2513 887 2570 audient
934 2529 1119 2571 vocem
1166 2516 1306 2582 ejus,
1347 2518 1399 2570 et
1446 2511 1752 2584 procedent.
1794 2510 1919 2565 Non

216 2605 386 2671 dixit,
417 2604 644 2660 audient
671 2611 720 2660 et
749 2603 947 2659 vivent.
982 2604 1039 2659 Si
1073 2604 1227 2659 enim
1273 2602 1419 2659 male
1456 2604 1722 2658 vixerunt
1751 2604 1808 2655 et
1828 2599 1921 2671 ja-

220 2695 433 2751 cebant
464 2695 522 2749 in
572 2694 989 2764 monumentis,
1024 2695 1094 2750 ad
1129 2702 1372 2750 mortem
1413 2696 1668 2763 surgent.
1710 2706 1825 2747 non
1854 2690 1923 2745 ad

223 2785 423 2841 vitam.
458 2786 608 2857 Ergo
654 2786 957 2840 videamus
1004 2787 1107 2858 qui
1151 2784 1483 2856 procedent.
1550 2783 1705 2839 Licet
1755 2779 1923 2853 paulo

224 2884 356 2931 ante
387 2873 602 2929 mortui
635 2874 925 2929 audiendo
969 2879 1025 2929 et
1055 2875 1344 2929 credendo
1376 2874 1665 2938 vivebant,
1699 2888 1814 2927 non
1845 2870 1923 2927 ibi

229 2966 371 3020 facta
400 2970 489 3021 est
531 2963 804 3020 discretio
836 2982 849 3021 :
896 2980 1008 3019 non
1039 2964 1258 3020 dictum
1294 2970 1404 3033 est,
1441 2964 1692 3018 Audient
1714 2960 1927 3016 mortui

238 3071 431 3111 vocem
476 3054 609 3109 Filii
658 3054 782 3118 Dei,
826 3063 880 3110 et
910 3070 1045 3110 cum
1084 3052 1399 3123 audierint,
1454 3053 1550 3108 alii
1582 3054 1793 3119 vivent,
1828 3050 1928 3106 alii

235 3144 705 3213 damnabantur;
740 3144 861 3213 sed,
884 3144 1080 3201 Omnes
1110 3144 1204 3214 qui
1224 3142 1525 3211 audierint,
1556 3144 1776 3198 vivent:
1794 3144 1931 3215 quia

236 3236 326 3308 qui
354 3237 598 3291 credunt
626 3233 833 3301 vivent,
878 3234 977 3305 qui
1011 3233 1229 3289 habent
1258 3233 1599 3291 charitatem
1633 3233 1848 3295 vivent,
1880 3241 1931 3288 et

237 3342 394 3382 nemo
417 3324 815 3382 moriotur.De
839 3324 1231 3381 monumentis
1255 3333 1471 3389 autem,
1487 3323 1929 3389 audientvocem,

236 3421 285 3473 et
300 3417 586 3489 precedent
597 3418 693 3488 qui
705 3416 835 3471 bene
845 3415 1184 3485 fecerunt,ad
1196 3418 1651 3471 resurrectionem
1665 3415 1795 3471 vita?
1810 3431 1827 3479 ;
1840 3413 1936 3487 qui

240 3507 381 3562 male
406 3508 679 3577 fecerunt,
720 3505 789 3560 ad
818 3509 1268 3561 resurrectionem
1288 3504 1509 3575 iudicii.
1543 3505 1658 3560 Hoc
1680 3504 1934 3575 estjudi-

241 3599 411 3664 cium,
442 3612 609 3668 paena
640 3596 740 3651 illa
770 3596 839 3651 de
863 3613 977 3668 qua
1010 3596 1180 3668 paulo
1203 3600 1335 3651 ante
1365 3596 1604 3665 dixerat,
1637 3596 1740 3665 Qui
1768 3595 1939 3650 credit

240 3691 294 3744 in
307 3706 408 3757 me,
425 3687 702 3744 transiita
719 3695 893 3743 morte
904 3688 973 3743 ad
985 3689 1176 3755 vitam,
1195 3694 1247 3743 et
1262 3690 1320 3743 in
1327 3688 1356 3760 j
1363 3688 1603 3742 udicium
1618 3704 1724 3742 non
1737 3688 1936 3743 veniet.

309 3780 395 3836 11s.
452 3781 573 3836 Non
625 3795 837 3850 possum
886 3794 984 3849 ego
1038 3796 1071 3833 a
1125 3780 1326 3851 meipso
1373 3781 1555 3847 [acere
1594 3776 1942 3850 quidquam:

243 3873 376 3927 sicut
407 3869 576 3925 audio
596 3868 793 3938 iudico,
820 3871 871 3924 et
885 3867 1171 3938 judicium
1198 3884 1380 3923 meum
1393 3869 1603 3939 justum
1628 3871 1721 3923 est.
1748 3866 1807 3922 Si
1838 3866 1948 3922 sic-

248 3966 308 4017 ut
340 3959 506 4015 audis
534 3958 786 4030 iudicas,
820 3975 852 4012 a
883 3974 999 4029 quo
1032 3957 1246 4013 audis?
1275 3957 1334 4013 Si
1367 3974 1400 4013 a
1428 3959 1621 4025 Patre,
1664 3964 1815 4013 certe
1844 3958 1948 4012 Pa-

241 4053 318 4104 ter
362 4066 474 4105 non
519 4046 731 4115 iudicat
780 4062 1127 4119 quemquam,
1185 4046 1277 4103 sed
1306 4062 1463 4102 omne
1492 4046 1759 4114 iudicium
1796 4046 1947 4101 dedit

248 4138 400 4193 Filio.
435 4135 684 4202 Quando
732 4139 796 4190 tu
845 4136 1277 4206 quodammodo
1319 4153 1503 4207 praeco
1553 4136 1757 4201 Patris,
1789 4135 1943 4205 quod

244 4226 427 4293 audis,
461 4226 577 4281 hoc
601 4223 746 4280 dicis
778 4226 797 4261 ί
828 4223 856 4279 ?
898 4226 1059 4290 Quod
1102 4224 1273 4281 audio
1306 4225 1411 4281 hoc
1443 4226 1590 4293 dico,
1626 4223 1761 4296 quia
1791 4223 1947 4295 quod

242 4322 325 4371 est
370 4316 568 4383 Pater,
607 4313 716 4369 hoc
757 4330 888 4369 sum
923 4330 938 4369 :
992 4314 1182 4372 dicere
1227 4315 1381 4370 enim
1433 4330 1625 4370 meum
1657 4329 1781 4369 esse
1811 4316 1949 4381 est;

244 4405 375 4476 quia
424 4404 692 4459 Verbum
740 4402 925 4458 Patris
952 4421 1103 4460 sum.
1136 4403 1255 4460 Hoc
1284 4404 1437 4459 enim
1471 4403 1573 4458 tibi
1604 4404 1743 4458 dicit
1782 4401 1954 4457 Chri-

246 4499 387 4550 stus.
414 4494 562 4550 Inde
578 4492 649 4548 de
674 4497 797 4547 tuo.
821 4492 967 4556 Quid
984 4499 1093 4561 est,
1112 4493 1263 4549 Sicut
1284 4493 1467 4560 audio,
1492 4492 1793 4565 itajudico,
1817 4491 1952 4559 nisi,

249 4584 409 4640 Sicut
447 4598 588 4638 sum
618 4580 648 4633 ?
676 4581 975 4645 Quomodo
997 4582 1153 4637 enim
1181 4582 1344 4638 audit
1371 4583 1676 4639 Christus?
1707 4582 1955 4645 Fratres,

253 4684 611 4743 quaramus,
634 4685 900 4737 rogovos.
921 4671 1097 4725 Audit
1113 4671 1642 4727 ChristusaPatre‘t
1663 4670 1959 4737 Quomodo

247 4760 331 4816 illi
369 4761 509 4815 dicit
542 4758 709 4815 Pater
736 4760 764 4814 ‘t
816 4758 1023 4831 Utique
1053 4759 1104 4814 si
1135 4760 1277 4815 dicit
1316 4760 1424 4831 illi,
1456 4760 1629 4815 verba
1673 4761 1740 4814 ad
1793 4758 1960 4813 illum

249 4851 389 4907 facit
416 4867 432 4907 :
464 4850 663 4907 omnis
682 4850 839 4906 enim
863 4850 959 4920 qui
984 4849 1209 4922 aliquid
1234 4850 1410 4907 alicui
1428 4850 1588 4917 dicit,
1612 4849 1784 4904 verbo
1806 4846 1963 4903 dicit.

254 4942 564 5009 Quomodo
614 4941 783 4997 Pater
832 4940 970 4997 Filio
1009 4941 1173 5010 dicit,
1224 4943 1454 5013 quando
1504 4940 1682 4996 Filius
1714 4941 1965 4996 Verbum

248 5031 439 5087 Patris
492 5034 590 5085 est
617 5028 645 5083 ‘t
691 5028 984 5100 Quidquid
1026 5029 1195 5084 nobis
1236 5028 1402 5084 Pater
1455 5029 1615 5097 dicit,
1644 5027 1834 5083 Verbo
1866 5043 1971 5082 suo

255 5122 395 5179 dicit
429 5139 444 5178 :
480 5120 744 5177 Verbum
774 5120 968 5177 Patris
995 5119 1179 5177 Filius
1200 5124 1310 5187 est,
1351 5120 1461 5193 ipsi
1498 5119 1683 5175 Verbo
1715 5135 1829 5190 quo
1862 5117 1973 5173 alio

253 5214 423 5269 verbo
456 5210 607 5268 dicit
634 5211 663 5265 ‘t
691 5209 854 5268 Unus
884 5215 973 5267 est
1001 5212 1172 5279 Deus,
1202 5227 1384 5267 unum
1415 5210 1668 5266 Verbum
1704 5209 1894 5279 habet,
1916 5207 1977 5263 in

261 5318 375 5359 uno
403 5301 603 5359 Verbo
633 5299 828 5357 omnia
871 5301 1149 5358 continet.
1201 5301 1347 5366 Quid
1393 5305 1481 5356 est
1510 5315 1667 5372 ergo,
1700 5298 1849 5355 Sicut
1881 5314 1980 5353 au-

261 5390 381 5459 dio,
414 5394 497 5447 ita
518 5389 722 5461 judico
750 5390 785 5445 ?
814 5390 973 5448 Sicut
996 5392 1065 5448 de
1096 5392 1266 5447 Patre
1298 5406 1452 5457 sum,
1480 5390 1561 5445 ita
1587 5388 1803 5460 judico.
1836 5387 1983 5458 Ergo

324 5520 341 5554 ί
363 5518 448 5567 Er.
475 5516 647 5578 Lugd.
674 5520 726 5567 et
746 5515 882 5567 Ven.
908 5517 1181 5580 plusculas
1199 5516 1283 5567 hic
1319 5516 1499 5580 ferunt
1525 5514 1884 5580 differentias;
1912 5512 1988 5580 sic

2001 445 2246 502 Domine
2273 447 2428 507 Iesu.
2453 446 2742 518 quomodo
2759 446 3022 501 sentiunt
3052 447 3315 503 carnales
3339 466 3353 515 ;
3386 448 3603 505 sinibil
3624 449 3705 506 fa-

2002 536 2084 591 cis
2115 553 2183 591 ex
2212 542 2289 603 te,
2323 537 2615 609 quomodo
2666 536 2838 608 paulo
2889 541 3022 592 ante
3072 537 3291 606 dixisti,
3331 538 3421 594 Sic
3449 546 3499 595 et
3527 540 3707 597 Filius

2002 641 2131 697 quos
2168 627 2287 682 vult
2328 626 2569 695 viviﬁcat
2599 629 2627 681 ?
2673 627 2839 683 Modo
2888 627 3059 697 dicis,
3110 627 3188 682 Ex
3242 643 3333 683 me
3366 627 3511 683 facio
3543 628 3710 685 nihil.

2005 718 2116 773 Sed
2150 718 2289 789 quid
2321 718 2690 773 commendat
2711 716 2910 784 Filius,
2947 718 3059 773 nisi
3089 719 3229 789 quia
3268 719 3335 774 de
3374 719 3541 774 Patre
3572 722 3661 774 est
3683 718 3711 774 ?

2006 808 2111 875 Qui
2144 814 2233 865 est
2262 810 2333 864 de
2367 809 2551 876 Patre,
2578 825 2693 864 non
2726 814 2814 866 est
2842 810 2911 864 de
2946 825 3027 865 se.
3052 809 3111 865 Si
3145 811 3214 865 de
3233 826 3297 866 se
3326 809 3506 865 Filius
3535 814 3711 873 esset,

2006 916 2118 954 non
2151 905 2302 954 esset
2332 898 2513 954 Filius
2547 915 2560 954 :
2592 900 2663 954 de
2682 903 2849 955 Patre
2880 904 2985 954 est.
3021 899 3188 954 Pater
3211 904 3273 955 ut
3294 900 3367 955 sit
3388 916 3502 955 non
3533 904 3621 956 est
3642 899 3714 954 de

2007 990 2172 1056 Filio,
2210 990 2394 1045 Filius
2429 994 2493 1044 ut
2524 990 2600 1045 sit
2631 990 2701 1045 de
2740 989 2912 1045 Patre
2948 994 3054 1045 est.
3088 990 3346 1063 Equalis
3377 990 3529 1046 Patri
3564 1010 3579 1058 ;
3614 990 3716 1045 sed

2008 1085 2201 1136 tamen
2236 1080 2343 1134 iste
2375 1080 2444 1134 de
2478 1079 2596 1143 illo,
2633 1095 2744 1134 non
2771 1079 2864 1134 ille
2898 1080 2965 1133 de
2999 1080 3129 1137 isto.

2087 1170 2171 1225 15.
2207 1170 2348 1237 Quia
2380 1186 2489 1224 non
2518 1185 2700 1241 quaero
2744 1170 3078 1224 voluntatem
3106 1186 3307 1234 meam,
3338 1170 3429 1225 sed
3460 1170 3718 1225 volunta-

2012 1266 2121 1319 tem
2149 1262 2265 1330 ejus
2295 1263 2392 1330 qui
2416 1258 2572 1314 misit
2601 1275 2705 1314 me.
2740 1258 2918 1313 Filius
2956 1259 3165 1314 unicus
3196 1259 3356 1325 dicit,
3380 1260 3497 1315 Non
3530 1274 3717 1330 quaero

2010 1348 2351 1405 voluntatem
2380 1364 2601 1410 meam;
2632 1353 2687 1403 et
2716 1349 2983 1404 homines
3015 1349 3211 1404 volunt
3242 1349 3428 1405 facere
3456 1348 3719 1404 volunta-

2011 1446 2129 1495 tem
2162 1455 2330 1495 suam
2367 1438 2380 1493 l
2417 1438 2516 1495 Ille
2553 1442 2779 1493 tantum
2816 1454 2876 1493 se
2909 1438 3180 1493 humiliat
3221 1438 3321 1509 qui
3360 1437 3603 1508 aequalia
3632 1442 3724 1493 est

2012 1531 2166 1586 Patri
2193 1548 2205 1598 ;
2230 1534 2287 1584 et
2306 1534 2535 1585 tantum
2560 1544 2622 1584 se
2643 1528 2865 1583 extollit
2897 1530 2994 1600 qui
3017 1529 3077 1583 in
3110 1529 3420 1597 imojacet,
3453 1531 3513 1582 et
3542 1527 3655 1582 nisi
3672 1527 3726 1583 ei

2018 1637 2226 1678 manus
2257 1620 2613 1693 porrigatur,
2640 1636 2753 1674 non
2786 1620 2975 1689 surgit
3000 1620 3011 1673 ι
3047 1619 3351 1674 Faciamus
3374 1633 3507 1691 ergo
3528 1616 3725 1674 volun-

2015 1717 2194 1768 tatem
2227 1711 2435 1775 Patris,
2468 1711 2827 1766 voluntatem
2864 1709 2988 1764 Filii
3014 1710 3052 1779 ί,
3085 1708 3445 1765 voluntatem
3474 1708 3730 1780 Spiritus

2017 1800 2203 1859 sancti
2231 1819 2244 1868 ;
2278 1800 2416 1873 quia
2442 1799 2739 1855 Trinitatis
2770 1799 2949 1869 hujus
2976 1816 3091 1854 una
3112 1799 3399 1867 voluntas,
3428 1815 3546 1855 una
3561 1806 3731 1872 pole-

2020 1896 2170 1957 stas,
2201 1908 2319 1946 una
2351 1890 2624 1961 majestas
2663 1893 2770 1944 est.
2806 1890 2937 1944 Ideo
2970 1893 3162 1944 tamen
3198 1889 3339 1944 dicit
3382 1888 3579 1955 Filius,
3615 1889 3733 1943 Non

2024 1981 2150 2038 veni
2178 1983 2361 2051 facere
2393 1980 2729 2034 voluntatem
2760 1994 2959 2047 meam,
2993 1980 3093 2033 sed
3124 1979 3458 2034 voluntatem
3497 1978 3611 2046 ejus
3639 1977 3736 2049 qui

2026 2070 2175 2129 misit
2206 2085 2291 2124 me
2321 2089 2341 2134 ;
2372 2070 2511 2139 quia
2543 2068 2805 2123 Christus
2841 2084 2953 2123 non
2986 2073 3073 2123 est
3104 2069 3171 2121 de
3216 2084 3298 2135 se,
3334 2070 3431 2123 sed
3471 2069 3541 2121 de
3572 2066 3737 2123 Patre

2027 2176 2130 2217 suo
2164 2164 2271 2215 est.
2300 2158 2461 2225 Quod
2495 2164 2690 2212 autem
2723 2157 2931 2212 habuit
2973 2162 3037 2211 ut
3078 2157 3249 2211 homo
3291 2159 3618 2228 appareret,
3668 2155 3741 2211 de

2027 2259 2290 2308 creatura
2320 2248 2639 2319 assumpsit
2661 2263 2839 2319 quam
2871 2247 2997 2319 ipse
3021 2247 3307 2303 formavit.

2082 2420 2083 2423 η
2560 2354 2986 2411 TRACTA'I‘US
3033 2354 3229 2412 XXIII.

2027 2455 2092 2508 In
2122 2450 2281 2505 illam
2314 2446 2598 2503 lectionem
2628 2445 2932 2516 Evangelii,
2963 2444 3019 2498 Si
3053 2461 3159 2516 ego
3188 2442 3586 2501 testimonium
3618 2459 3743 2514 per-

2103 2539 2271 2595 hibeo
2304 2538 2374 2593 de
2402 2550 2513 2605 me,
2545 2540 2669 2605 etc.,
2694 2550 2864 2607 usque
2885 2534 2963 2589 ad
2989 2534 3068 2600 id,
3105 2534 3167 2589 Et
3189 2549 3306 2589 non
3336 2532 3514 2589 vultis
3545 2532 3743 2587 venire

2102 2630 2173 2685 ad
2199 2644 2311 2692 me,
2348 2630 2411 2682 ut
2442 2626 2617 2681 vitam
2655 2624 2937 2680 habeatis.
2966 2624 3093 2680 Tum
3116 2625 3284 2678 etiam
3312 2624 3633 2695 repetuntur
3660 2636 3747 2676 su-

2100 2720 2343 2793 periores
2374 2714 2628 2771 lectiones
2672 2715 2787 2782 iam
2834 2717 2962 2769 ante
3015 2718 3285 2783 tractata,
3323 2712 3533 2769 scilicet
3564 2711 3630 2767 ab
3662 2710 3749 2766 his

2102 2809 2306 2876 verbis,
2340 2812 2543 2872 Amen,
2576 2821 2745 2861 amen
2769 2806 2899 2861 dico
2931 2804 3113 2871 vobis,
3139 2821 3253 2859 non
3288 2808 3479 2875 potest
3501 2800 3679 2859 Filius
3712 2818 3747 2858 a

2108 2913 2170 2954 se
2203 2899 2391 2951 facere
2421 2895 2766 2966 quidquam,
2798 2902 2893 2949 etc.
2933 2894 3062 2964 Cap.
3094 2912 3149 2961 v,
3181 2896 3234 2963 ,v.
3268 2893 3455 2949 19-40.

2096 3009 2159 3060 -t.
2192 3003 2455 3067 Quodam
2475 3000 2601 3057 loco
2630 2999 2689 3055 in
2714 3000 3019 3073 Evangelia
3049 3000 3335 3056 Dominus
3365 2999 3463 3065 ait,
3497 3000 3747 3070 pruden-

2037 3102 2150 3154 tcm
2175 3092 2498 3150 auditorem
2532 3089 2691 3147 verbi
2725 3090 2818 3145 sui
2852 3090 3101 3146 similem
3127 3105 3256 3147 esse
3285 3088 3493 3146 debere
3518 3089 3742 3146 homini

2040 3186 2134 3256 qui
2166 3182 2365 3239 volens
2396 3180 2704 3243 aediﬁcare,
2738 3179 2879 3235 fodit
2908 3179 3108 3246 altius,
3142 3180 3327 3235 donec
3358 3179 3654 3251 perveniat
3674 3179 3745 3235 ad

2041 3274 2485 3331 fundamentum
2514 3268 2849 3323 stabilitatis
2868 3273 3062 3338 petras,
3096 3273 3153 3322 et
3174 3268 3253 3323 ibi
3276 3283 3514 3324 securus
3533 3268 3743 3323 consti-

2042 3370 2167 3422 tuat
2214 3362 2369 3433 quod
2417 3359 2660 3414 fabricat
2713 3359 2989 3413 adversus
3031 3358 3311 3427 impetum
3344 3356 3651 3413 ﬂuminis:
3687 3362 3752 3411 ut

2044 3471 2176 3512 cum
2210 3451 2447 3515 venerit,
2499 3447 2915 3519 repercutiatur
2964 3446 3155 3516 potius
3198 3445 3470 3501 firmitate
3500 3444 3751 3513 aedificii,

2046 3559 2221 3617 quam
2252 3538 2510 3611 impulsu
2541 3552 2647 3591 suo
2690 3536 2921 3590 ruinam
2964 3536 3133 3590 faciat
3161 3534 3245 3589 illi
3292 3534 3489 3590 domui
3539 3533 3751 3606 (Matth.

2047 3651 2148 3697 vn,
2221 3631 2312 3696 21s,
2370 3628 2480 3697 25).
2534 3626 2813 3681 Putemus
2883 3624 3234 3693 Scripturam
3310 3622 3410 3678 Dei
3471 3627 3755 3696 tanquam

2051 3737 2257 3795 agrum
2280 3734 2425 3779 esse,
2449 3716 2547 3772 ubi
2569 3716 2841 3771 volumus
2862 3713 3399 3787 aliquidaadiﬁcare.
3422 3712 3548 3769 Non
3570 3713 3758 3769 simus

2055 3810 2225 3886 pigri,
2258 3825 2365 3866 nec
2387 3806 2694 3880 superﬁcie
2725 3806 2978 3861 contenti
3004 3823 3017 3873 ;
3044 3804 3331 3861 fodiemus
3352 3803 3548 3873 altius,
3579 3804 3763 3859 donec

2056 3899 2468 3975 perveniamus
2519 3898 2589 3953 ad
2635 3902 2851 3968 petram
2890 3912 2903 3951 :
2941 3899 3107 3951 Petra
3136 3900 3323 3951 autem
3354 3900 3475 3951 erat
3507 3892 3757 3950 Christus

2054 3994 2099 4066 (Ι
2134 3992 2253 4047 Cor.
2286 4006 2342 4055 x,
2374 3988 2452 4058 4).

2122 4084 2179 4137 2.
2232 4078 2521 4134 Hodierna
2578 4075 2746 4132 lectio
2814 4075 2884 4130 de
2931 4074 3263 4131 testimonio
3311 4072 3545 4129 Domini
3597 4069 3766 4126 nobis

2057 4173 2247 4230 locuta
2266 4173 2371 4237 est,
2395 4167 2662 4240 quianon
2682 4166 2893 4221 habeat
2916 4166 3311 4219 necessarium
3331 4162 3402 4216 ab
3428 4159 3769 4216 hominibus

2058 4256 2602 4323 testimonium,sed
2636 4255 2850 4310 habeat
2872 4254 3065 4321 majus
3096 4268 3268 4322 quam
3294 4255 3432 4305 sunt
3457 4248 3723 4304 homines
3752 4274 3768 4317 ς

2058 4362 2229 4424 atque
2256 4348 2314 4402 id
2344 4343 2749 4401 testimonium
2793 4341 2938 4396 dixit
2981 4341 3117 4410 quid
3150 4339 3225 4393 sit
3257 4356 3272 4395 :
3323 4338 3519 4407 Opera,
3553 4336 3774 4419 inquit,

2062 4457 2180 4512 qua
2205 4452 2298 4507 ego
2337 4436 2501 4503 facio,
2535 4432 2913 4487 testimonium
2960 4428 3247 4499 perhibent
3294 4427 3359 4482 de
3406 4441 3510 4482 me.
3552 4427 3770 4483 Deinde

2066 4528 2327 4598 adiunxit
2361 4540 2373 4578 :
2404 4524 2467 4577 Et
2497 4521 2867 4578 testimonium
2886 4517 3135 4591 perhibet
3164 4519 3228 4573 de
3249 4533 3352 4585 me,
3386 4516 3480 4590 qui
3510 4519 3661 4573 misit
3690 4532 3779 4574 me

2067 4622 2254 4676 Pater.
2288 4616 2421 4685 Ipsa
2446 4626 2677 4683 quoque
2699 4626 2875 4682 opera
2902 4625 3031 4680 quas
3064 4608 3214 4676 facit,
3248 4625 3279 4663 a
3308 4609 3478 4666 Patre
3508 4624 3571 4666 se
3610 4625 3777 4667 acce-

2072 4708 2228 4782 pisse
2249 4704 2407 4759 dicit.
2431 4700 2859 4757 Testimonium
2885 4715 3019 4771 ergo
3043 4697 3349 4770 perhibent
3378 4714 3573 4770 opera,
3611 4699 3779 4755 testi-

2076 4798 2337 4856 monium
2356 4794 2618 4866 perhibet
2640 4793 2827 4850 Pater.
2842 4791 3566 4849 Nullumnetestimonium
3592 4788 3781 4860 perhi-

2076 4890 2204 4946 buit
2230 4888 2485 4944 Joannes
2504 4884 2531 4939 ?
2554 4882 2854 4939 Perhibuit
2884 4882 3077 4954 plane,
3101 4883 3199 4939 sed
3226 4891 3499 4952 tanquam
3526 4880 3779 4941 lucerna,

2082 4994 2196 5033 non
2220 4975 2292 5032 ad
2314 4974 2615 5031 satiandos
2642 4973 2884 5041 amicos,
2907 4972 3005 5028 sed
3031 4972 3098 5026 ad
3125 4967 3562 5025 confundendos
3588 4964 3784 5020 inimi-

2083 5084 2181 5125 cos
2220 5067 2243 5102 '
2281 5082 2296 5122 :
2357 5067 2476 5135 iam
2522 5064 2678 5119 enim
2726 5066 2894 5117 antea
2925 5060 3264 5131 praedictum
3296 5062 3417 5111 erat
3450 5072 3485 5109 a
3539 5070 3819 5131 personat

2086 5158 2293 5225 Patris,
2330 5156 2529 5211 Paravi
2572 5154 2859 5209 lucernam
2913 5148 3125 5203 Christo
3162 5160 3327 5201 meo:
3369 5142 3625 5200 inimicos
3673 5145 3792 5216 ejus

2089 5249 2317 5303 induam
2332 5241 2655 5314 confusione
2676 5258 2697 5304 ;
2724 5254 2885 5309 super
2905 5238 3084 5306 ipsum
3104 5240 3288 5289 autem
3303 5232 3574 5303 efflorebit
3598 5233 3801 5290 sancti-

2095 5338 2274 5396 ﬁcatio
2294 5350 2419 5389 mea
2434 5330 2605 5403 (Psal.
2625 5343 2809 5391 cxxxi,
2828 5326 2894 5379 17
2917 5329 2969 5380 et
2988 5323 3096 5390 18).
3116 5324 3249 5379 Esto
3261 5326 3541 5395 tanquam
3555 5323 3613 5380 in
3628 5328 3799 5381 nocte

2161 5448 2175 5480 1
2203 5441 2262 5490 In
2294 5436 2543 5487 omnibus
2576 5435 2724 5495 Mss.,
2756 5430 3064 5482 voluntatem
3098 5429 3320 5483 Christi.

2159 5505 2181 5537 2
2204 5505 2261 5552 In
2284 5503 2361 5557 Β..
2392 5513 2490 5547 non
2520 5499 2593 5544 ad
2619 5491 2887 5559 satiendos
2914 5495 3125 5555 amicos,
3157 5495 3252 5543 sed
3282 5494 3672 5559 confundendos
3702 5491 3803 5559 ini-

259 5555 424 5645 me;
438 5555 997 5645 '1:gs;t;'o;.;.i;-;.;:
1007 5555 1499 5645 ’ἦῖἶᾶοἩᾶηἱῖιῐόἇᾱ
1516 5555 1989 5642 gestauit;
2101 5555 3016 5645 τηεσεελξιρευφξειεεςεειίιιιεωιη
3038 5572 3099 5608 ex
3122 5560 3209 5609 Er.
3229 5562 3281 5609 οι
3302 5555 3678 5621 lauit-auorum
3703 5555 3804 5605 ιερ-

263 5643 402 5708 quod
432 5641 596 5693 audis
624 5642 784 5695 dicas.
852 5643 922 5693 Μ.

2108 5631 2181 5683 tio
2211 5626 2424 5680 videtur
2457 5623 2790 5677 concinnior.
2856 5622 2927 5674 M.
