4146 6186
341 308 496 370 1583

334 447 586 522 positus,
603 440 901 501 attendisti
916 439 974 495 in
990 438 1283 494 lucernam
1296 437 1372 501 ,et
1389 432 1627 489 miratus
1640 429 2034 491 eslucernam,

327 517 386 598 et
415 536 717 596 exsultasti
750 533 819 588 ad
855 534 1047 586 lumen
1078 528 1357 584 lucernas:
1390 525 1491 580 sed
1520 522 1618 579 illa
1645 522 1884 578 lucerna
1903 517 2039 574 dicit

334 648 463 688 esse
502 626 705 693 solem,
752 625 812 680 in
862 638 977 694 quo
1027 617 1313 675 exsultare
1359 615 1619 683 debeas;
1667 618 1723 669 et
1770 608 2039 683 quamvis

334 724 536 779 ardeat
564 718 623 774 in
659 721 844 783 nocte,
879 714 1031 767 diem
1064 715 1119 765 te
1144 709 1310 780 jubet
1354 709 1706 777 exspectare.
1746 702 1872 758 Non
1904 715 2040 772 ergo

335 816 467 887 quia
506 811 663 866 illius
710 804 967 863 hominis
1016 799 1352 857 testimonio
1401 812 1517 852 non
1549 798 1674 850 erat
1700 809 1864 864 opus.
1895 792 2040 847 Nam

330 881 533 977 utquid
560 898 898 963 mitteretur,
924 895 973 948 si
998 907 1108 946 non
1129 898 1247 946 erat
1275 887 1464 958 opus?
1484 886 1595 940 Sed
1619 898 1692 938 ne
1711 884 1771 938 in
1796 881 2032 936 lucerna

329 970 625 1051 remaneat
646 990 828 1052 homo,
853 990 908 1040 et
930 984 1128 1038 lumen
1161 980 1409 1036 lucerna:
1442 976 1705 1033 sufﬁcere
1736 973 1844 1029 sibi
1866 970 2028 1027 arbi-

327 1090 511 1140 tretur
540 1081 703 1149 ;ideo
736 1075 1017 1133 Dominus
1044 1088 1145 1127 nec
1165 1070 1463 1126 lucernam
1487 1066 1647 1122 illam
1672 1062 2030 1135 superﬂuam

322 1174 461 1230 dicit
483 1172 678 1234 fuisse,
703 1183 809 1223 nec
831 1172 1025 1221 tamen
1048 1167 1102 1218 te
1119 1161 1258 1216 dicit.
1280 1161 1338 1215 in
1360 1160 1594 1215 lucerna
1617 1156 1825 1212 debere
1848 1169 2032 1210 rema-

325 1279 481 1321 nere.
497 1261 649 1318 Dicit
663 1256 820 1313 aliud
841 1253 1237 1310 testimonium
1258 1248 1556 1320 Scriptura
1577 1245 1709 1301 Dei:
1732 1244 1809 1300 ibi
1834 1244 2031 1314 utique

314 1354 469 1410 Deus
497 1346 793 1423 perhibuit
823 1341 1218 1401 testimonium
1251 1339 1390 1394 Filio
1424 1353 1550 1404 suo,
1584 1340 1641 1391 et
1669 1334 1727 1389 in
1753 1333 1852 1388 illa
1881 1332 2032 1388 Scri-

319 1422 507 1517 ptura
538 1438 722 1495 Judaei
754 1451 916 1507 spem
967 1433 1299 1503 posuerant,
1347 1428 1405 1483 in
1459 1427 1605 1498 Lege
1652 1423 1873 1481 scilicet
1903 1422 2027 1493 Dei,

316 1513 648 1588 ministrata
677 1525 787 1581 sibi
822 1539 921 1593 per
952 1521 1181 1593 Moysen
1207 1517 1488 1574 famulum
1521 1513 1643 1571 Dei.
1664 1513 2022 1583 Scrutamini,

314 1618 530 1691 inquit,
562 1613 928 1685 Scripturam,
957 1611 1014 1665 in
1046 1625 1151 1681 qua
1182 1623 1274 1663 vos
1300 1607 1511 1676 putatis
1550 1604 1721 1659 vitam
1752 1607 2028 1659 aeternam

319 1690 550 1771 habere;
576 1706 696 1775 ipsa
729 1700 1093 1756 testimonium
1121 1696 1363 1768 perhibet
1391 1693 1455 1749 de
1484 1708 1604 1749 me:
1638 1696 1692 1748 et
1721 1706 1833 1747 non
1862 1690 2031 1746 vultis

314 1798 503 1853 venire
520 1794 596 1849 ad
617 1807 722 1855 me,
740 1793 798 1844 ut
820 1788 989 1844 vitam
1014 1786 1283 1841 habeatis.
1301 1782 1448 1850 Quid
1464 1798 1563 1838 vos
1578 1780 1795 1852 putatis
1818 1779 2029 1836 habere

309 1889 369 1941 in
386 1884 681 1955 Scriptura
693 1881 869 1936 vitam
886 1877 1191 1933 aeternam?
1208 1878 1397 1946 Ipsam
1413 1869 1886 1942 interrogate,cui
1904 1885 2027 1941 per-

306 1976 471 2033 hibet
493 1972 929 2037 testimonium;
955 1973 1012 2024 et
1035 1960 2027 2039 intelligitequaesitvitaaeternaEt

307 2068 448 2141 quia
478 2068 715 2139 propter
766 2062 1005 2134 Moysen
1052 2057 1325 2115 volebant
1366 2055 1671 2126 repudiare
1704 2052 2025 2127 Christum,

308 2163 590 2229 tanquam
615 2152 1011 2211 adversarium
1040 2145 1322 2204 institutis
1352 2144 1771 2216 praeceptisque
1804 2140 2019 2213 Moysii

312 2262 520 2305 rursus
535 2244 772 2301 eosdem
798 2241 922 2314 ipse
947 2236 1237 2296 convincit
1251 2240 1530 2306 tanquam
1553 2234 1623 2289 de
1636 2230 2022 2289 alialucerna.

376 2340 430 2396 3.
472 2340 689 2393 Omnes
722 2332 878 2390 enim
928 2330 1192 2387 homines
1219 2328 1492 2398 lucernae,
1528 2324 1666 2398 quia
1697 2332 1753 2381 et
1782 2322 2023 2380 accendi

308 2433 555 2504 possunt
578 2433 632 2484 et
658 2423 975 2496 exstingui.
997 2421 1330 2479 Etlucernas
1345 2418 1576 2490 quidem
1601 2432 1730 2473 cum
1759 2415 2017 2487 sapiunt,

302 2522 518 2586 lucent,
551 2522 609 2574 et
640 2515 844 2587 spiritu
884 2515 1137 2570 fervent:
1170 2526 1306 2567 nam
1355 2513 1413 2565 et
1450 2506 1499 2563 si
1531 2506 1805 2563 ardebant
1833 2508 1889 2561 et
1918 2520 2023 2558 ex-

303 2612 533 2667 stinctae
566 2614 722 2673 sunt,
755 2605 926 2660 etiam
955 2607 1180 2674 putent.
1214 2601 1666 2656 Permanserunt
1691 2596 1849 2651 enim
1869 2593 2015 2650 servi

300 2700 404 2759 Dei
427 2698 675 2754 lucernae
705 2694 869 2749 bona:
892 2708 959 2747 ex
1008 2691 1132 2748 oleo
1165 2687 1575 2745 misericordia
1600 2685 1779 2755 illius,
1812 2701 1928 2740 non
1950 2698 2017 2738 ex

307 2789 533 2846 viribus
564 2785 711 2842 suis.
761 2783 960 2839 Gratia
1009 2781 1221 2853 quippe
1253 2778 1331 2834 De
1379 2778 1651 2850 gratuita,
1692 2775 1795 2832 illa
1823 2774 2014 2831 oleum

308 2882 680 2939 lucernarum
714 2882 822 2935 est.
870 2874 1005 2929 Plus
1037 2876 1180 2929 enim
1214 2870 1326 2926 illis
1355 2870 1606 2925 omnibus
1635 2867 1898 2934 laboravi,
1933 2864 2014 2921 ait

308 2973 577 3044 quaedam
609 2971 845 3026 lucerna
873 2983 887 3033 ;
919 2970 973 3021 et
996 2981 1065 3019 ne
1086 2962 1300 3018 viribus
1331 2959 1451 3015 suis
1480 2960 1680 3014 ardere
1702 2957 2009 3023 videretur,

306 3063 588 3136 adiunxit,
623 3060 736 3117 Non
768 3072 872 3132 ego
902 3064 1102 3123 autem,
1134 3051 1227 3108 sed
1255 3050 1441 3121 gratia
1462 3049 1559 3105 Dei
1587 3064 1797 3105 mecum
1816 3049 1863 3116 (Ι
1888 3048 2008 3104 Cor.

303 3172 395 3223 xv,
422 3154 532 3224 10).
557 3149 758 3207 Omnis
778 3162 915 3219 ergo
939 3141 1239 3217 prophetia
1261 3148 1393 3197 ante
1414 3137 1646 3195 Domini
1669 3139 2001 3205 adventum,

306 3245 547 3301 lucerna
575 3243 665 3298 est
697 3256 710 3294 :
745 3239 816 3294 de
850 3252 964 3307 qua
994 3232 1135 3289 dicit
1164 3233 1367 3288 Petrus
1392 3228 1710 3302 apostolus,
1743 3230 2008 3286 Habemus

302 3336 587 3393 certiorem
604 3328 989 3403 propheticum
1007 3338 1333 3388 sermonem,
1366 3322 1460 3376 cui
1478 3321 1607 3375 bene
1629 3318 1821 3389 facitis
1845 3321 2013 3375 inten-

301 3425 509 3490 denles,
540 3417 1005 3494 quemadmodum
1036 3414 1274 3469 lucerna
1295 3411 1499 3466 lucenti
1528 3409 1587 3465 in
1617 3409 1840 3465 obscuro
1875 3407 2011 3479 loco,

301 3516 473 3572 donec
502 3512 615 3568 dies
648 3511 901 3576 lucescat,
933 3508 981 3563 et
1015 3504 1216 3575 lucifer
1236 3502 1448 3559 oriatur
1468 3503 1523 3555 in
1546 3499 1799 3557 cordibus
1819 3499 2013 3555 vestris

301 3607 376 3677 (ΙΙ
406 3606 553 3661 Petr.
585 3618 625 3669 ι,
671 3599 779 3672 19).
830 3601 1101 3653 Lucerum
1140 3592 1339 3665 itaque
1379 3590 1696 3663 Prophetm,
1732 3594 1787 3645 et
1821 3591 2013 3646 omnis

304 3692 611 3767 prophetia
642 3708 756 3745 una
791 3704 993 3756 magna
1044 3684 1299 3740 lucerna.
1332 3682 1489 3757 Quid
1540 3680 1799 3752 Apostoli
1832 3680 1857 3735 ιε
1899 3697 2011 3736 non

300 3785 553 3842 lucerna
586 3781 762 3838 etiam
790 3778 903 3850 ipsi
931 3777 958 3832 ‘l
1005 3775 1182 3831 Plane
1220 3773 1489 3829 lucernas.
1538 3771 1698 3829 Solus
1728 3774 1885 3827 enim
1917 3770 2013 3827 ille

309 3892 425 3932 non
458 3872 719 3929 lucerna.
752 3868 877 3925 Non
909 3866 1064 3922 enim
1098 3862 1438 3919 accenditur
1489 3869 1543 3917 et
1588 3861 2007 3929 exstinguitur:

305 3965 444 4037 quia
493 3966 631 4018 sicut
678 3966 846 4016 Pater
892 3957 1055 4011 liabet
1104 3956 1279 4009 vitam
1330 3954 1389 4008 in
1418 3954 1727 4024 semetipso,
1760 3956 1839 4007 sic
1868 3951 2017 4007 dedit

305 4056 442 4111 Filio
476 4052 675 4108 habere
703 4051 877 4104 vitam
908 4045 967 4100 in
989 4042 1301 4114 semetipso,
1336 4042 1603 4097 Lacernae
1637 4058 1767 4111 ergo
1798 4046 1851 4096 et
1872 4045 2013 4111 Apo-

306 4145 441 4203 stoli
476 4162 489 4212 ;
519 4147 577 4198 et
606 4139 827 4213 gratias
860 4144 1057 4209 agunt,
1110 4136 1248 4206 quia
1280 4140 1331 4190 et
1364 4134 1590 4189 accensi
1624 4137 1761 4189 sunt
1795 4133 2016 4189 lumine

302 4234 599 4300 Veritatis,
626 4236 684 4287 et
710 4232 930 4285 fervent
949 4225 1164 4298 Spiritu
1193 4224 1509 4291 charitatis,
1533 4228 1589 4279 et
1625 4222 1879 4294 suppetit
1898 4222 2015 4277 illis

300 4324 495 4383 oleum
518 4321 720 4395 gratia:
742 4319 863 4375 Dei.
892 4318 951 4373 Si
974 4332 1091 4371 non
1112 4319 1305 4370 essent
1352 4314 1619 4382 lucernae,
1655 4330 1770 4369 non
1800 4313 2017 4369 diceret

301 4413 418 4471 illis
449 4410 755 4474 Dominus,
793 4408 884 4463 l’os
932 4406 1056 4461 estis
1108 4406 1291 4460 lumen
1335 4403 1546 4458 mundi.
1591 4402 1735 4458 Nam
1783 4408 2012 4473 postea-

300 4521 473 4577 quam
507 4502 673 4569 dixit,
736 4502 837 4556 νοις
880 4500 1006 4553 estis
1048 4496 1236 4553 lumen
1265 4497 1481 4556 mundi,
1515 4494 1769 4551 ostendit
1799 4511 1871 4550 ne
1900 4493 2015 4550 tale

300 4595 505 4649 lumen
534 4608 597 4647 se
651 4592 938 4659 putarent.
1000 4586 1172 4658 quale
1229 4584 1448 4643 dictum
1502 4589 1610 4653 est,
1661 4585 1789 4641 Erat
1824 4583 2014 4642 lumen

298 4699 507 4746 verum,
541 4678 682 4751 quod
712 4678 997 4733 illuminat
1045 4691 1261 4732 omnem
1298 4676 1573 4732 hominem
1606 4676 1915 4731 venientem
1952 4679 2010 4731 in

300 4775 444 4831 hunc
470 4768 758 4825 mundum.
799 4770 959 4821 Tunc
991 4769 1185 4821 autem
1226 4764 1335 4820 hoc
1378 4765 1448 4820 de
1495 4764 1740 4819 Domino
1789 4765 2011 4820 dictum

306 4869 415 4937 est,
448 4880 580 4922 cum
614 4879 647 4918 a
673 4864 899 4917 Joanne
928 4856 1402 4928 distingueretur.
1440 4856 1514 4910 De
1541 4854 1765 4910 Joanne
1796 4854 2009 4927 quippe

301 4953 560 5027 Baptista
586 4948 808 5006 dictum
841 4948 980 5010 erat,
1010 4944 1123 4999 Non
1152 4944 1269 4997 eral
1294 4943 1389 4998 ille
1411 4940 1617 5011 lumen,
1645 4940 1735 4997 sed
1764 4944 1825 4997 ut
1854 4944 2011 4997 testi-

302 5046 550 5101 monium
597 5037 907 5113 perhiberet
963 5034 1027 5090 de
1079 5032 1287 5088 lumine
1345 5033 1595 5105 (Joan.1,
1626 5033 1682 5097 9,
1731 5032 1806 5103 8).
1842 5031 1905 5086 Et
1940 5049 2009 5088 ne

308 5136 553 5199 diceres,
603 5128 901 5198 Quomodo
933 5125 1127 5182 lumen
1172 5139 1289 5179 non
1321 5126 1463 5191 erat,
1495 5123 1565 5179 de
1597 5138 1709 5195 quo
1739 5122 2007 5180 Christus

306 5224 469 5289 dicit,
504 5220 639 5293 quia
663 5222 888 5276 lucerna
916 5218 1080 5273 erat?
1107 5214 1170 5269 In
1203 5213 1634 5285 comparatione
1662 5212 1902 5269 alterius
1924 5214 2009 5269 lu-

300 5310 478 5367 minis
509 5326 623 5366 non
651 5315 775 5366 erat
805 5308 1014 5365 lucem.
1052 5305 1181 5360 Erat
1211 5304 1368 5361 enim
1404 5319 1590 5360 verum
1623 5302 1828 5369 lumen,
1856 5304 2007 5374 quod

295 5399 579 5454 illuminat
601 5412 818 5452 omnem
843 5396 1115 5452 hominem
1136 5396 1444 5452 venientem
1465 5396 1520 5447 in
1539 5392 1686 5447 hunc
1717 5391 2001 5447 mundum.

287 5489 440 5559 Ergo
471 5500 602 5541 cum
636 5485 1010 5557 etdiscipulis
1036 5487 1271 5554 diceret,
1304 5488 1408 5542 Vas
1429 5483 1557 5541 estis
1582 5483 1767 5539 lumen
1793 5482 2004 5551 mundi,

294 5591 367 5635 ne
390 5572 501 5631 sibi
526 5570 744 5640 aliquid
764 5573 1040 5628 tributum
1067 5583 1353 5645 putarent,
1372 5574 1522 5645 quod
1547 5574 1616 5628 de
1631 5572 1753 5629 solo
1776 5572 2003 5628 Christo

286 5662 735 5735 intell?gendum
794 5670 962 5727 esset,
1010 5668 1068 5716 et
1118 5664 1481 5737 italucernas
1513 5667 1685 5719 vento
1716 5663 1998 5736 superbiae

1288 297 1365 357 IN
1410 295 1733 357 JOANNIS
1779 283 2323 361 EVANGELIUM,
2371 286 2432 348 S.
2478 289 2905 353 AUGUSTINI

3648 98 3701 131 Ι

3699 302 3857 366 1584

2145 422 2692 498 exstinguerentur;
2717 444 2850 485 cum
2873 428 3138 499 dixisset,
3166 435 3267 489 Vos
3286 430 3415 489 estis
3439 432 3622 491 lumen
3644 439 3864 512 mundi,

2151 516 2429 572 continuo
2460 518 2782 589 subjunxit,
2813 520 2928 576 Non
2955 526 3132 592 potest
3159 524 3354 578 civitas
3393 522 3656 582 abscondi
3693 544 3864 601 supra

2148 616 2393 665 montem
2413 608 2727 678 constituta,
2750 628 2924 683 neque
2939 617 3241 669 accendunt
3271 614 3551 672 lucernam
3572 623 3623 674 et
3647 631 3864 693 ponunt

2153 714 2275 756 eam
2305 700 2403 755 sub
2432 700 2635 767 modio,
2655 701 2748 757 sed
2767 718 2930 775 super
2956 704 3368 775 candelabrum,
3389 713 3448 763 ut
3479 709 3666 767 luceat
3687 716 3864 772 omni-

2156 789 2252 845 bus
2283 792 2377 863 qui
2404 791 2465 844 in
2482 790 2638 846 domo
2668 802 2812 849 sunt.
2837 793 2946 851 Sed
2980 794 3143 867 quid,
3173 795 3221 852 si
3245 797 3552 869 Apostolos
3578 816 3692 857 non
3720 803 3864 862 dixit

2176 896 2472 949 ucernam,
2527 885 2624 939 sed
2671 900 3009 943 accensores
3064 886 3315 943 lucernae
3368 904 3545 961 quam
3579 904 3860 964 ponerent

2144 991 2321 1047 super
2349 973 2763 1031 candelabrum
2784 976 2813 1032 ?
2841 976 2988 1032 Audi
3018 976 3154 1049 quia
3183 977 3339 1049 ipsos
3362 977 3507 1036 dixit
3535 981 3854 1044 lucernam.

2140 1067 2235 1122 Sic
2264 1065 2464 1130 luceat,
2498 1064 2708 1135 inquit,
2743 1066 2927 1122 lumen
2960 1073 3197 1124 vestrum
3217 1084 3406 1125 coram
3437 1071 3770 1145 hominibus,
3793 1083 3855 1133 ut

2140 1153 2383 1211 videntes
2427 1154 2566 1209 bona
2614 1170 2776 1226 opera
2822 1164 3001 1212 vestra
3048 1157 3374 1228 gloriﬁcent,
3417 1176 3533 1217 non
3581 1180 3703 1233 vos,
3754 1167 3855 1222 sed

2143 1246 2371 1333 Patrem
2398 1248 2639 1300 vestrum
2661 1245 2759 1318 qui
2784 1248 2843 1303 in
2874 1246 3025 1303 caelis
3056 1252 3134 1302 est
3162 1247 3371 1315 (Matth.
3398 1266 3452 1317 v,
3491 1252 3703 1325 H-16).

2212 1336 2265 1391 4.
2299 1336 2449 1409 Ergo
2483 1340 2539 1392 et
2568 1337 2795 1411 Moyses
2828 1339 3125 1410 perhibuit
3172 1341 3571 1401 testimonium
3597 1346 3851 1416 Christo,

2140 1429 2197 1482 et
2225 1426 2481 1484 Joannes
2527 1427 2823 1499 perhibuit
2852 1429 3259 1486 testimonium
3284 1430 3533 1503 Christo,
3583 1444 3637 1492 et
3666 1439 3861 1494 caeteri

2140 1518 2439 1600 PrOpbetse
2458 1522 2514 1574 et
2535 1518 2795 1589 Apostoli
2820 1519 3243 1592 perhibuerunt
3269 1523 3661 1584 testimonium
3690 1527 3858 1585 Chri-

2139 1607 2359 1665 sto.His
2374 1608 2648 1664 omnibus
2666 1608 3020 1666 testimoniis
3035 1611 3718 1685 praeponittestimouium
3731 1635 3862 1692 ope‘

2140 1714 2269 1754 rum
2292 1714 2529 1753 suorum
2578 1698 2722 1763 Quia
2748 1702 2805 1756 et
2830 1717 2931 1771 per
2961 1699 3090 1758 illos
3123 1703 3354 1760 nonnisi
3375 1708 3528 1764 Deus
3560 1709 3857 1781 perhibuit

2137 1788 2535 1844 testimonium
2567 1788 2711 1845 Filio
2742 1805 2866 1846 suo.
2898 1789 3009 1845 Sed
3046 1790 3315 1863 perhibet
3347 1793 3460 1852 alio
3494 1799 3663 1857 modo
3699 1801 3852 1857 Deus

2137 1879 2540 1935 testimonium
2565 1878 2705 1935 Filio
2720 1895 2851 1935 suo:
2880 1897 2980 1951 per
3002 1881 3196 1953 ipsum
3214 1883 3421 1942 Filium
3441 1903 3611 1945 suum
3634 1890 3853 1947 indicat

2137 1969 2287 2025 Deus
2317 1968 2553 2040 Filium,
2584 1968 2801 2025 indicat
2831 1987 2893 2027 se
2924 1986 3026 2043 per
3070 1971 3303 2032 Filium.
3343 1975 3431 2032 Ad
3468 1976 3624 2036 hunc
3650 1981 3702 2037 si
3741 1998 3851 2053 po-

2137 2062 2309 2117 tuerit
2333 2061 2504 2118 homo
2538 2062 2857 2133 pervenire,
2894 2080 2997 2120 nec
3025 2064 3281 2122 lucernis
3306 2067 3611 2142 indigebit,
3643 2079 3847 2132 slvere

2135 2152 2406 2209 fodiendo
2436 2151 2955 2219 altius,asdiflcium
2988 2155 3261 2225 perducet
3282 2158 3353 2213 ad
3380 2163 3628 2231 petram.

2204 2242 2257 2298 5.
2309 2241 2516 2298 Facilis
2556 2246 2645 2298 est
2690 2258 2847 2315 ergo,
2881 2243 3107 2313 fratres,
3154 2245 3435 2305 hodierno
3466 2248 3633 2309 lectio
3671 2268 3686 2308 :
3738 2257 3845 2313 sed

2132 2334 2369 2405 propter
2412 2332 2751 2387 hesternum
2802 2332 3064 2390 debitum
3096 2334 3241 2408 (scio
3282 2336 3437 2395 enim
3483 2340 3621 2412 quid
3653 2342 3847 2401 dictu.

2130 2422 2321 2491 lerim,
2346 2438 2460 2477 non
2484 2422 3496 2499 abstulerim,etDominusdignatus
3516 2435 3603 2487 est
3621 2430 3849 2492 donare

2132 2510 2307 2567 etiam
2334 2509 2506 2567 hodie
2528 2509 2770 2582 loquiad
2804 2514 2951 2581 vos),
2977 2513 3525 2591 recordaminijquid
3548 2535 3850 2593 reposcere

2128 2600 2408 2669 debeatis,
2441 2599 2487 2655 si
2520 2600 2663 2657 forte
2693 2600 2888 2674 aliquo
2927 2603 3099 2660 modo
3132 2610 3355 2663 servata
3371 2607 3582 2678 pietate
3603 2620 3658 2667 et
3685 2611 3851 2668 salu-

2126 2690 2213 2746 bri
2248 2688 2598 2756 humilitate,
2622 2690 2999 2748 extendamus
3034 2708 3139 2749 nos
3171 2710 3286 2752 non
3319 2696 3597 2755 adversus
3632 2699 3846 2771 Deum,

2132 2782 2226 2837 sed
2261 2780 2331 2837 ad
2364 2780 2545 2837 Deum
2572 2798 2586 2848 ;
2619 2784 2677 2837 et
2711 2781 2967 2839 levemus
2999 2784 3069 2839 ad
3101 2800 3237 2840 eum
3268 2786 3526 2845 animam
3561 2795 3849 2863 nostram,

2127 2870 2491 2927 attendentes
2524 2885 2651 2926 eam
2686 2887 2859 2944 super
2890 2889 3018 2944 nos,
3044 2872 3200 2931 sicut
3231 2874 3327 2933 ille
3356 2876 3417 2933 in
3450 2862 3713 2949 Psalmo,
3746 2882 3846 2937 cui

2122 2962 2445 3031 dicebatur,
2472 2962 2570 3018 Ubi
2598 2966 2675 3018 est
2706 2962 2845 3017 Deus
2876 2967 3001 3019 tuus
3025 2964 3054 3019 7
3090 2966 3245 3031 Haec,
3295 2966 3503 3039 inquit,
3535 2968 3835 3026 meditatus

2118 3069 2257 3118 sum,
2279 3060 2330 3107 et
2350 3052 2702 3125 eﬂ'udisuper
2720 3067 2805 3107 me
2825 3054 3071 3109 animam
3097 3069 3276 3110 meam
3297 3056 3468 3125 (Psal.
3494 3075 3608 3126 ιιι,
3633 3059 3665 3114 4
3686 3067 3739 3116 et
3761 3061 3843 3129 5).

2121 3143 2400 3198 Levemus
2431 3157 2566 3214 ergo
2602 3141 2856 3198 animam
2888 3142 2958 3197 ad
2998 3142 3204 3211 Deum,
3236 3162 3350 3202 non
3374 3150 3578 3204 contra
3608 3148 3797 3205 Deum
3826 3168 3841 3219 ;

2122 3231 2257 3302 quia
2287 3239 2340 3287 et
2372 3231 2478 3287 hoc
2510 3231 2727 3287 dictum
2761 3238 2866 3298 est,
2890 3232 2968 3287 Ad
2999 3241 3069 3300 te,
3104 3233 3350 3305 Domine,
3380 3235 3558 3293 levavi
3585 3241 3841 3301 animam

2121 3337 2301 3377 meam
2334 3320 2509 3393 (Psal.
2530 3336 2680 3387 XXIV,
2708 3322 2781 3391 t).
2805 3321 2871 3375 Et
2891 3319 3149 3379 levemus
3170 3323 3481 3396 adjuvante
3506 3327 3635 3400 ipso
3659 3344 3676 3397 ;
3698 3345 3834 3386 nam

2121 3411 2312 3485 gravis
2334 3416 2438 3466 est.
2472 3409 2633 3467 Unde
2662 3414 2853 3467 autem
2884 3412 3073 3484 gravis
3095 3418 3184 3470 est
3211 3412 3239 3470 ἳ
3261 3416 3407 3481 Quia
3437 3433 3647 3489 corpus
3677 3421 3837 3493 quod

2123 3500 2534 3573 corrumpitur,
2570 3506 2842 3574 aggravet
2872 3501 3153 3572 animam,
3203 3507 3259 3561 et
3291 3505 3566 3577 deprimit
3606 3516 3841 3569 terrena

2121 3590 2465 3647 inhabitatio
2496 3606 2737 3647 sensum
2778 3592 2966 3648 multa
3014 3595 3362 3666 cogitantem
3419 3597 3564 3671 (Sap.
3598 3616 3676 3668 ιι,
3723 3604 3837 3673 15).

2124 3683 2205 3739 Ne
2246 3682 2388 3737 forte
2421 3698 2556 3753 ergo
2616 3682 2913 3752 possimus
2960 3699 3204 3739 sensum
3252 3692 3518 3744 nostrum
3567 3706 3602 3745 a
3632 3692 3841 3749 multis

2125 3768 2391 3851 colligere
2423 3770 2493 3824 ad
2538 3786 2743 3834 unum,
2777 3773 2832 3824 et
2861 3769 3125 3825 evulsum
3174 3788 3206 3827 a
3238 3772 3437 3830 multis
3478 3775 3733 3834 relevare
3764 3781 3838 3836 ad

2125 3869 2307 3916 unum
2342 3860 2517 3932 (quod
2553 3860 2788 3931 quidem
2822 3878 2935 3916 non
2970 3861 3318 3934 poterimus,
3343 3870 3406 3921 ut
3436 3867 3578 3938 dixi,
3606 3868 3720 3926 nisi
3742 3872 3839 3927 ad-

2116 3952 2283 4021 juvet
2336 3950 2430 4005 ille
2488 3950 2589 4023 qui
2649 3950 2719 4007 ad
2792 3950 2915 4006 vult
2967 3951 3145 4009 levari
3183 3954 3413 4012 animas
3462 3959 3736 4033 nostras),
3781 3968 3843 4019 et

2125 4043 2529 4113 contingamus
2561 4056 2628 4097 ex
2659 4042 2848 4113 aliqua
2880 4047 3061 4115 parte,
3108 4047 3402 4117 quomodo
3451 4048 3702 4107 Verbum
3733 4051 3837 4109 Dei

2127 4132 2335 4188 unicus
2366 4132 2547 4202 Patri,
2581 4137 2899 4191 coaeternus
2928 4140 2984 4190 et
3027 4135 3270 4207 aequalis
3301 4138 3475 4204 Patri,
3508 4156 3622 4197 non
3658 4141 3840 4199 faciat

2125 4221 2235 4276 nisi
2259 4224 2411 4293 quod
2437 4221 2641 4278 viderit
2662 4222 2890 4279 Patrem
2918 4224 3250 4293 facientem,
3279 4242 3414 4283 cum
3446 4232 3641 4285 tamen
3664 4230 3842 4290 Pater

2124 4311 2248 4383 ipse
2306 4328 2420 4367 non
2473 4311 2645 4367 faciat
2705 4312 2925 4383 aliquid
2985 4314 3099 4370 nisi
3144 4331 3245 4387 per
3275 4315 3484 4374 Filium
3514 4318 3838 4378 videntem.

2124 4401 2363 4456 Videtur
2409 4401 2551 4456 mihi
2596 4402 2865 4474 quoniam
2916 4403 3203 4461 Dominus
3242 4406 3417 4463 Jesus
3466 4409 3524 4465 in
3568 4408 3677 4468 hoc
3708 4409 3842 4470 loco

2126 4507 2405 4562 magnum
2431 4492 2709 4563 quiddam
2734 4492 3032 4551 insinuare
3054 4494 3254 4553 volens
3278 4495 3543 4566 intentis,
3571 4504 3629 4557 et
3648 4499 3848 4559 infun-

2123 4583 2259 4639 dere
2287 4581 2618 4654 capacibus,
2649 4582 2953 4656 incopaces
2977 4590 3172 4642 autem
3192 4586 3447 4646 excitare
3464 4591 3535 4646 ad
3550 4592 3844 4662 studium,

2124 4674 2189 4726 ut
2219 4672 2479 4727 nondum
2510 4671 2897 4745 intelligenles
2928 4674 3072 4731 bene
3114 4675 3359 4736 vivendo
3399 4695 3638 4753 capaces
3670 4681 3846 4749 ﬁant,

2122 4760 2441 4818 insinuavit
2464 4762 2631 4820 nobis
2663 4763 2921 4821 animam
2945 4764 3266 4825 humanam
3290 4774 3347 4827 et
3377 4774 3633 4829 mentem
3667 4775 3847 4833 ratio-

2122 4854 2335 4917 nalcm,
2369 4872 2495 4927 qua:
2528 4855 3075 4928 inesthomini,non
3108 4859 3261 4917 inest
3292 4842 3501 4933 pecori,
3535 4880 3653 4921 non
3674 4881 3844 4937 vege-

2121 4946 2249 5015 tari,
2306 4963 2421 5002 non
2474 4946 2809 5017 beatiﬁcari,
2856 4965 2970 5004 non
3029 4948 3373 5022 illuminari,
3428 4952 3542 5011 nisi
3587 4954 3660 5012 ab
3707 4956 3843 5029 ipsa

2119 5036 2452 5094 substantia
2485 5037 2579 5093 Dei
2607 5053 2621 5093 :
2675 5054 2922 5112 eamque
2952 5041 3210 5098 animam
3241 5042 3430 5101 facere
3462 5044 3685 5117 aliquid
3728 5064 3843 5119 per

2117 5144 2329 5198 corpus
2352 5132 2407 5183 et
2425 5128 2495 5183 de
2518 5143 2777 5199 corpore,
2801 5133 2974 5202 atque
2997 5130 3210 5189 habere
3230 5132 3566 5205 subjectum
3590 5151 3834 5208 corpus,

2115 5222 2172 5273 et
2205 5234 2305 5291 per
2352 5218 2673 5289 corporalia
2722 5218 2963 5277 mulceri
3015 5237 3181 5293 posse
3211 5236 3433 5281 sensus.
3452 5226 3711 5296 corporis
3741 5228 3836 5287 vel

2116 5307 2351 5376 offendi,
2400 5311 2456 5364 et
2506 5311 2737 5379 propter
2776 5307 2907 5379 hoc,
2949 5309 3004 5365 id
3063 5316 3152 5367 est
3190 5316 3424 5385 propter
3465 5317 3831 5375 consortium

2115 5398 2403 5470 quoddam
2438 5396 2651 5454 animas
2679 5404 2730 5454 et
2762 5399 3020 5468 corporis
3068 5399 3127 5456 in
3160 5400 3267 5460 hac
3314 5401 3433 5459 vita
3465 5407 3640 5476 atque
3668 5421 3835 5464 com-

2115 5488 2311 5559 plexu,
2335 5488 2606 5545 delectari
2633 5488 3119 5559 animamlenitis,
3146 5491 3837 5557 velcontristsrioﬂ‘ensis

2117 5577 2376 5649 corporis
2405 5578 2681 5635 sensibus
2713 5596 2726 5647 ;
2783 5578 3196 5636 beatitudinem
3233 5586 3429 5639 tamen
3458 5584 3586 5657 ejus
3617 5602 3737 5658 qua
3770 5590 3841 5647 lit

2121 5666 2281 5723 beata
2314 5668 2442 5740 ipsa
2474 5669 2688 5735 anima,
2724 5687 2838 5726 non
2875 5670 2996 5726 ﬁeri
3047 5672 3160 5728 nisi
3194 5674 3635 5745 participatione
3666 5678 3873 5738 illiust
