4146 6186
313 286 344 345 1
357 282 459 342 586

291 423 414 476 vitae
446 429 690 488 semper
721 412 883 479 vivas,
929 405 1453 472 incommutabilis,
1510 413 1846 479 aeternaeque
1891 408 2026 462 sub-

292 510 551 571 stantiae,
587 521 722 577 quae
754 507 902 558 Deus
933 504 1018 556 est
1051 515 1066 554 :
1093 506 1156 552 ut
1179 497 1470 568 quomodo
1503 497 1697 553 anima
1727 511 1850 568 qum
1882 496 2027 551 infe-

295 602 416 657 rior
445 599 565 654 Deo
589 599 703 664 est,
730 593 791 649 id
821 591 976 663 quod
1004 589 1131 660 ipsa
1153 588 1394 642 inferius
1423 592 1526 655 est,
1552 587 1656 642 hoc
1687 595 1771 641 est
1796 602 2028 657 corpus,

293 689 434 747 facit
485 687 715 752 vivere;
760 683 844 738 sic
884 679 1146 736 eamdem
1189 681 1444 732 animam
1497 691 1610 730 non
1671 675 1839 729 faciat
1867 676 2032 730 beate

293 778 514 844 vivere,
553 773 667 830 nisi
724 770 878 843 quod
921 770 1048 841 ipsa
1092 767 1289 822 anima
1320 769 1407 820 est
1438 764 1727 835 superius.
1762 764 2033 834 Superior

293 867 464 925 enim
517 864 720 920 anima
761 875 935 932 quam
975 872 1207 928 corpus,
1243 860 1298 912 et
1347 854 1610 925 superior
1640 869 1817 924 quam
1841 854 2034 908 anima

295 957 483 1014 Deus.
519 953 762 1009 Praestat
795 947 1020 1019 aliquid
1053 945 1341 1009 inferiori,
1370 947 1678 1016 praestatur
1708 941 1791 997 illi
1819 959 2035 1013 asupe-

292 1046 482 1102 riore.
544 1041 772 1098 Serviat
827 1037 1071 1093 Domino
1130 1051 1256 1102 suo,
1284 1049 1353 1089 ne
1411 1031 2036 1089 conculceturaservo

287 1152 428 1191 suo.
469 1133 603 1188 Haec
636 1135 745 1197 est,
776 1129 984 1184 fratres
1010 1123 1359 1194 mei,religio
1391 1121 1724 1192 christiana,
1745 1137 1870 1191 qua:
1896 1137 2036 1192 prae-

292 1226 543 1280 dicatur
574 1236 678 1294 per
710 1224 897 1274 totum
934 1216 1245 1283 mundum,
1275 1211 1644 1268 horrentibus
1667 1211 1918 1266 inimicis
1945 1228 1959 1278 ;
1983 1215 2039 1265 et

294 1335 330 1372 u
347 1313 408 1370 bi
425 1313 769 1377 vincuntur,
788 1304 1300 1363 murmurantibus
1320 1321 1332 1370 ;
1354 1303 1449 1358 ubi
1466 1301 2040 1373 pravalent,saevien-

291 1406 496 1461 tibus.
560 1401 694 1456 Hec
753 1403 862 1463 est,
896 1395 1099 1468 religio
1159 1393 1502 1458 christiana.
1535 1399 1594 1448 ut
1633 1391 1856 1448 colatur
1887 1407 2039 1446 unus

293 1495 491 1560 Deus,
528 1507 646 1547 non
681 1487 849 1544 multi
881 1487 996 1554 dli;
1034 1484 1169 1556 quia
1201 1500 1313 1538 non
1347 1482 1485 1538 facit
1525 1482 1779 1537 animam
1815 1481 2039 1536 beatam

294 1583 428 1642 nisi
465 1597 623 1638 unus
654 1580 827 1635 Deus.
862 1574 1308 1646 Participatione
1335 1573 1430 1628 Dei
1470 1573 1533 1626 lit
1565 1571 1877 1627 beata.Non
1909 1586 2042 1641 par-

293 1672 663 1743 ticipatione
693 1673 908 1724 sanctae
927 1667 1136 1722 animos
1168 1665 1231 1718 fit
1251 1663 1416 1718 beata
1436 1661 1669 1717 infirma
1693 1661 1905 1727 anima,
1939 1675 2043 1715 uec

295 1761 774 1838 participatione
820 1755 1012 1828 angeli
1054 1755 1119 1810 ﬁt
1159 1754 1324 1809 beata
1363 1757 1566 1808 sancta
1595 1751 1827 1806 anima:
1858 1750 1958 1804 sed
1991 1753 2038 1807 si

298 1853 531 1928 querit
564 1851 732 1906 beata
757 1863 884 1904 esse
917 1845 1152 1901 infirma
1181 1844 1397 1909 anima,
1430 1847 1652 1913 quaerat
1693 1841 1842 1894 unde
1876 1840 2046 1896 beata

293 1943 383 2000 sit
419 1946 631 1998 sancta
661 1937 874 1994 anima.
907 1935 1032 1992 Non
1062 1933 1217 1990 enim
1244 1933 1449 1988 beatus
1472 1928 1718 1986 afficeris
1749 1945 1817 1985 ex
1842 1928 2045 2001 angelo

296 2042 419 2100 tu;
462 2029 569 2087 sed
602 2029 759 2085 unde
791 2025 1055 2096 angelus,
1083 2024 1214 2079 inde
1238 2027 1291 2078 et
1325 2027 1404 2094 tu.

379 2123 434 2177 6.
474 2121 581 2176 His
610 2116 927 2191 praemissis
960 2119 1134 2186 atque
1167 2112 1499 2167 firmissime
1531 2109 1883 2177 constitutis,
1918 2108 2044 2164 ani-

299 2227 490 2272 mam
520 2206 872 2265 rationalem
928 2221 1042 2260 non
1095 2201 1411 2259 beatificari
1445 2200 1558 2254 nisi
1601 2217 1632 2254 a
1665 2199 1800 2266 Deo,
1836 2213 2045 2268 corpus

292 2321 430 2364 non
466 2300 720 2376 vegetari
752 2298 866 2352 nisi
899 2313 998 2366 per
1037 2295 1316 2357 animam,
1352 2295 1527 2362 atque
1559 2305 1684 2345 esse
1729 2287 2046 2360 quamdam

298 2394 697 2454 medietatem
732 2390 881 2445 inter
903 2386 1086 2443 Deum
1111 2388 1167 2440 et
1196 2399 1425 2454 corpus,
1452 2381 1739 2446 animam;
1766 2379 2046 2433 intendite

300 2492 374 2544 et
406 2482 650 2540 recolite
684 2492 1069 2546 mecum,non
1087 2471 1538 2539 hodiernam,de
1564 2486 1679 2542 qua
1701 2467 2047 2524 sufficienter

303 2575 503 2634 locuti
563 2585 796 2635 sumus,
830 2568 931 2624 sed
972 2566 1305 2622 hesternam
1352 2561 1678 2630 lectionem,
1712 2575 1884 2629 quam
1917 2572 2047 2612 ecce

298 2670 443 2739 jam
480 2663 679 2718 triduo
709 2673 1009 2716 versamus
1041 2659 1216 2728 atque
1254 2656 1594 2720 tractamus,
1615 2653 1670 2705 et
1695 2666 1793 2719 pro
1823 2647 2047 2704 viribus

305 2756 611 2819 fodimus,
669 2751 853 2806 donec
919 2747 991 2803 ad
1070 2749 1291 2816 petram
1324 2743 1744 2814 perveniamus.
1791 2739 2045 2793 Verbum

302 2846 624 2911 Christus,
667 2839 920 2896 Verbum
952 2835 1053 2892 Dei
1076 2833 1341 2890 Christus
1373 2833 1523 2904 apud
1554 2833 1759 2898 Deum,
1792 2827 2046 2884 Verbum

300 2936 594 2994 Christus
617 2935 676 2986 et
696 2931 846 2986 Deus
870 2927 1145 2994 Verbum,
1168 2924 1437 2980 Christus
1457 2929 1511 2978 et
1540 2923 1693 2977 Deus
1717 2925 1772 2974 et
1796 2918 2043 2974 Verbum

301 3043 478 3086 unus
525 3031 698 3080 Deus.
743 3018 890 3076 Illuc
924 3033 1117 3090 perge,
1145 3016 1362 3082 anima,
1416 3010 1766 3083 contemptis
1797 3011 2046 3076 caeteris,

299 3117 403 3176 vel
435 3115 622 3173 etiam
675 3106 1229 3176 transcensis;illuc
1260 3120 1455 3177 perge.
1514 3102 1669 3159 Nihil
1729 3099 2029 3172 potentius

296 3213 426 3268 ista
461 3207 756 3271 creatura,
807 3215 931 3271 quas
971 3213 1132 3253 mens
1165 3195 1380 3251 dicitur
1407 3191 1728 3260 rationalis,
1764 3188 1909 3244 nihil
1937 3189 2045 3243 hac

301 3301 594 3358 creatura
625 3289 940 3348 sublimius
975 3303 988 3344 :
1023 3285 1312 3358 quidquid
1365 3300 1546 3354 supra
1594 3281 1764 3336 istam
1783 3282 1892 3347 est,
1919 3279 2042 3348 jam

297 3391 560 3446 Creator
620 3386 729 3440 est.
765 3379 1041 3435 Dicebam
1084 3381 1278 3433 autem
1313 3373 1449 3444 quia
1473 3371 1723 3428 Verbum
1747 3369 2042 3438 Christus,

303 3483 368 3534 et
397 3472 670 3528 Verbum
725 3466 826 3525 Dei
877 3464 1156 3532 Christus,
1189 3467 1245 3518 et
1274 3461 1425 3517 Deus
1457 3457 1709 3514 Verbum
1731 3456 2037 3527 Christus;

306 3567 414 3625 sed
453 3579 573 3618 non
608 3563 842 3616 tantum
873 3554 1127 3610 Verbum
1161 3552 1443 3617 Christus,
1481 3547 1621 3621 quia
1649 3548 1885 3604 Verbum
1915 3559 2043 3600 caro

307 3661 536 3730 factum
568 3655 674 3719 est,
704 3657 757 3706 et
797 3645 1072 3703 habitavit
1105 3647 1162 3700 in
1191 3643 1340 3699 nobis
1383 3643 1558 3714 (Joan.
1593 3657 1634 3707 ι,
1669 3639 1794 3710 lli):
1828 3639 2047 3730 ergo‘et

313 3723 588 3804 Verbum
648 3745 708 3797 et
759 3755 889 3796 caro
951 3736 1238 3792 Christus.
1273 3734 1415 3788 Cum
1456 3732 1610 3788 enim
1657 3731 1714 3784 in
1745 3731 1918 3798 [orma
1948 3723 2046 3782 Dei

314 3839 479 3904 esset,
521 3848 636 3890 non
685 3827 944 3902 rapinam
982 3826 1289 3882 arbitratus
1320 3831 1395 3879 est
1423 3837 1534 3878 esse
1563 3816 1801 3892 aequali:
1831 3817 1954 3872 Deo.
1978 3816 2048 3871 Et

316 3923 469 4000 quid
501 3920 687 3979 nosin
717 3919 858 3984 imo,
893 3916 993 3988 qui
1018 3931 1130 3971 non
1158 3920 1490 3986 poteramus
1518 3907 1734 3965 infirmi
1769 3911 1858 3963 est
1881 3904 2047 3961 humi

317 3996 600 4088 repentes
632 4007 918 4080 attingere
966 4010 1167 4071 Deum,
1201 4001 1487 4074 numquid
1521 3996 1886 4069 relinquendi
1915 4009 2046 4088 era-

317 4086 456 4162 mus
481 4103 510 4156 ?
537 4097 728 4157 Absit.
753 4096 1113 4165 Semetipsum
1143 4093 1454 4150 exinanivit
1482 4093 1722 4162 formam
1751 4089 1890 4145 servi
1909 4086 2048 4144 acci-

312 4199 480 4268 piens
511 4190 784 4261 (Philipp.
819 4185 1032 4258 11,6,7).
1058 4184 1188 4240 Non
1210 4199 1342 4255 ergo
1368 4185 1610 4239 formam
1633 4181 1732 4236 Dei
1752 4179 2044 4268 amittens.

319 4265 533 4340 Factus
566 4282 655 4334 est
687 4291 823 4348 ergo
855 4274 1030 4330 homo
1062 4272 1161 4345 qui
1181 4271 1498 4339 eratDeus,
1531 4268 1865 4340 accipiendo
1888 4265 2044 4337 quod

317 4392 436 4432 non
462 4374 611 4437 erat,
649 4382 766 4424 non
791 4364 1113 4422 amittendo
1138 4362 1287 4434 quod
1303 4364 1425 4417 erat
1455 4356 2045 4415 :itafactusesthomo

316 4471 498 4522 Deus.
533 4460 622 4516 Ibi
653 4457 834 4513 habes
862 4453 1080 4526 aliquid
1099 4448 2046 4526 propterinfirmitatemtuam,ibi

317 4548 682 4614 habesaliud
709 4550 946 4620 propter
960 4543 1370 4618 perfectionem
1389 4548 1569 4598 tuam.
1600 4541 1793 4610 Erigat
1813 4545 1867 4595 te
1890 4539 2050 4594 Chri-

321 4654 454 4704 stus
479 4659 585 4715 per
615 4640 672 4696 id
697 4637 855 4711 quod
895 4635 1067 4693 homo
1097 4638 1205 4702 est,
1240 4633 1411 4689 ducat
1436 4640 1488 4688 te
1513 4648 1614 4703 per
1639 4631 1696 4686 id
1721 4632 1870 4703 quod
1895 4629 2046 4686 Deus

323 4738 505 4794 homo
529 4737 641 4802 est,
658 4729 933 4802 perducat
954 4729 1009 4782 te
1039 4725 1107 4782 ad
1131 4724 1189 4780 id
1214 4725 1364 4796 quod
1386 4723 1540 4779 Deus
1562 4724 1744 4778 est.Et
1763 4724 1880 4777 tota
1897 4735 2045 4793 prae-

325 4825 546 4884 dicatio
568 4816 1044 4894 dispensatioque
1065 4830 1164 4887 per
1185 4814 1480 4871 Christum
1518 4812 1639 4868 hac
1674 4815 1782 4882 est,
1816 4811 2045 4880 fratres,

327 4923 383 4974 et
415 4915 532 4972 alia
563 4927 679 4968 non
712 4913 822 4974 est,
847 4911 912 4963 ut
942 4908 1248 4978 resurgant
1273 4904 1502 4970 animae,
1522 4904 1831 4973 resurgant
1848 4903 1906 4955 et
1932 4915 2048 4954 cor-

324 5023 490 5082 pora.
547 5003 878 5071 Utrumque
935 4999 1151 5070 quippe
1181 5003 1478 5052 mortuum
1511 5002 1658 5059 erat;
1703 5007 1920 5064 corpus
1978 5006 2047 5046 ex

321 5088 905 5162 infirmitate,anima
926 5104 994 5145 ex
1023 5087 1347 5159 iniquitate.
1379 5087 1523 5152 Quia
1549 5090 1861 5153 utrumque
1895 5098 2045 5138 mor-

321 5195 494 5245 tuum
511 5186 659 5248 erat,
675 5183 942 5253 resurgat
961 5183 1291 5250 utrumque.
1312 5177 1456 5243 Quid
1476 5171 2047 5244 utrumque?Anima

321 5287 378 5337 et
407 5290 649 5347 corpus.
691 5271 799 5328 Per
820 5271 957 5342 quid
980 5286 1115 5342 ergo
1140 5269 1354 5334 anima,
1383 5265 1495 5322 nisi
1540 5282 1640 5337 per
1671 5265 1854 5319 Deum
1882 5261 2044 5347 Chri:

321 5344 530 5426 stum‘f
565 5368 674 5418 Per
704 5359 842 5433 quid
875 5376 1104 5430 corpus,
1139 5359 1251 5415 nisi
1288 5375 1387 5431 per
1425 5355 1716 5412 hominem
1743 5344 2048 5408 Christus?

320 5462 462 5516 Erat
486 5453 644 5512 enim
673 5455 727 5507 et
758 5450 818 5506 in
852 5449 1077 5508 Christo
1106 5451 1302 5505 anima
1346 5447 1624 5514 humana,
1651 5448 1767 5526 tota
1799 5441 1997 5499 anima
2030 5461 2044 5500 :

329 5565 449 5606 non
495 5540 838 5601 irrationale
893 5545 1118 5598 tantum
1160 5541 1390 5605 animai,
1439 5537 1538 5595 sed
1571 5535 1746 5593 etiam
1771 5530 2047 5591 rationale

323 5638 476 5716 quod
502 5649 670 5692 mens
692 5631 922 5688 dicitur.
958 5631 1216 5689 Fuerunt
1245 5629 1395 5687 enim
1425 5628 1661 5701 quidam
1696 5622 2046 5690 haeretici,et

1533 268 1998 328 TRAC'I‘A'I‘US
2043 269 2256 329 XXIII.
2305 268 2562 328 CAPUT
2610 269 2682 327 V.

3681 272 3833 328 13386

2139 406 2285 479 pulsi
2317 413 2457 462 sunt
2485 406 2554 461 ab
2588 404 2859 471 Ecclesia,
2893 405 2988 476 qui
3022 410 3292 477 putarent
3316 424 3427 461 non
3460 407 3670 462 habere
3695 423 3849 463 men-

2140 501 2257 552 tem
2326 496 2670 551 rationalem
2722 510 2932 564 corpus
2981 494 3213 563 Christi,
3255 497 3352 551 sed
3396 496 3566 566 quasi
3597 496 3848 552 animam

2143 586 2455 642 belluinam
2489 587 2564 658 (a)
2592 604 2604 641 :
2637 590 2877 657 excepta
2917 585 3132 658 quippe
3185 587 3447 644 rationali
3491 591 3705 658 mente,
3736 588 3852 643 vita

2146 677 2399 732 belluina
2430 683 2535 732 est.
2563 677 2676 732 Sed
2702 676 2837 747 quia
2861 675 3083 748 expulsi
3108 682 3267 744 sunt,
3290 682 3342 732 et
3364 677 3604 733 veritate
3625 677 3852 748 expulsi

2144 772 2314 834 sunt;
2350 766 2750 836 accipetotum
2775 764 3089 831 Christum,
3110 765 3386 831 Verbum,
3404 772 3657 822 mentem
3683 767 3855 821 ratio-

2146 854 2357 923 nalem,
2390 859 2447 911 et
2469 871 2730 911 carnem.
2764 855 2881 911 Hoc
2913 858 3097 910 totum
3122 854 3382 911 Christus
3412 860 3518 912 est.
3570 857 3855 926 Resurgat

2146 945 2342 1000 anima
2364 949 2458 1000 tua
2481 945 2550 1000 ab
2585 944 2882 1016 iniquitate
2903 961 3001 1016 per
3023 944 3080 1000 id
3113 946 3264 1016 quod
3285 948 3436 1003 Deus
3454 950 3560 1016 est,
3593 951 3858 1016 resurgat

2147 1049 2352 1103 corpus
2413 1039 2579 1089 tuum
2631 1051 2663 1089 a
2721 1035 3090 1104 corruptione
3129 1051 3230 1106 per
3275 1036 3329 1090 id
3364 1037 3517 1106 quod
3542 1035 3717 1092 homo
3741 1040 3852 1090 est.

2148 1124 2413 1191 Proinde,
2439 1124 2788 1190 charissimi,
2823 1126 3018 1182 audite
3053 1142 3322 1195 magnam
3365 1126 3625 1182 lectionis
3656 1126 3856 1195 hujus,

2149 1217 2435 1282 quantum
2457 1213 2598 1268 mihi
2616 1215 2859 1280 videtur,
2887 1216 3365 1286 profunditatem,-
3383 1217 3634 1272 etvidete
3656 1231 3858 1287 quem-

2150 1303 2462 1358 admodum
2500 1302 2778 1373 loquatur
2830 1303 2920 1358 hic
2964 1304 3252 1372 Christus,
3296 1305 3439 1360 nihil
3488 1304 3644 1360 aliud
3678 1321 3856 1376 quam

2150 1407 2323 1462 quare
2354 1393 2573 1447 venerit
2594 1392 2882 1462 Christus,
2907 1397 2971 1448 ut
2999 1400 3303 1465 resurgant
3325 1396 3531 1450 anima:
3557 1397 3626 1450 ab
3646 1395 3859 1466 iniqui-

2151 1484 2286 1548 tate,
2313 1487 2611 1549 resurgant
2641 1498 2880 1552 corpora
2902 1500 2934 1538 a
2956 1484 3342 1555 corruptione.
3365 1485 3494 1539 Jam
3519 1484 3859 1540 dixianimae

2153 1587 2253 1641 per
2283 1571 2420 1641 quid
2457 1577 2777 1641 resurgant,
2813 1589 2913 1644 per
2947 1575 3132 1645 ipsam
3167 1575 3557 1629 substantiam
3581 1575 3680 1629 Dei
3706 1593 3719 1641 ;
3742 1589 3864 1630 cor-

2153 1677 2290 1731 pora
2351 1676 2450 1731 per
2479 1661 2614 1730 quid
2649 1668 2970 1733 resurgant,
3006 1680 3104 1733 per
3145 1664 3638 1736 dispensationem
3663 1664 3865 1719 huma-

2155 1768 2286 1806 nam
2319 1749 2549 1804 Domini
2586 1751 2763 1806 nostri
2796 1751 2928 1807 Jesu
2961 1753 3194 1809 Christi.

2223 1839 2277 1892 7.
2312 1839 2497 1908 Amen,
2531 1856 2690 1896 amen
2719 1842 2834 1896 dico
2881 1842 3051 1910 vobis,
3082 1858 3193 1898 non
3221 1845 3392 1915 potest
3421 1861 3453 1898 a
3480 1859 3535 1899 se
3565 1843 3743 1900 Filius
3771 1850 3862 1914 fa-

2154 1945 2271 1986 cere
2299 1928 2622 2001 quidquam,
2654 1933 2765 1986 nisi
2803 1932 2944 2002 quod
2992 1933 3196 1988 viderit
3243 1935 3462 1989 Patrem
3511 1935 3864 2004 facientem:

2155 2037 2508 2093 quacumque
2522 2021 2668 2076 enim
2688 2021 2782 2077 ille
2795 2023 3008 2092 fecerit,
3029 2023 3148 2080 haec
3168 2030 3218 2079 et
3240 2024 3412 2079 Filius
3424 2025 3684 2080 similiter
3701 2023 3863 2094 facit.

2156 2111 2394 2180 Caelum,
2462 2115 2692 2175 terram,
2726 2128 3055 2182 mare,qum
3107 2113 3165 2167 in
3218 2113 3382 2181 cmlo,
3418 2131 3542 2185 quze
3590 2114 3864 2183 interris,

2157 2217 2284 2270 quas
2315 2200 2376 2254 in
2410 2202 2573 2267 mari,
2616 2201 2888 2270 visibilis,
2924 2201 3259 2269 invisibilia,
3292 2204 3564 2258 animalia
3599 2205 3654 2258 in
3690 2209 3864 2269 terra,

2158 2289 2370 2346 fruteta
2400 2291 2460 2344 in
2491 2290 2670 2361 agris,
2695 2291 2958 2346 natantia
2979 2292 3035 2346 in
3072 2292 3260 2362 aquis,
3286 2292 3344 2346 in
3369 2294 3784 2361 aerevolantia,
3807 2293 3866 2347 in

2159 2381 2298 2436 cmlo
2329 2381 2625 2452 lucentia;
2659 2387 2864 2454 praeter
2895 2382 3244 2453 haecomnia,
3279 2383 3547 2454 Angelos,
3583 2382 3865 2451 Virtutes,

2160 2471 2354 2539 Sedes,
2393 2472 3248 2543 Dominationes,Principatus,
3285 2473 3593 2528 Potestates
3627 2489 3640 2528 :
3675 2475 3869 2528 omnia

2157 2577 2256 2632 per
2305 2563 2483 2632 ipsum
2509 2563 2660 2630 facta
2713 2566 2838 2616 sunt
2888 2563 3069 2632 (Joan.
3125 2579 3163 2626 ι,
3221 2563 3298 2634 3).
3359 2562 3654 2631 Numquid
3713 2563 3868 2618 Deus

2157 2651 2352 2707 omnia
2384 2651 2506 2707 haec
2531 2651 2679 2718 fecit,
2706 2656 2762 2706 et
2793 2651 3217 2707 demonstravit
3246 2667 3311 2707 ea
3344 2653 3496 2707 facta
3529 2651 3692 2720 Filio,
3719 2655 3782 2706 ut
3812 2655 3871 2706 et

2157 2740 2279 2810 ipse
2309 2741 2519 2797 faceret
2548 2740 2790 2796 alterum
2826 2742 3114 2796 mundum
3149 2741 3241 2796 his
3273 2741 3542 2797 omnibus
3575 2740 3810 2812 plenum
3835 2739 3862 2794 ἓ

2155 2829 2280 2886 Non
2314 2830 2536 2901 utique.
2571 2831 2682 2886 Sed
2705 2830 2890 2901 quid?
2925 2832 3290 2903 Quaecumque
3319 2831 3467 2887 enim
3494 2829 3597 2886 ille
3643 2831 3861 2898 fecerit,

2157 2920 2292 2987 haec,
2327 2937 2439 2976 non
2474 2920 2602 2990 alia,
2639 2923 2735 2976 sed
2769 2921 2880 2976 haec
2910 2929 2963 2977 ct
2987 2923 3180 2988 Filius,
3215 2939 3320 2978 nec
3349 2921 3733 2989 dissimiliter,
3760 2922 3863 2978 sed

2154 3010 2414 3065 similiter
2430 3013 2586 3079 facit.
2623 3013 2786 3066 Pater
2814 3011 2962 3067 enim
3005 3012 3191 3080 diligit
3223 3013 3446 3082 Filium,
3475 3016 3523 3067 et
3549 3012 3734 3068 omnia
3764 3013 3866 3068 de-

2152 3101 2494 3172 mmtrat_ei
2523 3103 2778 3172 quzipse
2815 3103 2969 3171 facit.
3005 3103 3378 3158 Demonstrat
3426 3103 3594 3158 Pater
3625 3102 3768 3158 Filio
3800 3107 3866 3158 ut

2137 3189 2364 3247 .animaa
2385 3192 2763 3260 suscitentur,
2783 3192 2920 3262 quia
2957 3208 3058 3263 per
3081 3192 3303 3248 Patrem
3335 3197 3391 3247 et
3418 3192 3622 3247 Filium
3655 3192 3863 3248 animas

2153 3283 2548 3338 suscitantur:
2583 3298 2686 3338 nec
2719 3287 2962 3352 possunt
3009 3281 3197 3337 vivere
3246 3281 3473 3348 animae,
3509 3281 3620 3336 nisi
3663 3297 3863 3338 earum

2153 3373 2270 3428 vita
2300 3374 2376 3428 sit
2398 3373 2567 3428 Deus.
2593 3374 2650 3428 Si
2675 3388 2811 3444 ergo
2843 3389 2953 3428 non
2982 3375 3228 3443 possunt
3270 3373 3457 3426 vivere
3485 3371 3715 3438 animae,
3750 3372 3866 3426 nisi

2153 3477 2350 3520 earum
2381 3465 2500 3519 vita
2520 3463 2596 3519 sit
2625 3463 2799 3531 Deus,
2834 3461 2985 3518 sicut
3013 3463 3156 3531 ipsae
3203 3465 3338 3516 sunt
3369 3459 3490 3514 vita
3521 3476 3823 3529 corporum
3849 3475 3860 3514 :

2152 3556 2304 3628 quod
2339 3556 2699 3611 demonstrat
2750 3557 2922 3608 Pater
2952 3553 3112 3623 Filio,
3159 3552 3212 3606 id
3255 3556 3344 3606 est
3388 3551 3535 3621 quod
3587 3551 3740 3618 facit,
3768 3567 3866 3621 per

2153 3643 2360 3700 Filium
2393 3643 2550 3700 facit.
2578 3643 2703 3699 Non
2733 3641 2885 3698 enim
2909 3641 3170 3697 faciendo
3203 3641 3561 3695 demonstrat
3583 3637 3743 3706 Filio,
3765 3641 3865 3694 sed

2153 3732 2604 3790 demonstrando
2655 3731 2793 3788 facit
2839 3747 2940 3802 per
2979 3729 3215 3786 Filium.
3271 3728 3439 3784 Videt
3478 3729 3633 3785 enim
3685 3728 3865 3784 Filius

2153 3823 2381 3880 Patrem
2429 3822 2918 3879 demonstrantem
2973 3826 3283 3892 antequam
3317 3819 3535 3891 aliquid
3562 3819 3678 3886 fiat,
3712 3823 3768 3876 et
3798 3835 3864 3874 ex

2153 3917 2648 3974 demonstratione
2697 3915 2882 3971 Patris
2933 3919 2990 3970 et
3032 3914 3255 3970 visione
3296 3913 3421 3968 Filii
3460 3913 3524 3967 fit.
3553 3913 3707 3984 quod
3743 3913 3800 3968 lit
3833 3929 3866 3966 a

2155 4008 2318 4064 Patre
2340 4023 2439 4079 per
2470 4007 2702 4064 Filium.
2734 4006 2827 4062 Sic
2850 4005 3058 4062 animae
3073 4005 3456 4072 suscitantur,
3489 4003 3534 4059 si
3570 4003 3867 4076 potuerint

2152 4098 2346 4155 videre
2377 4098 2547 4154 istam
2577 4097 2822 4154 unitatis
2848 4097 3347 4168 coniunctionem,
3384 4099 3607 4149 Patrem
3635 4095 3867 4148 demon‘

2154 4193 2457 4245 strantem.
2497 4189 2702 4244 Filium
2733 4187 3047 4252 videntem,
3087 4190 3142 4241 et
3175 4203 3276 4257 per
3305 4185 3488 4240 Patris
3508 4183 3868 4238 demonstra-

2155 4281 2374 4337 tionem
2406 4285 2462 4335 et
2486 4279 2614 4334 Filii
2635 4278 2914 4332 visionem
2934 4277 3052 4331 fieri
3079 4282 3403 4331 creaturam
3439 4277 3635 4341 :atque
3657 4271 3710 4324 id
3741 4270 3865 4325 fieri

2156 4386 2256 4441 per
2285 4371 2472 4426 Patris
2522 4369 3078 4424 demonstrationem
3129 4374 3180 4420 et
3215 4365 3336 4419 Filii
3372 4363 3678 4426 visionem,
3714 4361 3862 4428 quod

2156 4477 2259 4515 nec
2292 4461 2455 4515 Pater
2486 4458 2564 4514 sit
2595 4473 2698 4512 nec
2734 4457 2938 4521 Filius,
2971 4456 3072 4509 sed
3107 4454 3262 4509 intra
3291 4453 3515 4507 Patrem
3550 4455 3604 4506 et
3626 4449 3859 4517 Filium,

2155 4550 2432 4622 quidquid
2459 4549 2570 4602 fita
2595 4547 2768 4615 Patre
2803 4563 2903 4617 per
2935 4546 3164 4600 Filium.
3201 4544 3339 4607 Quis
3371 4543 3479 4597 hoc
3508 4542 3716 4596 videt?

2224 4642 2277 4694 8.
2315 4640 2456 4694 Ecce
2513 4637 2724 4693 iterum
2783 4636 2852 4690 ad
2897 4634 3157 4690 carnales
3209 4647 3446 4698 sensus,
3497 4647 3629 4687 ecce
3662 4645 3861 4686 rursus

2157 4729 2538 4786 humiliamus
2584 4743 2711 4797 nos,
2769 4731 2827 4782 et
2857 4724 3263 4782 descendimus
3325 4725 3394 4780 ad
3433 4740 3551 4789 vos,
3586 4721 3632 4777 si
3665 4725 3857 4778 tamen

2155 4819 2368 4890 aliquid
2394 4818 2704 4890 aliquando
2723 4816 3167 4872 ascenderemus
3184 4831 3216 4870 a
3231 4813 3416 4870 vobis.
3434 4811 3602 4868 Vobis
3622 4812 3858 4866 demon-

2154 4918 2338 4966 strare
2367 4908 2583 4980 aliquid
2608 4908 2724 4963 ﬁlio
2765 4911 2886 4977 tuo,
2913 4910 2976 4961 ut
3008 4906 3175 4963 faciat
3206 4905 3355 4975 quod
3390 4902 3568 4958 facis:
3600 4901 3858 4954 facturus

2155 5015 2215 5055 es
2266 5003 2347 5064 tu,
2379 5003 2436 5054 et
2470 4998 2552 5053 sic
2583 4997 3107 5053 demonstraturus.
3141 4994 3287 5058 Quid
3317 4991 3491 5061 igitur
3517 4990 3774 5043 facturus
3797 5001 3858 5041 es

2156 5094 2221 5145 ut
2251 5089 2610 5146 demonstres
2628 5087 2898 5155 filio,non
2918 5086 3115 5154 utique
3144 5083 3281 5137 facis
3317 5095 3414 5149 per
3438 5077 3620 5132 lilium
3648 5075 3779 5133 :sed
3801 5079 3858 5130 tu

2155 5180 2316 5238 solus
2348 5179 2489 5236 facis
2521 5179 2673 5249 quod
2717 5177 2840 5248 ipse
2883 5176 3094 5230 factum
3141 5171 3351 5233 videat,
3386 5172 3442 5221 et
3475 5165 3615 5221 illud
3643 5164 3752 5220 tale
3783 5167 3860 5220 si-

2156 5270 2374 5327 militer
2399 5271 2586 5325 faciat.
2622 5273 2742 5322 Non
2775 5277 2854 5320 est
2893 5263 3088 5318 hocibi
3119 5276 3131 5314 :
3167 5260 3299 5326 quid
3341 5256 3526 5327 pergis
3550 5256 3616 5309 ad
3653 5255 3861 5310 simili-

2155 5361 2416 5416 tudinem
2448 5364 2631 5423 tuam,
2665 5361 2719 5410 et
2745 5355 2899 5408 deles
2935 5354 2990 5406 in
3042 5357 3094 5404 te
3119 5346 3564 5403 similitudinem
3599 5343 3745 5399 Dei?
3779 5344 3859 5398 lbi

2156 5450 2393 5506 omnino
2436 5465 2546 5502 non
2572 5452 2660 5500 est
2693 5446 2815 5498 hoc.
2847 5442 3040 5498 Inveni
3065 5437 3601 5510 aliquidquomodo
3623 5436 3860 5490 demon-

2157 5547 2300 5596 stres
2331 5536 2448 5592 lilio
2483 5540 2581 5591 tuo
2615 5534 2766 5606 quod
2798 5533 2959 5601 facis,
2980 5538 3291 5603 antequam
3316 5527 3496 5597 facis;
3533 5531 3739 5584 utcum
3761 5525 3856 5579 de~

2221 5626 2289 5690 (a)
2327 5625 2744 5692 Apollinaristee.
