4126 6194
236 312 391 377 1587

1181 309 1257 369 ΙΝ
1299 303 1623 371 JOANNIS
1667 302 2193 379 EVANGELIUM,
2247 306 2310 369 S.
2358 307 2788 371 AUGUSTINI

3606 306 3767 368 1588

235 447 670 520 monstraveris,
696 463 797 520 per
853 446 1035 503 ﬁlium
1099 447 1275 504 facias
1298 446 1407 503 hoc
1437 447 1586 518 quod
1621 446 1777 502 facis.
1810 446 1941 501 Jam
2050 450 2419 518 quandoque.
2469 448 2635 503 Nunc
2692 449 2742 503 si
2801 465 2915 504 non
2977 452 3219 521 potestis
3277 449 3781 521 comprehendere

235 540 383 597 forte
405 538 574 611 quasi
605 538 851 595 occurrit
892 537 996 593 tibi
1031 553 1044 591 :
1080 538 1242 604 Ecce,
1293 537 1509 607 inquis,
1543 537 1729 608 cogito
1764 537 1947 592 facere

235 633 501 696 domum,
532 628 734 685 etvolo
750 637 808 684 ut
841 644 939 700 per
968 627 1156 683 ﬁlium
1182 643 1372 683 meum
1400 629 1713 683 fabricetur
1745 644 1759 683 :
1791 632 1950 682 ante—

238 737 413 794 quam
444 736 573 775 eam
612 718 738 790 ipse
770 718 1065 786 fabricam,
1099 718 1343 773 ostendo
1385 716 1502 772 ﬁlio
1536 731 1663 772 meo
1689 718 1835 787 quod
1871 715 1951 770 fa-

238 826 366 866 cere
419 809 657 877 volo;et
704 807 838 863 facit
887 808 1025 877 ipse,
1073 813 1251 878 atque
1308 822 1413 876 ego
1462 822 1564 877 per
1611 806 1827 875 ipsum,
1860 804 1951 859 cui

2058 537 2199 606 quid
2252 537 2327 591 sit
2385 537 2557 604 Deus,
2621 538 2705 593 vel
2771 538 2876 594 hoc
2933 539 3408 611 comprehendite
3469 539 3602 608 quid
3664 556 3782 595 non

2057 625 2133 680 sit
2167 626 2318 680 Deus
2352 643 2365 681 :
2404 626 2655 682 multum
2701 627 3074 699 profeceritis,
3108 628 3153 683 si
3215 645 3328 684 non
3390 628 3547 683 aliud
3602 644 3783 700 quam
3816 680 3817 683 η

2061 718 2170 781 est,
2222 714 2292 769 de
2342 716 2452 770 Deo
2501 716 2822 772 senserilis.
2855 717 3124 773 Nondum
3166 722 3330 787 potes
3374 719 3678 790 pervenire
3712 705 3823 791 adt

2063 803 2197 874 quid
2234 805 2329 872 sit,
2362 805 2593 875 preveni
2630 807 2697 860 ad
2747 806 2885 877 quid
2928 824 3038 862 non
3071 807 3169 864 sit.
3204 809 3323 862 Non
3359 812 3445 862 est
3476 812 3627 863 Deus
3658 822 3787 863 cor-

239 900 467 956 ostendi
500 896 852 953 voluntatem
888 911 1095 951 meam.
1132 895 1445 949 Recessisti
1476 895 1710 965 quidem
1747 910 1780 949 a
1829 893 1956 964 pri-
2064 907 2192 962 pus,
2226 908 2339 946 non
2382 897 2554 961 terra,
2589 910 2702 949 non
2753 894 2985 961 coelum,
3022 913 3131 951 non
3187 896 3344 965 luna,
3381 912 3491 951 non
3517 895 3624 962 sol,
3662 911 3783 950 non

245 990 404 1043 stina
436 986 839 1052 similitudine,
859 985 956 1040 sed
983 984 1172 1039 adhuc
1194 985 1353 1053 jaces
1374 984 1431 1040 in
1457 999 1668 1055 magna
1698 982 1957 1038 dissimi-

2068 980 2272 1047 stellae,
2331 998 2445 1039 non
2507 986 2829 1055 corporalia
2868 986 2996 1042 ista.
3029 986 3084 1040 Si
3138 987 3292 1042 enim
3354 1004 3467 1041 non
3497 987 3782 1053 ccelestia,

242 1076 520 1134 litudine.
554 1079 691 1129 Ecce
721 1076 877 1128 enim
909 1078 1223 1145 antequam
1247 1074 1426 1129 facias
1450 1074 1712 1142 domum,
1736 1072 1961 1128 indicas
2070 1076 2291 1141 quanto
2324 1072 2520 1130 minus
2570 1075 2835 1131 terrena?
2878 1076 3037 1133 Tolle
3086 1092 3258 1133 omne
3314 1092 3542 1147 corpus.
3578 1074 3788 1131 Adhuc

249 1165 369 1221 ﬁlio
403 1170 523 1231 tuo,
558 1168 614 1219 et
672 1168 1037 1218 demonstras
1080 1164 1218 1234 quid
1252 1164 1433 1220 facere
1466 1166 1637 1233 velis;
1670 1168 1732 1219 ut
1765 1168 1818 1218 te
1860 1163 1963 1217 de-

250 1258 616 1310 monstrante
648 1257 960 1323 antequam
996 1252 1198 1323 facias,
1216 1254 1389 1310 faciat
1412 1253 1536 1327 ipse
1559 1252 1714 1325 quod
1731 1253 1965 1307 demon-

2074 1158 2213 1213 audi
2243 1159 2394 1217 aliud
2430 1179 2443 1215 ε
2481 1178 2595 1218 non
2628 1168 2717 1219 est
2747 1164 2897 1220 Deus
2924 1165 3220 1219 mutabilis
3244 1164 3506 1236 spiritus.
3531 1163 3673 1218 Nam
3700 1163 3799 1217 fa-

2075 1251 2217 1309 teor.
2249 1259 2301 1306 et
2330 1251 2623 1307 fatendum
2647 1258 2753 1320 est,
2786 1254 2923 1326 quia
2953 1254 3323 1325 Evangelium
3348 1253 3628 1324 loquitur,
3654 1252 3803 1306 Deus

248 1342 543 1413 straveris,
566 1346 623 1397 et
650 1347 712 1397 tu
750 1358 850 1413 per
878 1342 1073 1414 ipsum
1112 1344 1245 1399 :sed
1280 1346 1454 1399 verba
1485 1345 1750 1399 dicturus
1772 1359 1833 1397 es
1850 1340 1967 1395 ﬁlio
2076 1340 2310 1410 spiritus
2338 1350 2439 1397 est.
2474 1342 2586 1397 Sed
2619 1345 2801 1398 transi
2850 1359 3080 1399 omnem
3124 1342 3461 1399 mutabilem
3487 1342 3791 1413 spiritum,

252 1441 379 1502 tuo,
410 1434 566 1490 inter
596 1438 651 1488 te
682 1439 740 1487 et
768 1432 959 1504 ipsum
1006 1434 1181 1489 verba
1228 1450 1476 1491 cursura
1506 1440 1681 1502 sunt;
1715 1439 1771 1489 et
1817 1433 1970 1487 inter

260 1527 759 1582 demonstrantem
782 1529 839 1579 et
854 1524 1165 1595 videntem,
1187 1524 1273 1579 vel
1293 1524 1629 1598 loquentem
1655 1530 1712 1580 et
1741 1522 1976 1578 audien-

261 1620 379 1672 tem
413 1629 591 1671 sonus
622 1612 959 1669 articulatus
981 1615 1154 1680 volat,
1186 1615 1286 1685 qui
1319 1632 1430 1670 non
1455 1621 1541 1671 est
1563 1614 1717 1686 quod
1745 1621 1825 1680 tu,
1858 1627 1975 1666 non

264 1710 355 1763 est
383 1705 535 1775 quod
583 1703 726 1775 ipse.
761 1704 944 1760 Sonus
975 1704 1188 1777 quippe
1224 1706 1322 1761 ille
1350 1706 1449 1778 qui
1482 1706 1597 1761 exit
1626 1706 1697 1760 de
1727 1719 1824 1760 ore
1852 1708 1976 1770 tuo,

264 1802 321 1851 et
350 1794 650 1849 verberato
700 1809 829 1849 aere
878 1793 1066 1865 tangit
1115 1811 1314 1851 aurem
1374 1794 1481 1850 ﬁlii
1524 1794 1630 1864 tui,
1653 1799 1711 1850 et
1741 1792 1980 1865 impleto

274 1897 453 1940 sensu
484 1882 759 1938 audiendi
792 1884 1059 1954 perducit
1089 1884 1159 1939 ad
1196 1900 1292 1940 eor
1332 1883 1742 1955 cogitationem
1776 1888 1935 1939 tuam
1966 1901 1981 1949 ;

244 1989 458 2037 :sonus
509 1987 642 2043 ergo
673 1971 790 2039 ille,
814 1987 930 2027 non
986 1979 1074 2027 est
1131 1974 1251 2043 ipse
1278 1978 1361 2041 tu,
1412 1990 1526 2029 non
1559 1979 1650 2028 est
1679 1974 1801 2043 ipse
1832 1971 1987 2026 ﬁlius

248 2070 431 2122 ,tuus.
455 2064 698 2134 Signum
733 2062 932 2118 datum
966 2063 1147 2119 estab
1180 2064 1374 2119 animo
1397 2068 1495 2120 tuo
1516 2063 1710 2119 animo
1744 2062 1847 2117 ﬁlii
1878 2062 1986 2128 tui,

276 2154 432 2224 quod
482 2152 715 2224 signum
760 2169 874 2207 non
908 2154 982 2209 sit
1015 2170 1119 2209 nec
1150 2154 1383 2209 animus
1420 2163 1577 2221 tuus,
1620 2170 1724 2209 nec
1754 2152 1988 2207 animus

280 2244 386 2299 ﬁlii
418 2242 522 2309 tui,
556 2244 657 2299 sed
690 2243 845 2299 aliud
872 2242 1113 2315 aliquid.
1152 2244 1313 2300 Itane
1344 2249 1617 2316 putamus
1638 2248 1862 2300 Patrem
1898 2242 1990 2297 lo-

280 2338 477 2389 cutum
501 2348 629 2389 esse
649 2348 785 2388 cum
813 2334 948 2390 Filio
969 2333 996 2388 ?
1035 2334 1291 2389 Fuerunt
1338 2335 1512 2390 verba
1541 2335 1694 2389 inter
1725 2333 1905 2389 Deum
1938 2335 1995 2387 et

279 2422 575 2479 Verbum?
602 2423 896 2493 quomodo
921 2423 1074 2479 istud
1109 2430 1196 2479 est
1220 2424 1247 2479 ?
1278 2428 1362 2480 An
1397 2425 1677 2497 quidquid
1704 2422 1993 2478 velletPa—

273 2516 363 2569 ter
397 2514 588 2569 dicere
612 2513 775 2582 Filio,
808 2512 854 2567 si
887 2515 1063 2569 verbo
1095 2514 1269 2569 vellet
1297 2516 1506 2583 dicere,
1537 2516 1662 2584 ipse
1687 2514 1867 2569 Filius
1907 2517 1997 2567 est

279 2601 533 2656 Verbum
564 2603 753 2657 Patris
787 2602 827 2667 ί,
862 2603 1147 2673 numquid
1177 2620 1278 2674 per
1301 2606 1534 2660 verbum
1569 2604 1904 2674 loqueretur
1925 2600 1995 2656 ad

272 2688 576 2745 Verbum?
605 2693 689 2744 An
732 2692 868 2761 quia
918 2692 1098 2746 Filius
1144 2709 1416 2762 magnum
1471 2694 1741 2759 Verbum,
1769 2692 1998 2747 minora

286 2781 460 2833 verba
489 2795 733 2834 cursura
789 2786 953 2835 erant
1009 2780 1156 2836 inter
1185 2783 1409 2836 Patrem
1438 2787 1493 2836 et
1524 2781 1733 2836 Filium
1758 2779 1786 2835 2
1808 2782 1999 2837 Sonus

287 2870 499 2939 aliquis
529 2874 584 2924 et
637 2870 803 2941 quasi
840 2875 1109 2926 creatura
1154 2874 1420 2942 quaedam
1456 2871 1796 2943 temporalis
1822 2879 1998 2942 atque

289 2959 558 3024 volatica,
589 2962 816 3015 exitura
837 2967 961 3015 erat
989 2977 1057 3016 ex
1087 2977 1183 3016 ore
1204 2962 1415 3029 Patris,
1449 2973 1499 3017 et
1525 2978 1873 3033 percussura
1896 2978 2002 3017 au-

292 3065 418 3104 rem
449 3048 620 3103 Filii?
652 3047 946 3121 Numquid
982 3050 1155 3106 habet
1188 3050 1339 3106 Deus
1368 3068 1598 3122 corpus,
1635 3058 1699 3107 ut
1730 3052 1893 3121 quasi
1934 3068 2003 3106 ex

288 3139 416 3209 ejus
457 3139 628 3194 labiis
659 3138 769 3195 hoc
782 3140 1088 3209 procedat;
1122 3146 1178 3195 et
1198 3140 1373 3196 habet
1393 3158 1564 3197 aures
1587 3143 1846 3213 corporis
1869 3142 2002 3199 Ver-

285 3230 449 3295 bum,
482 3227 542 3283 in
574 3244 720 3299 quas
752 3245 929 3284 sonus
950 3230 1189 3285 veniat?
1220 3231 1465 3286 Remove
1497 3232 1695 3287 omnia
1729 3248 2004 3303 corpora-

290 3316 397 3385 lia,
421 3316 856 3389 simplicitatem
879 3318 1025 3384 vide,
1047 3320 1094 3373 si
1113 3319 1359 3391 simplex
1378 3336 1459 3375 es.
1485 3321 1787 3387 Quomodo
1809 3327 2004 3378 autem

300 3407 416 3463 eris
446 3405 736 3477 simplex?
764 3406 825 3462 Si
859 3416 909 3462 te
968 3424 1083 3463 non
1117 3409 1331 3463 mundo
1364 3409 1775 3481 implicaveris,
1809 3412 1907 3467 sed
1940 3427 2007 3467 ex

301 3495 520 3550 mundo
557 3493 974 3565 explicaveris:
1025 3497 1365 3567 explicendo
1434 3498 1590 3554 enim
1648 3504 1704 3555 te
1761 3500 2007 3571 simplex

297 3584 431 3639 eris.
470 3583 535 3638 Et
591 3584 722 3639 vide
770 3584 819 3639 si
871 3595 1031 3657 potes
1084 3587 1234 3656 quod
1277 3588 1424 3651 dico,
1466 3594 1568 3643 aut
1598 3588 1645 3642 si
1676 3603 1790 3644 non
1823 3594 2003 3659 potes,

300 3676 468 3729 crede
498 3675 650 3744 quod
716 3691 831 3730 non
895 3674 1075 3732 vides.
1116 3676 1265 3732 Dicis
1316 3677 1437 3733 ﬁlio
1470 3682 1592 3745 tuo,
1625 3680 1797 3734 verbo
1829 3679 2013 3747 dicis;

301 3766 541 3819 verbum
575 3766 729 3835 quod
761 3774 951 3832 sonat,
984 3783 1087 3822 nec
1116 3773 1176 3821 tu
1209 3784 1289 3836 es,
1324 3784 1427 3824 nec
1456 3768 1614 3824 ﬁlius
1646 3775 1804 3825 tuus.

375 3853 429 3906 9.
464 3853 678 3920 Habeo,
712 3855 931 3925 inquis,
998 3854 1155 3910 aliud
1207 3873 1321 3926 quo
1378 3859 1681 3914 ostendam
1716 3858 1835 3914 :ita
1862 3860 2016 3916 enim

310 3947 399 3995 est
428 3942 692 3995 eruditus
725 3942 880 3997 ﬁlius
918 3959 1105 4011 meus,
1140 3951 1202 3999 ut
1244 3960 1347 4000 nec
1379 3947 1649 4019 loquente
1682 3965 1773 4005 me
1797 3950 2016 4017 audiat,

309 4038 405 4092 sed
439 4043 582 4093 nutu
616 4041 856 4096 ostendo
888 4042 938 4095 ei
989 4046 1143 4111 quod
1194 4043 1385 4100 faciat.
1420 4047 1562 4101 Ecce
1603 4052 1748 4103 nutu
1780 4048 2017 4105 ostende

315 4128 470 4198 quod
489 4131 598 4196 vis,
624 4135 777 4185 certe
799 4131 1031 4185 animus
1056 4143 1190 4187 tuus
1229 4132 1352 4188 vult
1370 4136 1676 4191 ostendere
1698 4137 1854 4208 quod
1887 4138 1941 4191 in
1967 4153 2028 4192 se

313 4217 508 4274 habet.
544 4216 707 4275 Unde
739 4220 877 4274 facis
900 4220 1151 4276 nutum?
1181 4222 1260 4276 De
1281 4238 1538 4295 corpore,
1564 4224 1806 4293 scilicet,
1835 4227 2024 4282 labiis,

313 4307 497 4376 vultu,
532 4308 879 4380 supercillis,
913 4311 1117 4378 oculis,
1172 4313 1464 4369 manibus.
1498 4314 1628 4370 Haec
1685 4316 1877 4371 omnia
1912 4334 2026 4372 non

315 4409 449 4456 sunt
481 4401 635 4471 quod
669 4400 904 4457 animus
947 4408 1120 4471 tuus;
1152 4402 1326 4459 etiam
1370 4404 1480 4461 ista
1512 4407 1700 4461 media
1731 4414 1904 4462 sunt:
1945 4406 2030 4462 in-

315 4489 614 4545 tellectum
672 4496 762 4545 est
798 4490 1017 4563 aliquid
1054 4509 1155 4563 per
1195 4493 1319 4549 base
1368 4483 1557 4567 signa,
1591 4513 1715 4568 qua:
1748 4514 1859 4552 non
1891 4501 2029 4552 sunt

320 4579 474 4649 quod
507 4580 743 4636 animus
771 4586 929 4650 tuus,
949 4598 1052 4637 nec
1076 4585 1229 4655 quod
1255 4585 1487 4642 animus
1510 4587 1614 4643 ﬁlii
1647 4589 1730 4644 tui
1762 4607 1774 4645 :
1808 4590 2028 4647 sedhoc

322 4671 506 4720 totum
540 4668 691 4736 quod
726 4684 965 4740 corpore
995 4672 1143 4742 agis,
1166 4673 1320 4729 infra
1349 4675 1610 4731 animum
1645 4683 1806 4733 tuum
1840 4682 1949 4746 est,
1973 4685 2032 4735 et

322 4754 748 4812 infraanimum
770 4758 873 4812 ﬁlii
892 4760 976 4815 tui
1005 4784 1020 4827 ς
1052 4777 1157 4816 nec
1181 4773 1363 4832 potest
1395 4782 1743 4837 cognoscere
1766 4770 2027 4827 animum

327 4852 495 4903 tuum
544 4845 699 4902 ﬁlius
749 4854 904 4919 tuus,
926 4848 1036 4905 nisi
1085 4852 1310 4909 dederis
1366 4857 1415 4909 ei
1450 4856 1619 4927 signa
1648 4858 1719 4913 de
1768 4875 2026 4929 corpore.

322 4934 472 5001 Quid
518 4935 693 5007 igitur
739 4937 933 4993 facio?
961 4939 1085 4995 Non
1134 4946 1220 4997 est
1276 4944 1382 5001 hoc
1422 4944 1523 5014 ibi,
1575 4947 1921 5015 simplicitas
1951 4948 2030 5005 ibi

327 5032 435 5084 est.
481 5031 652 5084 Pater
707 5030 963 5085 ostendit
1018 5029 1159 5085 Filio
1206 5035 1357 5104 quod
1416 5036 1568 5103 facit,
1602 5043 1657 5092 et
1677 5039 2031 5095 ostendendo

328 5118 538 5174 Filium
589 5119 798 5191 gignit.
843 5121 1020 5176 Video
1053 5122 1196 5193 quid
1244 5124 1527 5181 dixerim:
1563 5128 1660 5183 sed
1704 5129 1837 5200 quia
1869 5130 2032 5185 video

328 5212 388 5263 et
441 5208 657 5279 quibus
704 5210 973 5279 dixerim,
1032 5211 1135 5267 ﬁat
1204 5214 1263 5268 in
1333 5216 1499 5271 vobis
1556 5216 1881 5274 intellectus
1929 5219 2034 5273 iste

392 5300 416 5369 1‘
438 5298 569 5369 Edd.
602 5299 801 5349 habent
831 5300 916 5351 hic
947 5302 1234 5369 nonnullas
1269 5303 1557 5355 lectionum
1592 5307 1891 5364 varietates,
1913 5322 2033 5366 quas

331 5364 663 5434 potissimum
686 5376 728 5434 ε
754 5364 1116 5434 punctationis
1152 5368 1458 5434 diversitate
1486 5373 1791 5434 assecutus.
1834 5364 2038 5434 Legiunt

334 5419 416 5469 Er.
449 5419 668 5495 .Lugset‘
686 5419 840 5495 Vim,
861 5430 1076 5495 [uerunt
1094 5429 1247 5477 verba
1270 5434 1405 5479 inter
1429 5431 1582 5479 Deum
1604 5448 1647 5481 et
1675 5419 2037 5495 Verbuquuo-

336 5490 487 5552 movto
526 5485 812 5552 (studeat!
841 5485 921 5536 An
950 5492 1233 5552 quidquam
1280 5497 1428 5541 vellet
1460 5495 1617 5543 Pater
1662 5497 1831 5544 dicere
1861 5485 2038 5544 Fiito?

528 5544 1050 5621 ξςξᾲςίξιηῌωζξᾳᾷὶτί.
1087 5544 1252 5621 _Lov._:
1292 5560 1371 5605 An
1402 5557 1687 5621 quidquam
1720 5559 1865 5609 vellet
1886 5559 2040 5608 Pater

335 5607 510 5683 ᾳίᾳεηε
525 5605 701 5683 πίθοι
718 5605 956 5683 Ῠεὶρχειιξι
986 5616 1137 5683 veroo
1158 5617 1343 5679 dicere,
1378 5605 1488 5683 sine
1521 5605 1685 5670 Filias
1715 5605 2036 5673 arietata

336 5670 529 5720 Patris.
564 5667 850 5733 Numquid,
882 5676 982 5721 etc.
1048 5677 1115 5723 Μ.

2080 1427 2261 1489 transi
2297 1432 2565 1505 spiritum
2590 1432 2689 1504 qui
2715 1434 2882 1489 modo
2906 1432 3035 1499 scit,
3061 1432 3229 1489 modo
3251 1433 3457 1499 nescit,
3490 1432 3658 1487 modo
3678 1446 3803 1486 me-

2085 1525 2276 1593 minit,
2336 1530 2394 1580 et
2451 1524 2844 1581 obliviscitur:
2878 1525 3005 1581 vult
3053 1525 3208 1598 quod
3242 1524 3493 1591 nolebat,
3526 1538 3640 1579 non
3680 1521 3809 1577 vult

2088 1615 2242 1684 quod
2302 1614 2568 1683 volebat;
2602 1616 2721 1670 sive
2762 1616 3153 1687 patiaturjam
3185 1615 3324 1670 istas
3357 1612 3804 1679 mutabilitates,

2089 1705 2210 1759 sive
2238 1705 2354 1775 pati
2383 1706 2564 1776 possit
2595 1720 2608 1761 :
2643 1705 2827 1761 transi
2886 1706 3008 1761 hac
3059 1705 3275 1761 omnia.
3308 1704 3433 1760 Non
3484 1701 3708 1759 invenis
3741 1703 3802 1758 in

2091 1792 2207 1848 Deo
2221 1792 2439 1865 aliquid
2467 1793 2890 1857 mutabilitatis,
2916 1810 3031 1850 non
3051 1793 3265 1865 aliquid
3290 1793 3443 1864 quod
3460 1790 3626 1848 aliter
3645 1805 3807 1846 nunc

2095 1882 2192 1952 sit,
2221 1884 2393 1938 aliter
2422 1883 2593 1955 paulo
2626 1888 2757 1939 ante
2793 1884 2982 1940 fuerit.
3008 1882 3150 1939 Nam
3179 1883 3276 1937 ubi
3299 1882 3525 1937 invenis
3551 1879 3720 1936 aliter
3750 1884 3813 1935 et

2096 1973 2280 2039 aliter,
2316 1975 2460 2029 facta
2519 1979 2607 2030 est
2650 1975 2728 2030 ibi
2763 1976 3027 2046 quedam
3079 1990 3274 2029 mors:
3308 1989 3464 2029 mors
3509 1971 3662 2027 enim
3694 1973 3809 2041 est,

2098 2081 2213 2119 non
2246 2080 2374 2120 esse
2392 2066 2541 2134 quod
2571 2065 2697 2122 fuit.
2733 2064 3083 2121 Immortalis
3106 2063 3553 2120 dicituranima:
3577 2062 3811 2133 estqui-

2099 2152 2249 2219 dem,
2294 2151 2431 2222 quia
2461 2151 2602 2209 vivit
2628 2168 2857 2224 semper
2896 2152 3108 2219 anima,
3142 2155 3199 2207 et
3225 2150 3395 2207 estin
3422 2149 3519 2206 illa
3548 2154 3814 2221 quaedam

2100 2240 2215 2295 vita
2255 2256 2621 2311 permanens,
2655 2241 2752 2296 sed
2790 2241 3087 2296 mutabilis
3102 2239 3238 2295 vita.
3264 2236 3595 2294 Secundum
3622 2240 3818 2292 muta-

2105 2329 2383 2386 bilitatem
2414 2330 2539 2385 vita:
2562 2330 2741 2401 hujus
2791 2335 2848 2386 et
2894 2330 3156 2386 mortalis
3190 2329 3300 2384 dici
3336 2332 3524 2400 potest
3554 2340 3569 2381 :
3594 2326 3738 2399 quia
3768 2325 3821 2380 si

2102 2421 2331 2475 vivebat
2355 2420 2660 2492 sapienter,
2693 2427 2748 2476 et
2778 2420 3005 2493 desipit,
3040 2423 3269 2476 mortua
3297 2421 3386 2474 est
3414 2417 3471 2472 in
3511 2414 3765 2472 deterius
3804 2429 3822 2481 ;

2105 2510 2154 2565 si
2177 2511 2400 2565 vivebat
2449 2510 2812 2580 insipienter,
2837 2515 2894 2565 et
2924 2509 3091 2580 sapit,
3127 2515 3354 2565 mortua
3386 2511 3476 2563 est
3496 2504 3553 2561 in
3579 2503 3814 2561 melius.

2104 2600 2247 2655 Nam
2279 2615 2407 2655 esse
2439 2605 2682 2655 mortem
2717 2600 2775 2655 in
2800 2599 3076 2668 deterius,
3108 2614 3235 2654 esse
3258 2603 3504 2653 mortem
3529 2596 3585 2651 in
3605 2594 3829 2651 melius

2104 2691 2400 2762 Scriptura
2432 2707 2539 2746 nos
2571 2691 2755 2746 docet.
2790 2690 2996 2761 Utique
3025 2690 3084 2745 in
3117 2688 3369 2745 deterius
3390 2687 3603 2743 mortui
3632 2690 3826 2753 erant,

2108 2781 2179 2835 de
2210 2780 2423 2851 quibus
2454 2779 2685 2849 dicitur,
2708 2778 2841 2835 Sine
2860 2782 3126 2846 mortuos,
3144 2777 3416 2849 sepeliant
3438 2786 3677 2832 mortuos
3694 2791 3829 2830 suos

2111 2870 2319 2941 (Matth.
2361 2886 2485 2934 vm,
2525 2872 2648 2939 22);
2678 2876 2754 2935 et,
2787 2874 2985 2940 Surge,
3018 2870 3119 2941 qui
3169 2870 3399 2935 dormis,
3439 2872 3488 2923 et
3528 2882 3763 2936 exsurge
3795 2883 3835 2921 α

2110 2959 2362 3026 mortuis,
2391 2964 2439 3015 et
2461 2958 2809 3015 illuminabit
2839 2970 2886 3016 te
2917 2959 3171 3015 Christus
3193 2958 3479 3030 (Ephes.v,
3514 2955 3639 3027 tt);
3674 2964 3729 3011 et
3760 2955 3840 3011 de

2113 3052 2221 3106 hac
2245 3050 2510 3119 lectione,
2527 3051 2749 3119 Quando
2770 3050 2976 3106 mortui
2992 3048 3241 3116 audient,
3267 3050 3423 3119 atqui
3443 3044 3734 3119 audierint
3752 3047 3843 3101 vi-

2114 3146 2259 3197 vent.
2295 3141 2357 3196 In
2386 3140 2638 3196 deterius
2670 3140 2883 3198 mortui
2913 3145 3099 3207 erant,
3122 3140 3248 3195 ideo
3273 3137 3645 3194 reviviscunt.
3666 3134 3851 3192 Revi-

2114 3232 2388 3287 viscendo
2421 3231 2750 3287 moriuntur
2800 3230 2858 3285 in
2901 3230 3133 3298 melius,
3180 3228 3321 3301 quia
3349 3232 3407 3284 et
3438 3226 3850 3283 reviviscendo

2119 3340 2233 3379 non
2274 3327 2445 3379 erunt
2501 3324 2654 3396 quod
2704 3327 2869 3379 erant
2902 3338 2915 3377 :
2951 3338 3066 3379 non
3112 3337 3241 3377 esse
3272 3327 3463 3376 autem
3496 3318 3651 3390 quod
3694 3321 3853 3386 erat,

2118 3430 2274 3469 mors
2306 3420 2415 3468 est.
2447 3414 2555 3469 Sed
2588 3414 2750 3481 forte,
2800 3413 2849 3468 si
2892 3413 2947 3467 in
2985 3410 3186 3468 melius
3216 3413 3324 3479 est,
3358 3425 3473 3465 non
3510 3406 3847 3479 appellatur

2101 3503 2323 3561 'mors?
2355 3502 2678 3575 Appellavit
2708 3501 2866 3557 illam
2903 3506 3141 3557 mortem
3176 3497 3482 3572 Apostolus
3517 3515 3530 3553 :
3564 3497 3625 3552 Si
3651 3504 3852 3551 autem

2119 3592 2325 3650 mortui
2352 3591 2476 3647 estis
2503 3606 2630 3647 cum
2651 3589 2866 3646 Christo
2892 3593 2966 3645 ab
2982 3589 3261 3646 elementis
3283 3586 3451 3658 hujus
3478 3582 3856 3655 mundi,quid

2128 3687 2306 3742 adhuc
2326 3686 2469 3741 velut
2497 3684 2739 3739 viventes
2770 3682 2833 3737 de
2861 3682 2958 3738 hoc
2997 3680 3201 3737 mundo
3235 3678 3493 3736 deceritis
3518 3676 3742 3747 (Coloss,
3767 3691 3848 3744 ιι,

2125 3775 2266 3847 20)?
2286 3780 2341 3831 et
2370 3775 2604 3841 iterum,
2636 3774 2838 3829 Mortui
2857 3771 3006 3829 enim
3021 3770 3238 3840 estis,“
3268 3771 3381 3826 vita
3412 3776 3583 3824 vestra
3606 3766 3850 3823 abscon-

2128 3869 2252 3923 dita
2307 3872 2386 3922 est
2440 3882 2563 3923 cum
2621 3863 2834 3920 Christo
2883 3868 2942 3920 in
2994 3863 3096 3918 Deo
3153 3861 3258 3933 (Id.
3320 3875 3405 3927 ιιι,
3437 3858 3517 3930 3).
3554 3857 3853 3915 Morinos

2125 3956 2247 4012 vult
2278 3964 2337 4012 ut
2368 3957 2649 4021 vivamus,
2673 3953 2813 4027 quia
2864 3952 3115 4010 viximus
3148 3955 3212 4007 ut
3243 3964 3617 4007 moraremur.
3650 3946 3856 4011 Quid—

2128 4045 2269 4118 quid
2298 4060 2434 4116 ergo
2465 4049 2519 4101 et
2550 4062 2583 4101 a
2613 4044 2853 4100 meliore
2899 4043 2956 4098 in
3003 4040 3276 4101 deterius.
3319 4044 3377 4097 et
3416 4035 3752 4095 adeteriore
3790 4034 3859 4092 in

2138 4134 2350 4191 melius
2384 4135 2647 4203 moritur,
2682 4151 2797 4190 non
2829 4138 2918 4189 est
2949 4131 3058 4188 hoc
3080 4135 3261 4187 Deus:
3287 4129 3425 4201 quia
3447 4126 3707 4199 nequein
3734 4143 3868 4183 me.

2138 4225 2251 4280 lius
2274 4225 2356 4281 ire
2388 4229 2574 4296 potest
2603 4240 2832 4278 summa
2865 4223 3113 4289 bonitas,
3139 4236 3322 4292 neque
3353 4218 3411 4275 in
3441 4217 3699 4273 deterius
3722 4232 3872 4272 vera

2137 4317 2452 4372 aeternitas.
2484 4314 2633 4371 Vera
2653 4315 2805 4370 enim
2830 4312 3117 4369 aaternitas
3146 4315 3250 4377 est,
3276 4311 3372 4365 ubi
3396 4306 3675 4378 temporis
3710 4305 3870 4362 nihil

2138 4412 2245 4461 est.
2280 4404 2415 4461 Erat
2446 4410 2640 4461 autem
2681 4406 2852 4462 modo
2870 4404 2994 4471 hoc,
3027 4407 3085 4458 et
3117 4401 3285 4457 modo
3334 4398 3477 4454 illud
3500 4396 3528 4452 ‘t
3550 4398 3677 4469 jam
3709 4400 3873 4452 tem-

2138 4512 2247 4568 pus
2277 4496 2603 4551 admissum
2636 4499 3043 4564 est,zeternum
3078 4500 3315 4548 nonest.
3342 4489 3486 4545 Nam
3522 4496 3581 4544 ut
3621 4487 3869 4544 noveri-

2136 4586 2213 4641 tis
2245 4586 2384 4657 quia
2414 4602 2525 4641 non
2564 4584 2643 4640 sic
2666 4585 2818 4640 Deus
2851 4582 3141 4656 quomodo
3173 4579 3371 4637 anima
3395 4596 3408 4648 ;
3432 4583 3587 4635 certe
3612 4576 3864 4633 immor-

2138 4677 2273 4732 talis
2310 4681 2399 4733 est
2429 4676 2663 4744 anima;
2698 4674 2837 4746 quid
2871 4690 3005 4745 ergo
3029 4670 3293 4744 estquod
3321 4670 3403 4726 ait
3431 4668 3750 4742 Apostolus
3786 4666 3867 4724 de

2139 4768 2275 4835 Deo,
2337 4768 2452 4840 Qui
2496 4766 2641 4822 solus
2699 4765 2855 4821 habet
2894 4762 3362 4820 immortalitatem
3391 4758 3432 4831 (ῐ
3456 4760 3590 4815 Tim.
3614 4775 3693 4825 v1,
3730 4759 3825 4829 16)
3841 4774 3869 4819 ,⁸

2141 4857 2251 4913 nisi
2276 4857 2412 4928 quia
2442 4855 2551 4912 hoc
2574 4863 2765 4926 aperte
2786 4851 3127 4921 dixit,Solus
3165 4848 3864 4907 habetincommutabili-

2146 4954 2344 5015 tatem,
2380 4946 2517 5018 quia
2548 4944 2706 5001 solus
2730 4944 2902 5000 habet
2930 4958 3122 4999 veram
3142 4942 3525 4997 aeternitatem
3545 4939 3573 4993 ?
3592 4938 3742 5010 Ergo
3772 4939 3862 4995 ibi

2145 5037 2305 5093 nulla
2336 5032 2713 5091 mutabilitas.

2218 5136 2302 5189 tO.
2336 5136 2597 5205 Agnosce
2623 5132 2681 5187 in
2730 5136 2785 5187 te
2817 5130 3054 5203 aliquid,
3087 5116 3243 5203 quod
3276 5129 3402 5185 volo
3427 5128 3636 5197 dicere,
3670 5126 3871 5195 intus,

2142 5226 2301 5281 intus
2323 5224 2380 5278 in
2406 5229 2489 5290 te;
2523 5238 2636 5278 non
2668 5221 2727 5276 in
2753 5227 2808 5277 te
2840 5221 3003 5293 quasi
3025 5220 3083 5277 in
3116 5235 3354 5293 corpore
3386 5225 3507 5287 tuo,
3532 5232 3667 5274 nam
3698 5222 3754 5273 et
3781 5218 3872 5273 ibi

2145 5320 2336 5388 potest
2366 5313 2479 5370 dici
2528 5314 2586 5368 in
2620 5319 2694 5369 te.
2728 5314 2793 5368 In
2827 5317 2881 5368 te
2913 5317 3001 5368 est
3031 5311 3183 5367 enim
3214 5311 3456 5377 sanitas,
3485 5311 3541 5365 in
3562 5313 3619 5366 te
3648 5306 3874 5380 quasli-

2147 5406 2242 5462 bet
2270 5410 2432 5471 aatas,
2476 5404 2575 5459 sed
2629 5404 2952 5459 secundum
3013 5418 3263 5474 corpus;
3299 5402 3356 5457 in
3407 5409 3459 5457 te
3508 5403 3596 5455 est
3627 5416 3872 5467 manus,

2120 5486 2247 5566 'Ipes
2276 5502 2449 5552 tuus:
2485 5494 2586 5549 sed
2640 5493 2797 5549 aliud
2847 5498 2936 5549 est
2976 5493 3034 5548 in
3069 5500 3125 5547 te
3155 5491 3332 5561 intus,
3368 5491 3527 5546 aliud
3562 5489 3619 5543 in
3653 5496 3706 5544 te
3734 5492 3876 5544 tan-

2148 5602 2321 5658 quam
2356 5585 2415 5641 in
2443 5590 2601 5643 veste
2630 5589 2751 5640 tua.
2776 5583 2886 5639 Sed
2912 5582 3176 5654 relinque
3207 5580 3350 5637 foris
3380 5584 3437 5637 et
3456 5582 3673 5636 vestem
3698 5581 3871 5635 tuam

2145 5682 2201 5734 et
2218 5692 2456 5734 carnem
2472 5683 2633 5734 tuam
2646 5720 2659 5745 ,
2675 5676 2960 5731 descende
2981 5673 3041 5729 in
3064 5677 3139 5737 te,
3155 5673 3246 5730 adi
3268 5671 3648 5730 secretarium
3671 5676 3838 5727 tuum
3850 5712 3869 5741 ,
