4146 6186
306 249 456 309 1589

299 396 552 448 mentem
588 394 786 460 tuam,
823 392 879 446 et
899 388 980 446 ibi
1011 388 1135 444 vide
1157 388 1308 458 quod
1340 387 1468 443 volo
1500 388 1710 455 dicere,
1745 390 1792 444 si
1822 395 2019 460 potus-

1511 246 1977 308 TBACTATUS
2025 246 2234 309 XXIII.
2283 251 2539 313 CAPUT
2584 254 2657 314 ν.

3680 269 3839 327 1590

2125 384 2350 442 videres
2382 388 2687 457 cogitando
2720 406 2847 446 cum
2872 392 3066 461 velles,
3090 393 3261 449 etiam
3288 400 3420 451 cum
3454 399 3525 452 ab
3548 398 3679 455 istis
3703 419 3827 457 cor-

290 482 394 539 ris.
425 481 481 536 Si
513 479 680 539 enim
725 484 791 535 tu
824 480 950 551 ipse
983 495 1015 534 a
1045 482 1101 534 te
1132 477 1301 551 longe
1348 494 1429 546 es,
1466 480 1579 535 Deo
1628 480 2015 551 propinquare
2124 473 2480 545 porisoculis
2503 478 3250 539 abfuissent.Vidistienim
3267 484 3674 559 Carthaginem
3702 507 3835 547 cum

289 571 441 626 unde
474 574 647 640 potes
668 569 698 623 ?
728 568 1008 625 Dicebam
1032 567 1101 622 de
1132 568 1246 623 Deo
1272 584 1285 633 ;
1310 573 1361 623 et
1392 566 1825 623 intellecturum
1847 574 1901 623 te
1923 584 2013 623 ar-

286 658 617 716 bitrabaris
642 673 658 713 :
694 658 767 714 de
798 657 995 713 anima
1013 656 1162 723 dico,
1186 656 1259 712 de
1290 662 1342 711 te
1365 655 1492 712 dico
1517 674 1532 725 ;
1556 655 1831 728 intellige,
1856 657 1933 713 ibi
1961 661 2012 713 te

279 749 577 821 probabo.
629 746 765 802 Non
813 746 967 801 enim
1011 744 1173 801 valde
1220 743 1391 815 longe
1432 760 1606 815 pergo
1637 745 1694 799 in
1728 746 2007 817 exempla,

272 838 526 910 quando
546 838 620 893 de
643 840 846 892 mente
866 839 963 892 tua
988 834 1114 891 volo
1138 834 1394 906 aliquam
1410 833 1851 889 similitudinem
1872 837 2009 892 dare

273 927 347 983 ad
382 926 577 983 Deum
609 929 815 994 tuum;
852 926 988 994 quia
1038 924 1237 995 utique
1273 940 1381 979 non
1424 923 1482 978 in
1514 939 1771 995 corpore,
1806 925 1903 980 sed
1948 926 2005 981 in

269 1018 404 1088 ipsa
442 1019 641 1073 mente
676 1016 864 1071 factus
896 1019 984 1071 est
1016 1013 1189 1069 homo
1210 1014 1279 1069 ad
1314 1013 1627 1084 imaginem
1658 1013 1779 1069 Dei.
1831 1014 1892 1069 In
1930 1015 2004 1070 si-

268 1103 622 1160 militudine
639 1119 749 1159 sua
774 1107 954 1157 Deum
985 1117 1338 1172 quaeramus,
1360 1102 1415 1156 in
1440 1100 1692 1172 imagine
1715 1118 1817 1157 sua
1842 1102 2007 1159 Crea-

200 1210 203 1211 '
268 1202 463 1249 torem
498 1207 919 1264 agnoscamus.
947 1190 1026 1245 lbi
1050 1190 1233 1257 intus,
1267 1190 1314 1245 si
1349 1192 1731 1262 potuerimus,
1754 1190 2006 1248 invenia-

266 1300 413 1339 mus
449 1283 564 1337 hoc
604 1282 763 1353 quod
794 1281 1087 1349 dicimus;
1122 1280 1411 1350 quomodo
1453 1282 1809 1336 demonstret
1839 1281 2004 1339 Pater

263 1372 446 1442 Filio,
484 1377 543 1428 et
575 1372 761 1427 Filius
791 1372 984 1426 videat
1031 1369 1188 1442 quod
1219 1371 1580 1426 demonstrat
1628 1370 1816 1439 Pater,
1851 1384 2004 1430 ante-

261 1479 461 1536 quam
496 1461 602 1517 ﬂat
619 1460 846 1532 aliquid
869 1477 903 1515 a
932 1461 1096 1516 Patre
1120 1476 1222 1531 per
1249 1458 1482 1515 Filium.
1507 1460 1615 1516 Sed
1649 1477 1782 1516 cum
1806 1462 2001 1519 dixero

259 1560 319 1611 et
373 1551 767 1619 intellexeris,
820 1566 924 1607 nec
974 1551 1058 1605 sic
1102 1554 1269 1621 putes
1305 1551 1429 1620 jam
1462 1550 1607 1605 illud
1642 1550 1856 1623 aliquid
1893 1554 2003 1610 tale

258 1659 429 1709 esse,
468 1649 530 1696 ut
565 1656 764 1697 serves
794 1639 875 1697 ibi
908 1639 1201 1712 pietatem,
1235 1656 1408 1711 quam
1439 1639 1565 1696 volo
1606 1659 1639 1697 a
1674 1646 1730 1697 te
1761 1645 2000 1713 servari,

259 1740 316 1790 et
356 1732 667 1804 praecipue
697 1746 907 1787 moneo
938 1746 950 1784 :
985 1730 1040 1785 id
1074 1734 1184 1796 est,
1218 1734 1283 1785 ut
1319 1730 1369 1786 si
1414 1747 1526 1786 non
1559 1731 1715 1789 vales
1745 1749 2002 1805 compre-

254 1822 534 1879 hendere
588 1824 743 1876 Deus
794 1819 936 1892 quid
982 1821 1078 1888 sit,
1131 1836 1335 1891 parum
1386 1836 1501 1877 non
1533 1822 1637 1877 tibi
1682 1827 1848 1894 putes
1875 1841 2003 1883 esse

248 1914 416 1969 scire
448 1910 593 1983 quid
627 1926 745 1967 non
779 1910 877 1966 sit.

324 2002 426 2057 11.
466 1999 617 2055 Ecce
663 2000 724 2054 in
776 2002 973 2055 mente
1022 2004 1120 2055 tua
1150 1999 1315 2056 video
1365 2000 1558 2073 aliqua
1601 2004 1736 2072 duo,
1783 2019 2002 2060 memo-

249 2096 415 2151 riam
453 2101 620 2149 tuam
644 2096 703 2148 et
732 2092 1144 2163 cogitationem
1180 2097 1364 2161 tuam,
1399 2094 1453 2148 id
1485 2100 1594 2161 est,
1627 2096 1792 2167 quasi
1816 2096 1997 2151 aciem

250 2183 598 2259 quamdam
631 2187 689 2239 et
728 2183 1001 2239 obtutum
1035 2181 1245 2238 animus
1277 2188 1408 2239 tute.
1451 2183 1626 2240 Vides
1673 2185 1915 2256 aliquid,
1942 2191 1999 2242 et

247 2292 366 2349 per
396 2272 605 2330 oculos
637 2272 912 2343 percipis,
940 2280 987 2328 et
1022 2272 1395 2330 commendas
1424 2277 1714 2331 memoriae
1740 2292 1753 2330 :
1790 2277 1868 2333 ibi
1911 2286 1999 2337 est

242 2368 425 2422 intus
451 2362 615 2435 quod
640 2363 941 2418 memoriae
963 2362 1412 2433 commendasti,
1432 2364 1490 2420 in
1514 2365 1709 2421 abdito
1733 2369 1999 2423 recondi-

248 2464 388 2513 tum
415 2452 597 2526 quasi
630 2454 689 2508 in
724 2453 957 2520 horreo,
986 2453 1154 2524 quasi
1200 2454 1256 2508 in
1296 2454 1591 2522 thesauro,
1626 2459 1791 2527 quasi
1824 2459 1880 2513 in
1906 2476 1995 2516 se-

244 2545 515 2606 cretario
533 2544 787 2615 quodam
804 2547 862 2600 et
881 2543 1164 2623 penetrali
1184 2544 1474 2601 Interiore.
1494 2546 1724 2619 Cogitas
1737 2548 1993 2621 aliunde,

244 2635 512 2695 intentio
543 2640 649 2690 tua
680 2633 823 2690 alibi
874 2638 1001 2700 est;
1035 2632 1180 2689 illud
1213 2635 1363 2704 quod
1395 2636 1588 2691 vidisti
1624 2637 1682 2691 in
1716 2640 1995 2695 memoria

246 2737 363 2785 tua
411 2728 529 2791 est,
582 2728 640 2780 et
671 2740 790 2779 non
838 2722 1071 2779 videtur
1122 2741 1154 2779 a
1201 2726 1277 2794 te,
1326 2723 1459 2795 quia
1498 2726 1768 2798 cogitatio
1800 2730 1899 2784 tua
1930 2729 1993 2786 in

251 2818 428 2876 aliud
480 2812 849 2871 intenditur.
886 2812 1055 2869 Modo
1120 2814 1322 2885 probo,
1372 2814 1691 2872 scientibus
1737 2817 1991 2889 loquor:

244 2906 681 2977 Carthaginem
716 2902 982 2970 nomino,
1015 2920 1221 2960 omnes
1255 2904 1423 2961 modo
1456 2907 1612 2962 intus
1644 2908 1991 2981 quicumque

243 3014 386 3056 eam
421 2995 639 3060 nostis,
674 2992 909 3049 vidistis
937 2992 1371 3065 Carthaginem.
1404 2994 1703 3068 Numquid
1737 3000 1817 3052 tot
1856 3004 1992 3055 sunt

240 3086 651 3158 Carthagines
683 3086 830 3155 quot
861 3081 1070 3139 animae
1102 3090 1304 3140 vestrm
1331 3082 1358 3139 7
1387 3083 1605 3142 Omnes
1638 3086 1861 3143 vidistis
1893 3106 1991 3158 per

243 3194 473 3239 nomen
507 3177 653 3232 hoc:
708 3188 811 3246 per
859 3180 1106 3246 quatuor
1134 3174 1242 3231 has
1285 3175 1541 3247 syllabas
1591 3181 1759 3234 notas
1803 3180 1988 3250 vobis,

243 3272 643 3340 erumpentes
686 3280 755 3321 ex
804 3280 903 3320 ore
948 3280 1100 3331 meo,
1147 3268 1317 3321 tacta:
1361 3270 1502 3321 sunt
1544 3282 1714 3323 aures
1762 3272 1987 3342 vestrae,

240 3364 451 3419 tactus
496 3360 591 3413 est
620 3369 829 3411 sensus
863 3353 1074 3409 animm
1108 3369 1207 3425 per
1236 3371 1468 3427 corpus,
1489 3360 1546 3411 et
1573 3357 1645 3412 ab
1668 3357 1777 3414 alia
1796 3358 1985 3416 inten-

244 3451 413 3506 tione
447 3445 705 3503 reﬂexus
735 3446 826 3500 est
854 3443 1092 3499 animus
1110 3444 1182 3500 ad
1209 3442 1267 3499 id
1296 3445 1449 3515 quod
1483 3444 1563 3501 ibi
1586 3451 1727 3516 erat,
1760 3456 1813 3505 et
1845 3448 1992 3505 vidit

242 3536 700 3609 Carthaginem.
736 3531 1037 3603 Numquid
1072 3536 1210 3588 tunc
1240 3543 1326 3590 est
1366 3533 1449 3589 ibi
1479 3535 1763 3608 Carthago
1796 3538 1991 3595 facta?

245 3632 379 3689 Jarn
413 3627 501 3683 ibi
552 3631 701 3695 erat,
752 3625 852 3679 sed
903 3622 1138 3680 latebat.
1186 3625 1371 3690 Quare
1425 3625 1502 3682 ibi
1545 3626 1816 3683 latebat?
1846 3630 1990 3693 Quia

245 3720 492 3778 animus
525 3720 669 3772 tuus
698 3714 761 3769 in
810 3711 972 3768 aliud
1004 3714 1341 3770 attendebat
1373 3732 1386 3772 :
1421 3731 1555 3771 cum
1588 3733 1718 3773 vero
1778 3718 1990 3774 reﬂexa

244 3818 339 3870 est
380 3807 672 3882 cogitatio
716 3809 824 3861 tua
870 3805 942 3861 ad
975 3804 1031 3859 id
1067 3805 1222 3875 quod
1272 3809 1396 3861 erat
1426 3805 1485 3862 in
1520 3808 1821 3879 memoria,
1852 3810 1987 3866 inde

246 3904 505 3961 formata
537 3900 653 3967 est,
676 3900 737 3953 et
766 3894 914 3951 visio
946 3895 1211 3967 quaedam
1265 3895 1441 3951 animi
1478 3897 1625 3953 facta
1655 3902 1761 3954 est.
1801 3902 1988 3956 Antea

248 4007 368 4050 non
385 3994 511 4048 erat
541 3987 719 4055 visio,
745 3985 847 4042 sed
883 3988 1008 4041 erat
1036 3984 1321 4042 memoria
1355 4002 1368 4042 :
1402 3986 1612 4044 reﬂexa
1642 3989 1987 4060 cogitatione

249 4084 322 4140 ad
356 4078 734 4143 memoriam,
766 4075 919 4131 facta
935 4078 1025 4130 est
1048 4074 1212 4132 visio.
1242 4074 1678 4135 Demonstravit
1709 4095 1843 4152 ergo
1864 4098 1985 4138 me-

248 4172 443 4230 moria
475 4175 585 4225 tua
631 4165 976 4238 cogitationi
1016 4168 1130 4220 tuas
1178 4165 1615 4240 Carthaginem,
1650 4175 1707 4226 et
1737 4173 1890 4241 quod
1924 4172 1983 4227 in

250 4264 351 4320 illa
379 4266 509 4318 erat
530 4263 855 4329 antequam
888 4255 1246 4321 intenderes,
1281 4274 1572 4315 conversas
1603 4262 1669 4316 ad
1705 4277 1767 4317 se
1798 4262 1986 4317 inten-

250 4353 394 4410 tioni
427 4346 811 4423 cogitationis
841 4345 1118 4403 ostendit.
1163 4346 1306 4403 Ecce
1337 4347 1488 4404 facta
1519 4356 1610 4406 est
1639 4369 1671 4406 a
1702 4352 1983 4409 memoria

252 4437 711 4507 demonstratio,
746 4436 898 4491 facta
924 4442 1011 4491 est
1041 4435 1101 4491 in
1119 4434 1466 4505 cogitatione
1498 4438 1641 4494 visio
1676 4456 1689 4506 ;
1722 4444 1779 4495 et
1821 4440 1983 4496 nulla

248 4533 430 4589 verba
468 4530 530 4586 in
564 4527 759 4585 medio
810 4533 1214 4593 cucurrerunt,
1247 4526 1476 4582 nullum
1526 4544 1594 4584 ex
1635 4544 1871 4599 corpore
1900 4530 1977 4585 si-

253 4638 435 4695 gnum
469 4622 678 4677 datum
710 4620 801 4673 est
824 4631 839 4672 :
864 4630 970 4672 nec
1000 4614 1271 4684 innuisti,
1306 4632 1408 4673 nec
1439 4617 1744 4689 scripsisti,
1769 4634 1978 4675 necso-

253 4711 433 4769 nuisti
459 4728 473 4779 ;
498 4713 557 4767 et
577 4712 781 4764 tamen
805 4704 1078 4778 cogitatio
1099 4706 1244 4761 vidit
1265 4707 1413 4777 quod
1441 4707 1723 4765 memoria
1742 4708 1979 4765 demon-

256 4802 474 4859 stravit.
523 4797 809 4870 Ejusdem
847 4800 1041 4852 autem
1081 4794 1425 4852 substantiae
1471 4802 1578 4865 est,
1611 4804 1666 4852 et
1712 4814 1839 4869 quae
1881 4799 1980 4854 de-

258 4890 628 4957 monstravit,
663 4890 720 4944 et
747 4884 1298 4943 cuidemonstravit.
1334 4886 1442 4942 Sed
1478 4886 1886 4959 Carthaginem
1919 4890 1983 4942 ut

260 4981 489 5037 haberet
538 4976 831 5035 memoria
879 4980 999 5043 tua,
1040 4991 1139 5047 per
1190 4975 1388 5033 oculos
1431 4975 1645 5032 hausta
1673 4981 1764 5032 est
1788 4977 1980 5049 imago

254 5070 373 5128 hac
403 5087 418 5127 :
454 5068 652 5127 vidisti
682 5067 844 5125 enim
876 5067 1030 5137 quod
1064 5066 1122 5122 in
1176 5066 1459 5123 memoria
1490 5068 1850 5124 reconderes.
1884 5066 1982 5123 Sic

259 5163 523 5219 arborem
549 5176 731 5233 quam
757 5156 1075 5215 meministi
1109 5156 1330 5225 vidisti,
1356 5158 1439 5213 sic
1464 5163 1745 5228 montem,
1764 5158 1847 5214 sic
1869 5156 1981 5211 ﬂu-

256 5254 435 5323 vium,
482 5252 566 5308 sic
616 5249 792 5307 amici
829 5248 1056 5310 faciem,
1109 5247 1194 5303 sic
1225 5247 1471 5317 inimici,
1508 5247 1589 5303 sic
1614 5248 1821 5319 patris,
1854 5264 1979 5303 ma-

260 5343 391 5412 tria,
449 5340 673 5409 fratris,
727 5337 966 5405 sororis,
1016 5336 1147 5406 filii,
1201 5337 1409 5407 vicini;
1474 5337 1521 5393 si
1569 5336 1888 5392 litterarum
1923 5337 1982 5391 in

260 5434 453 5490 codice
482 5431 979 5504 conscriptarum,
1033 5428 1116 5486 sic
1169 5427 1357 5500 ipsius
1398 5426 1637 5497 codicis,
1674 5429 1759 5483 sic
1806 5426 1981 5496 hujus

263 5524 511 5584 basilica
536 5541 551 5580 :
581 5523 786 5582 omnia
836 5522 951 5578 ista
988 5520 1203 5592 vidisti,
1239 5524 1296 5577 et
1323 5520 1447 5576 visa
1476 5519 1609 5591 quia
1644 5519 1764 5590 jam
1797 5524 1977 5585 erant,

264 5620 553 5680 memoria!
583 5613 1040 5682 commendasti;
1069 5620 1125 5674 et
1142 5622 1420 5685 tanquam
1443 5608 1689 5683 posuisti
1711 5607 1831 5664 illic
1854 5622 1981 5679 quae

2122 576 2278 619 esses
2303 565 2657 639 Carthagini,
2707 572 2927 641 accepit
2965 572 3216 642 speciem
3241 590 3342 646 per
3390 577 3587 633 oculos
3639 580 3833 636 anima

2122 654 2259 719 tua;
2296 654 2413 710 hac
2444 658 2664 727 species
2697 661 2991 716 recondita
3040 667 3124 718 est
3186 665 3241 719 in
3291 668 3575 724 memoria
3619 673 3739 738 tua,
3776 677 3834 727 et

2120 745 2335 798 servasi
2368 745 2589 816 aliquid
2640 748 2798 805 intus
2840 750 3012 806 homo
3057 754 3210 823 apud
3244 755 3648 826 Carthaginem
3687 776 3828 815 con-

2118 830 2549 903 stitutus,quod
2576 839 2940 911 possesapud
2968 844 3020 895 te
3038 840 3229 897 videre
3246 843 3417 899 etiam
3444 862 3574 901 cum
3596 847 3677 903 ibi
3711 865 3826 904 non

2117 934 2294 975 esses.
2332 922 2458 979 Hac
2490 926 2685 983 omnia
2709 929 3027 985 forinsecus
3054 932 3349 1004 accepisti.
3378 936 3542 990 Pater
3572 953 3697 1009 quae
3733 939 3830 994 de-

2116 1013 2402 1065 monstrat
2432 1010 2596 1081 Filio,
2631 1032 2744 1070 non
2779 1018 2987 1088 accipit
3013 1019 3413 1078 extrinsecus:
3439 1022 3598 1079 intus
3630 1030 3823 1082 totum

2114 1098 2342 1168 agitur;
2377 1101 2515 1169 quia
2539 1103 2681 1159 nihil
2707 1115 3100 1165 creaturarum
3125 1117 3280 1166 esset
3302 1113 3685 1184 extrinsecus,
3711 1117 3825 1173 nisi

2116 1186 2220 1241 hoc
2244 1189 2409 1245 Pater
2439 1192 2666 1250 fecisset
2698 1212 2796 1266 per
2838 1197 3070 1254 Filium.
3115 1201 3391 1258 Creatura
3418 1204 3608 1260 omnis
3640 1221 3675 1259 a
3709 1206 3825 1263 Deo

2114 1278 2264 1334 facta
2295 1288 2383 1335 est
2420 1299 2431 1347 ;
2467 1293 2773 1356 antequam
2824 1288 2985 1344 ﬁeret
3031 1308 3142 1345 non
3177 1297 3318 1349 erat.
3354 1293 3477 1348 Non
3510 1311 3644 1367 ergo
3677 1297 3825 1353 facta

2112 1368 2235 1424 visa
2266 1375 2352 1426 est
2381 1379 2437 1426 et
2467 1378 2689 1429 retenta
2712 1378 3062 1445 memoriter,
3090 1385 3151 1434 ut
3179 1397 3304 1436 eam
3333 1382 3499 1438 Pater
3529 1384 3671 1442 Filio
3693 1390 3823 1442 tan-

2113 1475 2285 1529 quam
2321 1464 2599 1518 memoria
2648 1466 2980 1537 cogitationi
3032 1475 3381 1526 monstraret
3414 1475 3571 1529 :tsed
3603 1475 3819 1531 facien-

2112 1548 2245 1604 dam
2281 1554 2446 1607 Pater
2470 1557 2836 1627 monstravit,
2868 1556 3186 1613 faciendam
3224 1560 3399 1615 Filius
3425 1562 3590 1630 vidit,
3616 1569 3673 1618 et
3692 1580 3819 1623 eam

2111 1637 2279 1693 Pater
2308 1639 2761 1700 demonstrando
2794 1646 2947 1714 fecit,
2982 1649 3115 1719 quia
3150 1664 3251 1719 per
3283 1649 3493 1706 Filium
3527 1653 3819 1709 videntem

2112 1727 2265 1783 fecit.
2319 1730 2387 1785 Et
2446 1730 2574 1787 ideo
2620 1750 2847 1790 movere
2898 1752 3011 1791 non
3058 1738 3250 1807 debet,
3284 1740 3423 1809 quia
3455 1740 3680 1797 dictum
3713 1747 3820 1813 est,

2108 1819 2223 1874 nisi
2250 1820 2393 1892 quod
2423 1821 2633 1877 viderit
2665 1825 2886 1879 Patrem
2910 1827 3212 1895 facientem
3244 1843 3263 1883 :
3297 1846 3410 1884 non
3444 1830 3667 1886 dictum
3712 1841 3821 1903 est,

2110 1911 2633 1969 demonstrantem.
2688 1914 2793 1970 Per
2837 1916 2942 1973 hoc
2994 1918 3147 1973 enim
3192 1918 3584 1991 signiﬁcatum
3618 1927 3727 1985 est,
3761 1924 3820 1979 id

2108 2014 2237 2055 esse
2283 1998 2435 2054 Patri
2478 2001 2683 2067 facere,
2718 2005 2870 2075 quod
2924 2012 3009 2060 est
3041 2005 3482 2075 demonstrare;
3518 2014 3582 2063 ut
3610 2026 3679 2065 ex
3711 2010 3819 2066 hoc

2110 2089 2461 2160 intelligatur
2492 2107 2593 2159 per
2624 2091 2845 2157 Filium
2893 2093 3181 2149 videntem
3234 2096 3432 2151 omnia
3464 2097 3668 2154 facere.
3702 2098 3819 2155 Nec

2107 2180 2208 2236 illa
2237 2180 2677 2249 demonstratio,
2725 2198 2827 2235 nec
2858 2182 2956 2236 illa
2988 2183 3129 2238 visio
3160 2184 3499 2255 temporalis
3530 2185 3817 2250 est.70uia

2108 2273 2260 2329 enim
2286 2291 2387 2344 per
2410 2273 2618 2329 Filium
2644 2274 2790 2328 ﬁunt
2820 2274 3014 2329 omnia
3044 2278 3325 2346 tempore,
3352 2292 3468 2331 non
3494 2277 3697 2347 utique
3713 2278 3816 2337 ali.-

2106 2380 2222 2435 quo
2251 2370 2512 2436 tempore
2544 2368 2777 2435 possent
2797 2362 2847 2416 ei
2872 2364 3254 2418 demonstrari
3279 2363 3558 2419 facienda.
3596 2364 3688 2419 Sic
3718 2381 3814 2421 au-

2107 2459 2221 2509 tem
2256 2454 2668 2510 demonstratio
2692 2452 2880 2507 Patris
2912 2451 3038 2506 Filii
3064 2452 3345 2508 visionem
3370 2453 3577 2524 gignit,
3603 2471 3807 2525 quem-

2106 2545 2421 2601 admodum
2460 2545 2626 2600 Pater
2658 2543 2864 2599 Filium
2895 2543 3101 2614 gignit.
3138 2544 3558 2600 Demonstratis
3589 2546 3809 2618 quippe

2101 2640 2339 2706 generat
2368 2635 2673 2699 visionem,
2708 2649 2825 2689 non
2865 2633 3010 2689 visio
3037 2635 3614 2693 demonstrationem.
3649 2637 3812 2701 Quod

2104 2724 2154 2780 si
2175 2725 2376 2795 purius
2408 2730 2464 2780 et
2497 2723 2803 2795 perfectius
2835 2723 3050 2779 intueri
3080 2724 3428 2789 valeremus,
3465 2726 3705 2782 fortasse
3731 2726 3815 2782 in-

2101 2817 2434 2871 veniremus
2469 2831 2573 2871 nec
2604 2814 2759 2870 aliud
2786 2830 2913 2872 esse
2944 2814 3197 2884 Patrem,
3222 2814 3379 2871 aliud
3413 2816 3539 2885 ejus
3570 2817 3811 2873 demon-

2099 2905 2480 2975 strationem;
2534 2921 2634 2961 nec
2684 2904 2841 2959 aliud
2880 2904 3113 2974 Filium,
3150 2905 3307 2961 aliud
3343 2905 3469 2975 ejus
3502 2906 3807 2964 visionem.

2097 2995 2288 3065 Sedfsi
2319 2996 2413 3049 vix
2436 2996 2541 3051 hoc
2572 2996 2852 3066 cepimus,
2878 2996 2968 3051 vix
2997 2995 3285 3067 explicare
3316 2996 3637 3069 potuimus,
3666 3015 3811 3070 quo-

2099 3088 2271 3143 modo
2304 3086 2585 3143 memoria
2612 3087 2767 3158 quod
2811 3086 2961 3158 cepit
2993 3087 3372 3154 extrinsecus,
3416 3089 3683 3144 ostendat
3713 3106 3808 3146 co-

2097 3175 2384 3247 gitationi;
2400 3179 2618 3246 quanto
2633 3174 2821 3230 minus
2835 3190 3036 3245 capere
3050 3182 3141 3231 aut
3157 3175 3446 3246 explicare
3465 3178 3810 3247 poterimus,

2097 3266 2380 3336 quomodo
2416 3264 2581 3320 Pater
2611 3263 2761 3318 Deus
2788 3265 3147 3319 demonstrat
3192 3262 3333 3319 Filio
3366 3266 3523 3335 quod
3558 3280 3673 3322 non
3706 3266 3810 3321 ha-

2097 3354 2193 3414 bet
2224 3353 2481 3423 aliunde,
2513 3351 2599 3408 vel
2632 3352 2784 3422 quod
2818 3368 2933 3408 non
2966 3356 3054 3405 est
3084 3349 3245 3406 aliud
3279 3368 3456 3420 quam
3490 3352 3651 3422 ipse?
3682 3354 3809 3410 Par-

2096 3444 2214 3499 vuli
2270 3459 2516 3511 sumus;
2576 3441 2780 3512 loquor
2826 3440 2988 3497 vobis
3019 3440 3155 3511 quid
3209 3456 3322 3495 non
3364 3441 3440 3495 sit
3481 3440 3657 3509 Deus,
3691 3458 3806 3497 non

2097 3534 2335 3589 ostendo
2369 3533 2503 3604 quid
2537 3532 2613 3589 sit
2645 3548 2657 3586 :
2692 3546 2828 3602 ergo
2849 3535 2909 3586 ut
2938 3528 3238 3601 capiamus
3261 3528 3397 3599 quid
3420 3530 3515 3597 sit,
3543 3531 3681 3599 quid
3718 3531 3806 3585 fa-

2096 3624 2317 3679 ciemus
2347 3622 2374 3676 ?
2403 3621 2700 3691 Numquid
2724 3636 2757 3675 a
2785 3636 2897 3687 me,
2930 3618 3209 3688 numquid
3239 3633 3340 3689 per
3373 3633 3464 3673 me
3495 3617 3806 3687 poteritis?

2096 3711 2294 3768 Dicam
2325 3710 2434 3765 hoc
2464 3708 2746 3780 parvulis,
2790 3712 2848 3763 et
2885 3706 3047 3763 vobis
3075 3713 3127 3761 et
3159 3704 3302 3761 mihi
3338 3723 3349 3760 :
3384 3709 3470 3760 est
3501 3721 3600 3775 per
3628 3721 3801 3776 quem

2095 3799 2430 3873 possimus;
2462 3799 2629 3854 modo
2653 3797 3034 3863 cantavimus,
3055 3795 3226 3851 modo
3257 3793 3611 3860 audivimus,
3638 3798 3804 3851 Jacta

2095 3888 2156 3944 in
2187 3889 2481 3945 Dominum
2504 3905 2690 3945 curam
2718 3892 2895 3955 tuam,
2927 3895 2977 3943 et
2999 3885 3112 3957 ipse
3152 3892 3202 3941 te
3221 3887 3457 3941 enutriet
3479 3885 3657 3956 (Psal.
3693 3901 3803 3957 LIV,

2094 3979 2205 4051 23).
2241 3979 2370 4036 Ideo
2402 3977 2556 4035 enim
2592 3995 2705 4034 non
2730 3981 2916 4049 potes,
2948 3992 2980 4033 ο
3004 3976 3202 4043 homo,
3229 3976 3367 4047 quia
3400 3973 3677 4046 parvulus
3701 3990 3801 4030 es:

2095 4072 2145 4125 si
2174 4069 2447 4141 parvulus
2478 4087 2560 4136 es,
2585 4068 2929 4125 nutriendus
2951 4082 3049 4122 es:
3075 4067 3357 4129 nutritus,
3391 4065 3624 4135 grandis
3649 4064 3760 4119 eris
3789 4082 3803 4131 ;

2094 4165 2152 4216 et
2183 4160 2340 4233 quod
2367 4158 2644 4231 parvulus
2678 4176 2790 4215 non
2841 4164 3089 4227 poteras,
3138 4153 3379 4228 grandis
3413 4152 3667 4208 videbis:
3705 4152 3807 4207 sed

2096 4256 2157 4308 ut
2187 4252 2487 4321 nutriaris,
2519 4253 2675 4308 Jacta
2699 4250 2757 4306 in
2788 4250 3084 4304 Dominum
3113 4262 3300 4302 curam
3332 4250 3506 4306 tuam,
3534 4250 3584 4297 et
3615 4240 3807 4312 ipsete

2092 4346 2357 4402 enutriet.

2168 4442 2251 4493 t2.
2292 4437 2461 4492 Modo
2495 4450 2631 4505 ergo
2682 4446 3086 4503 percurramus
3118 4428 3364 4483 breviter
3403 4426 3803 4494 quaerestant,

2092 4534 2147 4581 et
2177 4526 2365 4580 videte
2396 4524 2485 4579 hic
2533 4539 2658 4593 qua:
2705 4517 3126 4582 commendavi,
3174 4513 3467 4586 quomodo
3518 4510 3803 4567 Dominus

2094 4615 2369 4671 insinuet.
2405 4615 2565 4669 Pater
2603 4610 2793 4682 diligit
2825 4609 3060 4672 Filium,
3094 4615 3142 4663 et
3172 4606 3357 4663 omnia
3397 4601 3805 4661 demanstratei

2095 4720 2217 4777 quae
2243 4703 2356 4776 ipse
2374 4706 2531 4776 facit.
2562 4704 2685 4774 Ipse
2716 4703 2962 4759 suscitat
2991 4700 3240 4765 animus,
3288 4697 3388 4753 sed
3433 4712 3531 4767 per
3566 4693 3803 4759 Filium,

2094 4798 2161 4848 ut
2190 4794 2461 4849 fruantur
2500 4792 2705 4849 animos
2738 4790 3031 4848 suscitata:
3054 4786 3386 4845 substantia
3411 4784 3535 4849 Dei,
3575 4784 3684 4838 hoc
3716 4786 3804 4837 est

2094 4885 2280 4941 Patris
2311 4890 2365 4941 et
2387 4885 2534 4940 Filii.
2576 4886 2637 4939 Et
2683 4885 2897 4955 majora
2944 4883 3024 4938 his
3074 4876 3476 4936 demonstrabit
3525 4875 3578 4929 ei
3605 4888 3797 4942 opera.

2091 4980 2312 5044 Quibus
2334 4980 2556 5051 majora
2576 4979 2603 5033 ’ἶ
2634 4978 2997 5035 Sauitatibus
3028 4988 3359 5045 corporum.
3383 4974 3509 5025 Jam
3530 4969 3601 5035 fet
3630 4967 3801 5018 antea

2091 5070 2470 5125 tractavimus
2517 5068 2607 5140 (In
2647 5069 2896 5124 Tractatu
2956 5067 3038 5131 19,
3072 5082 3169 5118 nn.
3222 5062 3272 5125 4,
3332 5060 3386 5127 5,
3419 5065 3468 5112 et
3500 5058 3672 5110 Tract.
3708 5055 3799 5118 2t,

2088 5177 2145 5215 η.
2176 5160 2349 5233 5-10),
2387 5177 2487 5217 nec
2518 5157 2815 5215 immorari
2846 5156 3144 5211 debemus.
3179 5148 3363 5217 Major
3393 5150 3481 5201 est
3518 5143 3674 5198 cnim
3707 5160 3796 5199 re-

2094 5250 2377 5305 surrectio
2411 5249 2669 5320 corporis
2724 5248 2781 5300 in
2828 5252 3127 5306 aeternum,
3180 5252 3354 5308 quam
3404 5233 3525 5289 haec
3568 5250 3692 5304 quas
3725 5234 3795 5288 ad

2095 5346 2320 5409 tempus
2341 5339 2489 5394 facta
2518 5346 2604 5392 est
2631 5337 2689 5391 in
2721 5334 2817 5389 ille
2858 5330 3133 5402 languido
3166 5324 3387 5382 sanitas
3419 5323 3697 5394 corporis.
3733 5324 3797 5377 Et

2091 5430 2304 5497 majora
2333 5430 2416 5481 his
2454 5425 2847 5482 demonstrabit
2875 5428 2925 5478 et
2955 5437 3136 5492 Opera,
3175 5423 3229 5474 ut
3252 5432 3341 5474 vos
3370 5413 3676 5470 miremini.
3707 5415 3800 5470 De«

2090 5516 2444 5587 monstrabit,
2486 5516 2653 5587 quasi
2699 5510 3095 5585 temporalitcr
3129 5527 3141 5567 :
3192 5523 3329 5580 ergo
3366 5505 3532 5577 quasi
3574 5502 3798 5559 homini

2095 5605 2243 5660 facto
2266 5604 2323 5659 in
2358 5608 2637 5676 tempore,
2662 5604 2801 5678 quia
2836 5601 3092 5661 Verbum
3123 5599 3278 5657 Deus
3314 5613 3429 5656 non
3470 5602 3553 5651 est
3583 5594 3793 5660 factus,
