4146 6186
360 233 510 297 1591
1310 230 1389 293 ΙΝ
1432 232 1762 298 JOANNIS
1808 230 2354 306 EVANGELIUM,
2402 233 2444 294 S
2491 232 2957 307 ,AUGUSTINI
3734 236 3889 297 {592

356 386 459 442 per
479 382 653 442 quem
677 366 872 424 omnia
895 367 1047 424 facta
1068 369 1210 424 sunt
1230 372 1522 440 tempora:
1546 370 1647 426 sed
1680 371 1849 428 homo
1875 370 2063 426 factus

355 459 619 516 Christus
650 457 710 513 in
742 462 1025 527 tempore.
1074 459 1327 528 Apparet
1372 474 1483 529 quo
1515 458 1786 525 Consule,
1827 475 1942 531 quo
1972 459 2063 515 die

356 554 705 621 conceptum
727 548 797 603 de
820 547 1035 619 Spiritu
1059 554 1257 602 sancto
1279 545 1436 618 virgo
1454 546 1635 603 Maria
1656 548 1880 621 peperit
1894 548 1972 604 Cb
1983 548 2061 602 ri-

357 646 514 697 ctum
549 656 563 695 :
596 656 732 712 ergo
764 638 936 695 homo
968 638 1153 694 factus
1201 642 1290 693 est
1337 640 1394 693 in
1428 644 1706 711 tempore,
1748 656 1848 711 per
1887 654 2061 711 quem

358 730 540 785 Deum
574 729 723 785 facta
754 738 888 784 sunt
917 732 1197 798 tempora.
1229 727 1363 783 Ideo
1403 732 1677 799 tanquam
1711 729 1770 783 in
1802 733 2063 800 tempore

358 817 785 875 demonstrabit
806 816 854 874 ei
878 831 1053 888 opera
1075 816 1317 886 majora,
1350 814 1406 871 id
1438 820 1546 883 est,
1577 817 2063 871 resurrectionem

356 923 688 980 corporum,
724 910 789 963 ut
817 922 917 963 vos
947 905 1236 962 miremini
1266 906 1474 961 factam
1504 922 1606 978 per
1635 905 1842 962 Filium
1877 920 2062 962 resur-

358 999 673 1056 rectionem
704 1012 1034 1070 corporum.

430 1091 515 1145 13.
548 1088 770 1145 Deinde
800 1088 948 1143 redit
987 1088 1055 1143 ad
1097 1082 1259 1144 illam
1304 1089 1789 1146 resurrectionem
1838 1088 2061 1144 anima-

355 1195 489 1235 rum
520 1194 535 1235 :
567 1179 721 1235 Sicut
751 1179 901 1233 enim
926 1180 1092 1232 Pater
1110 1178 1339 1235 suscitat
1361 1190 1599 1236 mortuos
1628 1183 1677 1236 et
1699 1180 1954 1249 vivi/ient,
1987 1178 2065 1233 sic

352 1275 409 1325 et
427 1268 599 1325 Filius
628 1285 760 1341 quos
800 1267 925 1325 vutt
968 1269 1226 1339 vivi/ient,
1277 1271 1375 1325 sed
1408 1271 1729 1326 secundum
1771 1270 2061 1341 spiritum.

354 1359 617 1417 Viviiicat
643 1361 833 1425 Pater,
859 1359 1109 1415 vivificat
1137 1359 1315 1415 Filius
1342 1378 1356 1427 ;
1387 1378 1533 1432 quos
1554 1359 1674 1417 vult
1702 1361 1889 1429 Pater,
1916 1377 2061 1432 quos

355 1448 476 1505 vult
506 1448 683 1504 Filius
711 1464 724 1504 :
759 1449 859 1503 sed
894 1449 1051 1519 ipsos
1082 1448 1249 1503 Pater
1279 1464 1425 1520 quos
1458 1450 1662 1517 Filius;
1700 1449 1839 1521 quia
1870 1451 2064 1506 omnia

355 1553 460 1609 per
482 1538 674 1608 ipsum
701 1537 847 1592 facta
877 1541 1037 1593 sunt.
1089 1536 1241 1592 Sicut
1294 1539 1441 1593 enim
1472 1540 1638 1594 Pater
1665 1538 1895 1594 suscitat
1918 1554 2063 1595 mor-

355 1634 476 1686 tuos
506 1636 561 1685 et
590 1628 850 1699 viviﬁcat,
898 1630 975 1685 sic
1024 1639 1074 1685 et
1120 1629 1301 1686 Filius
1348 1647 1480 1703 quos
1527 1632 1643 1686 vult
1691 1632 1950 1702 viviﬁcai.
1983 1631 2063 1687 De

354 1718 775 1775 resurrectione
839 1716 1173 1775 animarum
1241 1719 1458 1775 dictum
1511 1719 1774 1776 esthoc:
1822 1720 1958 1792 quid
1992 1720 2063 1776 de

354 1809 845 1866 resurrectionem
897 1808 1265 1881 corporum?
1330 1809 1515 1880 Redit,
1562 1813 1619 1867 et
1685 1810 1847 1878 dicit,
1886 1812 2065 1883 Neque

351 1902 503 1958 enim
559 1902 727 1957 Pater
766 1900 981 1973 judicat
1022 1917 1368 1974 quemquam,
1424 1902 1522 1957 sed
1562 1917 1723 1958 omne
1786 1901 2063 1973 judicium

352 1990 503 2048 dedit
569 1991 730 2061 Filio,
807 1992 1173 2048 Resurrectio
1248 1993 1577 2049 animarum
1635 1992 1700 2047 ﬁt
1756 2009 1858 2064 per
1914 1992 2060 2049 sub-

352 2082 631 2137 stantiam
677 2081 863 2137 Patris
918 2086 974 2136 et
1018 2081 1145 2136 Filii
1194 2089 1468 2139 eternam
1518 2090 1575 2138 et
1618 2083 2065 2139 incommutabi-

353 2171 462 2227 lem
501 2188 514 2228 :
548 2171 894 2228 resurrectio
926 2187 1060 2227 vero
1091 2188 1395 2244 corporum
1444 2172 1508 2228 {it
1556 2189 1655 2245 per
1686 2173 2062 2245 dispensatio-

353 2276 487 2319 nem
520 2261 907 2319 humanitatis
931 2262 1055 2317 Filii
1077 2267 1483 2334 temporalem,
1512 2280 1625 2319 non
1659 2263 1813 2319 Patri
1834 2271 2061 2321 coaeter-

349 2366 508 2407 nam.
541 2349 675 2407 Ideo
727 2366 859 2407 cum
892 2360 1372 2408 commemoraret
1416 2352 1727 2423 judicium,
1769 2353 1863 2409 ubi
1902 2353 2064 2411 fieret

350 2441 699 2497 resurrectio
731 2458 1066 2514 corporum,
1108 2442 1223 2497 Non
1272 2444 1421 2498 enim
1451 2444 1634 2514 Pater,
1677 2444 1884 2516 inquit,
1907 2446 2063 2516 judi-

348 2538 439 2587 cat
474 2546 821 2603 quemquam,
864 2531 956 2587 sed
986 2546 1145 2587 omne
1174 2532 1441 2599 judicium
1483 2532 1628 2590 dedit
1668 2535 1805 2591 Filio
1827 2553 1846 2592 :
1879 2538 1948 2592 de
1980 2552 2061 2593 re-

350 2629 709 2684 surrectione
724 2634 917 2683 autem
933 2630 1284 2695 animarum,
1310 2630 1464 2685 Sicut
1487 2636 1650 2687 Pater
1666 2635 1889 2688 suscitat
1908 2650 2060 2688 mor-

352 2720 467 2773 tuos
516 2721 564 2772 et
594 2718 853 2789 viviﬁcat,
904 2718 983 2773 sic
1010 2728 1063 2774 et
1101 2718 1276 2774 Filius
1306 2735 1437 2791 quos
1466 2720 1590 2777 vutt
1615 2724 1874 2792 viviﬁcat.
1911 2724 2058 2780 Illud

349 2821 484 2877 ergo
532 2806 708 2863 simul
757 2808 922 2863 Pater
950 2812 1006 2864 et
1037 2807 1217 2863 Filius
1250 2824 1266 2866 :
1312 2809 1422 2864 hoc
1469 2816 1663 2867 autem
1696 2814 1765 2870 de
1797 2830 2058 2871 resurre-

347 2897 541 2954 ctione
583 2912 914 2970 corporum,
963 2899 1080 2954 Non
1110 2899 1333 2969 judicat
1378 2902 1544 2957 Pater
1587 2919 1934 2976 quemquam,
1964 2908 2059 2963 sed

346 3002 504 3044 omne
522 2988 794 3057 judicium
840 2988 991 3044 dedit
1045 2988 1203 3045 Filio.
1248 2991 1310 3047 Ut
1338 3007 1521 3048 omnes
1567 2994 1930 3066 honoriﬁcent
1956 2996 2059 3053 Fi-

347 3077 507 3145 lium,
530 3079 669 3134 sicut
699 3077 1063 3149 honoriﬁcant
1092 3080 1333 3137 Patrem.
1378 3080 1494 3138 Iloc
1528 3085 1823 3141 redditum
1845 3091 1935 3142 est
1964 3103 2051 3143 re-

345 3168 690 3225 surrectioni
734 3168 1084 3226 animarum.
1120 3171 1181 3227 Ut
1224 3186 1409 3228 omnes
1446 3172 1801 3245 honoriﬁcam
1830 3179 2053 3236 Filium.

345 3257 644 3322 Quomodo
662 3258 691 3314 ?
710 3260 863 3315 Sicut
884 3259 1247 3331 honoriﬁcant
1269 3264 1506 3319 Patrem.
1532 3265 1871 3323 Animarum
1896 3270 2052 3326 enim

342 3348 830 3406 resurrectionem
863 3351 946 3407 sic
987 3356 1263 3424 operatur
1292 3353 1491 3421 Filius,
1526 3358 1818 3426 quomodo
1854 3358 2053 3418 Pater:

341 3437 426 3494 sic
456 3438 707 3496 vivificat
756 3440 960 3509 Filius,
1008 3443 1299 3514 quomodo
1331 3444 1514 3500 Pater.
1549 3447 1692 3517 Ergo
1733 3448 1791 3502 in
1825 3453 2054 3506 anima-

342 3544 469 3586 rum
503 3534 928 3588 resurrectione
949 3548 1134 3589 omnes
1166 3534 1521 3605 honoriﬁcent
1543 3538 1767 3609 Filium,
1800 3542 1939 3597 sicut
1960 3543 2054 3599 ho-

339 3623 635 3693 noriﬁcant
686 3626 933 3681 Patrem.
985 3627 1133 3691 Quid
1183 3628 1254 3684 de
1294 3628 1774 3690 bonoriﬁcatione
1825 3642 2056 3707 propter

342 3714 824 3769 resurrectionem
856 3718 1115 3787 corporis
1138 3716 1166 3771 ?
1198 3719 1304 3780 Qui
1331 3735 1441 3775 non
1470 3722 1794 3792 honoriﬁcat
1824 3725 2051 3796 Filium,

341 3817 452 3856 non
470 3803 1030 3871 honoriﬁcatPatrem
1047 3810 1142 3880 qui
1159 3811 1305 3864 misit
1324 3811 1506 3867 illum.
1526 3812 1651 3867 Non
1679 3815 1841 3883 dixit,
1866 3820 2049 3887 sicut;

344 3890 464 3959 sed,
498 3892 851 3962 honoriﬁcat,
875 3902 929 3950 et
952 3896 1293 3966 honori/icui.
1332 3899 1659 3959 Honoratur
1689 3904 1842 3960 enim
1878 3906 2051 3964 bomo

344 3978 634 4050 Christus,
666 3982 768 4036 sed
800 3998 912 4038 non
945 3983 1095 4040 sicut
1120 3985 1285 4042 Pater
1316 3986 1488 4044 Deus.
1524 3993 1753 4057 Quare?
1783 3996 1928 4060 Quia
1958 4013 2049 4053 se-

343 4067 603 4157 cundum
635 4069 744 4127 hoc
771 4070 934 4140 dixit,
967 4073 1131 4129 Paler
1163 4077 1337 4148 major
1363 4093 1449 4135 me
1477 4088 1555 4136 est
1585 4082 1768 4151 (Joan.
1799 4101 1910 4154 xiv,
1937 4085 2051 4157 28).

344 4156 583 4223 Quando
603 4162 799 4218 autem
822 4161 1237 4222 bonorificatur
1254 4165 1455 4238 Filius,
1472 4169 1621 4226 sicut
1646 4156 2056 4231 bonoriﬁcatur

344 4250 509 4305 Pater
530 4249 558 4307 ?
582 4251 725 4308 Cum
758 4253 819 4308 in
846 4255 1120 4327 principio
1148 4262 1275 4313 erat
1310 4259 1570 4329 Verbum,
1601 4266 1651 4317 et
1687 4262 1909 4319 Verbum
1937 4274 2055 4322 erat

345 4338 493 4410 apud
512 4341 702 4412 Deum,
743 4346 800 4399 et
844 4346 1031 4401 omnia
1076 4362 1173 4418 per
1220 4348 1398 4420 ipsum
1426 4352 1573 4421 facta
1615 4358 1744 4409 sunt
1776 4355 1886 4425 (1d.
1922 4372 1959 4423 i,
2002 4359 2055 4425 1,

343 4427 423 4499 3).
457 4428 526 4485 Et
564 4428 693 4487 ideo
725 4430 783 4487 in
815 4431 924 4489 bac
955 4432 1435 4496 honoriﬁcatione
1466 4443 1721 4498 secunda
1762 4442 1900 4514 quid
1932 4444 2056 4500 ait?

345 4518 585 4590 Quinon
620 4521 942 4593 honori/icui
975 4524 1203 4594 Filium,
1242 4544 1340 4585 nec
1362 4528 1682 4601 honori/teat
1716 4539 1939 4591 Patrem
1961 4534 2058 4606 qui

348 4608 500 4663 misit
521 4611 702 4665 illum.
733 4609 857 4667 Non
881 4620 969 4669 est
1002 4616 1219 4673 missus
1243 4618 1439 4685 Filius,
1463 4622 1574 4677 nisi
1597 4624 1734 4694 quia
1767 4625 1950 4682 factus
1973 4632 2059 4683 est

348 4698 549 4754 homo.

421 4789 508 4843 14.
541 4789 730 4858 Amen,
780 4808 939 4849 amen
972 4795 1095 4851 dico
1129 4799 1295 4855 vobis.
1335 4801 1548 4857 Iterum
1583 4805 1730 4860 redit
1762 4807 1831 4862 ad
1866 4824 2055 4865 resur-

350 4879 665 4937 rectionem
690 4882 1041 4953 animarum,
1068 4892 1127 4941 ut
1156 4891 1385 4945 assidue
1408 4891 1690 4949 dicentem
1717 4897 2054 4970 capiamus;

350 4972 491 5042 quia
513 4973 664 5027 velut
685 4972 975 5031 volantem
1000 4994 1324 5034 sermonem
1348 4984 1511 5053 sequi
1537 5001 1648 5040 non
1676 4992 2009 5056 poteramus
2039 5006 2054 5059 ;

350 5080 481 5121 ecce
511 5064 860 5119 immoratur
891 5069 1195 5124 nobiscum
1229 5086 1418 5127 sermo
1451 5074 1569 5140 Dei,
1603 5092 1735 5133 ecce
1767 5082 1932 5151 quasi
1960 5079 2059 5136 ha-

350 5155 499 5210 bitat
516 5172 647 5212 cum
667 5157 1109 5216 infirmitatibus
1134 5164 1378 5218 nostris:
1397 5166 1789 5225 reditrursum
1815 5172 1881 5225 ad
1909 5188 2054 5228 com-

354 5246 784 5303 mendationem
819 5253 1254 5308 resurrectionis
1286 5256 1634 5313 animarum.
1678 5260 1869 5330 Amen,
1899 5278 2063 5317 amen

350 5336 469 5386 dico
497 5337 664 5402 vobis,
696 5342 828 5409 quia
858 5345 953 5412 qui
975 5345 1195 5399 verbum
1215 5362 1401 5402 meum
1422 5349 1606 5417 audit,
1628 5353 1679 5405 et
1697 5352 1872 5407 credit
1900 5356 1953 5408 ei
1969 5354 2066 5424 qui

356 5438 440 5479 me
467 5429 641 5496 misd,
674 5429 831 5484 habet
854 5435 1022 5490 vitam
1049 5448 1318 5495 mternam
1345 5456 1365 5493 :
1396 5441 1497 5497 sed
1548 5447 1826 5515 tanquam
1863 5461 1929 5499 ex
1959 5446 2061 5501 Pa-

350 5522 457 5573 tre.
492 5514 635 5609 Quia
665 5520 763 5589 qui
788 5523 1008 5581 verbum
1038 5544 1225 5585 meum
1250 5529 1430 5601 audit,
1452 5535 1502 5589 et
1530 5514 1703 5593 credit
1732 5539 1785 5593 ei
1799 5536 1899 5609 qui
1914 5537 2068 5594 misit

350 5620 456 5682 me,
489 5620 559 5665 ex
590 5608 758 5665 Patre
788 5609 944 5668 habet
985 5614 1161 5673 vitam
1188 5625 1475 5689 aeternam,
1508 5608 1890 5681 credendoiin
1928 5642 2063 5683 eum

2174 371 2275 442 qui
2308 370 2465 426 misit
2499 371 2685 427 illum.
2718 373 2785 427 Et
2816 374 2874 427 in
2896 372 3155 441 judicium
3182 389 3291 431 non
3323 373 3519 442 veniet,
3549 375 3644 431 sed
3665 374 3894 430 transiit

2173 475 2207 513 a
2227 459 2480 515 mortead
2510 460 2685 515 vitam
2715 478 2733 513 :
2766 461 2863 515 sed
2890 476 2957 516 ex
2988 461 3151 518 Patre
3181 463 3529 532 viviﬁcatur,
3554 462 3647 519 cui
3678 462 3887 519 credit.

2174 546 2345 616 Quid,
2392 553 2451 603 tu
2500 566 2614 604 non
2648 548 2905 606 vivificas
2927 550 2955 605 ?
2986 550 3126 607 Vide
3170 552 3306 624 quia
3330 558 3381 609 et
3411 552 3588 609 Filius
3615 567 3744 625 quos
3774 553 3891 608 vult

2172 636 2435 707 viviﬁcat.
2463 640 2655 707 Amen,
2680 655 2834 695 amen
2860 640 2977 695 dico
2998 640 3169 710 vobis,
3193 643 3322 712 quia
3336 644 3479 699 venit
3500 643 3653 710 hora,
3676 642 3890 713 quando

2175 729 2380 783 mortui
2408 730 2645 783 audient
2679 744 2856 784 vocem
2880 728 3014 785 Filii
3035 732 3155 800 Dei,
3177 738 3229 787 et
3253 732 3349 803 qui
3374 731 3654 789 audierint
3683 732 3887 788 vivent.

2174 814 2279 871 Hic
2308 833 2419 872 non
2443 816 2606 883 dixit,
2634 817 2884 874 Credent
2905 819 2953 875 ei
2979 820 3075 891 qui
3107 820 3265 877 misit
3291 837 3402 885 me,
3432 826 3489 877 et
3512 821 3638 877 ideo
3661 822 3888 889 vivent;

2174 905 2275 961 sed
2307 906 2595 963 audiendo
2627 923 2824 964 vocem
2878 908 3007 963 Filii
3037 908 3158 976 Dei,
3197 911 3293 983 qui
3322 910 3627 979 audierint,
3657 910 3767 966 hoc
3800 914 3892 967 est

2174 993 2544 1051 obaudierint
2576 996 2715 1052 Filio
2748 996 3087 1065 Dci,vivent.
3122 999 3269 1071 Ergo
3301 1004 3357 1056 et
3386 1016 3453 1055 ex
3484 1000 3652 1056 Patre
3674 1001 3887 1068 vivent,

2174 1101 2308 1140 cum
2341 1086 2574 1142 credent
2606 1086 2757 1141 Patri
2787 1104 2801 1154 ;
2835 1092 2890 1143 et
2919 1103 2987 1144 cx
3029 1089 3172 1144 Filio
3221 1089 3433 1157 vivent,
3484 1107 3614 1146 cum
3649 1089 3890 1147 audient

2172 1191 2372 1232 vocem
2406 1175 2530 1230 Filii
2564 1175 2685 1234 Dei.
2717 1175 2901 1239 Quare
2932 1186 2984 1232 et
3033 1195 3100 1234 ex
3132 1179 3295 1234 Patre
3328 1180 3524 1236 vivent
3552 1185 3609 1235 et
3646 1197 3714 1237 ex
3746 1181 3886 1236 Filio

2174 1265 2366 1324 vivent
2393 1265 2421 1320 ‘?
2450 1265 2597 1321 Sicut
2628 1268 2776 1323 enim
2804 1266 2960 1323 habet
2993 1272 3159 1324 Pater
3190 1269 3362 1324 vitam
3388 1270 3448 1325 in
3476 1270 3787 1342 semetipso,
3810 1271 3889 1327 sic

2172 1353 2320 1411 dedit
2348 1354 2489 1409 Filio
2516 1355 2714 1411 habere
2753 1358 2925 1412 vitam
2947 1359 3003 1412 in
3034 1359 3335 1430 semetipso.

2249 1445 2332 1499 15.
2385 1443 2652 1516 Implevit
2700 1446 2770 1502 de
2817 1448 3234 1505 resurrectione
3278 1449 3655 1516 animarum;
3717 1454 3895 1507 restat

2173 1532 2500 1588 evidentius
2536 1534 2728 1590 dicere
2750 1536 2819 1591 de
2851 1536 3270 1594 resurrectione
3302 1554 3633 1610 corporum.
3682 1539 3745 1593 Et
3794 1555 3891 1608 po-

2176 1626 2424 1680 testatem
2448 1623 2591 1680 dedit
2617 1626 2671 1681 ei
2698 1628 2749 1680 et
2754 1625 3032 1697 judicium
3050 1630 3232 1699 facere
3248 1642 3271 1684 :
3303 1645 3416 1684 non
3440 1626 3625 1685 solum
3666 1629 3890 1686 animas

2175 1730 2276 1786 per
2307 1714 2478 1770 ﬁdem
2511 1720 2567 1770 et
2588 1713 2934 1787 sapientiam
2962 1717 3269 1784 suscitare,
3296 1718 3395 1774 sed
3419 1723 3475 1773 et
3492 1716 3777 1788 judicium
3801 1718 3889 1774 fa-

2172 1820 2318 1861 cere.
2352 1804 2539 1869 Quare
2568 1808 2762 1861 autem
2796 1805 2916 1863 haec
2937 1808 2965 1862 ?
2994 1809 3141 1878 Quia
3171 1808 3320 1878 ﬁlius
3341 1809 3579 1866 hominis
3602 1815 3703 1866 est.
3726 1809 3886 1866 Facit

2173 1894 2536 1966 ergJaliquid
2554 1895 2719 1951 Pater
2734 1912 2831 1967 per
2846 1896 3055 1952 Filium
3079 1898 3355 1968 hominis,
3372 1901 3524 1971 quod
3544 1917 3659 1957 non
3678 1900 3887 1957 facite:

2173 1985 2504 2041 substantia
2518 2001 2619 2041 sua
2632 1985 2724 2040 cui
2738 1986 2978 2059 aequalis
2990 1992 3078 2045 est
3094 1988 3271 2044 Filius
3288 2005 3301 2056 ;
3323 1989 3683 2063 sicutipsum
3700 1990 3888 2057 nasci,

2173 2076 2324 2132 sicut
2351 2076 2542 2148 ipsum
2576 2079 2859 2150 cruciﬁgi,
2893 2079 3261 2152 sicutipsum
3298 2082 3462 2149 mori,
3495 2083 3649 2139 sicut
3690 2084 3886 2153 ipsum

2174 2184 2476 2240 resurgere
2508 2186 2520 2224 :
2557 2186 2670 2225 non
2720 2171 2876 2226 enim
2910 2171 3127 2243 aliquid
3168 2171 3375 2228 borum
3412 2174 3563 2229 Patri
3618 2174 3886 2247 contigit.

2174 2258 2268 2315 Sic
2282 2265 2336 2315 et
2349 2260 2849 2317 resuscitationem
2864 2278 3192 2332 corporum.
3217 2261 3359 2319 Nam
3377 2264 3781 2321 resuscitation
3792 2282 3883 2322 em

2174 2348 2498 2404 animarum
2530 2365 2598 2405 ex
2628 2350 2951 2408 substantia
2981 2369 3089 2408 sua
3121 2352 3284 2409 Paler
3316 2353 3451 2411 facit
3480 2371 3581 2427 per
3608 2355 3886 2412 substan-

2172 2438 2315 2493 tiam
2353 2438 2476 2494 Filii
2511 2440 2549 2505 ‘,
2574 2455 2688 2511 qua
2711 2440 2793 2496 illi
2824 2441 3062 2513 (aqualis
3084 2445 3207 2511 est;
3253 2443 3460 2500 anime
3494 2444 3707 2518 quippe
3731 2444 3890 2501 ﬁunt

2174 2528 2481 2599 participes
2511 2528 2669 2585 illius
2699 2529 3193 2588 incommutabilis
3241 2531 3408 2602 lucis,
3441 2550 3554 2590 non
3595 2550 3881 2606 corpora:

2171 2618 2673 2675 resuscitationem
2743 2628 2934 2677 autem
3001 2638 3309 2692 corporum
3363 2623 3526 2680 Pater
3594 2624 3729 2680 facit
3784 2641 3888 2695 per

2171 2708 2357 2764 lilium
2388 2707 2666 2764 hominis.
2700 2709 2761 2764 Et
2806 2714 3121 2781 potestatem
3168 2714 3325 2769 enim
3358 2713 3504 2768 dedit
3542 2712 3599 2769 ei
3641 2718 3691 2770 et
3732 2713 3888 2785 judi-

2167 2797 2314 2871 cium
2340 2800 2549 2867 facere,
2576 2799 2708 2870 quia
2739 2800 2889 2871 ﬁlius
2926 2801 3163 2857 hominis
3191 2810 3310 2859 est:
3368 2801 3692 2858 secundum
3736 2801 3889 2858 illud

2168 2887 2319 2959 quod
2351 2904 2528 2960 supra
2550 2889 2715 2959 dixit,
2735 2890 3079 2963 Nequeenim
3111 2891 3883 2965 Paterjudicatquemquam.

2168 2978 2238 3034 Et
2276 2984 2338 3036 ut
2368 2982 2631 3038 ostendat
2661 2982 2801 3053 quia
2844 2984 2917 3039 de
2972 2984 3397 3041 resurrectione
3425 3000 3734 3056 corporum
3772 2984 3883 3040 hoc

2167 3068 2351 3126 dixit:
2384 3070 2564 3128 Nolite
2579 3073 2777 3127 mirari
2798 3072 2915 3141 hoc,
2949 3075 3078 3145 quia
3108 3074 3251 3130 venit
3270 3073 3431 3130 hora.
3454 3075 3576 3130 Non
3601 3090 3751 3131 nunc
3777 3079 3885 3139 est,

2165 3162 2266 3218 sed
2299 3161 2445 3218 venit
2473 3163 2629 3231 hora,
2667 3162 2727 3218 in
2775 3180 2880 3236 qua
2924 3180 3107 3222 omnes
3136 3166 3231 3237 qui
3257 3164 3316 3221 in
3354 3166 3719 3222 monumentis
3750 3171 3882 3222 sunt

2165 3254 2306 3324 (jam
2338 3253 2446 3309 hoc
2476 3259 2534 3309 et
2566 3254 2833 3310 hesterno
2866 3255 2957 3312 die
2978 3255 3350 3313 satiatissime
3380 3256 3627 3313 audistis
3654 3255 3752 3327 [in
3780 3272 3883 3311 su-

2161 3346 2371 3415 periori
2397 3345 2665 3413 Tractatu,
2698 3363 2754 3401 η.
2792 3346 2945 3418 13]),
2978 3346 3206 3404 audient
3234 3362 3419 3405 vocem
3461 3348 3577 3420 ejus
3613 3352 3664 3405 et
3690 3363 3884 3419 proce-

2164 3435 2309 3491 dent.
2344 3436 2412 3491 Et
2435 3435 2577 3491 ubi?
2603 3437 2661 3493 In
2684 3436 2977 3507 judicium
3004 3453 3017 3493 :
3044 3437 3148 3507 Qui
3168 3439 3299 3496 bene
3317 3441 3586 3509 fecerunt,
3616 3440 3673 3494 in
3701 3455 3884 3495 resur-

2162 3527 2459 3582 rectionem
2492 3528 2625 3583 citae
2642 3541 2663 3588 ,'
2684 3527 2781 3599 qui
2796 3528 2943 3583 male
2962 3535 3212 3599 egerunt,
3228 3531 3286 3585 in
3311 3531 3769 3586 resurrectionem
3786 3530 3889 3602 ju-

2165 3615 2318 3671 dicii.
2352 3615 2423 3671 Et
2452 3621 2514 3671 tu
2547 3616 2655 3671 hoc
2686 3616 2827 3673 facis
2860 3617 3045 3688 solus,
3076 3618 3210 3689 quia
3234 3620 3705 3689 omnejudicium
3739 3620 3889 3677 Filio

2162 3707 2334 3762 Pater
2365 3705 2546 3773 dedit,
2578 3710 2634 3763 et
2664 3724 2779 3764 non
2802 3709 3027 3779 judicat
3058 3725 3410 3782 quemquam
3445 3708 3471 3765 ?
3501 3709 3640 3782 Ego,
3663 3710 3882 3781 inquit,

2168 3795 2335 3852 iacio.
2367 3795 2480 3852 Sed
2521 3797 2814 3868 quomodo
2847 3796 2989 3854 facis
3018 3798 3045 3854 ?
3092 3801 3214 3855 Non
3264 3815 3481 3868 possum
3519 3815 3554 3855 a
3582 3815 3666 3856 me
3693 3801 3885 3862 facere

2166 3887 2463 3959 quidquam
2482 3904 2501 3942 :
2522 3887 2664 3943 sicut
2691 3887 2857 3945 audio
2878 3888 3077 3959 judico,
3099 3894 3149 3945 et
3160 3889 3447 3962 judicium
3465 3906 3649 3946 meum
3659 3889 3886 3962 justum

2168 3982 2265 4034 est.
2296 3981 2439 4032 Cum
2471 3987 2737 4049 ageretur
2775 3980 2845 4035 de
2893 3980 3310 4037 resurrectione
3349 3981 3704 4049 animarum,
3763 3998 3886 4039 non

2168 4067 2605 4135 dicebat,Audio
2625 4083 2650 4138 ;
2678 4070 2798 4140 sed,
2830 4069 3004 4127 video.
3038 4068 3211 4127 Audio
3232 4070 3410 4140 enim,
3433 4075 3713 4142 tanquam
3742 4088 3889 4144 prae-

2169 4159 2435 4231 cipientis
2468 4158 2650 4215 Patris
2680 4159 3012 4232 imperium.
3042 4160 3173 4217 Jam
3197 4177 3333 4233 ergo
3352 4160 3505 4219 sicut
3535 4161 3732 4229 homo,
3766 4163 3891 4218 sic-

2168 4255 2229 4304 ut
2256 4265 2370 4321 quo
2404 4249 2587 4320 major
2617 4253 2704 4305 cst
2738 4249 2906 4306 Pater
2939 4275 2953 4318 ;
2980 4251 3102 4321 jam
3134 4267 3203 4307 ex
3235 4252 3422 4307 forma
3450 4250 3625 4319 servi,
3657 4268 3781 4308 non
3814 4268 3890 4308 ex

2165 4340 2351 4396 forma
2365 4340 2483 4408 Dei,
2505 4342 2641 4398 sicut
2656 4340 2839 4409 audio,
2865 4341 3076 4409 judico;
3097 4346 3147 4398 et
3160 4340 3441 4414 judicium
3469 4356 3648 4400 meum
3663 4343 3892 4414 justum

2165 4433 2263 4485 est.
2300 4430 2457 4486 Unde
2488 4431 2875 4502 estjudicium
2901 4432 3130 4502 justum
3161 4431 3416 4489 hominis
3434 4432 3464 4487 ?
3482 4432 3715 4491 Fratres
3740 4435 3893 4501 mei,

2167 4520 2483 4576 attendite:
2523 4521 2661 4588 Quia
2690 4538 2799 4578 non
2828 4538 3013 4593 quwro
3051 4522 3385 4579 voluntatem
3422 4538 3626 4590 meam,
3657 4522 3753 4581 sed
3785 4540 3889 4579 vo-

2165 4609 2434 4667 luntatem
2463 4611 2578 4681 eius
2609 4613 2707 4682 qui
2746 4613 2899 4668 misit
2924 4629 3026 4669 me.

2697 4780 3120 4839 TRACTATUS
3152 4779 3346 4839 XXIV.

2167 4918 2243 4973 Ab
2262 4934 2321 4974 eo
2340 4917 2479 4991 quod
2491 4920 2753 4990 scriptum
2766 4924 2862 4984 est,
2885 4920 3019 4975 Post
3036 4920 3155 4974 haec
3181 4917 3325 4975 abiit
3345 4917 3521 4974 Jesus
3538 4920 3702 4974 trans
3728 4933 3903 4976 mare

2238 5006 2505 5077 Galilaeae,
2538 5009 2691 5078 quod
2724 5012 2808 5063 est
2833 5005 3162 5064 Tiberiadis
3202 5027 3216 5079 ;
3248 5022 3419 5080 usque
3447 5005 3517 5062 ad
3548 5006 3626 5074 id,
3664 5004 3765 5061 Hic
3799 5013 3905 5063 est

2238 5112 2368 5152 vere
2406 5098 2683 5169 propheta
2732 5098 2829 5168 qui
2862 5096 3015 5155 venit
3074 5098 3129 5152 in
3184 5097 3489 5153 mundum.
3544 5095 3681 5167 Cap.
3712 5111 3795 5164 Vi,
3830 5099 3899 5162 i‘.

2244 5185 2396 5242 1ο14.

2247 5326 2295 5378 1.
2333 5322 2606 5379 Miracula
2636 5339 2762 5395 quas
2796 5324 2928 5380 fecit
2956 5324 3243 5380 Dominus
3284 5325 3483 5379 noster
3508 5320 3682 5378 Jesus
3713 5320 3903 5381 Chri-

2173 5420 2318 5482 stus,
2349 5414 2489 5467 sunt
2515 5411 2747 5483 quidem
2782 5411 2976 5469 divina
3024 5429 3216 5484 opera,
3252 5415 3309 5467 et
3339 5412 3409 5467 ad
3442 5408 3901 5481 intelligendum

2238 5557 2256 5595 ί
2278 5555 2336 5604 In
2367 5556 2614 5607 undecim
2636 5556 2780 5616 Mss.,
2805 5571 2867 5607 ea:
2885 5556 3178 5608 substantia
3192 5570 3283 5606 sua
3310 5555 3471 5606 Pater
3492 5569 3558 5605 es:
3583 5552 3907 5610 substantia

2173 5650 2266 5687 sua
2288 5637 2484 5702 Filius,
2506 5653 2608 5703 qua
2633 5638 2737 5701 illi,
2770 5644 2893 5697 etc..
2930 5638 3130 5692 omisso
3159 5639 3340 5700 verbo,
3374 5636 3527 5691 facit.
