4146 6186
259 271 416 334 1593

253 411 429 468 Deum
445 411 516 465 de
529 407 859 465 visibilibus
875 405 1526 463 admonenthumanam
1542 408 1817 460 mentem.
1836 405 1982 468 Quia

251 501 416 557 enim
440 500 538 556 ille
561 517 675 556 non
702 503 789 555 est
804 498 937 555 talis
955 496 1290 555 substantia
1309 513 1438 568 quae
1457 494 1638 551 videri
1655 495 1840 551 oculis
1856 511 1982 566 pos-

250 582 352 648 sit,
377 589 432 637 et
464 579 749 637 miracula
771 581 898 650 ejus
931 580 1146 652 quibus
1173 584 1355 634 totum
1381 579 1666 633 mundum
1694 577 1838 648 regit
1858 576 1982 631 uni-

249 687 594 742 versamque
641 674 967 726 creaturam
993 668 1386 736 administrat,
1420 665 1769 723 assiduitate
1800 667 1979 721 viiue-

249 767 414 828 runt,
449 761 530 816 ita
561 765 625 816 ut
647 776 793 831 pene
835 775 1006 816 nemo
1049 761 1320 828 dignetur
1351 757 1644 812 attendere
1676 771 1849 828 Opera
1880 755 1980 811 Dei

251 851 407 906 mira
434 853 492 905 et
513 850 799 922 stupenda
829 848 888 905 in
921 847 1184 920 quolibet
1214 846 1454 903 seminis
1496 861 1714 914 grano;
1749 861 1980 901 secum-

253 940 616 1012 dumipsam
667 955 836 995 suam
878 939 1339 996 misericordiam
1390 935 1631 993 servavit
1671 934 1778 990 sibi
1820 951 1980 1006 quas-

251 1032 418 1096 dam,
453 1047 580 1102 quae
615 1029 822 1085 faceret
853 1033 1178 1102 opportuno
1200 1031 1460 1099 tempore
1477 1029 1682 1098 praeter
1699 1025 1981 1080 usitatum

251 1137 501 1176 cursum
527 1121 906 1191 ordinemque
953 1123 1197 1186 naturis,
1233 1121 1296 1173 ut
1337 1133 1452 1172 non
1485 1117 1722 1186 majora,
1757 1116 1855 1170 sed
1902 1115 1987 1170 in-

251 1208 431 1266 solita
453 1208 701 1265 videndo
733 1207 1276 1280 stuperent,quibus
1307 1206 1646 1278 quotidiana
1676 1205 1982 1262 viluerant.

250 1299 453 1370 Majus
485 1300 638 1355 enim
667 1297 1011 1354 miraculum
1044 1303 1134 1354 est
1165 1297 1509 1370 gubernatio
1545 1297 1721 1351 totius
1755 1295 1981 1364 mundi,

247 1406 432 1462 quam
461 1389 744 1445 saturatio
764 1390 1020 1461 quinque
1043 1388 1289 1445 millium
1313 1388 1619 1443 hominum
1642 1388 1711 1442 de
1730 1387 1986 1458 quinque

247 1482 511 1552 panibus
545 1487 633 1536 :et
654 1483 842 1535 tamen
868 1479 986 1535 haec
1016 1495 1187 1535 nemo
1213 1478 1491 1535 miratur:
1523 1477 1660 1533 illud
1698 1477 1986 1534 mirantur

246 1569 524 1627 homines
547 1587 658 1626 non
687 1570 823 1642 quia
845 1572 1037 1640 majus
1068 1574 1180 1637 est,
1199 1569 1294 1625 sed
1341 1569 1477 1640 quia
1501 1584 1700 1624 rarum
1724 1576 1827 1623 est.
1851 1566 1988 1635 Quis

244 1661 407 1717 enim
444 1665 502 1716 et
535 1677 692 1717 nunc
718 1660 904 1732 pascit
926 1660 1262 1717 universum
1288 1659 1602 1725 mundum,
1629 1659 1742 1714 nisi
1768 1657 1862 1713 ille
1885 1654 1990 1729 qui

243 1752 316 1806 de
342 1749 554 1822 paucis
602 1749 798 1821 granis
846 1757 1065 1819 segetes
1113 1747 1319 1805 creat?
1350 1748 1504 1804 Fecit
1534 1764 1667 1818 ergo
1693 1744 1986 1819 quomodo

247 1842 430 1897 Deus.
469 1839 634 1896 Unde
658 1839 809 1897 enim
835 1839 1188 1912 multiplicat
1206 1838 1275 1895 de
1294 1839 1495 1911 paucis
1514 1837 1711 1910 granis
1735 1840 1986 1909 segetes,

247 1930 390 1986 inde
415 1930 478 1986 in
513 1930 788 1986 manibus
812 1931 932 1986 suis
956 1928 1360 2001 multiplicavit
1382 1929 1635 2000 quinque
1658 1944 1857 1999 panes.
1882 1928 1982 1982 Po-

251 2026 441 2077 testas
475 2020 633 2076 enim
659 2025 780 2076 erat
807 2022 865 2076 in
901 2021 1172 2076 manibus
1191 2019 1404 2075 Christi
1432 2037 1444 2075 :
1482 2035 1658 2091 panes
1685 2021 1880 2073 autem
1900 2015 1986 2071 illi

254 2113 550 2183 quinque,
585 2110 752 2182 quasi
783 2112 1007 2167 semina
1040 2119 1222 2180 erant,
1255 2126 1370 2166 non
1392 2108 1984 2180 quidemterrzeman-

254 2205 416 2271 data,
453 2203 556 2258 sed
616 2202 687 2257 ab
727 2218 793 2258 eo
849 2202 949 2274 qui
1005 2206 1215 2256 terram
1269 2199 1404 2256 fecit
1435 2197 1834 2270 multiplicata.
1869 2195 1988 2252 Hoc

251 2307 396 2365 ergo
419 2294 723 2348 admotum
753 2296 841 2348 est
882 2291 1178 2361 sensibus,
1213 2308 1326 2362 quo
1371 2291 1688 2360 erigeretur
1721 2305 1902 2355 mens,
1935 2292 1990 2342 et

249 2383 586 2439 exhibitum
612 2381 798 2438 oculis
830 2383 929 2438 ubi
962 2390 1324 2438 exerceretur
1353 2379 1712 2448 intellectus,
1747 2387 1807 2434 ut
1835 2377 1990 2434 invi-

247 2476 496 2537 8ibilem
524 2486 705 2537 Deum
725 2497 825 2554 per
847 2481 1102 2537 visibilia
1125 2497 1298 2551 opera
1321 2481 1691 2547 miraremur,
1719 2482 1777 2534 et
1811 2477 1992 2534 erecti

247 2573 322 2627 ad
357 2571 533 2628 ﬁdem
567 2578 622 2627 et
654 2572 879 2644 purgati
907 2588 1006 2644 per
1039 2571 1234 2639 fidem,
1258 2571 1432 2626 etiam
1454 2570 1649 2641 ipsum
1677 2566 1988 2624 invisibili-

247 2667 345 2718 ter
377 2662 576 2718 videre
607 2678 976 2733 superemus,
1003 2677 1173 2732 quem
1207 2661 1276 2715 de
1301 2662 1475 2716 rebus
1498 2658 1826 2715 visibilibus
1851 2656 1991 2712 invi-

250 2749 498 2807 sibilem
531 2766 932 2807 nosceremus.

329 2843 390 2894 2.
422 2839 539 2896 Nec
573 2848 761 2896 tamen
795 2841 1014 2896 sufficit
1036 2840 1155 2895 haec
1179 2839 1389 2895 intueri
1415 2839 1474 2895 in
1498 2836 1798 2896 miraculis
1821 2837 1988 2894 Chri-

257 2931 371 2986 sti.
426 2930 854 3002 lnterrogemus
914 2930 1044 3002 ipsa
1084 2930 1385 2999 miracula,
1422 2930 1522 3002 qui
1553 2930 1716 2985 nobis
1747 2928 1986 3000 loquan-

256 3025 367 3076 tur
393 3021 464 3076 de
498 3021 724 3077 Christo
758 3035 772 3075 :
799 3022 1014 3077 habent
1033 3021 1190 3077 enim
1214 3019 1700 3092 siintelligantur,
1726 3019 1986 3091 linguam

253 3129 464 3168 suam.
499 3111 639 3167 Nam
664 3112 942 3184 quiaipse
982 3111 1245 3167 Christus
1275 3111 1530 3166 Verbum
1564 3110 1665 3166 Dei
1697 3113 1805 3176 est,
1831 3108 1992 3164 etiam

246 3204 489 3259 factum
515 3202 706 3270 Verbi,
738 3202 973 3259 verbum
999 3203 1162 3258 nobis
1189 3206 1294 3258 est.
1321 3202 1437 3258 Hoc
1478 3217 1609 3272 ergo
1635 3199 1985 3266 miraculum,

249 3295 423 3349 sicut
457 3293 788 3350 audivimus
819 3311 991 3364 quam
1018 3310 1296 3367 magnum
1329 3294 1424 3362 sit,
1460 3309 1791 3365 quaeramus
1810 3291 1983 3348 etiam

248 3401 445 3456 quam
485 3383 832 3456 profundum
865 3386 979 3442 sit:
1014 3402 1127 3442 non
1155 3390 1378 3441 tantum
1413 3385 1539 3456 ejus
1568 3382 1871 3456 superficie
1893 3382 1989 3438 de-

243 3477 578 3542 lectemur,
598 3478 696 3532 sed
729 3476 902 3534 etiam
963 3477 1334 3532 altitudinem
1381 3481 1834 3547 perscrutemur.
1871 3476 1986 3530 Ha-

248 3567 364 3622 bet
394 3565 552 3622 enim
584 3566 801 3638 aliquid
837 3567 1014 3635 intus,
1048 3566 1158 3623 hoc
1180 3567 1331 3636 quod
1356 3566 1643 3623 miramur
1659 3565 1798 3621 foris
1823 3563 1985 3620 Vidi-

251 3674 422 3723 mus,
495 3660 878 3729 spectavimus
937 3673 1216 3729 magnum
1269 3657 1572 3729 quiddam,
1635 3656 1978 3729 praeclarum

251 3745 573 3818 quiddam,
606 3751 659 3802 et
698 3745 936 3802 omnino
968 3746 1256 3811 divinum,
1290 3747 1444 3817 quod
1478 3745 1602 3800 fieri
1661 3745 1774 3801 nisi
1807 3761 1840 3802 a
1873 3745 1984 3801 Deo

250 3851 373 3891 non
414 3835 603 3906 possit
638 3835 1041 3893 :laudavimus
1065 3837 1134 3891 de
1162 3837 1313 3891 facto
1339 3836 1633 3892 factorem.
1666 3835 1771 3890 Sed
1794 3849 1983 3906 quem-

254 3925 589 3981 admodum
622 3925 669 3981 si
703 3925 923 3982 litteras
965 3925 1241 3998 pulchras
1273 3925 1489 3981 alicubi
1541 3925 1985 3997 inspiceremus,

257 4029 383 4074 non
419 4014 594 4072 nobis
650 4016 948 4074 sufficeret
999 4015 1241 4072 laudare
1299 4015 1603 4088 scriptoris
1651 4015 1985 4083 articulum,

255 4105 556 4178 quoniam
587 4122 682 4163 eas
723 4105 951 4178 pariles,
984 4107 1232 4179 aequales
1275 4107 1632 4178 decorasque
1692 4106 1840 4171 fecit,
1875 4105 1990 4162 nisi

262 4198 455 4253 etiam
490 4196 810 4269 legeremus
832 4199 971 4270 quid
1007 4197 1174 4254 nobis
1208 4213 1310 4268 per
1339 4197 1468 4252 illas
1502 4195 1878 4252 indicaverit:
1907 4195 1989 4251 ita

259 4289 500 4344 factum
531 4286 637 4344 hoc
667 4289 763 4360 qui
797 4287 1297 4359 tantuminspioit,
1319 4288 1634 4344 delectatur
1667 4285 1996 4358 pulchritu-

263 4379 412 4435 dine
447 4378 582 4435 facti
617 4385 675 4435 ut
703 4380 1027 4435 admiratur
1054 4379 1334 4434 artiﬁcem
1373 4379 1509 4451 :qui
1540 4382 1735 4434 autem
1770 4375 1994 4434 intelli—

261 4468 374 4540 git,
411 4467 586 4540 quasi
642 4467 800 4542 legit.
870 4468 1048 4525 Aliter
1106 4468 1261 4524 enim
1300 4470 1526 4525 videtur
1556 4467 1994 4540 pictura,aliter

265 4559 549 4614 videnter
597 4556 820 4615 litterae.
854 4559 1150 4614 Picturam
1204 4574 1335 4613 cum
1375 4557 1615 4629 videris,
1646 4557 1755 4616 hoc
1786 4562 1876 4615 est
1908 4566 1990 4614 to-

271 4654 405 4703 tum
441 4646 678 4711 vidisse,
713 4648 982 4705 laudasse
1011 4648 1274 4704 :litteras
1298 4664 1430 4704 cum
1461 4647 1701 4719 videris,
1731 4665 1848 4705 non
1880 4648 1990 4704 hoc

266 4744 365 4795 est
397 4741 625 4808 totum;
657 4739 935 4810 quoniam
994 4738 1381 4795 commoneris
1440 4746 1493 4794 et
1523 4738 1731 4810 legere.
1766 4738 1992 4795 Etenim

266 4828 448 4894 dicis,
485 4843 616 4885 cum
675 4829 888 4885 videris
938 4828 1184 4895 litteras,
1219 4829 1266 4884 si
1301 4831 1446 4886 forte
1477 4845 1581 4885 nos
1611 4845 1706 4885 eas
1739 4829 1891 4886 nosti
1921 4829 2001 4886 le-

263 4934 435 4990 gere,
453 4917 597 4982 Quid
625 4924 900 4990 putamus
921 4935 1050 4976 esse
1074 4921 1224 4991 quod
1245 4919 1338 4974 hic
1359 4920 1640 4990 scriptum
1667 4919 1790 4975 est?
1811 4918 1994 4975 Inter-

263 5025 449 5082 rogas
475 5009 611 5075 quid
643 5010 740 5079 sit,
775 5027 906 5067 cum
928 5011 1054 5082 jam
1079 5011 1272 5066 videas
1303 5009 1541 5081 aliquid.
1563 5008 1739 5064 Aliud
1765 5009 1869 5066 tibi
1893 5010 1996 5067 de-

274 5104 718 5157 monstraturus
741 5111 851 5172 est,
886 5119 920 5157 a
949 5117 1065 5175 quo
1088 5102 1300 5173 quaeris
1333 5117 1642 5171 agnoscere
1674 5100 1830 5174 quod
1851 5100 1996 5156 vidi-

277 5191 380 5246 sti.
417 5189 575 5247 Alios
605 5189 700 5247 ille
726 5190 923 5248 oculos
973 5191 1170 5260 habet,
1195 5191 1338 5248 alios
1379 5197 1458 5247 tu.
1493 5192 1694 5248 Nonne
1726 5191 1998 5248 similiter

276 5279 486 5350 apices
531 5281 910 5337 videtis?Sed
953 5297 1066 5337 non
1119 5280 1388 5337 similiter
1425 5283 1594 5354 signa
1624 5281 1994 5354 cognoscitis.

272 5370 374 5426 Tu
426 5385 561 5442 ergo
581 5372 746 5427 vides
776 5380 828 5427 et
850 5371 1052 5427 laudas
1087 5387 1100 5426 :
1127 5369 1222 5426 ille
1244 5373 1414 5438 videt,
1437 5371 1651 5440 laudat,
1677 5371 1812 5442 legit
1833 5379 1884 5428 et
1907 5373 2000 5429 in-

271 5460 356 5518 tol
371 5460 516 5532 ligit.
552 5460 696 5524 Quia
714 5478 846 5534 ergo
863 5463 1142 5532 vidimus,
1166 5463 1303 5535 quia
1327 5462 1712 5535 laudavimus,
1735 5461 2000 5535 legamus

270 5553 334 5607 et
367 5549 790 5624 intelligamus.

359 5639 419 5696 3.
451 5636 737 5699 Dominus
765 5643 823 5700 in
855 5645 1054 5702 monte
1084 5658 1098 5700 :
1131 5642 1319 5702 multo
1373 5645 1560 5718 magis
1606 5645 2001 5718 intelligamus

1476 265 1945 328 TRAOTATUS
1993 264 2198 327 XXIV.
2247 266 2503 331 CAPUT
2546 269 2621 330 V.

3650 267 3804 328 159ι

2091 406 2230 477 quia
2260 406 2545 464 Dominus
2575 407 2634 464 in
2678 411 2873 464 monte
2903 407 3159 463 Verbum
3189 411 3274 462 est
3303 408 3362 463 in
3387 407 3522 464 alto.
3556 407 3806 464 Proinde

2090 511 2204 552 non
2236 497 2400 568 quasi
2440 497 2907 567 humiliterjacet
2939 495 3094 568 quod
3119 496 3174 552 in
3211 501 3406 553 monte
3432 498 3642 553 factum
3669 499 3758 552 est
3788 514 3801 564 ;

2090 603 2194 643 nec
2225 592 2597 644 transeunter
2621 590 3074 657 praetereundum
3101 587 3321 656 est,sed
3344 587 3805 660 suspiciendum.

2090 678 2316 733 Turbas
2340 678 2501 743 vidit,
2527 677 2846 734 esurientes
2869 678 3121 750 agnovit,
3140 677 3590 733 misericorditer
3614 676 3801 748 pavit:

2093 784 2207 823 non
2238 767 2425 824 solum
2465 785 2566 840 pro
2613 768 2888 835 bonitate,
2924 783 3122 822 verum
3157 767 3326 822 etiam
3365 783 3466 838 pro
3500 770 3807 839 potestate.

2091 857 2237 921 Quid
2271 857 2422 912 enim
2455 858 2575 914 sola
2607 858 2906 930 prodesset
2937 856 3188 925 bonitas,
3209 856 3308 911 ubi
3331 872 3445 911 non
3469 859 3594 912 erat
3615 854 3808 927 panis,

2093 948 2247 1002 unde
2280 948 2450 1003 turba
2471 948 2731 1004 esuriens
2756 951 3089 1019 pasceretur
3108 948 3136 1002 ’ἒ
3165 946 3287 1002 Nisi
3312 946 3558 1004 bonitati
3581 948 3810 1003 adesset

2095 1041 2370 1107 potestas,
2398 1038 2601 1108 jejuna
2623 1037 2722 1093 illa
2746 1037 2921 1093 turba
2951 1041 3009 1092 et
3039 1037 3308 1092 esuriens
3332 1038 3678 1093 remaneret.
3701 1033 3809 1090 De-

2095 1127 2270 1197 nique
2303 1131 2359 1181 et
2390 1126 2661 1198 discipuli
2695 1127 2794 1197 qui
2827 1133 2985 1182 erant
3017 1142 3145 1182 cum
3187 1125 3432 1182 Domino
3457 1127 3515 1182 in
3551 1126 3724 1189 fame,
3751 1127 3808 1179 et

2095 1216 2204 1287 ipsi
2227 1216 2421 1271 turbas
2443 1215 2970 1287 volebantpascere,
2998 1220 3060 1270 ut
3076 1232 3185 1271 non
3204 1215 3806 1281 remanerentinanes,

2095 1308 2194 1362 sed
2248 1307 2399 1362 unde
2448 1313 2748 1378 pascerent
2778 1324 2891 1362 non
2924 1306 3237 1362 habebant.
3274 1305 3658 1378 Interrogavit
3689 1304 3812 1361 Do-

2100 1396 2296 1452 minus
2327 1397 2481 1452 unde
2511 1400 2842 1452 emerentur
2890 1413 3070 1467 panes
3119 1398 3190 1451 ad
3236 1399 3432 1451 turbas
3465 1396 3809 1467 pascendas.

2097 1488 2164 1540 Et
2198 1487 2276 1541 ait
2305 1486 2626 1558 Scriptura,
2661 1487 2764 1541 Hoc
2793 1493 2974 1540 autem
3013 1483 3233 1539 decebat
3281 1489 3499 1539 tentans
3520 1498 3644 1538 eum
3675 1499 3693 1538 :
3725 1480 3814 1537 di-

2098 1574 2389 1639 scipulum
2449 1574 2666 1630 scilicet
2717 1574 3072 1646 Philippum,
3117 1589 3290 1644 quem
3340 1572 3812 1643 interrogaverat.

2094 1666 2216 1735 Ipse
2244 1666 2390 1720 enim
2429 1664 2636 1719 sciebat
2686 1663 2817 1734 quid
2837 1667 2970 1719 esset
3012 1663 3291 1734 facturus.
3325 1661 3423 1716 Cui
3477 1676 3613 1732 ergo
3663 1661 3813 1714 bono

2101 1756 2380 1821 tentabat,
2406 1754 2513 1808 nisi
2546 1754 2685 1825 quia
2709 1754 3102 1826 ignorantiam
3136 1751 3406 1824 discipuli
3449 1752 3812 1806 demonstra-

2099 1843 2242 1900 bat?
2265 1844 2326 1900 Et
2358 1845 2502 1900 forte
2535 1844 2592 1898 ir.
2625 1843 3117 1900 demonstratione
3167 1843 3508 1914 ignorantia:
3541 1839 3812 1912 discipuli

2099 1934 2319 2006 aliquid
2361 1935 2732 2007 significavit.
2758 1934 3078 2007 Apparebit
3124 1948 3283 2005 ergo,
3324 1948 3457 1988 cum
3501 1931 3697 2004 ipsum
3721 1947 3811 1987 sa-

2099 2029 2464 2080 cramentum
2490 2023 2559 2080 de
2583 2023 2837 2095 quinque
2871 2024 3118 2094 panibus
3168 2023 3406 2094 ccsperit
3431 2021 3598 2077 nobis
3630 2019 3813 2091 loqui,

2098 2120 2152 2172 et
2184 2115 2322 2187 quid
2347 2114 2634 2185 signiticet
2664 2114 2921 2169 indicare
2955 2130 2968 2169 :
2994 2112 3074 2169 ibi
3105 2112 3261 2168 enim
3292 2111 3620 2167 videbimus
3642 2126 3816 2181 quare

2099 2205 2382 2261 Dominus
2415 2205 2472 2260 in
2497 2204 2606 2260 hoc
2632 2205 2779 2258 facto
2811 2202 3197 2275 ignorantiam
3232 2199 3705 2272 discipulivoluit
3727 2198 3818 2252 in-

2098 2294 2449 2366 terrogando
2497 2292 2651 2365 quod
2701 2291 2942 2359 sciebat,
2975 2291 3299 2347 ostendere.
3332 2289 3476 2344 Nam
3502 2289 3816 2356 interroga-

2099 2401 2233 2440 mus
2254 2384 2567 2455 aliquando
2600 2383 2751 2455 quod
2777 2381 3096 2452 nescimus,
3121 2380 3322 2436 audire
3353 2378 3608 2436 volentes
3634 2382 3696 2432 ut
3728 2377 3814 2432 di-

2099 2489 2370 2542 scamus;
2405 2473 2716 2545 aliquando
2766 2473 3190 2542 interrogamus
3222 2471 3375 2543 quod
3401 2469 3642 2535 scimus,
3666 2469 3814 2524 scire

2097 2564 2355 2622 volentes
2405 2572 2601 2620 utrum
2661 2568 2716 2620 et
2773 2563 2867 2619 ille
2921 2562 3064 2618 sciat
3118 2576 3289 2632 quem
3326 2561 3798 2629 interrogimus:

2100 2660 2411 2728 utrumque
2442 2655 2550 2712 hoc
2583 2660 2817 2710 noverat
2857 2651 3184 2719 Dominus;
3209 2659 3262 2707 et
3301 2650 3454 2722 quod
3488 2649 3809 2720 interroga-

2100 2747 2200 2802 bat
2232 2747 2473 2814 sciebat,
2507 2744 2647 2817 quid
2679 2745 2831 2800 enim
2854 2746 3008 2799 esset
3031 2743 3285 2797 facturus
3308 2741 3431 2812 ipse
3463 2742 3737 2806 noverat;
3762 2743 3816 2793 et

2102 2836 2209 2893 hoc
2239 2836 2464 2892 nescire
2498 2834 2828 2905 Philippum
2853 2831 3073 2889 sciebat
3095 2829 3376 2886 similiter.
3402 2831 3588 2895 Quare
3619 2829 3816 2898 itaque

2101 2926 2515 2997 interrogabat,
2549 2923 2662 2979 nisi
2716 2922 2855 2995 quia
2909 2921 3068 2976 illius
3131 2920 3516 2990 ignorantiam
3567 2918 3815 2972 demon-

2099 3013 2374 3072 strabat?
2405 3018 2471 3068 Et
2505 3013 2610 3069 hoc
2641 3029 2817 3084 quare
2852 3011 3067 3081 fecerit,
3093 3014 3158 3066 ut
3187 3009 3328 3080 dixi,
3363 3012 3562 3080 postea
3594 3004 3815 3063 intelli-

2100 3121 2324 3178 gemus.

2169 3199 2222 3253 4.
2254 3195 2495 3252 Andreas
2525 3196 2602 3249 ait
2635 3211 2652 3249 :
2681 3194 2765 3247 Est
2801 3193 2886 3247 hic
2916 3207 3053 3261 puer
3081 3189 3304 3262 quidam
3334 3188 3432 3261 qui
3461 3188 3620 3243 habet
3654 3189 3815 3260 quin-

2097 3302 2201 3359 que
2226 3302 2415 3358 panes,
2448 3295 2498 3341 et
2518 3285 2648 3341 duos
2669 3281 2844 3354 pisces
2874 3298 2892 3345 ;
2928 3281 3022 3336 sed
3044 3283 3157 3334 hac
3178 3279 3310 3352 quid
3329 3286 3455 3333 sunt
3487 3277 3555 3332 ad
3585 3279 3812 3332 tantos!

2097 3376 2239 3431 Cum
2273 3374 2518 3430 dixisset
2558 3370 2860 3443 Philippus
2883 3369 3288 3439 interrogatus,
3315 3367 3698 3422 ducentorum
3724 3364 3814 3418 de.

2100 3466 2402 3524 nariorum
2435 3479 2616 3536 panes
2641 3479 2754 3517 non
2779 3459 3072 3523 sufficere,
3099 3456 3312 3529 quibus
3336 3457 3498 3510 tanta
3522 3453 3619 3508 illa
3639 3453 3815 3508 turba

2097 3557 2452 3621 reficeretur,
2487 3561 2605 3609 erat
2631 3552 2708 3607 ibi
2742 3549 2979 3622 quidam
3005 3563 3150 3620 puer
3172 3548 3410 3618 portans
3437 3543 3695 3616 quinque
3718 3558 3813 3613 pa-

2097 3663 2198 3704 nes
2246 3646 2594 3702 hordeaceos
2645 3646 2702 3697 et
2738 3640 2884 3696 duos
2924 3639 3128 3712 pisces.
3181 3637 3244 3691 Et
3291 3636 3369 3690 ait
3409 3636 3559 3691 Iesus
3586 3650 3608 3688 ,ο
3633 3634 3817 3688 Facite

2097 3739 2343 3797 homines
2372 3737 2736 3793 discumbere.
2770 3733 2899 3787 Erat
2929 3735 3109 3787 autem
3143 3729 3220 3786 ibi
3250 3732 3443 3800 fenum
3471 3727 3731 3798 multum,
3762 3729 3814 3782 et

2097 3830 2490 3887 discubuerant
2502 3828 2675 3898 ferme
2690 3824 2928 3897 quinque
2943 3821 3126 3876 millia
3150 3812 3454 3876 hominum.
3472 3817 3682 3889 Accepit
3705 3832 3812 3871 au-

2099 3925 2206 3977 tem
2240 3919 2505 3976 Dominus
2559 3917 2714 3972 Jesus
2769 3930 2960 3987 panes,
2986 3911 3195 3984 gratias
3248 3908 3388 3982 egit,
3413 3906 3615 3979 jussit,
3649 3905 3814 3963 fracti

2101 4017 2243 4070 sunt
2272 4025 2472 4083 panes,
2519 4006 2689 4077 positi
2721 4009 2854 4062 ante
2872 4001 3334 4060 discumbentes.
3354 3999 3479 4056 Non
3502 3998 3628 4070 jam
3651 3998 3818 4069 quin-

2101 4120 2214 4176 que
2241 4117 2440 4174 panes,
2474 4099 2573 4154 sed
2625 4097 2778 4168 quod
2830 4095 3137 4166 adjecerat,
3180 4091 3279 4164 qui
3329 4092 3618 4146 creaverat
3657 4087 3811 4159 quod

2102 4197 2344 4250 auctum
2387 4197 2524 4247 erat.
2559 4191 2620 4244 Et
2664 4187 2728 4243 de
2757 4186 3003 4259 piscibus
3039 4189 3303 4254 quantum
3347 4178 3671 4251 sufﬁciebat.
3706 4178 3813 4230 Pa-

2101 4301 2234 4341 rum
2257 4287 2346 4339 est
2404 4280 2635 4338 turbam
2695 4277 2855 4331 illam
2906 4273 3086 4330 fuisse
3145 4267 3637 4339 satiatam,etiam
3697 4265 3812 4320 fra-

2102 4378 2338 4448 gmenta
2372 4371 2707 4428 resederunt
2742 4383 2753 4422 :
2780 4371 2835 4423 et
2857 4366 2984 4437 ipsa
3005 4361 3194 4433 colligi
3211 4361 3383 4431 jussa
3405 4364 3560 4418 sunt,
3587 4371 3657 4410 ne
3681 4370 3814 4427 per—

2101 4465 2291 4526 irent;
2320 4471 2370 4519 et
2419 4460 2780 4533 impleuerunt
2829 4451 3111 4510 duodecim
3160 4449 3418 4521 cophinos
3465 4449 3812 4519 fragmento-

2103 4571 2249 4611 rum.

2175 4645 2228 4699 5.
2261 4642 2517 4698 Breviter
2567 4642 2623 4696 ut
2675 4650 3007 4703 curramus,
3050 4631 3310 4705 quinque
3371 4641 3550 4702 panes
3610 4624 3816 4682 intelli-

2104 4737 2324 4805 guntur
2353 4730 2606 4802 quinque
2657 4725 2791 4783 libri
2822 4723 2999 4796 Moysi
3035 4739 3048 4778 :
3076 4720 3278 4778 merito
3311 4734 3430 4776 non
3451 4715 3683 4783 triticei,
3717 4717 3813 4771 sed

2104 4820 2448 4889 hordeacei;
2483 4819 2619 4892 quia
2679 4817 2749 4874 ad
2809 4815 2989 4872 Vetus
3035 4811 3468 4869 Testamentum
3502 4807 3814 4892 pertinent.

2103 4914 2300 4972 Nostis
2330 4891 2524 4968 autem
2555 4908 2840 4965 hordeum
2873 4905 2952 4961 ita
2983 4907 3262 4972 creatum,
3311 4902 3373 4955 ut
3403 4897 3473 4952 ad
3502 4891 3818 4950 medullam

2105 5004 2230 5077 ejus
2258 5003 2351 5059 vix
2397 4999 2800 5074 perveniatur:
2843 4995 3091 5052 vestitur
3121 4991 3277 5046 enim
3327 4987 3529 5077 eadem
3564 4978 3817 5077 medulla

2105 5073 2364 5167 tegmine
2402 5073 2605 5165 paleae,
2638 5094 2694 5145 et
2741 5088 2870 5160 ipsa
2914 5084 3079 5156 palea
3125 5085 3293 5136 tenax
3333 5073 3820 5167 etinhierenmut

2108 5160 2244 5242 cuum
2269 5160 2461 5242 labore
2509 5187 2771 5238 exuatur.
2804 5176 2964 5233 Talis
2991 5179 3078 5230 est
3133 5170 3327 5225 littera
3355 5160 3577 5219 Veteris
3608 5160 3819 5218 Testa-

2112 5277 2320 5344 menti,
2337 5276 2548 5332 vestita
2561 5268 2921 5343 tegminibus
2936 5261 3258 5321 carnalium
3279 5257 3814 5344 sacramentorum:

2111 5369 2209 5425 sed
2242 5343 2392 5422 siad
2417 5366 2544 5436 ejus
2579 5357 2894 5416 meduliam
2921 5351 3307 5426 perveniatur,
3332 5345 3512 5421 pascit
3533 5349 3590 5403 et
3621 5343 3815 5436 satiat.

2111 5456 2353 5515 Ferebat
2400 5469 2535 5525 ergo
2585 5464 2728 5521 puer
2770 5445 3005 5517 quidam
3047 5439 3306 5515 quinque
3363 5452 3545 5512 panes
3588 5439 3646 5493 et
3675 5435 3823 5492 duos

2111 5549 2322 5622 pisces.
2359 5544 2415 5599 Si
2464 5553 2789 5615 queremus
2837 5535 2939 5608 qui
2991 5533 3162 5591 fuerit
3202 5547 3343 5606 puer
3382 5529 3513 5600 iste,
3554 5528 3698 5584 forte
3721 5542 3822 5599 po-

2112 5621 2283 5713 pulus
2331 5634 2507 5696 lsrael
2547 5635 2712 5692 erat:
2746 5645 2921 5688 sensu
2963 5625 3165 5702 puerili
3198 5621 3486 5698 portabat,
3517 5635 3623 5677 nec
3655 5633 3818 5675 man-
