4146 6186
393 241 547 304 1595

393 377 662 434 ducabat.
698 373 799 430 Illa
825 373 980 430 enim
1027 389 1157 445 qum
1213 374 1498 444 portabat,
1524 374 1720 430 clausa
1772 373 2112 439 onerabant,

392 472 594 538 aperta
630 466 962 537 pascebant.
1008 463 1129 519 Duo
1171 473 1364 518 autem
1415 464 1625 534 pisces,
1651 465 1920 520 videntur
1947 461 2112 516 nobis

399 555 728 626 significare
750 556 895 609 duas
937 553 1068 608 illas
1113 553 1169 607 in
1220 552 1406 608 Veteri
1439 554 1808 608 Testamento
1834 550 2114 608 sublimes

399 661 697 716 personas,
748 661 874 714 quae
925 645 1293 712 uagabantur
1325 641 1398 695 ad
1431 643 1706 714 populum
1741 641 2111 697 sanctifican-

395 737 534 791 dum
593 741 649 790 et
703 735 1044 805 regendum,
1107 732 1425 788 sacerdotis
1474 739 1530 788 et
1589 731 1764 804 regis.
1797 733 1858 786 Et
1906 730 2110 802 ipsein

385 813 682 896 mysterio
705 823 1208 894 venitaliquando,
1229 822 1328 893 qui
1359 838 1459 893 per
1481 821 1610 876 illas
1642 821 2109 892 signiﬁcabatur:

390 915 546 970 venit
578 913 898 984 aliquando
933 914 1028 983 qui
1061 929 1162 984 per
1196 911 1511 966 medullam
1548 911 1748 966 hordei
1781 909 2114 966 ostendeba-

405 1008 515 1076 tur,
551 1022 650 1076 per
682 1004 904 1077 paleam
940 1020 1071 1059 vero
1099 1003 1300 1058 hordei
1351 1002 1762 1058 occultabalur.
1796 1000 1966 1056 Venit
1990 1001 2112 1070 ipse

407 1110 558 1149 unus
593 1099 901 1164 utramque
926 1109 1235 1165 personam
1258 1093 1313 1147 in
1347 1108 1410 1147 se
1435 1097 1692 1164 portans,
1714 1089 2026 1146 sacerdotis
2056 1101 2112 1151 et,

403 1184 555 1255 regis
585 1201 599 1240 :
642 1185 958 1239 sacerdotis
1019 1200 1119 1254 per
1173 1183 1492 1241 victimam.
1519 1198 1694 1252 quam
1729 1181 1980 1252 seipsum
2011 1181 2111 1233 ob-

392 1273 518 1327 tulit
555 1290 654 1342 pro
698 1274 865 1328 nobis
931 1274 1073 1339 Deo;
1104 1273 1280 1342 regis,
1340 1274 1478 1342 quia
1525 1271 1784 1341 regimur
1828 1271 1900 1325 ab
1921 1287 1984 1324 eo
2020 1274 2113 1323 :et

391 1363 731 1434 aperiuntur
754 1379 880 1434 quae
907 1363 1106 1417 clausa
1129 1362 1536 1432 portabantur.
1572 1360 1800 1414 Gratias
1844 1360 1964 1426 illi;
2001 1360 2112 1414 im-

388 1452 562 1523 plevit
593 1469 692 1522 per
721 1468 783 1507 se
817 1453 964 1522 quod
1000 1468 1100 1522 per
1123 1454 1310 1506 Vetus
1349 1451 1784 1506 Testamentum
1813 1451 2110 1520 promitte-

388 1539 583 1595 batur.
615 1539 680 1592 Et
713 1540 1093 1610 frangijussit
1127 1557 1308 1610 panes
1344 1556 1356 1592 :
1397 1539 1716 1610 frangendo
1737 1527 2105 1609 multiplicati

386 1638 539 1683 sunt.
586 1628 741 1683 Nihil
792 1629 998 1684 verius.
1037 1630 1322 1699 Quinque}
1354 1629 1509 1684 enim
1575 1626 1655 1681 illi
1705 1627 1837 1683 libri
1901 1626 2104 1696 Moysi,

392 1733 569 1789 quam
628 1718 845 1774 multos
905 1719 1104 1788 libros,
1176 1735 1305 1774 cum
1375 1725 1761 1789 exponuntur,
1823 1721 2101 1788 tauquam

383 1807 726 1878 frangendo,
754 1809 810 1864 id
865 1813 954 1864 est
1007 1809 1365 1876 disserendo,
1402 1808 1702 1864 fecerunt?
1734 1807 1844 1863 Sed
1870 1808 2008 1879 quia
2043 1807 2100 1862 in

385 1894 481 1951 illo
514 1897 731 1953 hordeo
756 1899 1083 1970 ignorantia
1115 1898 1286 1969 primi
1323 1897 1522 1970 populi
1543 1897 1866 1968 tegebatur,
1891 1897 1960 1951 de
1983 1913 2101 1967 quo

383 1985 570 2055 primo
621 1988 832 2059 populo
876 1988 1094 2044 dictum
1161 1992 1268 2055 est,
1304 1987 1572 2054 Quamdiu
1635 1986 1838 2056 legitur
1877 1987 2096 2057 Moyses,

382 2077 629 2132 velamen
659 2094 827 2150 supra
857 2079 1018 2134 corda
1041 2095 1232 2134 eorum
1251 2078 1491 2150 positum
1523 2085 1597 2132 est
1631 2077 1706 2147 (11
1731 2076 1848 2132 Cor.
1867 2095 1949 2145 ιιι,
1978 2077 2064 2147 15)
2082 2087 2096 2138 ;

394 2167 658 2222 nondum
716 2168 869 2223 enim
913 2167 1172 2223 ablatum
1211 2167 1633 2234 eralvelamen,
1669 2166 1807 2238 quia
1835 2168 2095 2222 nondum

387 2261 618 2312 venerat
646 2257 953 2326 Christus;
993 2260 1247 2313 nondum
1309 2257 1500 2313 velum
1546 2257 1747 2329 templi
1783 2258 1968 2312 fuerat
1999 2255 2095 2311 illo

382 2345 439 2400 in
460 2362 629 2404 cruce
659 2348 950 2420 pendente
979 2348 1378 2404 conscissum:
1415 2349 1553 2419 quia
1601 2363 1736 2419 ergo
1770 2346 2096 2419 ignorantia

392 2436 587 2507 populi
613 2443 737 2492 erat
761 2438 820 2492 in
882 2438 1051 2508 Lege,
1094 2443 1392 2509 propterea
1447 2437 1545 2492 illa
1596 2438 1821 2493 Domini
1855 2437 2093 2492 tentatio

378 2524 766 2594 ignorantiam
799 2527 1072 2599 discipuli
1112 2528 1576 2584 demonstrabat.

449 2616 502 2668 6.
531 2615 680 2671 Nihil
740 2616 916 2684 igitur
973 2621 1160 2685 vacat,
1194 2617 1391 2672 omnia
1420 2617 1698 2680 innuunt,
1733 2617 1834 2671 sed
1871 2616 2108 2671 intelle-

380 2705 595 2757 ctorem
633 2706 938 2775 requirunt
973 2725 985 2760 :
1024 2722 1155 2761 nam
1178 2710 1233 2760 et
1266 2707 1373 2761 iste
1399 2722 1684 2761 numerus
1707 2705 1854 2777 pasti
1880 2705 2101 2777 populi,

378 2790 657 2861 populum
685 2792 1046 2864 significabat
1069 2794 1180 2849 sub
1212 2797 1355 2864 Lege
1386 2794 1915 2850 constitutum.Cur
1942 2792 2098 2850 enim

377 2882 636 2953 quinque
663 2883 849 2940 millia
892 2894 1074 2954 erant,
1109 2886 1222 2942 nisi
1259 2887 1395 2956 quia
1427 2887 1536 2942 sub
1573 2887 1717 2956 Lege
1749 2891 1934 2955 erant,
1971 2904 2097 2960 qua:

377 2971 488 3027 Lex
511 2975 767 3046 quinque
789 2974 950 3031 libris
982 2975 1166 3047 Moysi
1201 2975 1513 3048 explicatur
1537 2977 1563 3031 ?
1586 2976 1748 3032 Unde
1769 2978 2097 3050 etquinque

377 3059 494 3116 illis
514 3063 836 3134 porticibus
859 3066 1120 3136 languidi
1141 3067 1554 3138 prodebantur,
1578 3084 1690 3122 non
1709 3067 2092 3123 sanabantur-

380 3149 481 3206 Ille
513 3156 707 3208 autem
750 3152 829 3209 ibi
880 3155 1106 3210 curavit
1155 3155 1503 3228 languidum
1537 3158 1717 3226 (Joan.
1741 3173 1794 3224 ν,
1817 3157 1967 3227 2-9),
1991 3156 2092 3227 qui

377 3243 433 3294 et
463 3239 554 3295 hic
587 3242 787 3298 turbas
811 3243 884 3298 de
904 3243 1162 3316 quinque
1185 3245 1436 3316 panibus
1461 3247 1636 3317 pavit.
1657 3245 1803 3302 Nam
1835 3254 1888 3301 et
1917 3262 2093 3317 super

377 3328 574 3406 fenum
609 3333 1056 3389 discumbebant
1092 3351 1104 3388 :
1138 3335 1446 3390 carnaliter
1485 3352 1618 3407 ergo
1670 3336 1997 3407 sapiebant,
2036 3341 2091 3392 et

377 3418 436 3474 in
469 3421 800 3478 carnalibus
857 3423 1253 3495 quiescebant.
1289 3425 1492 3481 Omnis
1543 3424 1696 3480 enim
1725 3441 1856 3481 caro
1891 3427 2086 3482 fenum

383 3508 514 3580 (lsa.
577 3527 665 3581 xc,
708 3513 784 3584 6).
821 3515 955 3579 Qum
1015 3519 1155 3570 sunt
1197 3520 1384 3570 autem
1429 3514 1526 3570 illa
1577 3515 1920 3588 fragmenta,
1973 3517 2088 3574 nisi

377 3614 501 3669 qua;
537 3603 786 3674 populus
835 3621 948 3660 non
1000 3606 1191 3676 potuit
1238 3606 1640 3662 manducare?
1676 3605 2087 3678 Intelliguntur

376 3703 511 3760 ergo
545 3693 807 3761 quaedam
839 3695 1588 3767 secretioraintelligentiae,
1622 3712 1746 3768 qua:
1773 3695 2084 3750 multitudo

378 3793 490 3833 non
525 3786 713 3850 potest
737 3799 956 3853 capere.
993 3785 1140 3849 Quid
1172 3801 1305 3856 ergo
1330 3789 1526 3853 restat,
1558 3785 1669 3840 nisi
1697 3793 1754 3841 ut
1775 3785 2085 3841 secretiora

376 3866 792 3938 intelligentiae,
827 3889 949 3943 quas
1004 3890 1116 3928 non
1148 3878 1338 3945 potest
1368 3891 1570 3945 capere
1603 3874 1935 3944 multitudo,
1969 3875 2084 3932 illis

376 3957 690 4014 credantur
715 3960 813 4030 qui
837 3961 1024 4017 idonei
1057 3967 1193 4018 sunt
1223 3967 1281 4018 et
1312 3963 1456 4019 alios
1490 3965 1715 4031 docere,
1751 3964 1902 4022 sicut
1923 3973 2082 4021 erant

375 4047 635 4118 Apostoli
659 4052 686 4106 ?
717 4050 876 4106 Unde
908 4052 1214 4108 duodecim
1249 4055 1481 4126 c0phini
1513 4055 1733 4126 impleti
1777 4063 1932 4114 sunt.
1979 4057 2081 4113 Fa-

383 4141 534 4192 ctum
559 4146 646 4195 est
679 4141 782 4195 hoc
811 4141 1241 4214 etmirabiliter,
1268 4143 1406 4214 quia
1428 4160 1704 4216 magnum
1731 4146 1942 4201 factum
1966 4152 2077 4214 est;

377 4235 430 4283 et
463 4227 699 4298 utiliter,
732 4231 871 4301 quia
905 4231 1205 4304 spirituale
1238 4235 1453 4289 factum
1485 4239 1589 4290 est.
1615 4235 1720 4300 Qui
1752 4240 1888 4292 tunc
1922 4237 2082 4294 vide-

375 4323 530 4384 runt,
557 4321 822 4376 admirati
873 4327 1043 4380 sunt:
1096 4340 1200 4379 nos
1260 4329 1452 4380 autem
1485 4341 1598 4380 non
1638 4326 1916 4383 miramur
1948 4345 2081 4383 cum

375 4409 666 4466 audimus.
699 4414 935 4468 Factum
961 4417 1048 4469 est
1077 4414 1232 4469 enim
1275 4419 1338 4470 ut
1385 4414 1466 4468 illi
1491 4414 1766 4483 viderent,
1801 4417 2082 4489 scriptum

374 4503 671 4556 estautem
706 4507 770 4558 ut
803 4519 907 4558 nos
941 4503 1468 4568 audiremus.Quod
1495 4504 1552 4559 in
1585 4505 1701 4561 illis
1732 4506 1879 4562 oculi
1902 4507 2090 4564 value.

375 4593 529 4656 runt,
579 4590 686 4646 hoc
744 4594 802 4647 in
861 4593 1029 4649 nobis
1077 4594 1243 4650 fides.
1305 4594 1606 4651 Cernimus
1630 4595 1843 4669 quippe
1869 4599 2086 4669 animo,

375 4678 527 4748 quod
569 4679 753 4736 oculis
815 4698 928 4740 non
970 4685 1265 4757 potuimus
1302 4701 1315 4740 :
1351 4690 1407 4741 et
1464 4687 1685 4757 praelati
1719 4687 2086 4755 sumusillis,

371 4767 644 4836 quoniam
704 4769 774 4825 de
815 4773 982 4829 nobis
1030 4773 1252 4830 dictum
1297 4779 1402 4837 est,
1438 4776 1598 4832 Beati
1625 4775 1723 4849 qui
1743 4792 1852 4832 non
1885 4777 2085 4833 videntv

371 4865 422 4914 et
465 4859 689 4916 credunt
738 4861 915 4933 (Joan.
949 4880 1040 4931 xx,
1074 4864 1184 4936 29).
1221 4865 1384 4922 Addo
1443 4873 1638 4922 autem
1692 4855 1829 4938 quia
1859 4868 2002 4923 forte
2032 4873 2086 4924 et

374 4945 762 5005 intelleximus
793 4952 939 5021 quod
991 4951 1086 5007 illa
1146 4953 1321 5010 turba
1379 4971 1490 5009 non
1523 4952 1830 5011 intellexit.
1864 4959 1927 5010 Et
1961 4972 2085 5013 vere

373 5054 478 5093 nos
510 5039 658 5109 pasti
690 5056 915 5113 sumus,
945 5041 1039 5112 qui
1079 5041 1149 5097 ad
1194 5043 1514 5100 medullam
1545 5043 1744 5100 hordei
1788 5047 2083 5115 pervenire

369 5128 689 5198 potuimus.

442 5219 493 5269 7.
529 5221 784 5292 Denique
832 5221 1101 5279 homines
1151 5222 1234 5279 illi
1284 5224 1381 5296 qui
1440 5223 1709 5279 viderunt
1769 5224 1899 5293 hoc,
1941 5227 2078 5298 quid

369 5307 910 5380 putaverunt‘Hlli,
963 5312 1171 5385 inquit,
1198 5311 1441 5370 homines
1497 5329 1620 5368 cum
1655 5311 2081 5387 vidissentquod

365 5396 568 5465 fecerat
614 5399 860 5470 signum,
911 5402 1184 5475 dicebant,
1235 5405 1376 5474 Quia
1416 5403 1506 5459 hic
1525 5409 1602 5461 est
1633 5419 1761 5460 vere
1788 5406 2075 5477 prapheta.

366 5485 530 5539 Forte
555 5487 744 5542 adhuc
769 5487 894 5545 ideo
912 5491 1207 5550 Christum
1231 5494 1568 5568 prophetam
1613 5494 1913 5566 putabant,
1938 5500 2077 5569 quia

365 5593 540 5650 super
574 5578 774 5634 fenum
810 5577 1250 5643 discubuerant.
1284 5588 1420 5645 Erat
1451 5596 1644 5669 autem
1670 5586 1765 5643 ille
1794 5587 2074 5648 Dominus

1336 241 1414 300 ΙΝ
1457 240 1783 302 JOANNIS
1830 233 2362 308 EVANGELIUM,
2410 235 2480 296 S.
2534 236 2966 299 AUGUSTINI

3782 241 3936 301 1596

2224 371 2673 441 Prophetarum,
2734 369 3006 442 impletor
3064 370 3503 442 Prophetarum,
3538 371 3927 430 sanctiﬁcator

2223 459 2662 530 Prophetarum,
2697 459 2792 514 sed
2817 464 2870 513 et
2902 459 3179 530 prOpheta
3211 475 3225 514 :
3261 476 3396 514 nam
3429 465 3485 514 et
3509 459 3687 532 Moysi
3713 462 3933 518 dictum

2223 553 2331 616 est,
2377 550 2668 606 Suscitabo
2702 552 2786 604 ei:
2824 550 3143 620 prophetam
3171 551 3407 605 similem
3429 552 3532 605 tui.
3567 551 3828 607 Similem
3853 570 3936 609 se-

2224 641 2476 695 cundum
2511 656 2768 708 carnem,
2796 658 2908 696 non
2949 641 3270 696 secundum
3327 642 3714 710 majestatem.
3770 642 3834 698 Et
3866 644 3935 699 de

2221 727 2350 798 ipso
2379 729 2604 786 Christo
2631 729 2787 784 illam
2841 729 3067 784 Domini
3111 730 3554 800 promissionem
3587 730 3798 787 habere
3842 733 3938 787 in-

2222 817 2538 888 tellectum,
2573 824 2766 889 aperte
2817 821 2872 875 in
2915 820 3152 874 Actibus
3185 819 3592 890 Apostolorum
3624 821 3935 892 exponitur

2223 913 2278 963 et
2311 909 2524 979 legitur
2557 909 2733 977 (Deut.
2787 926 2940 975 xvm,
2981 910 3081 975 l8;
3117 911 3229 964 Aet.
3265 927 3360 976 vri,
3391 910 3503 981 37).
3561 911 3624 964 Et
3659 911 3782 982 ipse
3815 911 3937 966 Do-

2225 998 2422 1053 minus
2445 1000 2511 1054 de
2535 1015 2596 1056 se
2617 999 2718 1065 ait,
2757 999 2870 1054 Non
2903 1003 2976 1055 est
2996 999 3260 1070 propheta
3308 1000 3427 1055 sine
3457 999 3679 1067 honore,
3713 985 3827 1056 nisi
3876 1003 3935 1057 in

2221 1089 2408 1160 patria
2439 1104 2536 1143 sua
2582 1091 2756 1157 (Joan.
2793 1105 2866 1152 1v,
2901 1088 3009 1159 44).
3053 1089 3334 1160 Propheta
3369 1090 3674 1155 Dominus,
3717 1095 3773 1145 et
3803 1089 3939 1146 Ver-

2225 1177 2364 1232 bum
2400 1178 2494 1232 Dei
2531 1178 2832 1244 Dominus,
2866 1182 2922 1233 et
2957 1177 3154 1233 nullus
3179 1177 3458 1249 prOpheta
3479 1179 3603 1234 sine
3629 1180 3806 1236 Verbo
3831 1180 3935 1237 Dei

2225 1269 2528 1340 prophetat
2557 1286 2569 1323 :
2604 1286 2732 1325 cum
2767 1270 3068 1341 Prophetis
3119 1270 3373 1326 Verbum
3422 1272 3538 1339 Dei,
3563 1276 3618 1326 et
3650 1273 3934 1344 propheta

2226 1358 2476 1413 Verbum
2523 1359 2645 1416 Dei.
2708 1360 3044 1415 Meruerunt
3097 1361 3290 1430 priora
3321 1364 3581 1432 tempora
3613 1361 3933 1433 Prophetas

2219 1447 2466 1516 afflatos,
2499 1455 2555 1504 et
2586 1449 2851 1520 impletos
2881 1450 3069 1507 Verbo
3107 1451 3241 1505 Dei:
3281 1452 3602 1507 meruimus
3651 1469 3757 1508 nos
3803 1471 3932 1523 pro-

2221 1536 2452 1606 phetam
2485 1538 2678 1609 ipsum
2710 1538 2968 1593 Verbum
3002 1538 3101 1593 Dei
3126 1538 3217 1594 Sic
3249 1544 3440 1594 autem
3472 1541 3748 1611 propheta
3772 1541 3933 1596 Chri-

2219 1632 2363 1695 stus,
2389 1628 2672 1683 Dominus
2698 1628 3158 1700 Prophetarum;
3195 1628 3348 1684 sicut
3369 1629 3611 1702 angelus
3642 1630 3929 1691 Christus,

2219 1715 2488 1773 Dominus
2512 1717 2886 1790 Angelorum.
2920 1719 3062 1774 Nam
3116 1722 3172 1773 et
3233 1719 3357 1790 ipse
3402 1719 3592 1775 dictus
3615 1725 3701 1774 est
3732 1721 3930 1791 magni

2219 1805 2448 1861 consilii
2497 1807 2747 1879 Angelus
2780 1808 2913 1878 (Im.
2946 1823 3022 1874 rx,
3055 1809 3110 1874 6,
3143 1823 3244 1863 sec.
3283 1807 3472 1878 LXX).
3515 1807 3929 1864 Verumtamen

2217 1897 2352 1952 alibi
2415 1896 2555 1968 quid
2607 1898 2744 1952 dicit
2795 1898 3069 1969 propheta
3094 1899 3121 1952 ?
3150 1897 3294 1962 Quia
3337 1916 3451 1953 non
3483 1897 3710 1966 legatus
3742 1915 3930 1970 neque

2217 1987 2478 2058 angelus,
2514 1987 2612 2043 sed
2656 1989 2777 2059 ipse
2808 1989 3044 2044 veniens
3077 1988 3262 2044 salvos
3297 1990 3464 2045 faciet
3496 2005 3593 2045 eos
3626 1989 3728 2060 (Id.
3764 2007 3930 2057 xxxv,

2218 2076 2267 2146 4)
2300 2092 2314 2132 :
2350 2076 2404 2132 id
2437 2081 2542 2142 est,
2574 2077 2644 2132 ad
2669 2077 2856 2133 salvos
2888 2094 2983 2134 eos
3030 2078 3318 2134 faciendos
3375 2095 3486 2133 non
3532 2078 3721 2134 mittet
3767 2079 3932 2151 lega-

2217 2175 2500 2233 tum,non
2534 2171 2724 2223 mittet
2772 2168 3066 2239 angelum,
3102 2171 3198 2224 sed
3261 2169 3450 2224 veniet
3481 2169 3620 2240 ipse.
3665 2170 3802 2233 Quis
3835 2186 3932 2225 ve-

2217 2256 2381 2311 niet?
2409 2261 2537 2329 Ipse
2564 2258 2827 2329 angelus.
2857 2260 3018 2314 Certe
3048 2276 3163 2314 non
3199 2275 3299 2330 per
3331 2259 3625 2331 angelum,
3659 2260 3771 2316 nisi
3797 2260 3937 2331 quia

2215 2351 2326 2409 ista
2341 2346 2420 2400 sic
2438 2346 2704 2418 angelus,
2727 2355 2787 2402 ut
2809 2348 2982 2403 etiam
3001 2347 3283 2403 Dominus
3307 2349 3679 2420 Angelorum.
3705 2349 3934 2405 Etenim

2213 2433 2408 2504 Angeli
2441 2434 2618 2490 latine
2667 2436 2851 2491 nuntii
2914 2442 3070 2494 sunt.
3121 2435 3178 2491 Si
3212 2435 3476 2492 Christus
3511 2436 3651 2491 nihil
3687 2453 3937 2494 annun-

2215 2525 2402 2592 tiaret,
2427 2524 2670 2596 angelus
2716 2543 2827 2581 non
2861 2526 3148 2582 diceretur
3179 2542 3193 2582 ε
3226 2527 3273 2582 si
3326 2526 3585 2584 Christus
3616 2527 3760 2583 nihil
3793 2544 3931 2599 pro-

2215 2613 2494 2684 phetaret,
2532 2614 2813 2686 propheta
2846 2633 2959 2672 non
2992 2616 3296 2672 diceretur.
3325 2617 3671 2672 Exhortatus
3709 2622 3797 2673 est
3821 2634 3934 2673 nos

2212 2705 2281 2758 ad
2316 2703 2512 2774 fidem,
2546 2709 2601 2759 et
2631 2705 3135 2775 adhapessendam
3158 2707 3336 2762 vitam
3361 2711 3635 2762 aeternam
3662 2723 3674 2761 :
3703 2706 3930 2778 aliquid

2213 2812 2464 2866 praesens
2487 2797 2874 2857 annuntiavit.
2909 2797 3126 2868 aliquid
3159 2797 3419 2853 futurum
3438 2797 3697 2868 praedixit
3721 2814 3736 2853 :
3768 2815 3837 2854 ex
3863 2815 3932 2854 eo

2211 2885 2364 2956 quod
2426 2902 2674 2957 praesens
2733 2885 3120 2953 annuntiavit,
3172 2888 3416 2960 angelus
3469 2893 3592 2944 erat
3625 2903 3730 2956 ;eo
3764 2890 3928 2960 quod

2208 2975 2468 3032 futurum
2501 2977 2784 3048 praedixit,
2820 2977 3096 3048 propheta
3123 2983 3276 3033 erat:
3309 2995 3376 3034 ex
3397 2995 3460 3035 eo
3482 2980 3634 3049 quod
3662 2980 3927 3035 Verbum

2205 3064 2304 3121 Dei
2349 3083 2481 3123 caro
2544 3067 2759 3123 factum
2808 3073 2912 3137 est,
2937 3073 2992 3123 et
3031 3068 3381 3139 Angelorum
3413 3075 3470 3125 et
3493 3068 3923 3142 Prophetarum

2203 3153 2481 3210 Dominus
2514 3165 2652 3211 erat.

2741 3284 3160 3341 TRACTATUS
3198 3285 3356 3343 XXV.

2199 3401 2280 3457 At)
2307 3417 2366 3457 eo
2397 3402 2536 3473 quod
2565 3403 2836 3474 scriptum
2865 3407 2962 3472 est,
3005 3405 3178 3461 Jesus
3209 3407 3339 3476 ergo
3369 3422 3504 3461 cum
3547 3406 3930 3478 cognovisselt

2269 3493 2418 3562 quod
2451 3493 2746 3549 venissent
2778 3497 2843 3549 ut
2873 3499 3140 3566 raperent
3159 3510 3320 3562 eum;
3353 3495 3610 3568 usquead
3633 3495 3790 3564 id,Et
3813 3513 3931 3569 ego

2269 3581 2625 3638 resuscitabo
2647 3583 2857 3638 eumin
2885 3583 3200 3640 novissimo
3219 3584 3486 3656 die.Cap.
3520 3602 3598 3655 vr,
3632 3587 3684 3654 ᾗ.
3723 3587 3786 3640 15
3808 3587 3928 3642 Ai.

2271 3693 2318 3744 l.
2372 3689 2710 3747 Hesternam
2765 3709 2831 3748 ex
2881 3691 3188 3765 Evangelio
3255 3693 3588 3762 lectionem,
3661 3694 3774 3751 ista
3837 3705 3935 3751 est

2196 3779 2478 3836 hodierna
2509 3783 2962 3854 quazwsequitur,
2985 3783 3139 3838 unde
3181 3783 3499 3839 hodiernus
3523 3801 3710 3841 sermo
3745 3784 3936 3841 debe-

2196 3873 2312 3926 tur.
2351 3871 2520 3926 Facto
2543 3871 2639 3927 illo
2675 3871 3370 3944 miraculo,ubiquinque
3387 3873 3568 3929 millia
3599 3873 3926 3932 hominum

2196 3961 2264 4015 de
2287 3959 2545 4031 quinque
2565 3961 3196 4034 panibus'pavitJesus,
3229 3979 3363 4018 cum
3387 3962 3684 4019 admiratae
3715 3971 3937 4042 essent

2195 4051 2399 4116 turbs,
2433 4055 2489 4105 et
2519 4066 2650 4106 eum
2685 4068 2963 4122 magnum
2986 4051 3336 4125 PrOphetam
3362 4053 3618 4109 dicerent
3643 4053 3739 4124 qui
3761 4057 3940 4111 venit

2198 4140 2253 4195 in
2287 4141 2601 4206 mundum,
2635 4142 2901 4214 sequitur
2932 4142 3039 4198 hoc
3074 4157 3088 4198 :
3121 4145 3272 4198 Jesus
3294 4159 3419 4212 ergo
3439 4161 3563 4199 cum
3583 4145 3942 4215 cognovisset

2197 4233 2324 4301 quia
2357 4234 2611 4286 venerant
2643 4236 2701 4285 ut
2744 4236 2994 4303 raperent
3024 4248 3170 4298 eum,
3204 4236 3253 4288 et
3280 4234 3523 4303 facerent
3555 4250 3674 4289 eum
3714 4249 3941 4303 regem»

2191 4321 2336 4390 fugit
2367 4321 2576 4376 iterum
2609 4323 2667 4375 in
2704 4326 2943 4377 montem
2977 4324 3090 4393 ipse
3119 4324 3475 4380 sotu:.Datur
3503 4339 3637 4396 ergo
3669 4323 3942 4399 intelligi

2200 4410 2356 4482 quod
2381 4410 2665 4466 Dominus
2698 4427 2830 4467 cum
2854 4412 3083 4468 sederet
3113 4413 3172 4469 in
3218 4422 3412 4469 monte
3459 4429 3590 4470 cum
3614 4414 3946 4485 discipulis

2201 4501 2344 4568 suis,
2379 4504 2434 4556 et
2491 4500 2712 4556 videret
2760 4500 2964 4556 turbas
2994 4503 3062 4556 ad
3099 4519 3161 4558 se
3194 4503 3514 4570 venientes,
3539 4503 3947 4561 descenderat

2203 4591 2272 4646 de
2296 4594 2510 4657 monte,
2553 4598 2606 4644 et
2637 4590 2789 4645 circa
2813 4591 3088 4647 inferiora
3116 4591 3238 4648 loca
3260 4593 3464 4648 turbas
3494 4597 3746 4663 paverat.
3776 4592 3947 4652 Nam

2199 4679 2486 4750 quomodo
2518 4678 2639 4734 fieri
2675 4683 2864 4751 potest
2895 4685 2958 4736 ut
2982 4698 3187 4738 rursus
3211 4681 3353 4738 illuc
3387 4683 3629 4754 fugeret,
3661 4681 3950 4743 nisiante

2198 4769 2267 4824 de
2300 4773 2496 4824 monte
2519 4769 2933 4826 descenderet?
2985 4770 3292 4842 Significat
3321 4787 3457 4843 ergo
3489 4771 3723 4842 aliquid,
3757 4777 3944 4844 quod

2200 4859 2480 4914 Dominus
2498 4859 2564 4914 de
2589 4858 2704 4915 alto
2726 4860 3024 4914 descendit
3050 4861 3120 4914 ad
3144 4862 3460 4932 pascendae
3483 4861 3707 4916 turbas.
3729 4862 3944 4936 Pavit,

2195 4957 2247 5004 et
2271 4947 2556 5004 ascendit.

2264 5059 2316 5111 2.
2350 5057 2538 5122 Quare
2589 5061 2781 5112 autem
2843 5058 3282 5127 ascendit,cum
3343 5060 3712 5132 cognovisset
3759 5062 3947 5131 quod

2193 5162 2327 5201 eum
2361 5144 2566 5200 vellent
2598 5161 2798 5217 rapere
2829 5150 2884 5201 et
2915 5163 3105 5217 regem
3135 5148 3319 5205 facere
3345 5148 3374 5204 ‘2
3395 5149 3542 5215 Quid
3567 5147 3767 5205 enim?
3807 5167 3900 5207 no
3920 5171 3948 5206 n

2191 5241 2315 5294 erat
2375 5252 2492 5306 rex,
2528 5234 2625 5306 qui
2685 5236 2929 5292 timebat
2984 5238 3108 5293 fleri
3142 5240 3279 5295 rex?
3311 5238 3442 5295 Erat
3489 5240 3778 5295 omnino:
3823 5258 3952 5298 nec

2192 5327 2324 5382 talis
2358 5341 2453 5381 rex
2484 5325 2585 5396 qui
2618 5323 2688 5380 ab
2713 5325 3054 5383 hominibus
3085 5326 3265 5397 ﬁeret,
3290 5329 3390 5385 sed
3419 5328 3551 5385 talis
3583 5329 3682 5402 qui
3718 5328 3937 5388 homi-

2190 5416 2360 5472 nibus
2415 5430 2658 5486 regnum
2709 5415 2893 5471 daret.
2929 5414 3228 5489 Numquid
3279 5419 3423 5475 forte
3464 5425 3521 5475 et
3557 5417 3646 5473 hic
3692 5416 3950 5490 aliquid

2187 5504 2474 5573 significat
2494 5504 2664 5561 nobis
2693 5504 2882 5574 Jesus,
2917 5509 3090 5579 cujus
3139 5509 3286 5565 facta
3332 5509 3501 5565 verba
3533 5507 3707 5565 sunt?
3739 5509 3901 5578 Ergc

2187 5595 2242 5649 in
2279 5594 2388 5651 hoc
2437 5593 2590 5664 quod
2653 5593 2963 5652 voluerunt
2996 5613 3132 5654 eum
3164 5614 3362 5670 rapere
3385 5603 3442 5656 et
3473 5614 3666 5669 regem
3701 5597 3927 5656 facere
