4126 6194
425 245 581 306 1599
1377 243 1455 306 IN
1501 245 1825 308 JOANNIS
1869 243 2145 308 EVANGl

2273 243 2396 314 ΠΜ,
2443 244 2507 303 S.
2555 240 2980 304 AUGUSTINI
3802 242 3954 308 1600

425 398 519 438 res
561 387 696 437 sunt
726 379 1171 438 maledicorum.
1207 379 1344 435 Inde
1375 380 1622 438 charitas
1643 381 1981 454 refrigescit,
2008 383 2140 438 inde

429 472 642 528 ﬂuctus
672 477 980 543 augentur,
1015 475 1072 526 et
1103 473 1373 527 turbatur
1405 473 1588 529 navis.

495 562 550 616 ϐ.
608 562 767 617 Vento
811 576 1006 625 magno
1051 562 1228 630 ﬂante
1272 577 1425 617 mare
1472 563 1822 632 exsurgebat.
1862 563 2135 620 Tenebras

425 651 783 717 crescebant,
819 649 1202 720 intelligentia
1236 650 1632 718 minuebatur,
1656 653 1933 723 iniquitas
1959 667 2134 724 auge-

427 738 619 796 batur.
655 737 788 792 Cum
820 739 1183 806 remigassent
1205 753 1342 807 ergo
1371 739 1531 810 quasi
1559 741 1739 795 stadia
1761 740 1960 810 viginti
1981 741 2141 811 quin-

426 843 530 898 que
559 835 654 882 aut
697 828 948 897 triginta.
994 827 1219 883 Interea
1255 828 1657 898 ambulabant,
1696 828 2131 901 promovebant,

424 932 532 975 nec
562 919 715 975 venti
749 918 834 973 illi
866 924 921 974 et
953 923 1326 990 tempestates
1359 927 1411 974 et
1455 921 1663 976 ﬂuctus
1693 927 1748 978 et
1795 920 2044 978 tenebras
2071 921 2128 976 id

431 1008 697 1079 agebant,
733 1011 798 1062 ut
827 1007 914 1063 vel
947 1008 1112 1062 navis
1145 1024 1258 1062 non
1304 1018 1753 1079 promoveretur,
1807 1011 1892 1067 vel
1934 1013 2130 1067 soluta

2247 377 2622 452 expavescitis
2652 377 2679 431 ‘I
2721 375 2869 441 Quid
2929 374 3327 446 timetis?Ego
3391 372 3503 430 ista
3535 375 3798 446 praedixi,
3849 393 3954 449 ego

2247 472 2418 536 facio,
2452 483 2688 524 necesse
2713 471 2800 523 est
2849 471 2913 521 ut
2967 465 3130 520 ﬂant.
3189 467 3299 533 Ego
3356 480 3499 531 sum,
3540 466 3709 521 nolite
3739 465 3955 523 timere.

2250 561 2543 616 Voluerunt
2571 574 2694 630 ergo
2726 573 2852 613 eum
2880 558 3124 629 accipere
3154 557 3215 610 in
3244 558 3448 623 navim,
3481 562 3860 628 agnoscentes
3889 575 3956 614 ac

2250 649 2590 720 gaudentes,
2623 647 2809 703 securi
2844 646 2998 703 facti.
3031 647 3098 701 Et
3125 647 3313 701 statim
3331 645 3444 717 fuit
3468 644 3626 702 nauis
3652 646 3724 700 ad
3753 649 3956 702 terram

2249 740 2310 793 in
2339 754 2503 810 quam
2523 737 2920 792 ibant.Factus
2951 738 3040 791 est
3069 735 3205 791 ﬁnis
3222 741 3292 791 ad
3317 740 3531 791 terram
3566 751 3580 790 :
3615 735 3686 790 de
3714 734 3957 792 humido

2243 829 2314 884 ad
2349 827 2625 896 solidum,
2661 828 2732 883 de
2790 827 3021 882 turbato
3072 827 3139 881 ad
3195 826 3456 894 firmum,
3499 826 3570 880 de
3621 824 3830 881 itinere
3885 826 3955 881 ad

2243 919 2445 974 finem.

2307 1009 2362 1063 8.
2396 1009 2577 1064 Altera
2604 1007 2691 1063 die
2719 1007 2881 1062 turba
2911 1022 3032 1077 quae
3060 1005 3241 1062 stabat
3273 1010 3427 1062 trans
3469 1022 3640 1073 mare,
3686 1005 3841 1062 unde
3873 1005 3961 1062 illi

433 1099 786 1166 mergeretur
819 1112 835 1152 :
866 1097 966 1152 sed
1010 1097 1158 1153 inter
1190 1096 1290 1153 illa
1318 1100 1536 1154 ommia
1560 1101 1713 1156 mala
1734 1101 1874 1157 ibat.
1902 1101 2127 1156 Etenim
2237 1102 2534 1166 venerant,
2564 1097 2699 1152 vidit
2737 1099 2866 1168 quia
2888 1097 3144 1152 navicula
3173 1112 3281 1152 non
3311 1102 3430 1152 erat
3462 1095 3546 1152 ibi
3576 1097 3686 1152 nisi
3729 1111 3862 1165 una,
3905 1100 3962 1150 et

425 1185 561 1255 quia
589 1185 907 1242 abundavit
942 1188 1245 1257 iniquitas,
1269 1193 1326 1243 et
1349 1189 1667 1256 refrigescit
1697 1191 1950 1246 charitas
1984 1190 2129 1246 mul-

433 1279 649 1342 torum,
675 1283 945 1333 crescunt
967 1277 1198 1344 ﬂuctus,
1227 1285 1512 1349 augentur
1534 1283 1977 1344 tenebraa,sssvit
1995 1297 2130 1337 vcn-

430 1369 520 1421 tus
553 1381 568 1422 :
601 1368 694 1422 ted
729 1373 923 1423 tamen
957 1368 1120 1426 navis
1153 1370 1436 1426 ambulat.
1466 1371 1571 1438 Qui
1600 1372 2138 1443 enimperseveravec

433 1459 515 1512 rit.
544 1473 716 1529 usque
745 1461 808 1514 in
836 1460 1020 1527 ﬁnem,
1055 1462 1144 1516 hic
1173 1461 1353 1516 salvus
1374 1463 1478 1516 erit
1496 1461 1702 1533 (Matth.
1737 1463 1988 1531 xxiv,12,
2025 1463 2128 1535 13).

433 1545 550 1602 Nec
583 1548 702 1618 ipse
734 1550 1055 1605 stadiorum
1091 1566 1372 1606 numerus
1403 1553 1864 1607 contemnendus
1885 1556 1994 1607 est.
2027 1552 2134 1606 Ne-

435 1651 546 1707 que
578 1637 733 1692 enim
767 1653 898 1694 vere
930 1647 1122 1710 posset
1155 1639 1298 1695 nihil
1343 1640 1669 1712 signiﬁcare
1708 1642 1863 1712 quod
1915 1641 2133 1696 dictum

433 1729 539 1793 est,
561 1729 692 1783 Cum
715 1729 1076 1798 remigassent
1099 1728 1278 1785 stadia
1301 1731 1504 1800 viginti
1517 1731 1759 1802 quinque
1773 1734 1866 1785 aut
1886 1731 2137 1800 triginta,

437 1819 569 1871 tunc
596 1814 667 1871 ad
703 1831 789 1873 eos
819 1819 1148 1874 venitJesus.
1182 1817 1480 1876 Sulﬁceret
1510 1822 1710 1889 viginti
1740 1824 2002 1893 quinque,
2022 1820 2139 1876 suf-

429 1902 631 1961 ﬁceret
675 1908 926 1978 triginta,
972 1909 1223 1964 maxime
1273 1911 1408 1980 quia
1445 1909 1786 1966 uestimentis
1827 1915 1976 1979 erat,
2028 1926 2140 1965 non

437 1992 812 2051 afﬁrmantis.
846 1997 1144 2069 Numquid
1186 1999 1612 2070 periclitaretur
1649 2003 1865 2056 veritas
1904 2000 1959 2054 in
1990 2000 2140 2055 testi-

436 2087 652 2145 mante,
684 2085 730 2138 si
769 2087 979 2142 diceret
1026 2089 1217 2143 stadia
1266 2089 1444 2144 ferme
1502 2089 1760 2160 triginta,
1804 2096 1904 2144 aut
1959 2090 2144 2144 stadia

437 2171 618 2228 ferme
647 2174 852 2245 viginti
883 2176 1136 2248 quinque
1162 2175 1190 2231 (ἓ
1220 2177 1329 2234 Sed
1361 2193 1429 2232 ex
1458 2177 1661 2249 viginti
1701 2178 1962 2250 quinque
2011 2177 2147 2235 fecit

432 2261 696 2332 triginta.
731 2264 1072 2327 Qumramus
1102 2282 1410 2323 numerum
1454 2268 1802 2338 vigesimum
1854 2268 2144 2338 quintum.

437 2348 602 2405 Unde
633 2357 880 2422 constat,
916 2357 1068 2411 unde
1101 2356 1164 2410 fit
1193 2357 1220 2411 ?
1251 2357 1331 2414 De
1362 2358 1650 2429 quinario.
1691 2357 2002 2423 Quinarius
2053 2359 2149 2415 ille

439 2454 719 2498 numerus
751 2443 819 2499 ad
852 2446 1059 2516 Legem
1096 2446 1368 2518 pertinet.
1401 2446 1515 2518 Ipsi
1545 2451 1688 2503 sunt
1715 2447 1979 2518 quinque
2012 2447 2144 2504 libri

447 2526 653 2598 Moysi,
703 2529 842 2601 ipsa:
886 2537 1027 2588 sunt
1077 2535 1332 2606 quinque
1381 2536 1640 2607 porticus
1688 2535 1800 2591 illis
1838 2536 2148 2608 languidos

445 2617 832 2686 continentes,
865 2621 973 2692 ipsi
1027 2623 1282 2693 quinque
1314 2639 1493 2695 panes
1526 2625 1788 2696 quinque
1821 2624 2005 2680 millia
2036 2624 2146 2680 ho-

446 2706 675 2763 minum
707 2716 1032 2779 pascentes.
1057 2717 1202 2783 Ergo
1221 2713 1425 2786 Legem
1440 2713 1737 2785 significat
1758 2729 2036 2770 numerus
2058 2714 2151 2770 vi-

445 2795 705 2867 gesimus
735 2800 977 2870 quintus
1013 2817 1026 2856 :
1070 2803 1347 2874 quoniam
1373 2804 1632 2875 quinque
1660 2821 1759 2876 per
1781 2805 2063 2877 quinque,
2090 2804 2146 2859 id

445 2891 554 2955 est,
588 2887 899 2961 quinquies
922 2891 1110 2962 quini,
1137 2893 1356 2949 faciunt
1376 2894 1578 2966 viginti
1600 2896 1874 2967 quinque,
1898 2896 2150 2967 quadra-

444 2981 567 3032 tum
599 2979 950 3050 quinarium.
979 2982 1090 3038 Sed
1120 2983 1256 3038 huic
1279 2984 1734 3058 Legiantequam
1766 2986 2148 3059 Evangelium

445 3070 686 3139 veniret,
718 3073 912 3130 deerat
939 3076 1234 3147 perfectio.
1269 3076 1549 3135 Perfectio
1584 3087 1776 3136 autem
1809 3079 1870 3134 in
1920 3081 2148 3136 senario

443 3175 686 3219 numero
718 3165 1248 3237 comprehenditur.
1284 3167 1588 3240 Propterea
1610 3185 1710 3225 sex
1741 3169 1948 3226 diebus
1996 3171 2150 3227 Deus

446 3250 733 3306 mundum
767 3254 1005 3323 perfecit
1034 3253 1190 3325 (Gen.
1229 3257 1288 3326 ι),
1339 3260 1397 3313 et
1444 3258 1705 3330 quinque
1749 3257 1873 3329 ipsa
1921 3274 2022 3329 per
2052 3275 2149 3315 sex

443 3339 928 3412 multiplicantur,
963 3348 1026 3400 ut
1059 3345 1167 3400 Lex
1199 3361 1298 3418 per
1328 3347 1704 3418 Evangelium
1737 3347 2150 3419 adimpleatur,

445 3433 510 3485 ut
542 3430 684 3487 flant
704 3433 892 3489 sexies
917 3436 1077 3504 quini
1101 3435 1361 3509 triginta.
1387 3437 1472 3493 Ad
1493 3452 1591 3495 eos
1621 3453 1758 3512 ergo
1783 3439 1884 3511 qui
1907 3439 2153 3511 implent

441 3521 670 3594 Legem,
701 3525 857 3580 venit
888 3525 1077 3582 Jesus.
1111 3527 1181 3583 Et
1211 3529 1385 3596 venit,
1412 3529 1702 3601 quomodo
1723 3530 1751 3584 Ἰ
1778 3530 2020 3588 Calcans
2042 3531 2150 3587 flu-

447 3616 576 3668 ctus
605 3628 619 3679 ;
652 3629 856 3671 omnes
890 3619 1149 3674 tumores
1197 3618 1398 3674 mundi
1444 3618 1556 3675 sub
1611 3619 1855 3692 pedibus
1905 3621 2149 3689 habens,

446 3717 648 3757 omnes
679 3703 1054 3761 celsitudines
1081 3707 1276 3762 saeculi
1301 3723 1592 3780 premens.
1619 3709 1735 3766 Hoc
1758 3710 1950 3783 agitur
1966 3726 2150 3783 quan-

448 3795 570 3846 tum
596 3792 830 3848 additur
854 3795 1118 3865 tempori,
1144 3801 1200 3853 et
1221 3802 1498 3869 quantum
1523 3800 1746 3857 accedit
1768 3804 1909 3856 aetas
1933 3800 2148 3856 saeculi.

447 3881 1178 3953 Augenturinistomundo
1201 3888 1628 3959 tribulationes,
1658 3897 1947 3964 augentur
1978 3891 2149 3961 mala,

446 3977 736 4042 augentur
757 3975 1154 4047 contritiones,
1187 3986 1610 4052 exaggerantur
1637 3983 1759 4039 haec
1797 3985 2030 4042 omnia:
2061 3985 2153 4042 Je-

447 4077 552 4117 sus
583 4063 811 4133 transit,
846 4064 1075 4123 calcans
1105 4066 1340 4126 ﬂuctus.

517 4153 567 4205 7.
607 4151 675 4207 Et
707 4160 899 4210 tamen
933 4145 1102 4212 tanta;
1135 4167 1271 4214 sunt
1293 4159 1719 4230 tribulationes,
1752 4166 1812 4218 ut
1842 4165 2014 4220 etiam
2038 4164 2151 4235 ipsi

447 4243 547 4315 qui
581 4243 948 4301 crediderunt
971 4246 1026 4302 in
1057 4246 1282 4315 Jesum,
1315 4252 1372 4305 et
1402 4251 1503 4322 qui
1552 4256 1836 4308 conantur
1875 4269 2151 4326 perseve-

446 4349 574 4391 rare
607 4351 792 4408 usque
824 4336 882 4392 in
915 4336 1112 4405 finem,
1145 4346 1527 4410 expavescunt
1549 4356 1621 4397 ne
1653 4341 1952 4400 deﬁciant:
1987 4343 2150 4401 Chri-

446 4430 533 4481 sto
567 4425 780 4483 fluctus
813 4427 1096 4500 calcante,
1131 4429 1326 4487 saeculi
1359 4431 1708 4491 ambitiones
1729 4438 1786 4491 et
1816 4434 2151 4492 altitudines

444 4517 819 4588 deprimente,
853 4522 1177 4590 expavescit
1216 4521 1601 4580 Christianus.
1652 4524 1854 4582 Nonne
1901 4526 2020 4582 haec
2069 4526 2153 4582 illi

444 4606 719 4675 praedicta
747 4605 929 4680 eunti?
946 4609 1147 4667 Merito
1174 4618 1224 4668 et
1252 4611 1392 4669 Jesu
1417 4613 1474 4669 in
1499 4613 1776 4672 fluctibus
1795 4617 2151 4687 ambulante,

447 4691 808 4751 timuerunt:
854 4695 1144 4765 quomodo
1178 4696 1497 4755 Christiani
1553 4703 1822 4772 quamvis
1871 4704 2152 4762 habentes

452 4795 616 4854 spem
649 4781 710 4839 in
735 4781 932 4839 futuro
963 4785 1191 4854 saeculo,
1225 4787 1457 4859 quando
1487 4790 1732 4847 viderint
1761 4793 2008 4864 deprimi
2029 4796 2155 4851 alti-

449 4872 714 4929 tudinem
747 4872 939 4929 sieculi
974 4874 1173 4946 hujus,
1224 4876 1564 4950 plerumque
1612 4882 2034 4939 conturbantur
2081 4885 2152 4943 de

447 4963 800 5023 contritione
816 4979 1008 5021 rerum
1033 4965 1423 5023 humanarum
1436 4971 2060 5045 .AperiuntEvangeliu
2073 4993 2148 5044 m,

449 5055 720 5127 aperiunt
743 5056 1112 5127 Scripturas;
1143 5064 1197 5112 et
1229 5057 1533 5115 inveniunt
1554 5060 1634 5116 ibi
1665 5061 1772 5117 ista
1795 5064 1989 5119 omnia
2013 5081 2154 5137 pras-

447 5147 641 5216 dicta;
675 5146 808 5218 quia
832 5145 941 5202 hoc
973 5145 1259 5204 Dominus
1281 5146 1436 5203 facit.
1462 5147 1746 5221 Deprimit
1772 5151 2151 5209 celsitudines

451 5234 670 5300 seculi,
701 5239 768 5291 ut
797 5234 868 5290 ab
902 5235 1227 5294 humilibus
1257 5237 1635 5308 gloriﬁcatur.
1660 5238 1739 5296 De
1761 5256 2002 5311 quorum
2029 5243 2155 5298 alti-

448 5323 649 5378 tudine
678 5326 1020 5394 prssdictum
1051 5331 1160 5395 est,
1194 5327 1460 5384 Civitates
1488 5329 1838 5399 ﬁrmissimas
1875 5331 2154 5398 destrues;

448 5413 524 5476 et,
558 5409 777 5467 Inimici
805 5415 1117 5485 defecerunt
1142 5420 1376 5484 frameae
1405 5421 1465 5475 in
1492 5421 1678 5491 ﬁnem,
1713 5424 1762 5477 et
1802 5423 2048 5480 civitates
2069 5423 2156 5482 de‘

448 5499 711 5556 struxisti
731 5500 904 5572 (Psal.
936 5521 1015 5575 rx,
1043 5506 1122 5577 7).
1155 5509 1303 5573 Quid
1335 5525 1469 5581 ergo
1508 5511 1749 5580 timetis,
1793 5513 2158 5571 Christiani?

454 5591 724 5647 Christus
752 5588 1014 5664 loquitur
1043 5609 1059 5654 :
1091 5598 1368 5671 Ego-sum,
1395 5601 1566 5660 nolite
1593 5605 1806 5662 timere.
1856 5604 2003 5670 Quid
2035 5605 2159 5663 hac

2240 1191 2369 1260 quia
2408 1204 2513 1244 non
2545 1188 2819 1243 introisset
2848 1203 2969 1242 cum
2997 1187 3286 1258 discipulis
3322 1187 3445 1242 suis
3487 1187 3547 1242 in
3597 1201 3817 1255 navem,
3864 1186 3958 1242 sed

2241 1278 2342 1332 soli
2384 1277 2639 1345 discipuli
2675 1276 2796 1345 ejus
2826 1276 3092 1332 abiissent
3122 1292 3142 1335 .°
3189 1277 3317 1331 aliae
3361 1291 3485 1332 vero
3518 1284 3961 1347 supervenerunt

2242 1382 2410 1422 naves
2439 1383 2474 1420 a
2510 1366 2814 1430 Tiberiade,
2837 1366 3011 1434 jus-ta
3039 1365 3213 1421 locum
3242 1365 3818 1420 ubimanducaverunt
3866 1381 3969 1436 pa-

2243 1473 2392 1522 nem,
2414 1458 2626 1529 gratias
2650 1463 2872 1525 agentes
2903 1456 3150 1511 Domino.
3184 1455 3316 1511 Cum
3345 1471 3473 1525 ergo
3492 1455 3757 1511 vidissent
3791 1456 3964 1512 turba:

2247 1546 2374 1619 quia
2399 1546 2550 1602 Jesus
2581 1563 2690 1602 non
2731 1550 2864 1601 esset
2907 1547 3003 1613 ibi,
3038 1561 3212 1618 neque
3241 1545 3507 1617 discipuli
3535 1545 3677 1614 ejus,
3707 1546 3962 1601 ascende-

2248 1640 2381 1692 runt
2413 1636 2472 1691 in
2501 1636 2806 1704 naviculas,
2829 1645 2881 1692 et
2920 1640 3188 1692 venerunt
3220 1636 3616 1708 Caphamaum
3652 1641 3965 1707 quaerentes

2249 1727 2453 1784 Iesum.
2487 1725 2857 1782 Insinuatum
2889 1731 3084 1782 tamen
3115 1729 3202 1781 est
3231 1725 3350 1781 illis
3380 1730 3499 1781 tam
3531 1741 3812 1796 magnum
3845 1724 3969 1780 mi-

2245 1815 2541 1874 raculum.
2571 1815 2851 1874 Viderunt
2870 1816 3024 1873 enim
3057 1817 3212 1888 quod
3228 1815 3502 1888 discipuli
3523 1814 3634 1872 soli
3656 1816 3964 1873 ascendis-

2253 1912 2384 1965 sent
2413 1907 2471 1962 in
2503 1922 2730 1976 navem,
2757 1911 2813 1962 et
2835 1907 2971 1979 quia
3000 1907 3114 1962 alia
3147 1907 3314 1962 navis
3337 1923 3450 1962 non
3483 1905 3564 1962 ibi
3595 1913 3740 1964 erat.
3779 1905 3968 1962 Vene-

2255 2002 2396 2054 runt
2421 2005 2611 2053 autem
2631 1997 2764 2053 inde
2793 2002 2852 2052 et
2881 1996 3239 2068 navesjuxta
3270 1998 3463 2053 locum
3487 1995 3654 2052 illum
3673 1996 3775 2051 ubi
3809 2012 3970 2052 man-

2255 2090 2614 2146 ducaverunt
2642 2104 2874 2160 panem,
2894 2088 2954 2144 in
2977 2089 3190 2160 quibus
3207 2103 3341 2144 eum
3360 2089 3544 2145 turbae
3565 2092 3780 2146 secuta
3800 2092 3967 2144 sunt.

2256 2181 2398 2236 Cum
2432 2179 2736 2253 discipulis
2765 2195 2896 2251 ergo
2930 2196 3044 2235 non
3077 2180 3439 2246 ascenderat,
3471 2179 3587 2236 alia
3633 2178 3799 2235 navis
3851 2177 3974 2235 illic

2259 2286 2373 2326 non
2405 2278 2527 2326 erat
2563 2286 2575 2324 :
2611 2271 2764 2325 unde
2795 2269 2989 2325 subito
3021 2273 3183 2326 trans
3215 2285 3375 2326 mare
3411 2270 3598 2325 factus
3643 2273 3734 2325 est
3769 2268 3973 2335 Jesus,

2263 2360 2378 2416 nisi
2411 2361 2551 2432 quia
2589 2375 2766 2431 super
2789 2375 2946 2414 mare
2976 2358 3317 2429 ambulavit,
3339 2366 3402 2415 ut
3425 2358 3768 2415 miraculum
3804 2373 3972 2415 mon-

2259 2455 2471 2506 straret
2501 2451 2528 2506 ?

2330 2543 2381 2596 9.
2416 2541 2479 2596 Et
2506 2557 2629 2596 cum
2651 2541 2984 2597 invenissent
3021 2556 3148 2596 eum
3177 2540 3375 2598 turbae.
3407 2541 3551 2596 Ecce
3606 2543 3922 2611 presentat
3950 2539 3977 2594 ?

2263 2645 2323 2685 se
2355 2629 2557 2691 turbis,
2590 2647 2624 2686 a
2655 2629 2870 2702 quibus
2910 2647 2972 2686 se
3002 2631 3127 2702 rapi
3173 2629 3472 2699 timuerat,
3503 2634 3562 2686 et
3600 2629 3659 2685 in
3708 2635 3971 2686 montem

2262 2717 2506 2790 fugerat.
2541 2719 2802 2775 Omnino
2825 2719 3129 2776 conﬁrmat
3150 2724 3208 2776 et
3236 2720 3495 2776 insinuat
3528 2719 3694 2776 nobis
3728 2720 3785 2775 in
3847 2735 3971 2790 my-

2261 2810 2437 2865 sterio
2469 2809 2623 2864 dicta
2645 2824 2773 2866 esse
2803 2809 2905 2866 illa
2935 2809 3169 2878 omnia;
3201 2813 3258 2865 et
3280 2809 3506 2866 factain
3539 2825 3749 2881 magno
3779 2825 3975 2865 sacra-

2261 2905 2477 2970 mento,
2513 2905 2576 2956 ut
2599 2899 2814 2972 aliquid
2850 2901 3270 2973 significarent.
3302 2900 3448 2958 Ecce
3493 2905 3585 2956 est
3626 2898 3721 2955 ille
3751 2899 3853 2971 qui
3917 2901 3973 2956 in

2259 2995 2515 3049 montem
2549 2993 2770 3065 fugerat
2794 2993 3035 3049 turbas:
3069 3008 3263 3048 nonne
3293 3007 3427 3048 cum
3457 2991 3603 3065 ipsis
3651 2990 3834 3048 turbis
3891 2991 3969 3046 lo-

2259 3082 2458 3153 quitur
2478 3082 2505 3137 ?
2535 3081 2700 3138 Modo
2731 3086 2987 3150 teneant,
3021 3082 3194 3137 modo
3225 3097 3414 3151 regem
3449 3081 3687 3138 faciant.
3730 3083 3792 3137 Et
3843 3096 3968 3136 eum

2260 3173 2593 3229 invenissent
2621 3188 2747 3229 eum
2778 3182 2934 3229 trans
2951 3187 3125 3244 mare,
3147 3173 3411 3229 dixerunt
3439 3172 3523 3228 ei:
3541 3169 3731 3238 Rabbi,
3753 3171 3973 3244 quando

2261 3261 2368 3318 huc
2397 3261 2596 3318 venisti
2624 3261 2652 3317 τ

2335 3351 2420 3407 10.
2456 3350 2557 3407 llle
2587 3356 2719 3423 post
2752 3352 3013 3410 miraculi
3047 3359 3498 3412 sacramentum.
3529 3354 3586 3407 et
3642 3367 3972 3410 sermonem

2260 3443 2454 3510 infert,
2483 3447 2547 3496 ut
2576 3441 2624 3498 si
2659 3441 2780 3497 fieri
2814 3445 3023 3512 potest,
3048 3442 3146 3513 qui
3180 3441 3330 3514 pasti
3353 3448 3512 3511 sunt,
3543 3445 3893 3513 pascantur,
3924 3447 3976 3498 et

2261 3548 2511 3606 quorum
2543 3531 2769 3589 satiavit
2780 3531 3033 3605 panibus
3048 3532 3490 3600 ventres,satiet
3518 3536 3576 3587 et
3601 3533 3980 3588 sermonibus

2263 3628 2527 3693 mentes;
2563 3624 2664 3680 sed
2699 3623 2748 3679 si
2781 3624 3040 3694 capiunt.
3073 3624 3143 3679 Et
3172 3623 3222 3678 si
3255 3640 3368 3680 non
3401 3623 3663 3694 capiunt,
3702 3633 3980 3680 sumatur

2260 3716 2415 3788 quod
2448 3730 2564 3770 non
2588 3714 2826 3787 capiunt
2856 3711 2900 3782 ’,
2935 3730 3005 3770 ne
3037 3713 3361 3783 fragmenta
3383 3720 3643 3786 pereant.
3673 3712 3981 3785 Loquatur

2260 3822 2418 3879 ergo,
2457 3809 2512 3862 et
2541 3805 2870 3861 audiamus.
2907 3804 3196 3875 Respondit
3225 3806 3395 3872 Iesus,
3429 3809 3482 3861 et
3535 3803 3677 3859 dixit
3704 3819 3726 3858 :
3777 3805 3979 3869 Amen,

2262 3909 2430 3952 amen
2459 3896 2578 3952 dico
2607 3894 2776 3965 vobis,
2808 3894 3065 3966 quaeritis
3095 3909 3201 3962 me,
3232 3909 3340 3951 non
3383 3895 3512 3966 quia
3539 3892 3764 3948 vidistis
3791 3895 3982 3965 signa,

2260 3986 2352 4042 sed
2381 3985 2515 4058 quia
2537 3985 2912 4041 manducastis
2930 3999 3001 4042 ev
3025 3984 3262 4056 panibus
3283 3983 3438 4040 meis.
3467 3983 3707 4055 Propter
3735 3997 3979 4040 carnem

2261 4091 2353 4132 me
2383 4076 2662 4148 quaeritis,
2699 4090 2811 4132 non
2845 4077 3079 4147 propter
3108 4073 3394 4147 spiritum.
3430 4074 3613 4140 Quam
3646 4072 3818 4128 multi
3861 4089 3974 4130 non

2260 4171 2526 4238 quarunt
2555 4166 2782 4234 Jesum,
2823 4165 2933 4220 nisi
2965 4167 3032 4220 ut
3061 4163 3178 4220 illis
3226 4164 3396 4219 faciat
3445 4164 3589 4219 bene
3641 4163 3976 4219 secundum

2257 4257 2521 4331 tempus!
2557 4256 2720 4313 Alius
2743 4255 3038 4329 negotium
3054 4254 3245 4325 habet,
3270 4253 3980 4326 queeritintercessionem

2259 4348 2604 4408 clericorum
2632 4366 2644 4418 ς
2668 4346 2816 4404 alius
2847 4346 3131 4420 premitur
3153 4363 3186 4402 a
3216 4345 3558 4418 potentiore,
3587 4345 3735 4418 fugit
3756 4345 3834 4401 ad
3888 4361 3979 4402 ec-

2261 4439 2493 4496 clesiam
2523 4455 2537 4506 ;
2571 4439 2721 4495 alius
2751 4454 2852 4511 pro
2883 4435 3081 4494 sevult
3110 4436 3447 4493 interveniri
3471 4435 3625 4508 apud
3660 4450 3789 4491 eum
3822 4437 3976 4507 apud

2262 4545 2434 4603 quem
2468 4546 2673 4603 parum
2705 4530 2892 4587 valet:
2927 4529 3025 4585 ille
3055 4528 3160 4594 sic,
3211 4527 3308 4584 ille
3347 4527 3464 4594 sic;
3508 4525 3782 4600 impletur
3838 4539 3982 4600 quo-

2259 4619 2397 4676 tidie
2427 4620 2644 4676 talibus
2674 4619 2936 4676 ecclesia.
2971 4619 3076 4674 Vix
3111 4616 3386 4689 quaeritur
3413 4616 3583 4672 Jesus
3615 4621 3866 4689 propter
3900 4618 3979 4672 ie-

2258 4727 2412 4767 sum.
2448 4711 2711 4780 Quaeritis
2739 4727 2847 4779 me,
2897 4725 3008 4766 non
3043 4708 3176 4782 quia
3223 4706 3438 4763 vidistis
3489 4707 3649 4777 signa
3695 4703 3789 4761 sed
3841 4707 3976 4780 quia

2257 4800 2633 4858 manducastis
2644 4818 2715 4856 ea:
2726 4800 2960 4873 panibus
2981 4797 3138 4856 meis.
3162 4796 3486 4870 Operamini
3519 4811 3627 4852 non
3646 4795 3832 4852 cibum
3884 4800 3979 4868 qui

2259 4894 2420 4963 perit,
2452 4891 2543 4947 sed
2572 4891 2669 4964 qui
2696 4894 2978 4962 permanet
3008 4890 3065 4944 in
3085 4890 3255 4944 vitam
3275 4892 3561 4942 aeternam.
3587 4885 3857 4949 Quaritis
3884 4900 3979 4940 me

2262 4985 2498 5053 prepter
2526 4979 2709 5046 aliud,
2733 4980 2970 5052 quaerite
3005 4995 3097 5035 me
3121 4981 3355 5050 propter
3377 4991 3485 5032 me.
3509 4975 3782 5047 Seipsum
3816 4975 3978 5033 enim

2261 5072 2497 5126 nsiuuat
2527 5071 2703 5126 istum
2729 5071 2949 5140 cibum,
2973 5070 3120 5141 quod
3145 5068 3204 5122 in
3235 5064 3730 5137 consequentibus
3753 5065 3960 5122 illuce-

2261 5162 2394 5218 scit.
2429 5161 2594 5229 Quem
2624 5160 2804 5216 Filius
2850 5161 3094 5217 hominis
3131 5157 3280 5213 dabit
3327 5155 3495 5212 vobis.
3549 5154 3966 5226 Exspectabas,

2261 5252 2455 5320 credo,
2487 5250 2694 5307 iterum
2729 5265 2908 5321 panes
2940 5248 3315 5314 manducare,
3339 5247 3552 5303 iterum
3575 5241 3976 5311 discumbere,

2328 5424 2521 5489 fJuxta
2540 5422 2812 5489 Er._Lugd.
2837 5425 2895 5489 Et
2923 5419 3080 5489 Yen.,
3111 5420 3461 5489 repraesentet.
3717 5476 3734 5489 θ
3853 5479 3863 5489 .

2325 5486 2610 5550 {Plerique
2632 5476 2754 5550 Mss;
2780 5499 2793 5537 :
2827 5485 2950 5550 Etsi
2979 5476 3082 5534 non
3099 5476 3567 5550 sapiuntﬂuma‘nt
3593 5476 3980 5550 quodcapiunt.

2262 5542 2540 5661 Sedfort'te'
2566 5549 2758 5600 melius
2793 5548 2880 5600 alii
2915 5553 3056 5597 tres:
3091 5542 3238 5596 Et'si
3258 5557 3358 5594 non
3388 5542 3624 5608 capiunt,
3650 5545 3858 5592 sumunt
3888 5543 3983 5604 qui

2263 5626 2454 5676 capsun
2487 5647 2498 5660 .
