4146 6186
226 276 375 338 160i
1484 278 1944 343 TRACTATUS
1989 280 2170 344 XXV.
2217 283 2474 347 CAPUT
2517 286 2620 349 Vl.
3585 291 3743 354 160!

216 412 424 468 tierum
448 410 728 482 saginari.
761 410 868 466 Sed
901 409 1123 468 dixerat
1153 411 1334 468 cibum
1366 428 1477 469 non
1506 416 1598 486 qui
1632 417 1797 487 perit,
1833 417 1924 472 sed
2034 435 2144 475 non
2174 435 2300 491 quae
2325 421 2487 494 perit,
2518 422 2609 479 sed
2647 437 2772 494 qua
2815 429 3099 495 permanet
3142 425 3203 480 in
3249 426 3420 483 vitam
3451 434 3742 492 aeternam.

220 449 424 468 ἰυιυιιι
448 449 728 482 συιδη-ιυιιιο
762 449 868 466 vv“
901 449 1123 468 υυινιυη
1153 449 1334 468 νυυκυι
1367 449 1477 469 ἰυό
1506 449 1596 486 ψη
1632 449 1797 487 μωιι,
1833 449 1920 472 πα
2035 449 2144 475 ηυη
2174 449 2299 491 qua:
2325 449 2487 494 per",
2518 449 2609 479 seu
2647 449 2772 494 quae
2815 449 3097 495 permanet
3142 449 3203 480 ιη
3249 449 3420 483 vitam
3451 449 3742 492 aeternam.

218 503 311 574 qui
328 508 624 573 permanet
646 503 710 557 in
729 501 897 557 vitam
917 509 1221 557 mternam:
1249 504 1540 574 quomodo
1562 505 1782 563 dictum
1802 509 1924 564 fue-
2036 508 2176 576 Quid
2200 512 2491 578 faciemus,
2523 512 2842 585 inquiunt?
2871 514 3010 585 quid
3043 513 3424 587 observando,
3457 519 3564 576 hoc
3596 449 3795 592 βιῶ-Γ

212 599 299 649 rat
328 592 563 648 mulieri
593 591 683 648 illi
711 593 1086 648 Samaritana:
1112 608 1129 650 :
1152 592 1212 648 Si
1237 594 1402 650 scires
1422 597 1518 667 qui
1533 599 1670 668 petit
1699 615 1732 653 a
1761 605 1814 655 te
1841 599 1922 654 bi-
2033 603 2265 669 ceptum
2315 601 2557 673 implere
2589 603 2910 673 poterimus
2932 605 2959 661 ?
2989 605 3277 677 Respondit
3318 609 3490 678 Jesus,
3521 619 3572 667 et
3597 591 3778 678 dixit“.

218 682 354 748 bere,
383 691 442 738 tu
472 685 713 754 forsitan
743 683 1069 756 postulasses
1105 682 1173 738 ab
1204 698 1289 753 eo,
1321 693 1372 740 et
1401 686 1565 741 daret
1594 687 1694 742 tibi
1723 704 1923 759 aquam
2030 688 2110 744 eis
2135 707 2154 743 :
2186 690 2289 745 Hoc
2318 698 2394 745 est
2439 707 2570 763 Opus
2601 693 2714 759 Dei,
2748 700 2803 748 ut
2849 673 3098 750 credatis
3117 693 3175 749 in
3223 711 3346 752 eum
3384 673 3542 768 quem
3586 703 3743 758 misit
3759 673 3784 771 λ

217 772 391 828 vivam
425 790 440 829 ;
474 789 609 828 cum
659 772 761 830 illa
806 773 1042 839 diceret,
1077 772 1236 830 Unde
1285 772 1408 839 tibi,
1441 777 1921 849 quandoquidem
2029 777 2144 832 ille.
2169 777 2285 834 Hoc
2317 783 2405 834 est
2432 795 2567 851 ergo
2599 782 2949 838 manducare
2977 784 3158 838 cibum
3186 800 3297 840 non
3340 786 3438 856 qui
3463 791 3628 859 perit,
3647 790 3742 847 sed
3770 790 3783 842 l

218 878 326 919 non
353 862 538 919 habes
570 863 980 931 hauritorium,
1001 867 1057 918 et
1089 869 1300 934 puteus
1333 865 1486 920 altus
1516 870 1604 920 est
1622 867 1649 920 ?
1677 867 1924 924 Samari-
2031 865 2436 936 quiper-manet
2456 867 2518 923 in
2540 870 2707 924 vitam
2728 877 3010 926 aeternam.
3029 871 3102 927 Ut
3122 872 3257 944 quid
3279 891 3445 943 paras
3469 876 3667 934 dentes
3685 883 3744 936 et
3778 873 3784 944 ξ

216 962 362 1010 lanas
410 954 716 1026 respondit
749 971 763 1011 :
795 955 854 1009 Si
879 955 1044 1011 scires
1073 954 1169 1026 qui
1197 963 1304 1011 ate
1328 955 1466 1026 petit
1509 956 1711 1026 bibere,
1744 968 1804 1014 tu
1829 974 1922 1030 pe-

217 1048 372 1100 tisses
402 1047 472 1100 ab
501 1060 586 1114 eo,
616 1048 667 1099 et
696 1044 858 1100 daret
883 1043 987 1100 tibi
1013 1060 1234 1116 aquam,
1268 1043 1411 1100 unde
1441 1045 1539 1116 qui
1570 1046 1783 1115 biberit,
1816 1064 1922 1102 am-

212 1134 360 1206 plius
383 1151 496 1188 non
526 1135 720 1188 sitiet:
748 1149 886 1188 nam
906 1132 970 1188 de
999 1133 1102 1188 hac
1121 1149 1264 1203 aqua
1287 1135 1384 1204 qui
1405 1133 1625 1200 biberit,
1651 1137 1796 1190 sitiet
1825 1138 1922 1191 ite-

210 1241 354 1278 rum.
391 1223 462 1278 Et
487 1223 680 1292 gavisa
710 1227 799 1278 est
841 1221 961 1292 illa,
985 1225 1043 1278 et
1073 1221 1251 1278 voluit
1280 1222 1564 1294 accipere,
1589 1224 1758 1296 quasi
1807 1241 1920 1281 non

213 1329 462 1381 passura
491 1312 646 1368 sitim
677 1311 960 1384 corporis,
989 1328 1116 1384 quae
1147 1310 1345 1368 labore
1375 1311 1686 1370 hauriendi
1717 1314 1922 1386 fatiga-

211 1405 420 1472 batur;
453 1408 508 1458 et
529 1401 616 1459 sic
644 1401 798 1458 inter
823 1402 1168 1472 hujusmodi
1192 1403 1712 1460 sermocinationes
1733 1420 1922 1476 perve-

211 1494 297 1548 nit
327 1493 404 1548 ad
459 1496 664 1562 potum
711 1489 1077 1563 spiritualem
1122 1491 1300 1561 (Joan.
1337 1508 1410 1562 Iv,
1441 1492 1602 1566 5-26)
1637 1509 1649 1549 :
1681 1494 1920 1552 omnino

216 1584 321 1638 isto
355 1583 535 1638 modo
566 1589 620 1638 et
650 1581 766 1637 hic.

277 1674 368 1728 it.
407 1673 576 1728 Hunc
623 1689 757 1744 ergo
786 1673 986 1742 cibum,
1011 1690 1127 1728 non
1175 1675 1271 1743 qui
1314 1677 1476 1745 perit,
1507 1675 1601 1731 sed
1648 1677 1744 1746 qui
1790 1693 1922 1747 per-

205 1768 386 1818 manet
421 1763 487 1817 in
506 1765 679 1818 vitam
710 1771 995 1830 aeternam,
1018 1780 1176 1835 quem
1196 1764 1370 1820 Filius
1393 1765 1631 1822 hominis
1659 1766 1814 1822 dabit
1834 1783 1926 1822 vo-

205 1855 276 1909 bis
306 1871 327 1909 :
362 1853 515 1909 hunc
544 1855 694 1909 enim
726 1855 898 1908 Pater
925 1855 1168 1925 signavit
1202 1857 1363 1911 Deus.
1393 1856 1576 1911 Istum
1609 1857 1797 1913 ﬁlium
1822 1857 1920 1914 ho-

203 1947 379 2003 minis
413 1946 601 2004 nolite
622 1947 708 2002 sic
739 1947 1016 2018 accipere,
1045 1949 1206 2016 quasi
1236 1948 1380 2004 alios
1405 1948 1558 2004 ﬁlios
1588 1948 1919 2015 hominum,

200 2039 263 2093 de
292 2037 522 2110 quibus
551 2036 775 2093 dictum
823 2040 932 2104 est,
964 2036 1101 2093 Filii
1129 2047 1314 2094 autem
1362 2039 1645 2095 hominum
1697 2043 1756 2096 in
1783 2055 1922 2111 pro—

199 2128 432 2184 tectione
464 2127 688 2182 alarum
717 2133 946 2183 tuarum
973 2128 1272 2198 sperabunt
1302 2128 1474 2200 (Psal.
1499 2146 1666 2201 xxxv,
1693 2131 1770 2202 8).
1805 2131 1918 2188 Isle

205 2218 357 2274 ﬁlius
386 2217 648 2274 hominis
669 2221 1071 2287 sequestratus
1091 2218 1337 2289 quadam
1361 2218 1548 2290 gratia
1568 2220 1842 2292 Spiritus,
1864 2233 1918 2281 et

205 2308 527 2366 secundum
559 2324 795 2366 carnem
845 2307 1001 2366 ﬁlius
1029 2307 1309 2377 hominis,
1344 2315 1585 2381 exeptus
1609 2329 1642 2367 a
1674 2330 1917 2372 numero

199 2399 554 2467 hominum;
588 2396 744 2456 ﬁlius
776 2396 1035 2455 hominis
1073 2402 1183 2455 est.
1214 2401 1326 2456 Iste
1356 2398 1510 2456 ﬁlius
1556 2401 1814 2460 hominis
1862 2409 1919 2462 et

199 2489 378 2545 Filius
409 2487 514 2544 Dei
543 2491 656 2556 est,
687 2486 798 2544 iste
844 2486 1021 2544 homo
1051 2489 1228 2546 etiam
1277 2489 1428 2546 Deus
1475 2495 1582 2547 est.
1616 2491 1742 2550 Alio
1792 2494 1916 2552 loco

201 2582 576 2653 interrogans
623 2579 941 2651 dicipulos
971 2581 1052 2636 ait
1083 2597 1097 2637 :
1132 2582 1304 2650 Quem
1345 2599 1432 2638 me
1459 2583 1648 2640 dicunt
1677 2600 1787 2642 esse
1817 2587 1916 2644 ho-

202 2675 382 2729 mines.
425 2673 636 2727 Filium
685 2672 971 2728 hominis?
1000 2673 1065 2728 Et
1113 2671 1206 2728 illi
1250 2689 1272 2728 :
1317 2673 1431 2728 Alii
1474 2677 1756 2745 Joannem,
1818 2679 1921 2735 alii

204 2764 404 2832 Etiam,
436 2761 545 2816 alii
571 2761 888 2829 Jeremiam,
920 2769 1019 2817 aut
1055 2778 1230 2817 unum
1254 2779 1324 2819 ea:
1351 2765 1641 2834 prophetis.
1677 2768 1739 2821 Et
1768 2767 1868 2823 ille
1897 2785 1918 2825 :

208 2852 297 2908 Vos
326 2865 455 2907 vero
507 2866 666 2922 quem
705 2866 793 2904 me
831 2848 1010 2905 dicitis
1051 2854 1213 2905 esse?
1237 2852 1528 2921 Respondit
1571 2855 1760 2908 Petrus
1790 2873 1810 2910 :
1847 2859 1917 2912 Tu

205 2958 256 2997 es
296 2941 554 2997 Christus
601 2939 785 2996 Filius
834 2940 930 2995 Dei
976 2940 1097 2996 vivi
1142 2939 1352 3009 (Matth.
1403 2958 1517 3011 xw,
1567 2943 1778 3016 13-16).
1817 2944 1919 3001 Ille

204 3031 346 3088 dixit
374 3047 438 3087 se
466 3029 682 3085 Filium
715 3028 994 3097 hominis,
1029 3033 1084 3085 et
1113 3029 1320 3086 Petrus
1352 3047 1485 3086 eum
1535 3032 1677 3088 dixit
1710 3033 1913 3090 Filium

200 3121 292 3178 Dei
333 3121 468 3177 vivi.
505 3119 735 3191 Optime
783 3119 880 3176 ille
927 3120 1427 3176 commemorabat
1479 3125 1628 3193 quod
1684 3124 1916 3180 miseri-

199 3212 454 3268 corditer
486 3210 863 3267 exhibuerat:
899 3209 996 3265 ille
1019 3209 1512 3268 commemorabat
1533 3214 1687 3284 quod
1720 3215 1779 3270 in
1804 3215 1916 3271 cla-

207 3305 368 3360 ritate
399 3301 809 3374 permanebat.
845 3300 1096 3356 Verbum
1147 3300 1248 3356 Dei
1279 3305 1645 3360 commendat
1690 3304 1916 3363 humili-

211 3398 382 3449 tatem
415 3408 613 3460 suam,
640 3392 812 3448 homo
835 3391 1096 3464 agnoscit
1117 3390 1441 3448 claritatem
1466 3395 1695 3451 Domini
1716 3395 1826 3452 sui.
1852 3397 1918 3453 Et

212 3500 426 3550 revera,
463 3484 692 3548 fratres,
730 3486 867 3552 pulo
916 3482 1056 3553 quia
1078 3482 1314 3551 justum
1346 3489 1469 3550 est;
1498 3484 1832 3543 humiliavit
1855 3503 1919 3543 se

212 3583 444 3647 propter
472 3591 602 3640 nos,
627 3573 1018 3646 gloriﬁcemus
1053 3573 1220 3629 illum
1253 3590 1359 3631 nos
1386 3592 1400 3631 :
1424 3591 1536 3632 non
1569 3576 1728 3633 enim
1761 3577 1916 3634 ﬁlius

211 3667 464 3722 hominis
511 3668 745 3738 propter
793 3679 854 3719 se
885 3669 996 3730 est,
1025 3665 1122 3720 sed
1167 3668 1398 3736 propter
1448 3682 1573 3722 nos.
1607 3668 1752 3738 Ergo
1802 3673 1920 3724 erat

210 3755 362 3812 ﬁlius
409 3754 673 3811 hominis
721 3753 820 3810 illo
869 3756 1222 3820 modo,cum
1280 3757 1507 3812 Verbum
1552 3774 1681 3812 caro
1710 3760 1919 3829 factum

206 3853 299 3912 est,
321 3851 372 3903 et
399 3846 678 3902 habitavit
722 3849 779 3899 in
811 3845 970 3902 nobis
1007 3846 1188 3916 (Joan.
1214 3863 1254 3914 ι,
1282 3847 1390 3916 14).
1416 3847 1552 3904 Ideo
1583 3848 1742 3905 enim
1776 3851 1922 3906 hunc

204 3937 343 3990 Deus
391 3937 562 3992 Pater
591 3934 851 4004 signavit.
885 3933 1126 4007 Signare
1156 3933 1297 4004 quid
1329 3938 1437 3998 est.
1474 3936 1585 3992 nisi
1617 3938 1919 4008 proprium

208 4025 428 4099 aliquid
463 4025 730 4097 ponere?
759 4023 880 4080 Hoc
909 4027 997 4080 est
1017 4025 1178 4080 enim
1208 4024 1464 4098 signare,
1486 4026 1788 4099 imponere
1820 4028 1922 4084 ali-

209 4117 343 4188 quid
380 4115 537 4188 quod
563 4131 681 4170 non
703 4114 1100 4170 confundatur
1120 4130 1252 4170 cum
1282 4116 1525 4172 caeteris.
1549 4117 1805 4189 Signare,
1832 4125 1920 4177 est

207 4206 444 4276 signum
465 4203 548 4260 rei
575 4218 807 4274 ponere.
833 4202 1192 4274 Cuicumque
1223 4203 1301 4258 rei
1327 4204 1490 4271 ponis
1512 4205 1770 4277 signum,
1793 4205 1920 4264 ideo

207 4295 378 4367 ponis
407 4295 666 4364 signum,
701 4309 773 4348 ne
803 4293 1048 4348 confusa
1078 4309 1212 4348 cum
1245 4293 1394 4357 aliis,
1429 4311 1462 4350 a
1491 4299 1546 4349 te
1580 4311 1694 4351 non
1736 4298 1920 4366 possit

207 4386 469 4456 agnosci.
514 4384 681 4438 Pater
709 4397 843 4453 ergo
872 4398 999 4438 eum
1029 4383 1286 4453 signavit.
1321 4382 1468 4448 Quid
1502 4387 1610 4450 est,
1633 4385 1921 4456 signavit?

211 4473 523 4546 Proprium
555 4472 840 4544 quiddam
871 4470 956 4528 illi
988 4470 1172 4537 dedit,
1197 4487 1268 4527 ne
1299 4471 1522 4528 ceteris
1553 4479 1922 4545 comparetur

211 4563 572 4621 hominibus.
613 4562 744 4620 Ideo
794 4561 866 4619 de
895 4559 995 4618 illo
1043 4562 1266 4618 dictum
1315 4566 1424 4630 est,
1457 4563 1619 4620 Unxit
1650 4572 1719 4633 te,
1763 4565 1919 4632 Deus,

201 4654 342 4709 Deus
371 4658 504 4709 tuus
531 4650 660 4709 oleo
678 4650 1052 4716 exultationis,
1074 4665 1194 4722 pra
1215 4651 1579 4722 participibus
1607 4653 1716 4708 tuis
1747 4654 1918 4725 (Psat.

201 4759 360 4812 xuv,
393 4744 472 4813 8).
504 4743 655 4813 Ergo
687 4742 922 4813 signare
953 4740 1094 4812 quid
1126 4739 1262 4796 est?
1294 4739 1610 4812 Exceptum
1660 4741 1873 4798 habere
1907 4761 1919 4798 :

201 4833 312 4890 hoc
365 4837 470 4901 est,
501 4848 616 4903 prae
652 4831 1027 4902 participibus
1067 4832 1198 4886 tuis.
1234 4831 1434 4901 Itaque
1481 4830 1678 4896 nolito,
1710 4832 1920 4903 inquit,

203 4939 296 4980 me
328 4929 727 4989 contemnere,
750 4920 887 4992 quia
917 4919 1074 4976 ﬁlius
1105 4935 1235 4976 sum
1271 4918 1561 4987 hominis;
1597 4925 1654 4977 et
1685 4923 1924 4993 quaerite

203 5031 235 5068 a
266 5030 366 5069 me
393 5015 578 5068 cibum
606 5027 715 5068 non
744 5012 842 5084 qui
869 5011 1032 5082 perit,
1063 5010 1154 5066 sed
1183 5009 1279 5081 qui
1324 5016 1612 5081 permanet
1655 5014 1715 5067 in
1755 5016 1924 5069 vitam

204 5113 501 5162 zternam.
526 5104 618 5159 Sic
658 5103 817 5160 enim
867 5101 1022 5158 ﬁlius
1052 5100 1309 5158 hominis
1356 5106 1600 5169 sum,ut
1645 5119 1758 5160 non
1809 5104 1922 5162 sim

207 5210 372 5251 unus
397 5211 470 5250 ex
499 5192 702 5249 vobis:
734 5192 820 5250 sic
840 5207 962 5249 sum
994 5190 1151 5249 ﬁlius
1182 5190 1459 5252 hominis.
1484 5195 1547 5247 ut
1579 5193 1746 5249 Pater
1765 5193 1921 5249 Deus

207 5300 296 5340 me
350 5283 634 5356 ignaret.
675 5281 824 5346 Quid
871 5285 975 5349 est,
1009 5279 1314 5354 signaret?
1345 5281 1648 5352 PrOprium
1699 5281 1919 5355 aliquid

202 5376 354 5432 mihi
385 5375 570 5443 daret,
604 5389 721 5446 quo
754 5388 870 5429 non
918 5371 1306 5430 contunderer
1351 5386 1487 5429 cum
1541 5387 1754 5444 genere
1803 5373 1920 5429 hu-

202 5482 404 5536 mano,
439 5465 540 5522 ed
569 5480 672 5536 per
704 5480 797 5520 me
824 5463 1165 5521 liberaretur
1197 5481 1379 5534 genus
1411 5464 1758 5521 humanum.

277 5557 370 5610 12.
405 5556 684 5610 Dixerunt
714 5568 837 5623 ergo
866 5553 935 5608 ad
963 5568 1088 5609 eum
1115 5569 1138 5609 :
1168 5552 1308 5620 Quid
1335 5553 1610 5622 [aciemus
1649 5560 1707 5609 ut
1734 5568 1918 5626 opere~

204 5664 338 5704 mur
364 5663 534 5719 opera
575 5646 714 5702 Dei.’
743 5644 969 5701 Dixerat
1000 5644 1156 5702 enim
1205 5644 1344 5715 illis,
1373 5647 1691 5717 Operumini
1718 5663 1920 5719 escam,

2032 957 2324 1013 ventrem?
2369 959 2560 1026 crede,
2588 963 2643 1013 et
2674 960 3058 1016 manducasti.
3101 961 3459 1021 Discernitur
3501 966 3744 1038 quidem

2034 1043 2103 1098 ab
2128 1046 2400 1114 operibus
2434 1047 2598 1114 fides,
2626 1047 2778 1104 sicut
2806 1049 3125 1118 Apostolus
3147 1051 3621 1124 dicil,justiﬁcari
3640 1058 3737 1113 ho-

2030 1132 2238 1189 minem
2265 1151 2363 1204 per
2390 1135 2553 1204 ﬁdem
2582 1136 2701 1192 sine
2730 1139 2980 1209 cperibus
3010 1140 3169 1211 Legis
3199 1142 3376 1211 (Rom.
3403 1161 3484 1210 Ill,
3518 1146 3605 1211 28)
3640 1163 3654 1202 :
3683 1152 3739 1204 et

2031 1228 2165 1278 sunt
2196 1238 2368 1293 opera
2398 1241 2525 1294 quae
2559 1226 2829 1282 videntur
2859 1228 3029 1297 bona,
3064 1231 3188 1285 sine
3239 1232 3351 1287 ﬁde
3399 1232 3647 1303 Christi;
3681 1239 3740 1293 et

2031 1329 2145 1368 non
2174 1318 2310 1367 sunt
2342 1314 2510 1379 bona,
2535 1315 2675 1385 quia
2708 1333 2821 1370 non
2854 1319 3181 1375 referuntur
3213 1321 3282 1375 ad
3307 1338 3439 1378 eum
3474 1323 3646 1381 ﬁnem
3670 1343 3738 1382 ex

2032 1417 2146 1473 quo
2177 1411 2308 1458 sunt
2338 1404 2487 1459 bona
2521 1421 2535 1458 :
2567 1406 2718 1460 Finis
2747 1405 2899 1462 enim
2949 1410 3105 1480 Legis
3146 1411 3417 1478 Christus,
3448 1414 3518 1470 ad
3550 1419 3737 1484 justi-

2027 1490 2319 1548 tiaomnim
2377 1494 2621 1549 credenti
2657 1495 2769 1564 (Id.
2805 1512 2858 1562 x,
2887 1498 2961 1564 4).
3008 1499 3140 1554 ldeo
3195 1500 3377 1557 noluit
3407 1502 3736 1561 discernere

2029 1582 2100 1638 ab
2123 1598 2293 1653 opere
2325 1584 2525 1648 ﬁdem,
2550 1585 2649 1640 sed
2684 1585 2866 1656 ipsam
2895 1587 3068 1643 tidem
3093 1589 3236 1644 dixit
3256 1606 3385 1648 esse
3417 1608 3582 1664 opus.
3606 1596 3738 1666 Ipsa

2030 1679 2120 1728 est
2150 1673 2305 1728 enim
2338 1673 2482 1729 ﬁdes
2510 1690 2634 1745 quae
2669 1691 2768 1745 per
2797 1675 3165 1733 dilectionem
3218 1689 3487 1750 operatur
3535 1684 3732 1750 (Gulat.

2031 1779 2083 1830 v,
2115 1763 2190 1833 6).
2225 1766 2339 1819 Nec
2370 1763 2535 1828 dixit,
2562 1764 2676 1820 Hoc
2708 1772 2792 1820 est
2836 1782 2980 1836 opus
3031 1773 3286 1824 vestrum
3314 1786 3328 1837 ;
3361 1772 3482 1837 sed,
3518 1774 3624 1829 Hoc
3660 1776 3736 1830 est

2029 1869 2162 1924 opus
2193 1853 2314 1922 Dei,
2344 1859 2404 1908 ut
2449 1854 2681 1910 credatis
2711 1857 2769 1910 in
2810 1873 2933 1912 eum
2981 1875 3140 1929 quem
3172 1860 3320 1915 misit
3365 1862 3462 1918 ille
3494 1879 3513 1918 :
3541 1868 3603 1919 ut
3635 1865 3736 1936 qui

2030 1945 2330 2015 gloriatur,
2378 1946 2436 2001 in
2482 1946 2730 2001 Domino
2783 1947 3064 2019 glorietur
3110 1951 3156 2021 (Ι
3201 1952 3321 2008 Cor.
3357 1969 3391 2018 ι,
3426 1953 3536 2024 31).
3589 1956 3738 2020 Quia

2031 2052 2168 2108 ergo
2219 2035 2502 2092 invitabat
2540 2052 2638 2092 eos
2686 2037 2757 2092 ad
2805 2038 3000 2105 ﬁdem,
3034 2037 3116 2094 illi
3162 2040 3355 2097 adhuc
3405 2043 3739 2115 quaarebant

2030 2124 2193 2195 signa
2222 2125 2436 2197 quibus
2468 2126 2790 2183 crederent.
2825 2127 2968 2184 Vide
2998 2127 3047 2183 si
3081 2145 3188 2184 non
3219 2131 3400 2186 Judai
3433 2131 3598 2204 signa
3626 2150 3734 2204 pe-

2031 2218 2179 2270 tunt.
2214 2215 2490 2272 Dixerunt
2519 2232 2655 2286 ergo
2688 2215 2759 2282 ei,
2795 2217 2944 2284 Quod
2974 2234 3101 2289 ergo
3130 2221 3188 2274 tu
3218 2221 3362 2288 facis
3401 2223 3644 2290 signum,
3678 2233 3739 2280 ut

2027 2304 2307 2361 videamus
2345 2312 2398 2360 et
2428 2305 2713 2361 credamus
2762 2305 2908 2362 tibi?
2939 2307 3068 2378 quid
3115 2311 3409 2378 operaris?
3448 2311 3738 2369 Parumne

2029 2399 2154 2453 erat
2181 2394 2339 2466 quod
2369 2396 2437 2451 de
2481 2395 2742 2467 quinque
2782 2395 3032 2466 panibus
3068 2398 3214 2468 pasti
3246 2400 3433 2456 sunt?
3466 2400 3736 2460 Sciebant

2031 2482 2135 2540 hoc
2167 2482 2428 2556 quidem,
2462 2485 2560 2540 sed
2594 2483 2729 2540 huic
2757 2484 2885 2542 cibo
2927 2502 3144 2541 manna
3174 2487 3244 2542 de
3275 2487 3415 2544 cmlo
3467 2491 3736 2561 praefere-

2029 2574 2186 2632 bant.
2217 2575 2495 2630 Dominus
2515 2580 2705 2632 autem
2726 2576 2902 2632 Jesus
2921 2576 3095 2632 talem
3119 2593 3182 2633 se
3204 2577 3456 2648 dicebat,
3473 2585 3536 2636 ut
3557 2584 3737 2655 Moysi

2029 2668 2407 2736 praeponeret.
2433 2664 2556 2722 Non
2590 2666 2746 2721 enim
2779 2681 2967 2731 ausus,
2986 2672 3072 2723 est
3101 2667 3324 2739 Moyses
3354 2670 3423 2725 de
3453 2686 3516 2726 se
3546 2671 3738 2728 dicere

2030 2756 2185 2826 quod
2235 2755 2400 2810 daret
2427 2757 2610 2811 cibum
2643 2771 2749 2810 non
2780 2759 2875 2828 qui
2916 2757 3079 2827 perit,
3108 2757 3200 2813 sed
3228 2761 3324 2831 qui
3359 2770 3640 2831 permanet
3674 2762 3732 2817 in

2028 2846 2197 2900 vitam
2236 2849 2522 2900 aeternam.
2554 2845 2783 2916 Aliquid
2835 2846 2965 2917 plus
2996 2846 3101 2902 iste
3153 2849 3525 2920 promittebat
3555 2867 3733 2923 quam

2030 2936 2268 3005 Moyses.
2294 2935 2401 2989 Per
2419 2938 2650 3006 Moysen
2676 2937 2890 3006 quippe
2914 2937 3360 3007 promittebatur
3392 2955 3658 3011 regnum,
3681 2949 3738 3000 et

2027 3029 2179 3078 terra
2228 3023 2414 3079 fluens
2445 3024 2532 3079 lac
2565 3031 2617 3079 et
2669 3025 2801 3093 mel,
2833 3026 3171 3097 temporalis
3217 3045 3346 3098 pax,
3375 3028 3734 3089 abundantia

2023 3111 2299 3179 ﬁliorum,
2325 3111 2486 3178 salus
2531 3113 2805 3183 corporis,
2824 3117 2881 3168 et
2911 3121 3114 3171 caetera
3142 3116 3362 3181 omnia,
3388 3119 3730 3190 temporalia

2022 3205 2281 3276 quidem,
2307 3204 2366 3258 in
2401 3205 2588 3277 ﬁgura
2624 3208 2818 3260 tamen
2851 3205 3217 3274 spiritualia:
3246 3208 3384 3279 quia
3414 3210 3589 3265 veteri
3630 3212 3731 3267 ho-

2026 3294 2168 3349 mini
2201 3295 2258 3350 in
2294 3293 2494 3351 Vetere
2521 3295 2889 3352 Testamento
2920 3296 3426 3366 promittebantur.
3460 3301 3732 3357 Attende-

2025 3384 2169 3439 bant
2197 3401 2333 3456 ergo
2366 3385 2653 3456 promissa
2686 3400 2786 3457 per
2817 3385 3073 3457 Moysen,
3107 3390 3163 3441 et
3193 3388 3565 3444 altendebant
3596 3407 3732 3461 pro-

2028 3474 2208 3532 missa
2239 3492 2338 3547 per
2367 3475 2686 3533 Christum.
2721 3476 2822 3531 Ille
2862 3476 3092 3546 plenum
3123 3480 3379 3533 ventrem
3423 3479 3733 3549 promitte-

2027 3565 2129 3621 bat
2158 3565 2216 3620 in
2248 3570 2420 3631 terra,
2453 3566 2553 3622 sed
2587 3565 2715 3622 cibo
2748 3567 2846 3637 qui
2882 3566 3028 3636 perit
3061 3584 3076 3624 :
3110 3566 3217 3622 iste
3251 3567 3628 3636 promittebat
3658 3569 3738 3625 ci-

2030 3656 2154 3711 bum
2198 3670 2311 3711 non
2360 3655 2457 3726 qui
2495 3657 2665 3726 perit,
2713 3657 2818 3711 sed
2858 3658 2957 3728 qui
3001 3659 3282 3726 permanet
3327 3659 3387 3712 in
3437 3666 3735 3715 eternum.

2027 3745 2417 3802 Attendebant
2437 3762 2571 3802 eum
2594 3744 2720 3815 plus
2744 3746 3262 3816 promittentem,et
3285 3747 3449 3819 quasi
3472 3749 3731 3805 nondum

2025 3835 2300 3890 videbant
2321 3836 2543 3905 majora
2563 3835 2892 3894 facientem.
2919 3836 3301 3894 Attendebant
3322 3838 3516 3909 itaque
3539 3840 3738 3912 qualia

2029 3926 2260 3982 iecisset
2307 3925 2554 3995 Moyses,
2604 3933 2658 3981 et
2706 3925 2898 3982 adhuc
2939 3926 3134 3998 aliqua
3193 3928 3418 3998 majora
3463 3928 3738 3987 volebant

2031 4013 2156 4071 ﬁeri
2205 4014 2276 4069 ab
2325 4030 2392 4069 eo
2439 4015 2540 4085 qui
2573 4017 2694 4070 tam
2750 4031 2963 4088 magna
3011 4015 3415 4086 pollicebatur.
3449 4017 3738 4086 Quid,ln-

2030 4105 2256 4176 quiunt,
2290 4105 2455 4176 facis,
2479 4108 2544 4160 ut
2586 4106 2893 4162 credamus
2926 4105 3076 4161 tibi?
3110 4107 3174 4161 Et
3225 4111 3288 4162 ut
3321 4109 3549 4165 noveris
3598 4111 3739 4182 quia

2028 4195 2314 4252 miracula
2360 4195 2459 4252 illa
2506 4195 2643 4252 huic
2695 4196 2978 4252 miraculo
3027 4198 3461 4265 comparabant,
3504 4202 3563 4253 et
3608 4199 3737 4255 ideo

2027 4287 2195 4358 quasi
2221 4286 2447 4341 minora
2478 4285 2953 4355 istajudicabant
2983 4301 3109 4356 quas
3135 4285 3377 4341 faciebat
3405 4289 3570 4342 Jesus
3593 4303 3606 4340 :
3633 4289 3740 4343 Pa-

2026 4380 2156 4441 tres,
2182 4375 2476 4448 inquiunt,
2499 4374 2679 4430 nostri
2709 4392 2913 4430 manna
2933 4373 3406 4431 manducaverunt
3426 4374 3484 4430 in
3509 4376 3733 4433 deserto.

2028 4470 2137 4526 Sed
2170 4469 2314 4541 quid
2345 4473 2430 4524 est
2480 4484 2691 4523 manna
2711 4468 2738 4522 ?
2767 4467 2934 4523 Forte
2983 4467 3384 4523 contemnitis.
3416 4467 3569 4524 Sicut
3593 4470 3736 4525 scri-

2025 4563 2179 4631 ptum
2204 4566 2300 4625 est,
2329 4557 2483 4613 Dedit
2530 4555 2647 4611 illis
2691 4573 2898 4612 manna
2948 4556 3307 4613 manducare.
3352 4557 3458 4614 Per
3505 4557 3739 4632 Moysen

2029 4654 2222 4722 patres
2256 4647 2438 4705 nostri
2490 4662 2698 4717 panem
2731 4647 2802 4701 de
2830 4645 2971 4702 cmlo
3015 4652 3387 4718 acceperunt,
3419 4652 3476 4704 et
3508 4664 3622 4706 non
3654 4650 3741 4709 eis

2031 4741 2254 4796 dictum
2289 4743 2381 4794 est
2410 4755 2444 4794 a
2476 4737 2691 4806 Moyse,
2726 4737 3053 4804 Operamini
3075 4737 3259 4794 cibum
3303 4756 3414 4796 non
3443 4744 3543 4812 qui
3567 4744 3733 4813 perit.

2029 4831 2114 4886 Tu
2147 4827 2437 4901 promittis
2467 4827 2650 4882 cibum
2679 4842 2788 4882 non
2816 4828 2913 4898 qui
2941 4828 3108 4896 perit,
3130 4827 3221 4882 sed
3252 4831 3347 4899 qui
3373 4837 3656 4899 permanet
3679 4833 3737 4888 in

2029 4922 2204 4976 vitam
2240 4922 2530 4982 zternam,
2563 4919 2621 4970 et
2669 4931 2782 4971 non
2829 4915 2967 4972 talia
3013 4933 3190 4988 opera
3237 4917 3494 4989 operaria
3543 4919 3738 4988 qualia

2030 5010 2272 5080 Moyses.
2306 5009 2490 5063 Panes
2535 5006 2880 5064 hordeaceus
2921 5006 3016 5063 ille
3067 5023 3181 5063 non
3227 5007 3406 5074 dedit,
3437 5008 3541 5063 sed
3577 5008 3740 5065 dedit

2033 5115 2248 5163 manna
2278 5098 2349 5154 de
2382 5097 2546 5153 ccelo.

2103 5189 2190 5248 13.
2237 5190 2390 5246 Dixit
2428 5203 2552 5260 ergo
2598 5189 2675 5244 eis
2723 5187 2925 5244 Iesus:
2954 5187 3144 5254 Amen,
3193 5202 3350 5242 amen
3400 5185 3517 5242 dico
3566 5185 3736 5254 vobis,

2028 5297 2139 5340 non
2168 5280 2365 5350 Moyses
2393 5277 2543 5335 dedit
2573 5276 2721 5333 vobis
2750 5291 2948 5346 panem
2977 5274 3042 5331 de
3083 5274 3238 5342 caelo,
3268 5275 3362 5331 sed
3393 5277 3554 5332 Pater
3583 5294 3739 5338 meus

2027 5371 2174 5439 dedit
2199 5372 2345 5426 vobis
2373 5382 2571 5439 panem
2598 5366 2664 5421 de
2695 5366 2847 5422 caelo.
2887 5367 3048 5422 Verus
3077 5363 3225 5421 enim
3254 5368 3417 5436 panis
3445 5375 3523 5422 est
3545 5368 3642 5439 qui
3670 5368 3736 5424 de

2027 5461 2163 5517 caelo
2187 5457 2480 5526 descendit,
2511 5463 2564 5512 et
2604 5454 2695 5510 dat
2746 5454 2918 5511 vitam
2963 5456 3196 5512 mundo.
3222 5458 3403 5512 Verus
3449 5471 3585 5527 ergo
3634 5457 3734 5515 ille

2027 5549 2198 5624 panis
2226 5555 2312 5605 est
2337 5545 2436 5618 qui
2465 5545 2566 5602 dat
2593 5544 2768 5600 vitam
2820 5546 3036 5601 mundo
3058 5561 3088 5613 ;-
3107 5549 3166 5603 et
3194 5546 3319 5618 ipse
3348 5546 3515 5602 cibus
3544 5550 3633 5602 est
3663 5547 3734 5604 de

2025 5659 2140 5715 quo
2170 5639 2342 5714 paulo
2362 5642 2496 5696 ante
2525 5635 2752 5694 locutus
2774 5651 2928 5708 sum,
2948 5640 3273 5712 Operamini
3290 5640 3474 5697 cibum
3497 5651 3610 5694 non
3639 5638 3736 5710 qui
