4126 6194
362 281 516 342 1603

350 435 517 505 perit,
538 431 627 488 sed
643 430 739 503 qui
758 430 1040 502 permanet
1070 423 1130 480 in
1153 425 1323 480 vitam
1344 427 1628 476 zternam.
1654 415 1802 483 Ergo
1833 415 1889 466 et
1910 408 2055 463 illud

355 539 566 579 manna
624 523 728 577 hoc
779 517 1161 589 significabat,
1212 517 1269 569 et
1315 511 1410 566 illa
1461 507 1658 564 omnia
1707 505 1874 574 signa
1932 515 2060 555 mea

350 619 531 670 erant.
567 612 742 683 Signa
775 627 903 665 mea
933 603 1257 670 dilexistis;
1293 600 1391 672 qui
1438 595 1893 668 signiﬁcabatur,
1925 605 2058 683 con-

347 680 657 759 temnitis‘i
685 701 808 756 Non
842 714 973 768 ergo
1023 696 1250 767 Moyses
1299 689 1459 746 dedit
1510 701 1718 759 panem
1753 686 1820 739 de
1866 680 2055 737 coelo:

349 794 633 850 Deus-dat
667 805 887 860 panem.
921 787 1028 842 Sed
1081 798 1250 854 quem
1303 776 1560 851 panem?
1601 775 1745 830 forte
1796 768 2060 860 manna?

349 884 496 950 Non,
521 881 618 936 sed
653 856 862 950 panem
893 890 1066 947 quem
1101 867 1443 939 signiﬁcavit
1467 881 1699 929 manna,
1725 862 1917 932 ipsum
1952 856 2059 912 sci-

347 976 482 1032 licet
508 969 811 1028 Dominum
835 967 1056 1021 Jesum.
1083 964 1248 1016 Pater
1269 973 1418 1012 meus
1447 955 1540 1010 dat
1565 951 1708 1009 vobis
1738 965 1945 1018 panem
1976 960 2063 1003 ve'

344 1079 490 1119 rum.
516 1057 684 1116 Panis
711 1056 859 1112 enim
901 1051 998 1107 Dei
1045 1057 1123 1106 est
1153 1051 1244 1120 qui
1286 1043 1564 1101 descendit
1593 1041 1660 1097 de
1699 1039 1852 1106 caelo,
1884 1043 1937 1092 et
1966 1036 2058 1090 dat

343 1152 519 1209 vitam
549 1145 770 1202 mundo.
799 1145 1066 1198 Dixerunt
1095 1154 1220 1209 ergo
1253 1135 1320 1191 ad
1352 1151 1476 1190 eum
1507 1150 1526 1189 :
1562 1131 1787 1187 Domine
1806 1145 1825 1190 ,ο
1857 1127 1925 1183 da
1956 1141 2055 1181 no-

349 1242 428 1295 bis
449 1253 656 1309 semper
685 1249 881 1305 panem
904 1232 1066 1286 hunc.
1093 1226 1391 1293 Quomodo
1424 1221 1636 1278 mulier
1667 1219 1766 1274 illa
1797 1215 2053 1309 Samari-

347 1337 504 1399 tana,
529 1307 620 1385 cui
653 1328 871 1383 dictum
905 1331 1012 1388 est,
1035 1322 1139 1390 Qui
1161 1316 1354 1374 biberit
1376 1316 1441 1370 de
1465 1315 1567 1369 hac
1587 1327 1753 1382 aqua,
1775 1325 1882 1364 non
1906 1307 2055 1362 sitiet

349 1437 635 1494 unquam;
666 1415 940 1472 continuo
992 1411 1093 1466 illa
1136 1408 1455 1465 secundum
1487 1418 1699 1473 corpus
1740 1398 2048 1494 accipiens,

349 1487 449 1566 sed
473 1515 664 1564 tamen
698 1520 893 1561 carere
922 1499 1239 1572 indigentia
1280 1495 1500 1561 volens,
1530 1495 1608 1548 Da
1641 1491 1802 1556 mihi,
1833 1487 2046 1560 inquit,

344 1602 592 1666 Domine,
617 1598 680 1653 de
713 1599 816 1651 hac
845 1610 990 1667 aqua
1010 1611 1028 1648 :
1061 1591 1147 1647 sic
1168 1594 1223 1645 et
1255 1588 1370 1652 isti,
1405 1586 1653 1650 Domine,
1675 1583 1746 1638 da
1777 1579 1929 1636 nobis
1956 1595 2053 1650 pa-

342 1709 465 1748 nem
500 1691 662 1751 hunc,
697 1685 791 1756 qui
827 1701 929 1739 nos
961 1681 1199 1744 reficiat,
1233 1694 1338 1734 nec
1370 1673 1623 1730 deficiat.

418 1783 505 1837 14.
534 1781 695 1837 Dixit
725 1784 913 1832 autem
942 1776 1018 1829 eis
1049 1775 1198 1828 Jesus
1220 1788 1238 1824 :
1261 1772 1372 1839 Ego
1402 1783 1522 1822 sum
1550 1763 1712 1836 panis
1743 1763 1870 1818 vita:
1902 1777 1922 1813 .·
1952 1757 2050 1828 qui

340 1871 490 1928 venit
509 1873 578 1925 ad
611 1884 714 1935 me,
747 1882 849 1921 non
877 1863 1118 1928 esuriet;
1148 1864 1202 1915 et
1226 1857 1324 1929 qui
1344 1855 1512 1912 credit
1542 1857 1596 1907 in
1629 1867 1733 1920 me,
1762 1867 1868 1906 non
1896 1849 2051 1906 sitiet

343 1977 608 2033 unquam.
635 1958 739 2025 Qui
767 1957 916 2011 venit
945 1953 1021 2007 ad
1052 1966 1155 2017 me,
1184 1951 1287 2003 hoc
1317 1952 1405 2003 est
1428 1945 1582 2016 quod
1615 1943 1787 2033 ait,_et
1935 1956 2048 1997 cre-

343 2030 509 2107 dit—in
539 2064 661 2108 me;
693 2051 748 2101 et
778 2043 929 2116 quod
975 2041 1140 2107 dixit,
1173 2055 1278 2092 non
1321 2037 1547 2100 csuriet,
1584 2034 1691 2087 hoc
1720 2030 2044 2101 intelligen-

343 2141 486 2196 dum
518 2145 622 2205 est,
645 2151 755 2191 non
779 2135 926 2189 sitiet
958 2146 1217 2201 unquam.
1245 2131 1499 2195 Utroque
1527 2122 1684 2178 enim
1706 2121 1804 2176 illa
1827 2120 2049 2191 signiﬁ-

343 2233 506 2285 catur
529 2231 740 2281 aeterna
773 2223 1026 2286 satietas,
1047 2218 1146 2273 ubi
1179 2216 1335 2272 nulla
1359 2223 1443 2270 est
1466 2217 1714 2283 egestas.
1743 2215 1953 2268 Panem
1977 2211 2047 2266 de

343 2319 485 2375 cmlo
509 2313 881 2379 desideratis;
906 2315 1038 2365 ante
1057 2325 1158 2363 vos
1181 2305 1425 2372 habetis,
1442 2309 1494 2359 et
1520 2319 1633 2359 non
1654 2301 2042 2357 manducetis.

342 2409 446 2466 Sed
476 2407 600 2462 dixi
631 2404 800 2469 vobis,
834 2402 963 2473 quia
993 2403 1044 2455 et
1072 2397 1285 2454 vidistis
1324 2411 1435 2461 me,
1468 2399 1518 2450 et
1568 2409 1677 2447 non
1711 2391 2043 2448 credidistis.

341 2498 451 2555 Sed
487 2512 600 2552 non
632 2493 759 2548 ideo
809 2506 914 2562 ego
965 2487 1239 2559 populum
1282 2483 1526 2555 perdidi.
1562 2481 1856 2551 Numquid
1887 2481 2043 2535 enim

342 2584 662 2642 infidelitas
703 2584 895 2636 vestra
926 2579 1094 2632 fidem
1131 2575 1229 2630 Dei
1273 2572 1573 2630 evacuavit
1617 2571 1790 2641 (Rom.
1825 2588 1910 2638 ιιι,
1943 2571 2044 2642 3)?

344 2677 485 2730 Vide
517 2674 672 2729 enim
694 2670 844 2741 quod
879 2667 1144 2738 sequitur
1168 2682 1181 2722 :
1208 2664 1374 2719 Omne
1404 2662 1548 2734 quod
1568 2662 1659 2716 dat
1687 2663 1828 2715 mihi
1849 2662 2039 2730 Pater,

337 2767 407 2824 ad
437 2782 525 2821 me
570 2764 782 2827 veniet;
817 2763 866 2815 et
894 2774 1019 2814 eum
1058 2756 1152 2827 qui
1180 2755 1396 2810 venerit
1425 2752 1495 2807 ad
1545 2769 1648 2821 me,
1685 2769 1793 2808 non
1821 2750 2043 2820 eiiciam

335 2860 506 2930 foras.
541 2853 717 2920 Quale
749 2855 837 2907 est
867 2850 1024 2904 intus
1059 2845 1229 2914 illud,
1262 2844 1418 2900 unde
1463 2860 1579 2899 non
1609 2843 1799 2899 exitur
1847 2842 2042 2898 foras?

335 2951 609 3019 Magnum
661 2940 972 3016 penetrale,
1006 2943 1062 2995 et
1107 2936 1276 2993 dulce
1307 2940 1620 2994 secretum.
1653 2934 1697 2990 Ο
1746 2939 2036 2991 secretum

333 3040 460 3095 sine
491 3035 682 3105 taedio,
709 3033 833 3089 sine
865 3028 1251 3086 amaritudine
1274 3026 1561 3082 malarum
1593 3025 2034 3098 cogitationum,

331 3129 458 3185 sine
491 3122 953 3196 interpellatione
983 3117 1363 3175 tentationum
1397 3124 1449 3171 et
1500 3116 1800 3171 dolorum!
1833 3119 2036 3170 Nonne

333 3218 478 3275 illud
511 3219 797 3271 secretum
828 3217 917 3268 est
940 3226 1052 3282 quo
1102 3206 1344 3262 intrabit
1384 3206 1500 3275 ille,
1524 3207 1617 3262 cui
1659 3207 1917 3262 dicturus
1948 3207 2039 3258 est

336 3309 619 3364 Dominus
651 3320 812 3360 servo
835 3303 982 3356 bene
1015 3298 1241 3364 merito,
1263 3300 1421 3352 Intra
1451 3299 1508 3353 in
1531 3296 1790 3368 gaudium
1821 3296 2038 3351 Domini

329 3400 411 3453 lui
433 3395 641 3470 (Matth.
674 3410 805 3460 xxv,
835 3390 975 3463 23)?

401 3489 487 3543 15.
521 3488 582 3541 Et
628 3500 754 3540 eum
801 3483 898 3552 qui
946 3482 1128 3537 veniet
1176 3480 1247 3536 ad
1295 3497 1400 3545 me,
1444 3495 1551 3534 non
1591 3478 1814 3549 eiiciam
1860 3483 2032 3548 foras.

332 3577 472 3646 Quia
530 3573 780 3630 descendi
836 3572 902 3627 de
949 3572 1099 3638 caelo,
1153 3586 1260 3626 non
1321 3575 1382 3624 ut
1439 3570 1644 3638 faciam
1702 3569 2035 3624 voluntatem

334 3683 532 3735 meam,
555 3665 648 3719 sed
675 3664 1012 3718 voluntatem
1036 3661 1152 3730 ejus
1171 3661 1272 3730 qui
1292 3659 1444 3714 misit
1464 3675 1567 3714 me.
1595 3660 1724 3714 Ideo
1746 3674 1878 3728 ergo
1900 3673 2033 3713 eum

337 3757 435 3828 qui
467 3755 650 3809 veniet
675 3754 744 3808 ad
779 3757 853 3817 te,
879 3767 992 3805 non
1019 3749 1214 3820 ejicies
1237 3750 1409 3818 foras,
1436 3752 1571 3820 quia
1593 3748 1942 3804 descendisti
1964 3749 2034 3803 de

338 3845 501 3909 coelo,
531 3859 646 3898 non
694 3842 880 3896 facere
905 3839 1264 3894 voluntatem
1314 3845 1499 3906 tuam,
1532 3839 1636 3894 sed
1678 3840 2032 3895 voluntatem

339 3935 466 4003 ejus
498 3930 597 4001 qui
629 3937 682 3984 te
728 3929 935 3983 misit?
958 3928 1233 3997 Magnum
1283 3933 1710 3983 sacramentum
1740 3928 1752 3983 l
1785 3928 2033 3982 Obsecro

335 4039 455 4090 vos,
487 4017 662 4077 simul
697 4016 1040 4089 pulsemus;
1073 4020 1235 4070 exeat
1257 4017 1327 4069 ad
1362 4033 1466 4071 nos
1487 4017 1706 4087 aliquid
1740 4017 1891 4087 quod
1930 4034 2032 4073 nos

331 4115 548 4183 pascat,
571 4108 897 4165 secundum
929 4106 1080 4176 quod
1109 4121 1213 4160 nos
1233 4104 1556 4162 delectavit.
1584 4112 1855 4176 Magnum
1891 4107 2030 4162 illud

331 4211 383 4257 et
422 4199 590 4256 dulce
622 4204 908 4255 secretum
946 4213 958 4251 :
994 4197 1098 4264 Qui
1126 4197 1304 4250 veniet
1333 4195 1404 4250 ad
1431 4212 1535 4250 me.
1560 4199 1826 4261 Attende,
1853 4202 2035 4252 atton-

329 4294 419 4357 de,
452 4295 509 4346 et
546 4288 809 4360 appende
841 4301 853 4340 :
889 4287 994 4353 Qui
1018 4285 1196 4342 veniet
1224 4287 1297 4340 ad
1333 4301 1439 4353 me,
1473 4301 1580 4341 non
1613 4293 1672 4340 ut
1703 4287 1917 4356 ejiciam
1948 4289 2027 4355 fo-

330 4398 439 4437 ras.
465 4383 632 4450 Ergo,
655 4379 752 4449 qui
773 4375 966 4446 veniet,
988 4376 1199 4447 inquit,
1222 4392 1335 4430 non
1357 4376 1578 4446 ejiciam
1598 4379 1766 4444 foras.
1798 4381 1983 4442 Quare
2005 4378 2032 4431 ?

329 4472 472 4538 Quia
499 4466 756 4524 descendi
769 4466 832 4521 de
851 4466 1002 4531 coelo,
1024 4482 1132 4520 non
1158 4473 1217 4520 ut
1236 4467 1442 4532 faciam
1465 4467 1795 4522 voluntatem
1825 4483 2029 4534 meam,

327 4561 421 4615 sed
450 4557 788 4613 voluntatem
818 4556 936 4625 ejus
967 4559 1060 4626 qui
1089 4555 1241 4611 misit
1271 4573 1374 4611 me.
1413 4557 1540 4625 Ipsa
1571 4563 1659 4612 est
1689 4573 1825 4629 ergo
1857 4575 2032 4614 causa

331 4662 511 4719 quare
532 4661 646 4700 non
679 4644 875 4714 ejicias
896 4661 1028 4699 eum
1061 4646 1213 4699 foras
1237 4646 1337 4715 qui
1359 4646 1518 4701 venit
1548 4648 1619 4702 ad
1651 4652 1728 4714 te,
1755 4649 1892 4718 quia
1915 4664 2029 4704 non

328 4735 678 4791 voluntatem
712 4739 866 4787 tuam
902 4734 1086 4788 facere
1116 4734 1462 4789 descendisti
1494 4737 1564 4790 de
1602 4737 1763 4803 coelo,
1788 4739 1888 4792 sed
1920 4755 2027 4794 vo-

326 4826 608 4882 luntatem
649 4822 779 4892 ejus
826 4821 925 4891 qui
973 4827 1029 4877 te
1079 4822 1278 4877 misit?
1313 4825 1460 4894 Ipsa.
1509 4825 1658 4887 Quid
1709 4828 2028 4897 quaerimus

330 4920 529 4971 utrum
552 4913 678 4982 ipsa
707 4910 831 4967 sit?
861 4909 990 4980 lpsa
1011 4920 1115 4979 est,
1135 4910 1258 4980 ipse
1290 4913 1566 4983 loquitur.
1593 4914 1714 4971 Non
1745 4918 1900 4972 enim
1927 4936 2026 4974 no-

329 5005 414 5060 bis
440 5004 522 5059 fas
550 5006 635 5058 est
655 5000 812 5057 aliud
844 5000 1127 5070 suspicari
1150 5016 1327 5070 quam
1361 5001 1649 5073 loquitur:
1685 5008 1791 5074 Qui
1815 5011 2028 5065 venerit

327 5096 399 5149 ad
428 5111 531 5162 me,
561 5107 670 5147 non
699 5088 922 5157 eiiciam
951 5093 1120 5160 foras.
1157 5089 1225 5145 Et
1255 5091 1416 5160 quasi
1450 5108 1758 5164 quaereres,
1791 5098 2028 5161 Quare?

330 5187 464 5253 Quia
493 5199 604 5239 non
632 5181 760 5237 veni
788 5184 971 5251 facere
1000 5182 1330 5238 voluntatem
1357 5200 1558 5250 meam,
1581 5188 1672 5243 sed
1693 5190 2027 5247 voluntatem

331 5273 446 5340 ejus
484 5275 579 5342 qui
607 5272 758 5326 misit
805 5287 907 5328 me.
941 5270 1139 5328 Timeo
1171 5288 1242 5328 ne
1292 5273 1442 5329 foras
1476 5281 1779 5347 propterea
1826 5281 2027 5338 exierit

333 5361 529 5415 anima
558 5375 591 5412 a
632 5364 768 5426 Deo,
801 5361 939 5431 quia
988 5361 1241 5434 superba
1285 5364 1590 5432 δι’διςὶωο
1639 5384 1752 5423 ιιοιι
1801 5370 2022 5430 dubito.

332 5447 624 5516 Scriptum
648 5452 733 5500 est
748 5449 922 5513 enim,
953 5451 1183 5506 Initium
1203 5456 1380 5508 omnis
1394 5458 1609 5525 peccati
1626 5461 1886 5529 superbia
1904 5477 1926 5524 ,ο
1947 5466 2024 5530 et,

326 5536 554 5595 Initium
591 5537 860 5605 superbiae
907 5538 1146 5596 hominis
1187 5553 1542 5614 apostatarea
1571 5549 1697 5606 Deo.
1727 5549 2023 5623 Scriptum

333 5632 440 5696 est,
473 5626 705 5691 firmum
737 5629 846 5693 est,
879 5643 1076 5688 verum
1110 5641 1216 5690 est.
1249 5635 1468 5694 Deinde
1510 5641 1647 5710 quid
1678 5641 1746 5698 de
1778 5645 2025 5715 superbo
2081 5700 2084 5701 ν

1305 273 1384 333 ΙΝ
1428 267 1756 333 JOANNIS
1803 259 2351 333 EVANGELIUM,
2399 261 2463 321 S.
2510 262 2942 325 AUGUSTINI

3717 261 3874 322 1601

2167 406 2379 462 dicitur
2427 407 2680 476 mortali,
2714 407 2971 466 accincto
3021 408 3231 481 pannis
3279 408 3486 477 carnis,
3525 414 3878 480 prmgravato

2171 498 2424 569 pondere
2448 502 2706 570 corporis
2731 500 3144 572 corruptibilis,
3162 506 3222 556 et
3242 505 3434 556 tamen
3466 497 3762 554 extollenti
3789 516 3876 565 se,

2170 593 2226 643 et
2255 587 2621 645 oblivisceuti
2673 607 2785 662 qua
2829 592 2976 666 pelle
3018 593 3267 649 vestitus
3315 597 3411 659 sit,
3445 593 3582 663 quid
3633 591 3685 645 ei
3735 592 3883 646 dicit

2170 677 2475 750 Scriptura
2494 682 2522 736 ?
2545 682 2686 749 Quid
2705 685 2946 756 superbit
2971 690 3119 742 terra
3141 689 3192 742 et
3211 687 3352 741 cinis
3371 688 3396 738 ?
3427 684 3565 752 Quid
3585 683 3833 754 superbit
3855 685 3881 734 .’

2169 767 2328 823 Dicat
2349 768 2480 840 quid
2497 774 2765 843 superbit.
2783 776 3060 843 Quoniam
3082 779 3141 830 in
3154 775 3273 831 vita
3291 791 3394 829 sua
3413 774 3658 844 projecit,
3675 772 3879 828 intima

2165 874 2269 914 sua
2314 858 2499 929 (Eecti.
2534 878 2590 932 x,
2621 865 2708 931 15,
2743 867 2828 932 14,
2858 866 2893 918 9
2921 871 2973 920 et
3008 865 3114 936 10).
3148 865 3295 929 Quid
3345 872 3448 931 est,
3479 862 3727 934 projecit,
3761 862 3877 917 nisi

2168 964 2340 1020 porro
2379 951 2569 1022 jecit?
2621 953 2737 1010 Hoc
2799 959 2888 1010 est
2935 954 3090 1010 exire
3155 955 3328 1010 foras.
3380 952 3604 1009 Etenim
3656 952 3879 1008 intrare

2169 1038 2344 1104 intro,
2377 1047 2648 1113 appetere
2679 1043 2921 1110 intima;
2956 1042 3235 1114 projicere
3280 1043 3503 1111 intima,
3538 1042 3690 1096 foras
3715 1042 3878 1096 exire

2167 1139 2270 1188 est.
2294 1133 2507 1188 lntima
2540 1135 2768 1206 projicit
2799 1137 3102 1207 superbus,
3125 1135 3329 1190 intima
3359 1135 3581 1206 appetit
3605 1133 3873 1189 humilis.

2163 1222 2217 1278 Si
2247 1224 2519 1295 superbia
2548 1223 2832 1294 ejicimur,
2867 1225 3199 1280 humilitate
3231 1223 3611 1296 regredimur.

2235 1313 2324 1368 16.
2357 1313 2544 1385 Caput
2575 1315 2835 1370 omnium
2881 1315 3218 1370 morborum
3265 1314 3540 1386 superbia
3589 1316 3696 1380 est,
3733 1312 3878 1383 quia

2163 1409 2336 1475 caput
2356 1403 2613 1460 omnium
2637 1409 3004 1476 peccatorum
3037 1403 3332 1475 superbia.
3360 1403 3618 1459 Medicus
3640 1402 3874 1472 quando

2161 1495 2563 1567 aegritudinem
2589 1495 2847 1556 discutit,
2873 1496 2920 1550 si
2955 1503 3110 1550 curet
3145 1496 3297 1567 quod
3327 1511 3428 1566 per
3457 1494 3710 1564 aliquam
3734 1509 3875 1549 cau-

2161 1600 2287 1640 sam
2311 1585 2525 1640 factum
2558 1588 2666 1652 est,
2689 1588 2744 1640 et
2774 1584 2960 1656 ipsam
2986 1600 3224 1640 causam
3247 1601 3364 1656 qua
3395 1584 3609 1639 factum
3634 1587 3722 1639 est
3749 1599 3872 1639 non

2161 1678 2342 1741 curet,
2395 1675 2463 1730 ad
2515 1677 2746 1745 tempus
2799 1673 3022 1729 videtur
3071 1673 3314 1743 mederi,
3363 1690 3541 1729 causa
3596 1680 3872 1729 manente

2164 1764 2402 1821 morbus
2451 1765 2752 1835 repetitur.
2794 1763 2962 1819 Verbi
2991 1764 3192 1833 gratia,
3239 1764 3574 1836 expressius
3624 1762 3732 1818 hoc
3771 1763 3866 1818 di-

2161 1870 2286 1911 cam
2321 1869 2336 1910 :
2370 1852 2576 1910 humor
2603 1854 2663 1908 in
2713 1869 2950 1925 corpore
2999 1853 3254 1910 scabiem
3288 1852 3374 1908 vel
3409 1852 3603 1908 ulcera
3633 1852 3866 1924 gignit;

2160 1945 2219 2000 in
2247 1960 2487 2017 corpore
2527 1944 2591 1998 ﬁt
2640 1959 2854 2014 magna
2904 1943 3106 2010 febris,
3138 1951 3192 1999 et
3220 1960 3332 2000 non
3384 1960 3600 2015 parvus
3649 1943 3816 1999 dolor
3853 1958 3868 1998 :

2158 2035 2502 2090 exhibentur
2532 2035 2792 2105 quaedam
2827 2034 3246 2089 medicamenta
3277 2051 3400 2104 quae
3424 2034 3676 2088 scabiem
3709 2049 3868 2088 com-

2158 2130 2395 2199 pescant
2442 2129 2498 2181 et
2528 2125 2809 2180 fervorem
2858 2124 3024 2180 illum
3058 2125 3270 2181 ulceris
3321 2127 3559 2192 sedent;
3594 2130 3651 2181 et
3691 2124 3869 2179 adhi—

2158 2218 2369 2273 bentur
2397 2223 2452 2272 et
2480 2214 2792 2288 proﬁciunt
2824 2230 2840 2270 :
2871 2215 3030 2271 vides
3080 2215 3376 2272 hominem
3423 2217 3519 2288 qui
3553 2215 3660 2270 fuit
3703 2216 3868 2273 ulce-

2159 2325 2324 2365 rosus
2368 2312 2426 2364 et
2475 2307 2798 2374 scabiosus,
2832 2310 3098 2362 sanatum
3134 2326 3148 2376 ;
3181 2309 3280 2362 sed
3313 2308 3452 2379 quia
3502 2308 3713 2364 humor
3762 2308 3870 2366 ille

2159 2415 2273 2455 non
2305 2399 2523 2469 ejectus
2548 2401 2656 2463 est,
2677 2413 2882 2453 rursus
2912 2397 2983 2451 ad
3016 2395 3185 2453 ulcus
3217 2397 3457 2453 reditur.
3489 2399 3869 2469 Cognoscens

2156 2487 2264 2544 hoc
2298 2487 2580 2550 medicus,
2615 2493 2820 2557 purgat
2870 2485 3195 2554 humorem,
3229 2486 3482 2542 detrahit
3508 2503 3766 2553 causam,
3805 2495 3870 2543 et

2155 2578 2316 2635 nulla
2345 2582 2518 2634 erunt
2551 2576 2761 2633 ulcera.
2790 2576 2954 2632 Unde
2984 2577 3244 2633 abundat
3272 2577 3548 2649 iniquitas
3568 2579 3594 2632 ’ἶ
3627 2578 3733 2633 Per
3761 2594 3872 2634 su-

2155 2668 2436 2741 perbiam.
2472 2669 2620 2723 Cura
2650 2666 3005 2739 superbiam,
3037 2671 3093 2722 et
3121 2666 3286 2723 nulla
3315 2667 3424 2722 erit
3453 2666 3752 2740 iniquitas.
3789 2669 3873 2726 Ut

2151 2773 2284 2830 ergo
2316 2772 2492 2812 causa
2521 2755 2788 2812 omnium
2821 2756 3158 2810 morborum
3195 2761 3518 2825 curaretur,
3552 2758 3609 2813 id
3640 2762 3724 2813 est
3751 2773 3870 2814 su-

2150 2847 2368 2918 perbia,
2404 2845 2702 2901 descendit
2751 2849 2808 2900 et
2857 2844 3101 2901 humilis
3150 2845 3336 2901 factus
3367 2851 3458 2902 est
3505 2845 3686 2903 Filius
3734 2848 3871 2904 Dei.

2149 2936 2295 3000 Quid
2347 2935 2635 3007 superbis,
2671 2934 2842 2990 homo
2865 2934 2892 2990 ‘2
2923 2935 3072 2990 Deus
3123 2939 3352 3006 propter
3398 2941 3454 2991 te
3490 2936 3729 2992 humilis
3764 2937 3870 2993 fa-

2147 3034 2275 3084 ctus
2309 3033 2414 3084 est.
2454 3028 2697 3084 Puderet
2726 3033 2781 3082 te
2817 3029 3063 3082 fortasse
3102 3028 3314 3082 imitari
3349 3027 3634 3084 humilem
3665 3029 3872 3086 homi-

2149 3134 2304 3184 nem,
2330 3118 2532 3173 salteni
2565 3116 2796 3172 imitare
2817 3116 3100 3172 humilem
3125 3116 3329 3172 Deum.
3354 3117 3521 3172 Venit
3555 3117 3736 3175 Filius
3754 3119 3870 3177 Dei

2148 3207 2205 3261 in
2244 3209 2493 3273 homine,
2527 3211 2583 3262 et
2629 3206 2871 3262 humilis
2907 3208 3092 3262 factus
3122 3210 3212 3262 est
3244 3223 3257 3262 :
3294 3208 3626 3279 praecipitur
3657 3208 3761 3263 tibi
3802 3215 3869 3267 ut

2145 3298 2232 3354 sis
2267 3298 2522 3363 humilis,
2557 3315 2668 3352 non
2714 3297 2820 3352 tibi
2866 3297 3196 3369 praecipitur
3247 3303 3310 3353 ut
3339 3313 3407 3353 ex
3463 3297 3695 3354 homine
3745 3301 3866 3358 fias

2147 3404 2324 3458 pecus
2350 3404 2362 3442 :
2390 3387 2485 3443 ille
2507 3387 2660 3442 Deus
2679 3387 2864 3442 lactus
2891 3393 2982 3441 est
3004 3387 3208 3455 homo;
3232 3391 3318 3452 tu,
3345 3387 3542 3455 homo,
3567 3404 3868 3459 cognosce

2145 3477 2282 3548 quia
2311 3494 2372 3532 es
2407 3477 2575 3532 homo
2605 3493 2618 3531 :
2655 3480 2772 3531 tota
2820 3475 3124 3532 humilitas
3154 3482 3275 3545 tua,
3311 3481 3375 3532 ut
3423 3493 3738 3549 cognoscas
3777 3483 3866 3536 te.

2147 3567 2291 3639 Ergo
2315 3567 2454 3638 quia
2482 3565 2864 3622 humilitatem
2897 3567 3063 3621 docet
3084 3565 3258 3634 Deus,
3281 3567 3448 3632 dixit,
3475 3573 3591 3624 Non
3622 3570 3749 3623 veni
3768 3579 3868 3639 fa-

2145 3673 2266 3712 cere
2296 3657 2627 3712 voluntatem
2667 3671 2868 3724 meam,
2901 3655 2993 3711 sed
3023 3658 3137 3724 ejus
3179 3656 3515 3712 voluntatem
3551 3661 3647 3728 qui
3694 3658 3867 3714 misit

2143 3764 2249 3804 me.
2283 3753 2413 3802 Haec
2445 3748 2596 3803 enim
2628 3747 3054 3802 commendatio
3110 3746 3455 3802 humilitatis
3487 3753 3593 3804 est.
3627 3748 3865 3820 Super-

2145 3839 2238 3894 bia
2285 3839 2499 3909 quippe
2531 3837 2667 3893 facit
2712 3835 3062 3892 voluntatem
3113 3852 3318 3904 suam;
3353 3835 3659 3893 humilitas
3710 3839 3869 3896 iacit

2142 3928 2497 3984 voluntatem
2542 3927 2659 3983 Dei.
2692 3927 2824 3984 Ideo
2873 3928 2970 3997 qui
2999 3927 3069 3982 ad
3099 3942 3183 3981 me
3232 3930 3459 3988 venerit,
3483 3944 3591 3984 non
3628 3929 3871 3999 ejiciam

2139 4021 2310 4088 foras.
2345 4017 2576 4083 Quare?
2609 4018 2750 4085 Quia
2778 4032 2884 4072 non
2915 4018 3038 4072 veni
3065 4019 3245 4086 facere
3275 4018 3610 4074 voluntatem
3648 4035 3868 4094 meam,

2142 4107 2233 4165 sed
2265 4107 2598 4162 voluntatem
2624 4108 2737 4174 eius
2769 4108 2866 4178 qui
2892 4108 3044 4160 misit
3075 4123 3178 4160 me.
3205 4106 3450 4161 Humilis
3478 4108 3627 4175 veni,
3651 4107 3874 4167 humi-

2142 4195 2361 4251 litatem
2404 4197 2611 4251 docere
2642 4195 3097 4266 veni,magister
3139 4194 3490 4252 humilitatis
3535 4198 3660 4252 veni
3695 4214 3709 4252 :
3754 4202 3872 4271 qui

2142 4287 2214 4340 ad
2250 4301 2340 4340 me
2387 4284 2562 4352 venit,
2594 4284 2997 4354 incorporatur
3045 4283 3222 4351 mihi;
3256 4284 3356 4355 qui
3406 4286 3480 4341 ad
3525 4302 3614 4342 me
3662 4291 3876 4354 venit,

2145 4373 2385 4430 humilis
2410 4375 2508 4441 ﬁt;
2545 4374 2643 4444 qui
2669 4373 2811 4428 mihi
2833 4373 3108 4440 adhaeret,
3136 4373 3373 4429 humilis
3392 4373 3498 4429 erit
3525 4392 3539 4443 ;
3572 4377 3707 4446 quia
3730 4394 3866 4436 non

2143 4464 2278 4519 facit
2307 4465 2661 4520 voluntatem
2694 4479 2885 4530 suam,
2908 4465 3005 4519 sed
3038 4464 3172 4532 Dei;
3208 4468 3263 4520 et
3293 4464 3421 4520 ideo
3447 4481 3562 4522 non
3583 4467 3872 4536 ejiciatur

2141 4553 2317 4619 foras,
2352 4554 2488 4622 quia
2530 4569 2664 4608 cum
2697 4551 2982 4624 superbus
3013 4557 3189 4620 esset,
3222 4555 3516 4624 prolectus
3546 4559 3634 4610 est
3664 4556 3866 4616 foras.

2214 4648 2300 4699 17.
2349 4642 2492 4700 Vide
2543 4642 2642 4699 illa
2690 4643 2967 4699 interiora
3017 4643 3411 4700 commendari
3459 4645 3518 4700 in
3567 4644 3808 4703 Psalmo
3848 4664 3866 4704 :

2138 4735 2273 4791 Filii
2292 4741 2477 4791 autem
2491 4734 2782 4790 hominum
2796 4737 2854 4789 in
2872 4737 3216 4805 proiectione
3226 4734 3474 4790 altarum
3495 4742 3717 4790 tuarum
3735 4754 3868 4808 spe.

2139 4828 2363 4883 rabunt.
2398 4825 2531 4882 Vide
2562 4825 2701 4896 quid
2729 4825 2804 4880 sit
2834 4825 2917 4880 ire
2948 4824 3123 4886 intro,
3146 4823 3277 4880 vide
3307 4825 3448 4896 quid
3479 4824 3552 4880 sit
3584 4824 3657 4880 ad
3687 4826 3869 4885 illius

2140 4916 2553 4987 protectionem
2581 4914 2907 4983 confugere,
2933 4913 3064 4970 vide
3093 4913 3234 4984 quid
3265 4915 3342 4969 sit
3370 4911 3543 4970 etiam
3575 4914 3682 4971 sub
3713 4933 3859 4973 ver-

2138 5007 2272 5062 bera
2321 5005 2501 5075 patris
2546 5019 2823 5060 currere:
2859 5003 3113 5076 ﬂagellat
3159 5003 3315 5058 enim
3366 5020 3600 5060 omnem
3648 5004 3861 5064 tilium

2137 5111 2308 5168 quem
2342 5095 2563 5167 recipit.
2597 5095 2733 5151 Filii
2778 5100 2965 5150 autem
2993 5094 3278 5150 hominum
3309 5093 3404 5148 sub
3450 5092 3690 5162 tegmine
3719 5097 3866 5156 ala-

2137 5199 2261 5241 rum
2282 5193 2506 5241 tuarum
2533 5184 2852 5256 sperabunt.
2878 5184 2947 5239 Et
2976 5185 3113 5255 quid
3137 5187 3226 5241 est
3256 5183 3458 5239 intus?
3488 5183 3869 5240 Inebriabun-

2137 5281 2228 5330 tur
2255 5275 2324 5331 ab
2346 5275 2597 5330 ubertate
2615 5273 2806 5330 domus
2827 5279 2961 5330 tua.
2985 5272 3131 5329 Cum
3165 5272 3393 5329 miseris
3415 5272 3586 5336 intro,
3609 5273 3863 5331 intran-

2134 5369 2222 5420 tes
2243 5364 2300 5419 in
2335 5364 2611 5435 gaudium
2639 5364 2862 5419 Domini
2895 5364 2986 5418 sui
3010 5383 3024 5433 ;
3051 5363 3474 5419 inebriabuntur
3491 5362 3557 5435 ab
3590 5362 3867 5421 ubertate

2135 5455 2320 5511 domus
2388 5463 2516 5524 tuae,
2564 5463 2617 5511 et
2665 5463 2914 5510 torrente
2965 5455 3260 5526 voluptatis
3317 5462 3430 5510 tum
3471 5454 3682 5526 potabis
3724 5470 3861 5513 eos.

2137 5547 2401 5614 Quoniam
2433 5548 2589 5617 apud
2610 5555 2661 5602 te
2687 5551 2767 5602 est
2795 5547 2915 5616 fons
2945 5547 3088 5602 vita.
3123 5545 3245 5601 Non
3276 5545 3414 5601 foris
3443 5554 3604 5600 extra
3632 5549 3705 5610 te,
3741 5546 3864 5602 sed

2134 5636 2298 5698 intus
2327 5638 2476 5709 apud
2506 5645 2580 5704 te,
2613 5637 2694 5694 ibi
2725 5641 2815 5694 est
2842 5637 2971 5694 fons
3000 5637 3147 5695 vita.
3171 5638 3236 5695 Et
3258 5637 3317 5692 in
3348 5635 3558 5693 lumine
3587 5642 3677 5692 tuo
3696 5635 3868 5694 vide-
