  <div class='ocr_page' id='page_1' title='image "/cluster/home/n/w/nwhite01/storage/ocr_20150623/35/hvd.32044054170956/152.png"; bbox 0 0 4146 6186; ppageno 0'>
   <div class='ocr_carea' id='block_1_1' title="bbox 248 298 394 358">
    <p class='ocr_par' dir='ltr' id='par_1_1' title="bbox 248 298 394 358">
     <span class='ocr_line' id='line_1_1' title="bbox 248 298 394 358; baseline 0.014 -2"><span class='ocrx_word' id='word_1_1' title='bbox 248 298 394 358; x_wconf 79' lang='grc'>1605</span> 
     </span>
    </p>
   </div>
   <div class='ocr_carea' id='block_1_2' title="bbox 236 429 1946 493">
    <p class='ocr_par' dir='ltr' id='par_1_2' title="bbox 236 429 1946 493">
     <span class='ocr_line' id='line_1_2' title="bbox 236 429 1946 493; baseline -0.004 -4"><span class='ocrx_word' id='word_1_2' title='bbox 236 436 406 491; x_wconf 78' lang='lat' dir='ltr'>bimus</span> <span class='ocrx_word' id='word_1_3' title='bbox 437 435 646 491; x_wconf 80' lang='lat' dir='ltr'>lumen.</span> <span class='ocrx_word' id='word_1_4' title='bbox 681 434 975 493; x_wconf 57' lang='lat' dir='ltr'>Prztende</span> <span class='ocrx_word' id='word_1_5' title='bbox 1004 433 1437 491; x_wconf 84' lang='lat' dir='ltr'>misericordiam</span> <span class='ocrx_word' id='word_1_6' title='bbox 1458 438 1611 491; x_wconf 87' lang='lat' dir='ltr'>tuam</span> <span class='ocrx_word' id='word_1_7' title='bbox 1648 429 1946 487; x_wconf 71' lang='lat' dir='ltr'>scientibus</span> 
     </span>
    </p>
   </div>
   <div class='ocr_carea' id='block_1_3' title="bbox 231 522 1946 596">
    <p class='ocr_par' dir='ltr' id='par_1_3' title="bbox 231 522 1946 596">
     <span class='ocr_line' id='line_1_3' title="bbox 231 522 1946 596; baseline -0.002 -16"><span class='ocrx_word' id='word_1_8' title='bbox 231 532 297 591; x_wconf 86' lang='lat' dir='ltr'>te,</span> <span class='ocrx_word' id='word_1_9' title='bbox 328 528 377 579; x_wconf 86' lang='lat' dir='ltr'>et</span> <span class='ocrx_word' id='word_1_10' title='bbox 405 525 681 591; x_wconf 77' lang='lat' dir='ltr'>iustitiam</span> <span class='ocrx_word' id='word_1_11' title='bbox 712 528 860 580; x_wconf 90' lang='lat' dir='ltr'>tuam</span> <span class='ocrx_word' id='word_1_12' title='bbox 891 525 972 580; x_wconf 88' lang='lat' dir='ltr'>his</span> <span class='ocrx_word' id='word_1_13' title='bbox 1002 526 1097 596; x_wconf 85' lang='lat' dir='ltr'>qui</span> <span class='ocrx_word' id='word_1_14' title='bbox 1129 528 1279 580; x_wconf 81' lang='lat' dir='ltr'>recto</span> <span class='ocrx_word' id='word_1_15' title='bbox 1324 526 1447 578; x_wconf 65' lang='lat' dir='ltr'>Sunt</span> <span class='ocrx_word' id='word_1_16' title='bbox 1486 523 1666 579; x_wconf 80' lang='lat' dir='ltr'>corde.</span> <span class='ocrx_word' id='word_1_17' title='bbox 1710 522 1817 587; x_wconf 91' lang='lat' dir='ltr'>Qui</span> <span class='ocrx_word' id='word_1_18' title='bbox 1860 537 1946 577; x_wconf 87' lang='lat' dir='ltr'>se-</span> 
     </span>
    </p>
   </div>
   <div class='ocr_carea' id='block_1_4' title="bbox 228 608 1938 681">
    <p class='ocr_par' dir='ltr' id='par_1_4' title="bbox 228 608 1938 681">
     <span class='ocr_line' id='line_1_4' title="bbox 228 608 1938 681; baseline -0.001 -17"><span class='ocrx_word' id='word_1_19' title='bbox 228 616 489 681; x_wconf 89' lang='lat' dir='ltr'>quuntur</span> <span class='ocrx_word' id='word_1_20' title='bbox 513 609 873 666; x_wconf 73' lang='lat' dir='ltr'>voluntatem</span> <span class='ocrx_word' id='word_1_21' title='bbox 900 610 1131 666; x_wconf 85' lang='lat' dir='ltr'>Domini</span> <span class='ocrx_word' id='word_1_22' title='bbox 1164 608 1277 677; x_wconf 89' lang='lat' dir='ltr'>sui,</span> <span class='ocrx_word' id='word_1_23' title='bbox 1316 625 1431 665; x_wconf 92' lang='lat' dir='ltr'>non</span> <span class='ocrx_word' id='word_1_24' title='bbox 1472 615 1791 680; x_wconf 66' lang='lat' dir='ltr'>quaerentes</span> <span class='ocrx_word' id='word_1_25' title='bbox 1815 623 1938 669; x_wconf 85' lang='lat' dir='ltr'>sua,</span> 
     </span>
    </p>
   </div>
   <div class='ocr_carea' id='block_1_5' title="bbox 228 697 1940 771">
    <p class='ocr_par' dir='ltr' id='par_1_5' title="bbox 228 697 1940 771">
     <span class='ocr_line' id='line_1_5' title="bbox 228 697 1940 771; baseline -0.002 -17"><span class='ocrx_word' id='word_1_26' title='bbox 228 699 323 754; x_wconf 89' lang='lat' dir='ltr'>sed</span> <span class='ocrx_word' id='word_1_27' title='bbox 345 716 473 770; x_wconf 71' lang='lat' dir='ltr'>quae</span> <span class='ocrx_word' id='word_1_28' title='bbox 509 697 735 754; x_wconf 83' lang='lat' dir='ltr'>Domini</span> <span class='ocrx_word' id='word_1_29' title='bbox 765 698 901 755; x_wconf 84' lang='lat' dir='ltr'>Jesu</span> <span class='ocrx_word' id='word_1_30' title='bbox 925 698 1163 766; x_wconf 86' lang='lat' dir='ltr'>Christi,</span> <span class='ocrx_word' id='word_1_31' title='bbox 1214 698 1328 771; x_wconf 88' lang='lat' dir='ltr'>ipsi</span> <span class='ocrx_word' id='word_1_32' title='bbox 1382 706 1519 754; x_wconf 90' lang='lat' dir='ltr'>sunt</span> <span class='ocrx_word' id='word_1_33' title='bbox 1558 698 1696 755; x_wconf 88' lang='lat' dir='ltr'>recti</span> <span class='ocrx_word' id='word_1_34' title='bbox 1750 698 1940 763; x_wconf 90' lang='lat' dir='ltr'>corde,</span> 
     </span>
    </p>
   </div>
   <div class='ocr_carea' id='block_1_6' title="bbox 230 788 1943 862">
    <p class='ocr_par' dir='ltr' id='par_1_6' title="bbox 230 788 1943 862">
     <span class='ocr_line' id='line_1_6' title="bbox 230 788 1943 862; baseline 0 -21"><span class='ocrx_word' id='word_1_35' title='bbox 230 789 375 860; x_wconf 84' lang='lat' dir='ltr'>ipsis</span> <span class='ocrx_word' id='word_1_36' title='bbox 418 805 535 843; x_wconf 89' lang='lat' dir='ltr'>non</span> <span class='ocrx_word' id='word_1_37' title='bbox 594 793 1037 844; x_wconf 79' lang='lat' dir='ltr'>commoventur</span> <span class='ocrx_word' id='word_1_38' title='bbox 1092 788 1290 862; x_wconf 81' lang='lat' dir='ltr'>pedes.</span> <span class='ocrx_word' id='word_1_39' title='bbox 1354 793 1531 843; x_wconf 86' lang='lat' dir='ltr'>Bonus</span> <span class='ocrx_word' id='word_1_40' title='bbox 1588 788 1742 843; x_wconf 88' lang='lat' dir='ltr'>enim</span> <span class='ocrx_word' id='word_1_41' title='bbox 1808 788 1943 841; x_wconf 88' lang='lat' dir='ltr'>Deus</span> 
     </span>
    </p>
   </div>
   <div class='ocr_carea' id='block_1_7' title="bbox 227 878 1942 951">
    <p class='ocr_par' dir='ltr' id='par_1_7' title="bbox 227 878 1942 951">
     <span class='ocr_line' id='line_1_7' title="bbox 227 878 1942 951; baseline -0.002 -17"><span class='ocrx_word' id='word_1_42' title='bbox 227 880 401 934; x_wconf 83' lang='lat' dir='ltr'>Israel</span> <span class='ocrx_word' id='word_1_43' title='bbox 431 879 596 935; x_wconf 82' lang='lat' dir='ltr'>rectis</span> <span class='ocrx_word' id='word_1_44' title='bbox 624 879 806 935; x_wconf 88' lang='lat' dir='ltr'>corde.</span> <span class='ocrx_word' id='word_1_45' title='bbox 850 881 952 935; x_wconf 77' lang='lat' dir='ltr'>Mei</span> <span class='ocrx_word' id='word_1_46' title='bbox 989 882 1194 951; x_wconf 84' lang='lat' dir='ltr'>autem,</span> <span class='ocrx_word' id='word_1_47' title='bbox 1237 879 1425 949; x_wconf 81' lang='lat' dir='ltr'>inquit</span> <span class='ocrx_word' id='word_1_48' title='bbox 1464 878 1581 946; x_wconf 91' lang='lat' dir='ltr'>ille,</span> <span class='ocrx_word' id='word_1_49' title='bbox 1607 893 1750 949; x_wconf 84' lang='lat' dir='ltr'>pene</span> <span class='ocrx_word' id='word_1_50' title='bbox 1795 893 1942 933; x_wconf 89' lang='lat' dir='ltr'>com-</span> 
     </span>
    </p>
   </div>
   <div class='ocr_carea' id='block_1_8' title="bbox 227 968 1938 1043">
    <p class='ocr_par' dir='ltr' id='par_1_8' title="bbox 227 968 1938 1043">
     <span class='ocr_line' id='line_1_8' title="bbox 227 968 1938 1043; baseline 0 -19"><span class='ocrx_word' id='word_1_51' title='bbox 227 972 362 1025; x_wconf 84' lang='lat' dir='ltr'>moti</span> <span class='ocrx_word' id='word_1_52' title='bbox 389 974 515 1025; x_wconf 89' lang='lat' dir='ltr'>sunt</span> <span class='ocrx_word' id='word_1_53' title='bbox 548 971 730 1041; x_wconf 84' lang='lat' dir='ltr'>pedes.</span> <span class='ocrx_word' id='word_1_54' title='bbox 754 971 987 1039; x_wconf 82' lang='lat' dir='ltr'>Quare?</span> <span class='ocrx_word' id='word_1_55' title='bbox 1017 973 1166 1043; x_wconf 79' lang='lat' dir='ltr'>Quia</span> <span class='ocrx_word' id='word_1_56' title='bbox 1213 970 1378 1026; x_wconf 61' lang='lat' dir='ltr'>aetati</span> <span class='ocrx_word' id='word_1_57' title='bbox 1428 972 1487 1025; x_wconf 84' lang='lat' dir='ltr'>in</span> <span class='ocrx_word' id='word_1_58' title='bbox 1543 968 1938 1041; x_wconf 71' lang='lat' dir='ltr'>peccatoribus,</span> 
     </span>
    </p>
   </div>
   <div class='ocr_carea' id='block_1_9' title="bbox 221 1058 1941 1134">
    <p class='ocr_par' dir='ltr' id='par_1_9' title="bbox 221 1058 1941 1134">
     <span class='ocr_line' id='line_1_9' title="bbox 221 1058 1941 1134; baseline 0 -20"><span class='ocrx_word' id='word_1_59' title='bbox 221 1058 403 1117; x_wconf 73' lang='lat' dir='ltr'>vacem</span> <span class='ocrx_word' id='word_1_60' title='bbox 458 1070 799 1133; x_wconf 77' lang='lat' dir='ltr'>peccatorum</span> <span class='ocrx_word' id='word_1_61' title='bbox 864 1063 1089 1116; x_wconf 88' lang='lat' dir='ltr'>intuens</span> <span class='ocrx_word' id='word_1_62' title='bbox 1151 1061 1317 1134; x_wconf 88' lang='lat' dir='ltr'>(Psal.</span> <span class='ocrx_word' id='word_1_63' title='bbox 1373 1076 1547 1127; x_wconf 82' lang='lat' dir='ltr'>Lxxn,</span> <span class='ocrx_word' id='word_1_64' title='bbox 1611 1060 1739 1131; x_wconf 84' lang='grc'>1-3).</span> <span class='ocrx_word' id='word_1_65' title='bbox 1794 1060 1941 1131; x_wconf 83' lang='lat' dir='ltr'>Ergo</span> 
     </span>
    </p>
   </div>
   <div class='ocr_carea' id='block_1_10' title="bbox 222 1149 1940 1223">
    <p class='ocr_par' dir='ltr' id='par_1_10' title="bbox 222 1149 1940 1223">
     <span class='ocr_line' id='line_1_10' title="bbox 222 1149 1940 1223; baseline -0.001 -18"><span class='ocrx_word' id='word_1_66' title='bbox 222 1150 442 1223; x_wconf 84' lang='lat' dir='ltr'>quibus</span> <span class='ocrx_word' id='word_1_67' title='bbox 468 1152 658 1205; x_wconf 87' lang='lat' dir='ltr'>bonus</span> <span class='ocrx_word' id='word_1_68' title='bbox 688 1155 777 1206; x_wconf 90' lang='lat' dir='ltr'>est</span> <span class='ocrx_word' id='word_1_69' title='bbox 806 1149 979 1219; x_wconf 89' lang='lat' dir='ltr'>Deus,</span> <span class='ocrx_word' id='word_1_70' title='bbox 1015 1150 1127 1205; x_wconf 84' lang='lat' dir='ltr'>nisi</span> <span class='ocrx_word' id='word_1_71' title='bbox 1162 1150 1331 1206; x_wconf 88' lang='lat' dir='ltr'>rectis</span> <span class='ocrx_word' id='word_1_72' title='bbox 1366 1149 1582 1206; x_wconf 86' lang='lat' dir='ltr'>corde?</span> <span class='ocrx_word' id='word_1_73' title='bbox 1616 1149 1763 1207; x_wconf 89' lang='lat' dir='ltr'>Nam</span> <span class='ocrx_word' id='word_1_74' title='bbox 1797 1149 1940 1204; x_wconf 84' lang='lat' dir='ltr'>mihi</span> 
     </span>
    </p>
   </div>
   <div class='ocr_carea' id='block_1_11' title="bbox 219 1236 1941 1310">
    <p class='ocr_par' dir='ltr' id='par_1_11' title="bbox 219 1236 1941 1310">
     <span class='ocr_line' id='line_1_11' title="bbox 219 1236 1941 1310; baseline -0.002 -16"><span class='ocrx_word' id='word_1_75' title='bbox 219 1244 374 1294; x_wconf 90' lang='lat' dir='ltr'>torto</span> <span class='ocrx_word' id='word_1_76' title='bbox 399 1240 575 1295; x_wconf 88' lang='lat' dir='ltr'>corde</span> <span class='ocrx_word' id='word_1_77' title='bbox 604 1238 908 1310; x_wconf 75' lang='lat' dir='ltr'>displicuit</span> <span class='ocrx_word' id='word_1_78' title='bbox 961 1240 1130 1295; x_wconf 89' lang='lat' dir='ltr'>Deus.</span> <span class='ocrx_word' id='word_1_79' title='bbox 1183 1239 1368 1303; x_wconf 87' lang='lat' dir='ltr'>Quare</span> <span class='ocrx_word' id='word_1_80' title='bbox 1409 1237 1748 1310; x_wconf 86' lang='lat' dir='ltr'>displicuit?</span> <span class='ocrx_word' id='word_1_81' title='bbox 1796 1236 1941 1301; x_wconf 88' lang='lat' dir='ltr'>Quia</span> 
     </span>
    </p>
   </div>
   <div class='ocr_carea' id='block_1_12' title="bbox 221 1326 1942 1398">
    <p class='ocr_par' dir='ltr' id='par_1_12' title="bbox 221 1326 1942 1398">
     <span class='ocr_line' id='line_1_12' title="bbox 221 1326 1942 1398; baseline -0.001 -17"><span class='ocrx_word' id='word_1_82' title='bbox 221 1327 388 1383; x_wconf 89' lang='lat' dir='ltr'>dedit</span> <span class='ocrx_word' id='word_1_83' title='bbox 422 1327 759 1383; x_wconf 81' lang='lat' dir='ltr'>felicitatem</span> <span class='ocrx_word' id='word_1_84' title='bbox 792 1327 959 1384; x_wconf 88' lang='lat' dir='ltr'>malis</span> <span class='ocrx_word' id='word_1_85' title='bbox 997 1336 1087 1385; x_wconf 86' lang='lat' dir='ltr'>:et</span> <span class='ocrx_word' id='word_1_86' title='bbox 1117 1328 1246 1383; x_wconf 88' lang='lat' dir='ltr'>ideo</span> <span class='ocrx_word' id='word_1_87' title='bbox 1279 1330 1631 1383; x_wconf 76' lang='lat' dir='ltr'>nutaverant</span> <span class='ocrx_word' id='word_1_88' title='bbox 1662 1326 1804 1382; x_wconf 91' lang='lat' dir='ltr'>mihi</span> <span class='ocrx_word' id='word_1_89' title='bbox 1839 1341 1942 1398; x_wconf 88' lang='lat' dir='ltr'>pe-</span> 
     </span>
    </p>
   </div>
   <div class='ocr_carea' id='block_1_13' title="bbox 218 1417 1939 1490">
    <p class='ocr_par' dir='ltr' id='par_1_13' title="bbox 218 1417 1939 1490">
     <span class='ocr_line' id='line_1_13' title="bbox 218 1417 1939 1490; baseline 0.001 -18"><span class='ocrx_word' id='word_1_90' title='bbox 218 1417 345 1484; x_wconf 87' lang='lat' dir='ltr'>des,</span> <span class='ocrx_word' id='word_1_91' title='bbox 383 1418 555 1490; x_wconf 86' lang='lat' dir='ltr'>quasi</span> <span class='ocrx_word' id='word_1_92' title='bbox 586 1418 711 1474; x_wconf 88' lang='lat' dir='ltr'>sine</span> <span class='ocrx_word' id='word_1_93' title='bbox 742 1434 921 1474; x_wconf 87' lang='lat' dir='ltr'>causa</span> <span class='ocrx_word' id='word_1_94' title='bbox 952 1418 1257 1475; x_wconf 86' lang='lat' dir='ltr'>servissem</span> <span class='ocrx_word' id='word_1_95' title='bbox 1292 1418 1428 1474; x_wconf 92' lang='lat' dir='ltr'>Deo.</span> <span class='ocrx_word' id='word_1_96' title='bbox 1464 1417 1597 1474; x_wconf 88' lang='lat' dir='ltr'>Ideo</span> <span class='ocrx_word' id='word_1_97' title='bbox 1644 1434 1778 1489; x_wconf 79' lang='lat' dir='ltr'>ergo</span> <span class='ocrx_word' id='word_1_98' title='bbox 1828 1417 1939 1473; x_wconf 90' lang='lat' dir='ltr'>mei</span> 
     </span>
    </p>
   </div>
   <div class='ocr_carea' id='block_1_14' title="bbox 218 1507 1933 1581">
    <p class='ocr_par' dir='ltr' id='par_1_14' title="bbox 218 1507 1933 1581">
     <span class='ocr_line' id='line_1_14' title="bbox 218 1507 1933 1581; baseline -0.001 -18"><span class='ocrx_word' id='word_1_99' title='bbox 218 1523 369 1580; x_wconf 87' lang='lat' dir='ltr'>pene</span> <span class='ocrx_word' id='word_1_100' title='bbox 387 1508 665 1564; x_wconf 83' lang='lat' dir='ltr'>commoti</span> <span class='ocrx_word' id='word_1_101' title='bbox 691 1512 829 1563; x_wconf 87' lang='lat' dir='ltr'>sunt</span> <span class='ocrx_word' id='word_1_102' title='bbox 850 1508 1046 1579; x_wconf 90' lang='lat' dir='ltr'>pedes,</span> <span class='ocrx_word' id='word_1_103' title='bbox 1071 1507 1209 1581; x_wconf 83' lang='lat' dir='ltr'>quia</span> <span class='ocrx_word' id='word_1_104' title='bbox 1240 1523 1355 1563; x_wconf 93' lang='lat' dir='ltr'>non</span> <span class='ocrx_word' id='word_1_105' title='bbox 1396 1507 1476 1563; x_wconf 92' lang='lat' dir='ltr'>fui</span> <span class='ocrx_word' id='word_1_106' title='bbox 1516 1510 1709 1563; x_wconf 89' lang='lat' dir='ltr'>rectus</span> <span class='ocrx_word' id='word_1_107' title='bbox 1741 1507 1933 1563; x_wconf 91' lang='lat' dir='ltr'>corde.</span> 
     </span>
    </p>
   </div>
   <div class='ocr_carea' id='block_1_15' title="bbox 216 1594 1937 1668">
    <p class='ocr_par' dir='ltr' id='par_1_15' title="bbox 216 1594 1937 1668">
     <span class='ocr_line' id='line_1_15' title="bbox 216 1594 1937 1668; baseline 0.001 -18"><span class='ocrx_word' id='word_1_108' title='bbox 216 1595 373 1660; x_wconf 78' lang='lat' dir='ltr'>Quid</span> <span class='ocrx_word' id='word_1_109' title='bbox 394 1600 486 1651; x_wconf 88' lang='lat' dir='ltr'>est</span> <span class='ocrx_word' id='word_1_110' title='bbox 505 1612 639 1668; x_wconf 81' lang='lat' dir='ltr'>ergo</span> <span class='ocrx_word' id='word_1_111' title='bbox 657 1603 845 1653; x_wconf 88' lang='lat' dir='ltr'>rectus</span> <span class='ocrx_word' id='word_1_112' title='bbox 869 1598 1040 1652; x_wconf 91' lang='lat' dir='ltr'>corde</span> <span class='ocrx_word' id='word_1_113' title='bbox 1060 1597 1088 1651; x_wconf 82' lang='lat'>‘?</span> <span class='ocrx_word' id='word_1_114' title='bbox 1109 1596 1359 1668; x_wconf 88' lang='lat' dir='ltr'>Sequens</span> <span class='ocrx_word' id='word_1_115' title='bbox 1399 1594 1758 1652; x_wconf 82' lang='lat' dir='ltr'>voluntatem</span> <span class='ocrx_word' id='word_1_116' title='bbox 1811 1594 1937 1652; x_wconf 91' lang='lat' dir='ltr'>Dei.</span> 
     </span>
    </p>
   </div>
   <div class='ocr_carea' id='block_1_16' title="bbox 215 1684 1939 1753">
    <p class='ocr_par' dir='ltr' id='par_1_16' title="bbox 215 1684 1939 1753">
     <span class='ocr_line' id='line_1_16' title="bbox 215 1684 1939 1753; baseline 0.001 -14"><span class='ocrx_word' id='word_1_117' title='bbox 215 1684 376 1740; x_wconf 76' lang='lat' dir='ltr'>Felix</span> <span class='ocrx_word' id='word_1_118' title='bbox 396 1689 490 1740; x_wconf 84' lang='lat' dir='ltr'>est</span> <span class='ocrx_word' id='word_1_119' title='bbox 506 1684 623 1750; x_wconf 90' lang='lat' dir='ltr'>ille,</span> <span class='ocrx_word' id='word_1_120' title='bbox 651 1686 879 1742; x_wconf 88' lang='lat' dir='ltr'>laborat</span> <span class='ocrx_word' id='word_1_121' title='bbox 897 1686 991 1741; x_wconf 91' lang='lat' dir='ltr'>ille</span> <span class='ocrx_word' id='word_1_122' title='bbox 1009 1703 1021 1740; x_wconf 92' lang='lat'><strong>:</strong></span> <span class='ocrx_word' id='word_1_123' title='bbox 1040 1684 1133 1741; x_wconf 85' lang='lat' dir='ltr'>ille</span> <span class='ocrx_word' id='word_1_124' title='bbox 1150 1685 1295 1743; x_wconf 87' lang='lat' dir='ltr'>male</span> <span class='ocrx_word' id='word_1_125' title='bbox 1308 1685 1451 1741; x_wconf 89' lang='lat' dir='ltr'>vivit</span> <span class='ocrx_word' id='word_1_126' title='bbox 1472 1689 1529 1741; x_wconf 88' lang='lat' dir='ltr'>et</span> <span class='ocrx_word' id='word_1_127' title='bbox 1553 1684 1688 1741; x_wconf 81' lang='lat' dir='ltr'>felix</span> <span class='ocrx_word' id='word_1_128' title='bbox 1703 1689 1810 1753; x_wconf 89' lang='lat' dir='ltr'>est,</span> <span class='ocrx_word' id='word_1_129' title='bbox 1844 1684 1939 1741; x_wconf 90' lang='lat' dir='ltr'>ille</span> 
     </span>
    </p>
   </div>
   <div class='ocr_carea' id='block_1_17' title="bbox 206 1775 1940 1847">
    <p class='ocr_par' dir='ltr' id='par_1_17' title="bbox 206 1775 1940 1847">
     <span class='ocr_line' id='line_1_17' title="bbox 206 1775 1940 1847; baseline 0.001 -16"><span class='ocrx_word' id='word_1_130' title='bbox 206 1778 371 1847; x_wconf 86' lang='lat' dir='ltr'>juste</span> <span class='ocrx_word' id='word_1_131' title='bbox 389 1775 529 1829; x_wconf 86' lang='lat' dir='ltr'>vivit</span> <span class='ocrx_word' id='word_1_132' title='bbox 554 1779 611 1830; x_wconf 90' lang='lat' dir='ltr'>et</span> <span class='ocrx_word' id='word_1_133' title='bbox 634 1776 875 1831; x_wconf 87' lang='lat' dir='ltr'>laborat.</span> <span class='ocrx_word' id='word_1_134' title='bbox 908 1779 1033 1832; x_wconf 82' lang='lat' dir='ltr'>Non</span> <span class='ocrx_word' id='word_1_135' title='bbox 1079 1776 1413 1847; x_wconf 81' lang='lat' dir='ltr'>indignetur</span> <span class='ocrx_word' id='word_1_136' title='bbox 1443 1775 1604 1847; x_wconf 84' lang='lat' dir='ltr'>juste</span> <span class='ocrx_word' id='word_1_137' title='bbox 1642 1775 1840 1831; x_wconf 88' lang='lat' dir='ltr'>vivens</span> <span class='ocrx_word' id='word_1_138' title='bbox 1882 1780 1940 1832; x_wconf 89' lang='lat' dir='ltr'>et</span> 
     </span>
    </p>
   </div>
   <div class='ocr_carea' id='block_1_18' title="bbox 212 1852 1935 1935">
    <p class='ocr_par' dir='ltr' id='par_1_18' title="bbox 212 1852 1935 1935">
     <span class='ocr_line' id='line_1_18' title="bbox 212 1852 1935 1935; baseline 0.001 -16"><span class='ocrx_word' id='word_1_139' title='bbox 212 1865 525 1933; x_wconf 82' lang='lat' dir='ltr'>laborans;</span> <span class='ocrx_word' id='word_1_140' title='bbox 552 1864 710 1920; x_wconf 89' lang='lat' dir='ltr'>intus</span> <span class='ocrx_word' id='word_1_141' title='bbox 733 1863 911 1920; x_wconf 89' lang='lat' dir='ltr'>habet</span> <span class='ocrx_word' id='word_1_142' title='bbox 941 1852 1094 1935; x_wconf 83' lang='lat' dir='ltr'>quod</span> <span class='ocrx_word' id='word_1_143' title='bbox 1126 1864 1255 1920; x_wconf 83' lang='lat' dir='ltr'>felix</span> <span class='ocrx_word' id='word_1_144' title='bbox 1291 1864 1388 1921; x_wconf 91' lang='lat' dir='ltr'>ille</span> <span class='ocrx_word' id='word_1_145' title='bbox 1418 1881 1533 1920; x_wconf 89' lang='lat' dir='ltr'>non</span> <span class='ocrx_word' id='word_1_146' title='bbox 1566 1864 1740 1920; x_wconf 81' lang='lat' dir='ltr'>habet</span> <span class='ocrx_word' id='word_1_147' title='bbox 1773 1881 1785 1919; x_wconf 93' lang='lat'>:</span> <span class='ocrx_word' id='word_1_148' title='bbox 1821 1880 1935 1921; x_wconf 87' lang='lat' dir='ltr'>non</span> 
     </span>
    </p>
   </div>
   <div class='ocr_carea' id='block_1_19' title="bbox 213 1956 1937 2028">
    <p class='ocr_par' dir='ltr' id='par_1_19' title="bbox 213 1956 1937 2028">
     <span class='ocr_line' id='line_1_19' title="bbox 213 1956 1937 2028; baseline -0.001 -14"><span class='ocrx_word' id='word_1_149' title='bbox 213 1972 359 2028; x_wconf 81' lang='lat' dir='ltr'>ergo</span> <span class='ocrx_word' id='word_1_150' title='bbox 392 1957 675 2023; x_wconf 87' lang='lat' dir='ltr'>tristetur,</span> <span class='ocrx_word' id='word_1_151' title='bbox 711 1971 824 2014; x_wconf 89' lang='lat' dir='ltr'>non</span> <span class='ocrx_word' id='word_1_152' title='bbox 865 1961 1209 2022; x_wconf 71' lang='lat' dir='ltr'>moueretur,</span> <span class='ocrx_word' id='word_1_153' title='bbox 1242 1973 1357 2013; x_wconf 91' lang='lat' dir='ltr'>non</span> <span class='ocrx_word' id='word_1_154' title='bbox 1385 1956 1638 2013; x_wconf 75' lang='lat' dir='ltr'>deficiat.</span> <span class='ocrx_word' id='word_1_155' title='bbox 1662 1956 1818 2012; x_wconf 84' lang='lat' dir='ltr'>Felix</span> <span class='ocrx_word' id='word_1_156' title='bbox 1840 1957 1937 2013; x_wconf 90' lang='lat' dir='ltr'>ille</span> 
     </span>
    </p>
   </div>
   <div class='ocr_carea' id='block_1_20' title="bbox 214 2044 1933 2117">
    <p class='ocr_par' dir='ltr' id='par_1_20' title="bbox 214 2044 1933 2117">
     <span class='ocr_line' id='line_1_20' title="bbox 214 2044 1933 2117; baseline 0.002 -16"><span class='ocrx_word' id='word_1_157' title='bbox 214 2046 399 2101; x_wconf 86' lang='lat' dir='ltr'>habet</span> <span class='ocrx_word' id='word_1_158' title='bbox 419 2044 549 2117; x_wconf 89' lang='lat' dir='ltr'>ipse</span> <span class='ocrx_word' id='word_1_159' title='bbox 566 2061 775 2102; x_wconf 86' lang='lat' dir='ltr'>aurum</span> <span class='ocrx_word' id='word_1_160' title='bbox 812 2045 873 2100; x_wconf 91' lang='lat' dir='ltr'>in</span> <span class='ocrx_word' id='word_1_161' title='bbox 908 2063 1063 2115; x_wconf 82' lang='lat' dir='ltr'>arca,</span> <span class='ocrx_word' id='word_1_162' title='bbox 1090 2045 1198 2103; x_wconf 81' lang='lat' dir='ltr'>iste</span> <span class='ocrx_word' id='word_1_163' title='bbox 1236 2045 1416 2102; x_wconf 89' lang='lat' dir='ltr'>Deum</span> <span class='ocrx_word' id='word_1_164' title='bbox 1454 2046 1515 2102; x_wconf 91' lang='lat' dir='ltr'>in</span> <span class='ocrx_word' id='word_1_165' title='bbox 1557 2045 1933 2104; x_wconf 83' lang='lat' dir='ltr'>conscientia.</span> 
     </span>
    </p>
   </div>
   <div class='ocr_carea' id='block_1_21' title="bbox 212 2137 1937 2208">
    <p class='ocr_par' dir='ltr' id='par_1_21' title="bbox 212 2137 1937 2208">
     <span class='ocr_line' id='line_1_21' title="bbox 212 2137 1937 2208; baseline 0.003 -17"><span class='ocrx_word' id='word_1_166' title='bbox 212 2137 505 2208; x_wconf 84' lang='lat' dir='ltr'>Compara</span> <span class='ocrx_word' id='word_1_167' title='bbox 538 2153 693 2193; x_wconf 91' lang='lat' dir='ltr'>nunc</span> <span class='ocrx_word' id='word_1_168' title='bbox 722 2153 931 2194; x_wconf 85' lang='lat' dir='ltr'>aurum</span> <span class='ocrx_word' id='word_1_169' title='bbox 953 2142 1011 2194; x_wconf 92' lang='lat' dir='ltr'>et</span> <span class='ocrx_word' id='word_1_170' title='bbox 1046 2137 1247 2205; x_wconf 87' lang='lat' dir='ltr'>Deum,</span> <span class='ocrx_word' id='word_1_171' title='bbox 1279 2154 1472 2194; x_wconf 84' lang='lat' dir='ltr'>arcam</span> <span class='ocrx_word' id='word_1_172' title='bbox 1521 2142 1578 2194; x_wconf 89' lang='lat' dir='ltr'>et</span> <span class='ocrx_word' id='word_1_173' title='bbox 1624 2140 1937 2197; x_wconf 90' lang='lat' dir='ltr'>conscien-</span> 
     </span>
    </p>
   </div>
   <div class='ocr_carea' id='block_1_22' title="bbox 209 2226 1934 2300">
    <p class='ocr_par' dir='ltr' id='par_1_22' title="bbox 209 2226 1934 2300">
     <span class='ocr_line' id='line_1_22' title="bbox 209 2226 1934 2300; baseline 0.003 -19"><span class='ocrx_word' id='word_1_174' title='bbox 209 2227 377 2282; x_wconf 90' lang='lat' dir='ltr'>tiam.</span> <span class='ocrx_word' id='word_1_175' title='bbox 415 2226 517 2282; x_wconf 86' lang='lat' dir='ltr'>Ille</span> <span class='ocrx_word' id='word_1_176' title='bbox 548 2226 694 2283; x_wconf 90' lang='lat' dir='ltr'>illud</span> <span class='ocrx_word' id='word_1_177' title='bbox 717 2226 889 2284; x_wconf 86' lang='lat' dir='ltr'>habet</span> <span class='ocrx_word' id='word_1_178' title='bbox 920 2227 1078 2300; x_wconf 91' lang='lat' dir='ltr'>quod</span> <span class='ocrx_word' id='word_1_179' title='bbox 1112 2227 1279 2300; x_wconf 88' lang='lat' dir='ltr'>perit,</span> <span class='ocrx_word' id='word_1_180' title='bbox 1313 2231 1369 2284; x_wconf 89' lang='lat' dir='ltr'>et</span> <span class='ocrx_word' id='word_1_181' title='bbox 1415 2227 1496 2283; x_wconf 91' lang='lat' dir='ltr'>ibi</span> <span class='ocrx_word' id='word_1_182' title='bbox 1552 2228 1730 2285; x_wconf 87' lang='lat' dir='ltr'>habet</span> <span class='ocrx_word' id='word_1_183' title='bbox 1779 2231 1934 2287; x_wconf 88' lang='lat' dir='ltr'>unde</span> 
     </span>
    </p>
   </div>
   <div class='ocr_carea' id='block_1_23' title="bbox 210 2316 1933 2391">
    <p class='ocr_par' dir='ltr' id='par_1_23' title="bbox 210 2316 1933 2391">
     <span class='ocr_line' id='line_1_23' title="bbox 210 2316 1933 2391; baseline 0.002 -20"><span class='ocrx_word' id='word_1_184' title='bbox 210 2317 391 2387; x_wconf 87' lang='lat' dir='ltr'>perit;</span> <span class='ocrx_word' id='word_1_185' title='bbox 425 2316 540 2372; x_wconf 89' lang='lat' dir='ltr'>iste</span> <span class='ocrx_word' id='word_1_186' title='bbox 580 2317 759 2372; x_wconf 91' lang='lat' dir='ltr'>Deum</span> <span class='ocrx_word' id='word_1_187' title='bbox 792 2316 983 2386; x_wconf 88' lang='lat' dir='ltr'>habet,</span> <span class='ocrx_word' id='word_1_188' title='bbox 1008 2316 1105 2388; x_wconf 89' lang='lat' dir='ltr'>qui</span> <span class='ocrx_word' id='word_1_189' title='bbox 1139 2316 1324 2388; x_wconf 87' lang='lat' dir='ltr'>perire</span> <span class='ocrx_word' id='word_1_190' title='bbox 1356 2334 1471 2374; x_wconf 91' lang='lat' dir='ltr'>non</span> <span class='ocrx_word' id='word_1_191' title='bbox 1504 2323 1714 2391; x_wconf 87' lang='lat' dir='ltr'>potest,</span> <span class='ocrx_word' id='word_1_192' title='bbox 1746 2324 1804 2376; x_wconf 90' lang='lat' dir='ltr'>et</span> <span class='ocrx_word' id='word_1_193' title='bbox 1852 2319 1933 2375; x_wconf 89' lang='lat' dir='ltr'>ibi</span> 
     </span>
    </p>
   </div>
   <div class='ocr_carea' id='block_1_24' title="bbox 208 2407 1931 2479">
    <p class='ocr_par' dir='ltr' id='par_1_24' title="bbox 208 2407 1931 2479">
     <span class='ocr_line' id='line_1_24' title="bbox 208 2407 1931 2479; baseline 0.002 -16"><span class='ocrx_word' id='word_1_194' title='bbox 208 2407 388 2463; x_wconf 83' lang='lat' dir='ltr'>habet</span> <span class='ocrx_word' id='word_1_195' title='bbox 411 2407 572 2462; x_wconf 89' lang='lat' dir='ltr'>unde</span> <span class='ocrx_word' id='word_1_196' title='bbox 601 2407 814 2462; x_wconf 88' lang='lat' dir='ltr'>auferri</span> <span class='ocrx_word' id='word_1_197' title='bbox 848 2423 962 2464; x_wconf 90' lang='lat' dir='ltr'>non</span> <span class='ocrx_word' id='word_1_198' title='bbox 995 2412 1185 2479; x_wconf 84' lang='lat' dir='ltr'>potest</span> <span class='ocrx_word' id='word_1_199' title='bbox 1216 2424 1230 2463; x_wconf 90' lang='lat'>:</span> <span class='ocrx_word' id='word_1_200' title='bbox 1264 2407 1368 2464; x_wconf 88' lang='lat' dir='ltr'>sed</span> <span class='ocrx_word' id='word_1_201' title='bbox 1398 2408 1448 2464; x_wconf 89' lang='lat' dir='ltr'>si</span> <span class='ocrx_word' id='word_1_202' title='bbox 1478 2408 1552 2463; x_wconf 88' lang='lat' dir='ltr'>sit</span> <span class='ocrx_word' id='word_1_203' title='bbox 1582 2414 1775 2466; x_wconf 90' lang='lat' dir='ltr'>rectus</span> <span class='ocrx_word' id='word_1_204' title='bbox 1806 2427 1931 2466; x_wconf 90' lang='lat' dir='ltr'>cor-</span> 
     </span>
    </p>
   </div>
   <div class='ocr_carea' id='block_1_25' title="bbox 207 2496 1930 2571">
    <p class='ocr_par' dir='ltr' id='par_1_25' title="bbox 207 2496 1930 2571">
     <span class='ocr_line' id='line_1_25' title="bbox 207 2496 1930 2571; baseline -0.001 -18"><span class='ocrx_word' id='word_1_205' title='bbox 207 2498 311 2565; x_wconf 89' lang='lat' dir='ltr'>de;</span> <span class='ocrx_word' id='word_1_206' title='bbox 355 2502 502 2553; x_wconf 89' lang='lat' dir='ltr'>tunc</span> <span class='ocrx_word' id='word_1_207' title='bbox 532 2496 689 2551; x_wconf 90' lang='lat' dir='ltr'>enim</span> <span class='ocrx_word' id='word_1_208' title='bbox 722 2496 918 2564; x_wconf 87' lang='lat' dir='ltr'>intrat,</span> <span class='ocrx_word' id='word_1_209' title='bbox 952 2502 1009 2553; x_wconf 91' lang='lat' dir='ltr'>et</span> <span class='ocrx_word' id='word_1_210' title='bbox 1041 2514 1154 2553; x_wconf 92' lang='lat' dir='ltr'>non</span> <span class='ocrx_word' id='word_1_211' title='bbox 1187 2498 1325 2554; x_wconf 83' lang='lat' dir='ltr'>exit.</span> <span class='ocrx_word' id='word_1_212' title='bbox 1357 2498 1487 2554; x_wconf 92' lang='lat' dir='ltr'>ldeo</span> <span class='ocrx_word' id='word_1_213' title='bbox 1535 2498 1632 2554; x_wconf 90' lang='lat' dir='ltr'>ille</span> <span class='ocrx_word' id='word_1_214' title='bbox 1673 2498 1805 2571; x_wconf 91' lang='lat' dir='ltr'>quid</span> <span class='ocrx_word' id='word_1_215' title='bbox 1841 2500 1930 2555; x_wconf 92' lang='lat' dir='ltr'>di-</span> 
     </span>
    </p>
   </div>
   <div class='ocr_carea' id='block_1_26' title="bbox 207 2586 1927 2659">
    <p class='ocr_par' dir='ltr' id='par_1_26' title="bbox 207 2586 1927 2659">
     <span class='ocr_line' id='line_1_26' title="bbox 207 2586 1927 2659; baseline 0.003 -19"><span class='ocrx_word' id='word_1_216' title='bbox 207 2587 426 2643; x_wconf 82' lang='lat' dir='ltr'>cebat?</span> <span class='ocrx_word' id='word_1_217' title='bbox 460 2586 729 2655; x_wconf 84' lang='lat' dir='ltr'>Quoniam</span> <span class='ocrx_word' id='word_1_218' title='bbox 758 2587 905 2659; x_wconf 88' lang='lat' dir='ltr'>apud</span> <span class='ocrx_word' id='word_1_219' title='bbox 933 2591 984 2642; x_wconf 83' lang='lat' dir='ltr'>te</span> <span class='ocrx_word' id='word_1_220' title='bbox 1013 2596 1095 2644; x_wconf 90' lang='lat' dir='ltr'>est</span> <span class='ocrx_word' id='word_1_221' title='bbox 1122 2588 1245 2658; x_wconf 77' lang='lat' dir='ltr'>fons</span> <span class='ocrx_word' id='word_1_222' title='bbox 1276 2589 1403 2644; x_wconf 63' lang='lat' dir='ltr'>vita</span> <span class='ocrx_word' id='word_1_223' title='bbox 1435 2605 1453 2642; x_wconf 90' lang='lat'><strong><em>:</em></strong></span> <span class='ocrx_word' id='word_1_224' title='bbox 1485 2604 1597 2644; x_wconf 89' lang='lat' dir='ltr'>non</span> <span class='ocrx_word' id='word_1_225' title='bbox 1621 2588 1777 2659; x_wconf 91' lang='lat' dir='ltr'>apud</span> <span class='ocrx_word' id='word_1_226' title='bbox 1798 2605 1927 2645; x_wconf 91' lang='lat' dir='ltr'>nos.</span> 
     </span>
    </p>
   </div>
   <div class='ocr_carea' id='block_1_27' title="bbox 208 2677 1931 2751">
    <p class='ocr_par' dir='ltr' id='par_1_27' title="bbox 208 2677 1931 2751">
     <span class='ocr_line' id='line_1_27' title="bbox 208 2677 1931 2751; baseline 0.001 -20"><span class='ocrx_word' id='word_1_227' title='bbox 208 2677 345 2733; x_wconf 88' lang='lat' dir='ltr'>Ideo</span> <span class='ocrx_word' id='word_1_228' title='bbox 376 2677 599 2732; x_wconf 88' lang='lat' dir='ltr'>intrare</span> <span class='ocrx_word' id='word_1_229' title='bbox 624 2677 903 2732; x_wconf 87' lang='lat' dir='ltr'>debemus</span> <span class='ocrx_word' id='word_1_230' title='bbox 950 2681 1015 2733; x_wconf 89' lang='lat' dir='ltr'>ut</span> <span class='ocrx_word' id='word_1_231' title='bbox 1064 2677 1345 2745; x_wconf 90' lang='lat' dir='ltr'>vivamus,</span> <span class='ocrx_word' id='word_1_232' title='bbox 1380 2694 1496 2734; x_wconf 92' lang='lat' dir='ltr'>non</span> <span class='ocrx_word' id='word_1_233' title='bbox 1546 2679 1709 2751; x_wconf 89' lang='lat' dir='ltr'>quasi</span> <span class='ocrx_word' id='word_1_234' title='bbox 1762 2679 1931 2735; x_wconf 91' lang='lat' dir='ltr'>nobis</span> 
     </span>
    </p>
   </div>
   <div class='ocr_carea' id='block_1_28' title="bbox 205 2767 1927 2841">
    <p class='ocr_par' dir='ltr' id='par_1_28' title="bbox 205 2767 1927 2841">
     <span class='ocr_line' id='line_1_28' title="bbox 205 2767 1927 2841; baseline 0.003 -20"><span class='ocrx_word' id='word_1_235' title='bbox 205 2767 482 2823; x_wconf 80' lang='lat' dir='ltr'>sufﬁcere</span> <span class='ocrx_word' id='word_1_236' title='bbox 507 2771 572 2823; x_wconf 91' lang='lat' dir='ltr'>ut</span> <span class='ocrx_word' id='word_1_237' title='bbox 594 2782 921 2839; x_wconf 83' lang='lat' dir='ltr'>pereamus,</span> <span class='ocrx_word' id='word_1_238' title='bbox 948 2785 1058 2824; x_wconf 88' lang='lat' dir='ltr'>non</span> <span class='ocrx_word' id='word_1_239' title='bbox 1096 2768 1263 2841; x_wconf 88' lang='lat' dir='ltr'>quasi</span> <span class='ocrx_word' id='word_1_240' title='bbox 1303 2770 1373 2824; x_wconf 89' lang='lat' dir='ltr'>de</span> <span class='ocrx_word' id='word_1_241' title='bbox 1418 2774 1615 2826; x_wconf 88' lang='lat' dir='ltr'>nostro</span> <span class='ocrx_word' id='word_1_242' title='bbox 1660 2770 1803 2826; x_wconf 89' lang='lat' dir='ltr'>velle</span> <span class='ocrx_word' id='word_1_243' title='bbox 1836 2788 1927 2827; x_wconf 89' lang='lat' dir='ltr'>sa-</span> 
     </span>
    </p>
   </div>
   <div class='ocr_carea' id='block_1_29' title="bbox 204 2856 1923 2931">
    <p class='ocr_par' dir='ltr' id='par_1_29' title="bbox 204 2856 1923 2931">
     <span class='ocr_line' id='line_1_29' title="bbox 204 2856 1923 2931; baseline 0.002 -19"><span class='ocrx_word' id='word_1_244' title='bbox 204 2857 339 2913; x_wconf 81' lang='lat' dir='ltr'>tiari</span> <span class='ocrx_word' id='word_1_245' title='bbox 360 2863 425 2912; x_wconf 88' lang='lat' dir='ltr'>ut</span> <span class='ocrx_word' id='word_1_246' title='bbox 446 2871 825 2913; x_wconf 86' lang='lat' dir='ltr'>arescamus:</span> <span class='ocrx_word' id='word_1_247' title='bbox 857 2856 960 2913; x_wconf 90' lang='lat' dir='ltr'>sed</span> <span class='ocrx_word' id='word_1_248' title='bbox 982 2874 1046 2913; x_wconf 87' lang='lat' dir='ltr'>os</span> <span class='ocrx_word' id='word_1_249' title='bbox 1081 2858 1151 2913; x_wconf 88' lang='lat' dir='ltr'>ad</span> <span class='ocrx_word' id='word_1_250' title='bbox 1184 2857 1378 2929; x_wconf 90' lang='lat' dir='ltr'>ipsum</span> <span class='ocrx_word' id='word_1_251' title='bbox 1423 2859 1641 2915; x_wconf 81' lang='lat' dir='ltr'>fontem</span> <span class='ocrx_word' id='word_1_252' title='bbox 1695 2876 1923 2931; x_wconf 90' lang='lat' dir='ltr'>ponere,</span> 
     </span>
    </p>
   </div>
   <div class='ocr_carea' id='block_1_30' title="bbox 204 2944 1927 3019">
    <p class='ocr_par' dir='ltr' id='par_1_30' title="bbox 204 2944 1927 3019">
     <span class='ocr_line' id='line_1_30' title="bbox 204 2944 1927 3019; baseline 0.002 -16"><span class='ocrx_word' id='word_1_253' title='bbox 204 2946 293 3003; x_wconf 89' lang='lat' dir='ltr'>ubi</span> <span class='ocrx_word' id='word_1_254' title='bbox 337 2963 498 3019; x_wconf 89' lang='lat' dir='ltr'>aqua</span> <span class='ocrx_word' id='word_1_255' title='bbox 533 2963 648 3002; x_wconf 92' lang='lat' dir='ltr'>non</span> <span class='ocrx_word' id='word_1_256' title='bbox 681 2946 896 3003; x_wconf 80' lang='lat' dir='ltr'>deficit.</span> <span class='ocrx_word' id='word_1_257' title='bbox 931 2944 1078 3013; x_wconf 85' lang='lat' dir='ltr'>Quia</span> <span class='ocrx_word' id='word_1_258' title='bbox 1103 2948 1283 3003; x_wconf 90' lang='lat' dir='ltr'>voluit</span> <span class='ocrx_word' id='word_1_259' title='bbox 1315 2965 1420 3003; x_wconf 91' lang='lat' dir='ltr'>suo</span> <span class='ocrx_word' id='word_1_260' title='bbox 1456 2948 1698 3005; x_wconf 87' lang='lat' dir='ltr'>consilio</span> <span class='ocrx_word' id='word_1_261' title='bbox 1739 2950 1927 3006; x_wconf 90' lang='lat' dir='ltr'>vivere</span> 
     </span>
    </p>
   </div>
   <div class='ocr_carea' id='block_1_31' title="bbox 204 3037 1929 3110">
    <p class='ocr_par' dir='ltr' id='par_1_31' title="bbox 204 3037 1929 3110">
     <span class='ocr_line' id='line_1_31' title="bbox 204 3037 1929 3110; baseline 0.002 -19"><span class='ocrx_word' id='word_1_262' title='bbox 204 3039 415 3105; x_wconf 84' lang='lat' dir='ltr'>Adam,</span> <span class='ocrx_word' id='word_1_263' title='bbox 445 3044 493 3090; x_wconf 86' lang='lat' dir='ltr'>et</span> <span class='ocrx_word' id='word_1_264' title='bbox 533 3037 735 3107; x_wconf 88' lang='lat' dir='ltr'>lapsus</span> <span class='ocrx_word' id='word_1_265' title='bbox 756 3041 847 3092; x_wconf 87' lang='lat' dir='ltr'>est</span> <span class='ocrx_word' id='word_1_266' title='bbox 867 3052 970 3109; x_wconf 88' lang='lat' dir='ltr'>per</span> <span class='ocrx_word' id='word_1_267' title='bbox 998 3053 1131 3093; x_wconf 90' lang='lat' dir='ltr'>eum</span> <span class='ocrx_word' id='word_1_268' title='bbox 1182 3039 1282 3108; x_wconf 90' lang='lat' dir='ltr'>qui</span> <span class='ocrx_word' id='word_1_269' title='bbox 1329 3043 1463 3095; x_wconf 87' lang='lat' dir='ltr'>ante</span> <span class='ocrx_word' id='word_1_270' title='bbox 1512 3038 1797 3094; x_wconf 81' lang='lat' dir='ltr'>ceciderat</span> <span class='ocrx_word' id='word_1_271' title='bbox 1826 3056 1929 3110; x_wconf 92' lang='lat' dir='ltr'>per</span> 
     </span>
    </p>
   </div>
   <div class='ocr_carea' id='block_1_32' title="bbox 207 3127 1925 3200">
    <p class='ocr_par' dir='ltr' id='par_1_32' title="bbox 207 3127 1925 3200">
     <span class='ocr_line' id='line_1_32' title="bbox 207 3127 1925 3200; baseline 0.001 -17"><span class='ocrx_word' id='word_1_272' title='bbox 207 3128 575 3198; x_wconf 78' lang='lat' dir='ltr'>superbiam,</span> <span class='ocrx_word' id='word_1_273' title='bbox 608 3128 710 3198; x_wconf 87' lang='lat' dir='ltr'>qui</span> <span class='ocrx_word' id='word_1_274' title='bbox 742 3128 791 3183; x_wconf 87' lang='lat' dir='ltr'>ei</span> <span class='ocrx_word' id='word_1_275' title='bbox 825 3127 1062 3183; x_wconf 88' lang='lat' dir='ltr'>calicem</span> <span class='ocrx_word' id='word_1_276' title='bbox 1095 3128 1281 3199; x_wconf 88' lang='lat' dir='ltr'>ipsius</span> <span class='ocrx_word' id='word_1_277' title='bbox 1319 3129 1605 3199; x_wconf 70' lang='lat' dir='ltr'>superbiae</span> <span class='ocrx_word' id='word_1_278' title='bbox 1656 3129 1925 3200; x_wconf 86' lang='lat' dir='ltr'>propina-</span> 
     </span>
    </p>
   </div>
   <div class='ocr_carea' id='block_1_33' title="bbox 205 3217 1926 3291">
    <p class='ocr_par' dir='ltr' id='par_1_33' title="bbox 205 3217 1926 3291">
     <span class='ocr_line' id='line_1_33' title="bbox 205 3217 1926 3291; baseline 0.002 -20"><span class='ocrx_word' id='word_1_279' title='bbox 205 3220 303 3274; x_wconf 89' lang='lat' dir='ltr'>vit.</span> <span class='ocrx_word' id='word_1_280' title='bbox 337 3218 499 3285; x_wconf 87' lang='lat' dir='ltr'>Qnia</span> <span class='ocrx_word' id='word_1_281' title='bbox 528 3234 663 3291; x_wconf 78' lang='lat' dir='ltr'>ergo</span> <span class='ocrx_word' id='word_1_282' title='bbox 694 3218 840 3290; x_wconf 86' lang='lat' dir='ltr'>apud</span> <span class='ocrx_word' id='word_1_283' title='bbox 884 3222 937 3273; x_wconf 90' lang='lat' dir='ltr'>te</span> <span class='ocrx_word' id='word_1_284' title='bbox 967 3225 1047 3274; x_wconf 90' lang='lat' dir='ltr'>est</span> <span class='ocrx_word' id='word_1_285' title='bbox 1090 3220 1215 3289; x_wconf 77' lang='lat' dir='ltr'>fons</span> <span class='ocrx_word' id='word_1_286' title='bbox 1250 3217 1395 3280; x_wconf 73' lang='lat' dir='ltr'>vitae,</span> <span class='ocrx_word' id='word_1_287' title='bbox 1427 3226 1479 3274; x_wconf 92' lang='lat' dir='ltr'>et</span> <span class='ocrx_word' id='word_1_288' title='bbox 1510 3220 1569 3274; x_wconf 87' lang='lat' dir='ltr'>in</span> <span class='ocrx_word' id='word_1_289' title='bbox 1605 3219 1813 3275; x_wconf 81' lang='lat' dir='ltr'>lumine</span> <span class='ocrx_word' id='word_1_290' title='bbox 1838 3228 1926 3274; x_wconf 90' lang='lat' dir='ltr'>tuo</span> 
     </span>
    </p>
   </div>
   <div class='ocr_carea' id='block_1_34' title="bbox 206 3306 1923 3375">
    <p class='ocr_par' dir='ltr' id='par_1_34' title="bbox 206 3306 1923 3375">
     <span class='ocr_line' id='line_1_34' title="bbox 206 3306 1923 3375; baseline -0.001 -11"><span class='ocrx_word' id='word_1_291' title='bbox 206 3309 523 3365; x_wconf 79' lang='lat' dir='ltr'>videbimus</span> <span class='ocrx_word' id='word_1_292' title='bbox 577 3307 803 3369; x_wconf 87' lang='lat' dir='ltr'>lumen;</span> <span class='ocrx_word' id='word_1_293' title='bbox 846 3306 1008 3364; x_wconf 87' lang='lat' dir='ltr'>intus</span> <span class='ocrx_word' id='word_1_294' title='bbox 1058 3308 1347 3375; x_wconf 85' lang='lat' dir='ltr'>bibamus,</span> <span class='ocrx_word' id='word_1_295' title='bbox 1383 3308 1542 3364; x_wconf 91' lang='lat' dir='ltr'>intus</span> <span class='ocrx_word' id='word_1_296' title='bbox 1600 3308 1923 3366; x_wconf 84' lang='lat' dir='ltr'>videamus.</span> 
     </span>
    </p>
   </div>
   <div class='ocr_carea' id='block_1_35' title="bbox 196 3397 1926 3469">
    <p class='ocr_par' dir='ltr' id='par_1_35' title="bbox 196 3397 1926 3469">
     <span class='ocr_line' id='line_1_35' title="bbox 196 3397 1926 3469; baseline 0.001 -16"><span class='ocrx_word' id='word_1_297' title='bbox 196 3400 397 3463; x_wconf 79' lang='lat' dir='ltr'>Quare</span> <span class='ocrx_word' id='word_1_298' title='bbox 426 3398 589 3453; x_wconf 89' lang='lat' dir='ltr'>enim</span> <span class='ocrx_word' id='word_1_299' title='bbox 624 3397 758 3452; x_wconf 88' lang='lat' dir='ltr'>inde</span> <span class='ocrx_word' id='word_1_300' title='bbox 806 3397 1026 3454; x_wconf 80' lang='lat' dir='ltr'>exitum</span> <span class='ocrx_word' id='word_1_301' title='bbox 1049 3398 1183 3453; x_wconf 88' lang='lat' dir='ltr'>est?</span> <span class='ocrx_word' id='word_1_302' title='bbox 1202 3397 1353 3454; x_wconf 84' lang='lat' dir='ltr'>Audi</span> <span class='ocrx_word' id='word_1_303' title='bbox 1373 3414 1552 3469; x_wconf 85' lang='lat' dir='ltr'>quare</span> <span class='ocrx_word' id='word_1_304' title='bbox 1576 3414 1589 3454; x_wconf 91' lang='lat'><strong>:</strong></span> <span class='ocrx_word' id='word_1_305' title='bbox 1609 3400 1729 3456; x_wconf 83' lang='lat' dir='ltr'>Non</span> <span class='ocrx_word' id='word_1_306' title='bbox 1744 3401 1926 3455; x_wconf 73' lang='lat' dir='ltr'>veniat</span> 
     </span>
    </p>
   </div>
   <div class='ocr_carea' id='block_1_36' title="bbox 203 3487 1926 3560">
    <p class='ocr_par' dir='ltr' id='par_1_36' title="bbox 203 3487 1926 3560">
     <span class='ocr_line' id='line_1_36' title="bbox 203 3487 1926 3560; baseline 0 -16"><span class='ocrx_word' id='word_1_307' title='bbox 203 3488 338 3544; x_wconf 86' lang='lat' dir='ltr'>mihi</span> <span class='ocrx_word' id='word_1_308' title='bbox 368 3504 472 3559; x_wconf 86' lang='lat' dir='ltr'>pes</span> <span class='ocrx_word' id='word_1_309' title='bbox 502 3487 791 3558; x_wconf 71' lang='lat' dir='ltr'>superbiae.</span> <span class='ocrx_word' id='word_1_310' title='bbox 826 3489 974 3559; x_wconf 88' lang='lat' dir='ltr'>Ergo</span> <span class='ocrx_word' id='word_1_311' title='bbox 1003 3487 1099 3544; x_wconf 90' lang='lat' dir='ltr'>ille</span> <span class='ocrx_word' id='word_1_312' title='bbox 1144 3488 1301 3557; x_wconf 87' lang='lat' dir='ltr'>exiit,</span> <span class='ocrx_word' id='word_1_313' title='bbox 1334 3488 1429 3543; x_wconf 91' lang='lat' dir='ltr'>cui</span> <span class='ocrx_word' id='word_1_314' title='bbox 1477 3489 1636 3545; x_wconf 89' lang='lat' dir='ltr'>venit</span> <span class='ocrx_word' id='word_1_315' title='bbox 1682 3505 1779 3560; x_wconf 88' lang='lat' dir='ltr'>pes</span> <span class='ocrx_word' id='word_1_316' title='bbox 1826 3506 1926 3545; x_wconf 91' lang='lat' dir='ltr'>su-</span> 
     </span>
    </p>
   </div>
   <div class='ocr_carea' id='block_1_37' title="bbox 202 3575 1925 3648">
    <p class='ocr_par' dir='ltr' id='par_1_37' title="bbox 202 3575 1925 3648">
     <span class='ocr_line' id='line_1_37' title="bbox 202 3575 1925 3648; baseline 0.001 -16"><span class='ocrx_word' id='word_1_317' title='bbox 202 3578 442 3648; x_wconf 66' lang='lat' dir='ltr'>perbiae.</span> <span class='ocrx_word' id='word_1_318' title='bbox 466 3575 725 3632; x_wconf 83' lang='lat' dir='ltr'>Ostende</span> <span class='ocrx_word' id='word_1_319' title='bbox 747 3576 1029 3648; x_wconf 87' lang='lat' dir='ltr'>quiaideo</span> <span class='ocrx_word' id='word_1_320' title='bbox 1066 3576 1224 3633; x_wconf 84' lang='lat' dir='ltr'>exiit.</span> <span class='ocrx_word' id='word_1_321' title='bbox 1258 3579 1321 3633; x_wconf 83' lang='lat' dir='ltr'>Et</span> <span class='ocrx_word' id='word_1_322' title='bbox 1345 3595 1539 3634; x_wconf 86' lang='lat' dir='ltr'>manus</span> <span class='ocrx_word' id='word_1_323' title='bbox 1573 3586 1925 3647; x_wconf 87' lang='lat' dir='ltr'>peccatorum</span> 
     </span>
    </p>
   </div>
   <div class='ocr_carea' id='block_1_38' title="bbox 206 3667 1928 3739">
    <p class='ocr_par' dir='ltr' id='par_1_38' title="bbox 206 3667 1928 3739">
     <span class='ocr_line' id='line_1_38' title="bbox 206 3667 1928 3739; baseline 0.002 -20"><span class='ocrx_word' id='word_1_324' title='bbox 206 3682 311 3721; x_wconf 88' lang='lat' dir='ltr'>non</span> <span class='ocrx_word' id='word_1_325' title='bbox 351 3667 616 3721; x_wconf 83' lang='lat' dir='ltr'>moveant</span> <span class='ocrx_word' id='word_1_326' title='bbox 660 3681 745 3720; x_wconf 86' lang='lat' dir='ltr'>me</span> <span class='ocrx_word' id='word_1_327' title='bbox 773 3684 792 3720; x_wconf 91' lang='lat'><strong><em>:</em></strong></span> <span class='ocrx_word' id='word_1_328' title='bbox 839 3670 1070 3737; x_wconf 87' lang='lat' dir='ltr'>propter</span> <span class='ocrx_word' id='word_1_329' title='bbox 1119 3667 1324 3737; x_wconf 91' lang='lat' dir='ltr'>pedem</span> <span class='ocrx_word' id='word_1_330' title='bbox 1381 3668 1686 3739; x_wconf 69' lang='lat' dir='ltr'>superbiae.</span> <span class='ocrx_word' id='word_1_331' title='bbox 1739 3669 1928 3732; x_wconf 85' lang='lat' dir='ltr'>Quare</span> 
     </span>
    </p>
   </div>
   <div class='ocr_carea' id='block_1_39' title="bbox 209 3754 1925 3830">
    <p class='ocr_par' dir='ltr' id='par_1_39' title="bbox 209 3754 1925 3830">
     <span class='ocr_line' id='line_1_39' title="bbox 209 3754 1925 3830; baseline 0.001 -21"><span class='ocrx_word' id='word_1_332' title='bbox 209 3756 313 3812; x_wconf 89' lang='lat' dir='ltr'>hoc</span> <span class='ocrx_word' id='word_1_333' title='bbox 345 3754 504 3811; x_wconf 87' lang='lat' dir='ltr'>dicis</span> <span class='ocrx_word' id='word_1_334' title='bbox 526 3756 556 3809; x_wconf 89' lang='lat'>?</span> <span class='ocrx_word' id='word_1_335' title='bbox 585 3754 669 3809; x_wconf 86' lang='lat' dir='ltr'>lbi</span> <span class='ocrx_word' id='word_1_336' title='bbox 691 3754 999 3810; x_wconf 86' lang='lat' dir='ltr'>ceciderunt</span> <span class='ocrx_word' id='word_1_337' title='bbox 1028 3770 1210 3811; x_wconf 89' lang='lat' dir='ltr'>omnes</span> <span class='ocrx_word' id='word_1_338' title='bbox 1227 3757 1323 3828; x_wconf 89' lang='lat' dir='ltr'>qui</span> <span class='ocrx_word' id='word_1_339' title='bbox 1337 3766 1635 3829; x_wconf 81' lang='lat' dir='ltr'>operantur</span> <span class='ocrx_word' id='word_1_340' title='bbox 1660 3758 1925 3830; x_wconf 85' lang='lat' dir='ltr'>iniquita-</span> 
     </span>
    </p>
   </div>
   <div class='ocr_carea' id='block_1_40' title="bbox 212 3843 1926 3920">
    <p class='ocr_par' dir='ltr' id='par_1_40' title="bbox 212 3843 1926 3920">
     <span class='ocr_line' id='line_1_40' title="bbox 212 3843 1926 3920; baseline 0.004 -22"><span class='ocrx_word' id='word_1_341' title='bbox 212 3851 337 3901; x_wconf 95' lang='lat' dir='ltr'>tem.</span> <span class='ocrx_word' id='word_1_342' title='bbox 376 3845 490 3901; x_wconf 88' lang='lat' dir='ltr'>Ubi</span> <span class='ocrx_word' id='word_1_343' title='bbox 525 3843 910 3901; x_wconf 83' lang='lat' dir='ltr'>ceciderunt?</span> <span class='ocrx_word' id='word_1_344' title='bbox 941 3846 1006 3901; x_wconf 91' lang='lat' dir='ltr'>In</span> <span class='ocrx_word' id='word_1_345' title='bbox 1036 3845 1166 3919; x_wconf 87' lang='lat' dir='ltr'>ipsa</span> <span class='ocrx_word' id='word_1_346' title='bbox 1194 3846 1486 3919; x_wconf 87' lang='lat' dir='ltr'>superbia.</span> <span class='ocrx_word' id='word_1_347' title='bbox 1521 3848 1757 3920; x_wconf 62' lang='lat' dir='ltr'>Eaputsi</span> <span class='ocrx_word' id='word_1_348' title='bbox 1776 3856 1926 3915; x_wconf 89' lang='lat' dir='ltr'>sunt,</span> 
     </span>
    </p>
   </div>
   <div class='ocr_carea' id='block_1_41' title="bbox 213 3936 1926 4011">
    <p class='ocr_par' dir='ltr' id='par_1_41' title="bbox 213 3936 1926 4011">
     <span class='ocr_line' id='line_1_41' title="bbox 213 3936 1926 4011; baseline 0.001 -18"><span class='ocrx_word' id='word_1_349' title='bbox 213 3954 305 3993; x_wconf 87' lang='lat' dir='ltr'>nec</span> <span class='ocrx_word' id='word_1_350' title='bbox 330 3943 649 4010; x_wconf 81' lang='lat' dir='ltr'>potuerunt</span> <span class='ocrx_word' id='word_1_351' title='bbox 704 3942 851 3992; x_wconf 85' lang='lat' dir='ltr'>stare</span> <span class='ocrx_word' id='word_1_352' title='bbox 899 3936 1065 3993; x_wconf 77' lang='lat' dir='ltr'>(Psal.</span> <span class='ocrx_word' id='word_1_353' title='bbox 1122 3954 1291 4002; x_wconf 84' lang='lat' dir='ltr'>xxxv,</span> <span class='ocrx_word' id='word_1_354' title='bbox 1323 3938 1502 4011; x_wconf 72' lang='lat'>8-13).</span> <span class='ocrx_word' id='word_1_355' title='bbox 1536 3938 1593 3994; x_wconf 89' lang='lat' dir='ltr'>Si</span> <span class='ocrx_word' id='word_1_356' title='bbox 1652 3954 1787 4011; x_wconf 80' lang='lat' dir='ltr'>ergo</span> <span class='ocrx_word' id='word_1_357' title='bbox 1838 3955 1926 3994; x_wconf 81' lang='lat' dir='ltr'>su-</span> 
     </span>
    </p>
   </div>
   <div class='ocr_carea' id='block_1_42' title="bbox 218 4024 1929 4099">
    <p class='ocr_par' dir='ltr' id='par_1_42' title="bbox 218 4024 1929 4099">
     <span class='ocr_line' id='line_1_42' title="bbox 218 4024 1929 4099; baseline 0.002 -18"><span class='ocrx_word' id='word_1_358' title='bbox 218 4028 419 4098; x_wconf 85' lang='lat' dir='ltr'>perbia</span> <span class='ocrx_word' id='word_1_359' title='bbox 440 4024 668 4096; x_wconf 83' lang='lat' dir='ltr'>expulit</span> <span class='ocrx_word' id='word_1_360' title='bbox 696 4042 794 4082; x_wconf 88' lang='lat' dir='ltr'>eos</span> <span class='ocrx_word' id='word_1_361' title='bbox 823 4025 922 4097; x_wconf 90' lang='lat' dir='ltr'>qui</span> <span class='ocrx_word' id='word_1_362' title='bbox 946 4044 1059 4083; x_wconf 92' lang='lat' dir='ltr'>non</span> <span class='ocrx_word' id='word_1_363' title='bbox 1084 4032 1391 4099; x_wconf 89' lang='lat' dir='ltr'>potuerunt</span> <span class='ocrx_word' id='word_1_364' title='bbox 1413 4035 1595 4097; x_wconf 83' lang='lat' dir='ltr'>stare;</span> <span class='ocrx_word' id='word_1_365' title='bbox 1626 4028 1929 4084; x_wconf 78' lang='lat' dir='ltr'>humilitas</span> 
     </span>
    </p>
   </div>
   <div class='ocr_carea' id='block_1_43' title="bbox 213 4115 1928 4189">
    <p class='ocr_par' dir='ltr' id='par_1_43' title="bbox 213 4115 1928 4189">
     <span class='ocr_line' id='line_1_43' title="bbox 213 4115 1928 4189; baseline 0.002 -17"><span class='ocrx_word' id='word_1_366' title='bbox 213 4117 580 4183; x_wconf 84' lang='lat' dir='ltr'>intromittit,</span> <span class='ocrx_word' id='word_1_367' title='bbox 623 4115 724 4187; x_wconf 89' lang='lat' dir='ltr'>qui</span> <span class='ocrx_word' id='word_1_368' title='bbox 756 4117 984 4188; x_wconf 87' lang='lat' dir='ltr'>possint</span> <span class='ocrx_word' id='word_1_369' title='bbox 1013 4119 1071 4172; x_wconf 90' lang='lat' dir='ltr'>in</span> <span class='ocrx_word' id='word_1_370' title='bbox 1114 4122 1451 4189; x_wconf 87' lang='lat' dir='ltr'>perpetuum</span> <span class='ocrx_word' id='word_1_371' title='bbox 1482 4126 1657 4175; x_wconf 89' lang='lat' dir='ltr'>stare.</span> <span class='ocrx_word' id='word_1_372' title='bbox 1690 4121 1821 4176; x_wconf 89' lang='lat' dir='ltr'>Ideo</span> <span class='ocrx_word' id='word_1_373' title='bbox 1844 4123 1928 4175; x_wconf 88' lang='lat' dir='ltr'>et-</span> 
     </span>
    </p>
   </div>
   <div class='ocr_carea' id='block_1_44' title="bbox 214 4207 1924 4282">
    <p class='ocr_par' dir='ltr' id='par_1_44' title="bbox 214 4207 1924 4282">
     <span class='ocr_line' id='line_1_44' title="bbox 214 4207 1924 4282; baseline 0.001 -20"><span class='ocrx_word' id='word_1_374' title='bbox 214 4210 369 4265; x_wconf 87' lang='lat' dir='ltr'>enim</span> <span class='ocrx_word' id='word_1_375' title='bbox 402 4207 505 4263; x_wconf 86' lang='lat' dir='ltr'>ille</span> <span class='ocrx_word' id='word_1_376' title='bbox 537 4207 637 4278; x_wconf 92' lang='lat' dir='ltr'>qui</span> <span class='ocrx_word' id='word_1_377' title='bbox 667 4207 829 4273; x_wconf 85' lang='lat' dir='ltr'>dixit,</span> <span class='ocrx_word' id='word_1_378' title='bbox 866 4209 1234 4264; x_wconf 72' lang='lat' dir='ltr'>Exsultabunt</span> <span class='ocrx_word' id='word_1_379' title='bbox 1265 4226 1383 4266; x_wconf 89' lang='lat' dir='ltr'>ossa</span> <span class='ocrx_word' id='word_1_380' title='bbox 1405 4210 1743 4272; x_wconf 83' lang='lat' dir='ltr'>humi/iota;</span> <span class='ocrx_word' id='word_1_381' title='bbox 1770 4227 1924 4282; x_wconf 76' lang='lat' dir='ltr'>prae-</span> 
     </span>
    </p>
   </div>
   <div class='ocr_carea' id='block_1_45' title="bbox 214 4296 1926 4370">
    <p class='ocr_par' dir='ltr' id='par_1_45' title="bbox 214 4296 1926 4370">
     <span class='ocr_line' id='line_1_45' title="bbox 214 4296 1926 4370; baseline 0.002 -18"><span class='ocrx_word' id='word_1_382' title='bbox 214 4298 382 4366; x_wconf 88' lang='lat' dir='ltr'>dixit,</span> <span class='ocrx_word' id='word_1_383' title='bbox 396 4296 632 4354; x_wconf 75' lang='lat' dir='ltr'>Auditui</span> <span class='ocrx_word' id='word_1_384' title='bbox 650 4312 768 4352; x_wconf 86' lang='lat' dir='ltr'>meo</span> <span class='ocrx_word' id='word_1_385' title='bbox 788 4297 940 4354; x_wconf 80' lang='lat' dir='ltr'>dabis</span> <span class='ocrx_word' id='word_1_386' title='bbox 964 4299 1395 4357; x_wconf 75' lang='lat' dir='ltr'>exsultationem</span> <span class='ocrx_word' id='word_1_387' title='bbox 1410 4308 1463 4354; x_wconf 87' lang='lat' dir='ltr'>et</span> <span class='ocrx_word' id='word_1_388' title='bbox 1482 4300 1736 4356; x_wconf 78' lang='lat' dir='ltr'>laetitiam</span> <span class='ocrx_word' id='word_1_389' title='bbox 1758 4300 1926 4370; x_wconf 87' lang='lat' dir='ltr'>(Psal.</span> 
     </span>
    </p>
   </div>
   <div class='ocr_carea' id='block_1_46' title="bbox 216 4388 1927 4459">
    <p class='ocr_par' dir='ltr' id='par_1_46' title="bbox 216 4388 1927 4459">
     <span class='ocr_line' id='line_1_46' title="bbox 216 4388 1927 4459; baseline 0.002 -16"><span class='ocrx_word' id='word_1_390' title='bbox 216 4390 402 4459; x_wconf 77' lang='lat' dir='ltr'>L,10).</span> <span class='ocrx_word' id='word_1_391' title='bbox 438 4388 587 4454; x_wconf 88' lang='lat' dir='ltr'>Quid</span> <span class='ocrx_word' id='word_1_392' title='bbox 609 4388 956 4455; x_wconf 84' lang='lat' dir='ltr'>est,auditui</span> <span class='ocrx_word' id='word_1_393' title='bbox 988 4390 1466 4446; x_wconf 59' lang='lat' dir='ltr'>meofAudiendo</span> <span class='ocrx_word' id='word_1_394' title='bbox 1512 4394 1563 4445; x_wconf 85' lang='lat' dir='ltr'>te</span> <span class='ocrx_word' id='word_1_395' title='bbox 1606 4391 1740 4447; x_wconf 83' lang='lat' dir='ltr'>felix</span> <span class='ocrx_word' id='word_1_396' title='bbox 1774 4408 1927 4459; x_wconf 90' lang='lat' dir='ltr'>sum,</span> 
     </span>
    </p>
   </div>
   <div class='ocr_carea' id='block_1_47' title="bbox 216 4477 1929 4547">
    <p class='ocr_par' dir='ltr' id='par_1_47' title="bbox 216 4477 1929 4547">
     <span class='ocr_line' id='line_1_47' title="bbox 216 4477 1929 4547; baseline 0.004 -13"><span class='ocrx_word' id='word_1_397' title='bbox 216 4479 443 4536; x_wconf 88' lang='lat' dir='ltr'>devooe</span> <span class='ocrx_word' id='word_1_398' title='bbox 464 4484 563 4535; x_wconf 86' lang='lat' dir='ltr'>tua</span> <span class='ocrx_word' id='word_1_399' title='bbox 586 4477 723 4535; x_wconf 83' lang='lat' dir='ltr'>felix</span> <span class='ocrx_word' id='word_1_400' title='bbox 744 4495 908 4547; x_wconf 85' lang='lat' dir='ltr'>sum;</span> <span class='ocrx_word' id='word_1_401' title='bbox 938 4480 1095 4536; x_wconf 88' lang='lat' dir='ltr'>intus</span> <span class='ocrx_word' id='word_1_402' title='bbox 1137 4479 1386 4538; x_wconf 89' lang='lat' dir='ltr'>bibendo</span> <span class='ocrx_word' id='word_1_403' title='bbox 1430 4482 1563 4537; x_wconf 83' lang='lat' dir='ltr'>felix</span> <span class='ocrx_word' id='word_1_404' title='bbox 1599 4498 1752 4537; x_wconf 89' lang='lat' dir='ltr'>eum.</span> <span class='ocrx_word' id='word_1_405' title='bbox 1795 4481 1929 4540; x_wconf 88' lang='lat' dir='ltr'>Ideo</span> 
     </span>
    </p>
   </div>
   <div class='ocr_carea' id='block_1_48' title="bbox 215 4568 1932 4635">
    <p class='ocr_par' dir='ltr' id='par_1_48' title="bbox 215 4568 1932 4635">
     <span class='ocr_line' id='line_1_48' title="bbox 215 4568 1932 4635; baseline 0.001 -10"><span class='ocrx_word' id='word_1_406' title='bbox 215 4586 327 4625; x_wconf 92' lang='lat' dir='ltr'>non</span> <span class='ocrx_word' id='word_1_407' title='bbox 362 4570 533 4635; x_wconf 86' lang='lat' dir='ltr'>cado,</span> <span class='ocrx_word' id='word_1_408' title='bbox 558 4569 689 4625; x_wconf 88' lang='lat' dir='ltr'>ideo</span> <span class='ocrx_word' id='word_1_409' title='bbox 719 4568 1074 4625; x_wconf 71' lang='lat' dir='ltr'>exsultabant</span> <span class='ocrx_word' id='word_1_410' title='bbox 1104 4586 1223 4625; x_wconf 82' lang='lat' dir='ltr'>ossa</span> <span class='ocrx_word' id='word_1_411' title='bbox 1250 4570 1550 4627; x_wconf 86' lang='lat' dir='ltr'>humiliata</span> <span class='ocrx_word' id='word_1_412' title='bbox 1580 4590 1600 4628; x_wconf 91' lang='lat'><strong><em>:</em></strong></span> <span class='ocrx_word' id='word_1_413' title='bbox 1634 4572 1759 4627; x_wconf 90' lang='lat' dir='ltr'>ideo</span> <span class='ocrx_word' id='word_1_414' title='bbox 1782 4574 1932 4627; x_wconf 88' lang='lat' dir='ltr'>ami—</span> 
     </span>
    </p>
   </div>
   <div class='ocr_carea' id='block_1_49' title="bbox 209 4658 1928 4733">
    <p class='ocr_par' dir='ltr' id='par_1_49' title="bbox 209 4658 1928 4733">
     <span class='ocr_line' id='line_1_49' title="bbox 209 4658 1928 4733; baseline 0.003 -21"><span class='ocrx_word' id='word_1_415' title='bbox 209 4674 301 4712; x_wconf 85' lang='lat' dir='ltr'>cus</span> <span class='ocrx_word' id='word_1_416' title='bbox 332 4660 521 4731; x_wconf 83' lang='lat' dir='ltr'>sponsi</span> <span class='ocrx_word' id='word_1_417' title='bbox 551 4662 681 4724; x_wconf 77' lang='lat' dir='ltr'>stat,</span> <span class='ocrx_word' id='word_1_418' title='bbox 714 4666 767 4713; x_wconf 89' lang='lat' dir='ltr'>et</span> <span class='ocrx_word' id='word_1_419' title='bbox 798 4658 954 4714; x_wconf 85' lang='lat' dir='ltr'>audit</span> <span class='ocrx_word' id='word_1_420' title='bbox 984 4676 1110 4715; x_wconf 87' lang='lat' dir='ltr'>eum</span> <span class='ocrx_word' id='word_1_421' title='bbox 1139 4659 1325 4731; x_wconf 81' lang='lat' dir='ltr'>(Joan.</span> <span class='ocrx_word' id='word_1_422' title='bbox 1356 4679 1439 4730; x_wconf 83' lang='lat' dir='ltr'>Ill,</span> <span class='ocrx_word' id='word_1_423' title='bbox 1472 4663 1563 4733; x_wconf 83' lang='lat'>29)</span> <span class='ocrx_word' id='word_1_424' title='bbox 1591 4680 1605 4731; x_wconf 91' lang='lat'>;</span> <span class='ocrx_word' id='word_1_425' title='bbox 1642 4661 1769 4717; x_wconf 88' lang='lat' dir='ltr'>ideo</span> <span class='ocrx_word' id='word_1_426' title='bbox 1793 4666 1928 4731; x_wconf 86' lang='lat' dir='ltr'>stat,</span> 
     </span>
    </p>
   </div>
   <div class='ocr_carea' id='block_1_50' title="bbox 208 4749 1929 4824">
    <p class='ocr_par' dir='ltr' id='par_1_50' title="bbox 208 4749 1929 4824">
     <span class='ocr_line' id='line_1_50' title="bbox 208 4749 1929 4824; baseline 0.001 -19"><span class='ocrx_word' id='word_1_427' title='bbox 208 4751 350 4820; x_wconf 82' lang='lat' dir='ltr'>quia</span> <span class='ocrx_word' id='word_1_428' title='bbox 379 4750 565 4805; x_wconf 84' lang='lat' dir='ltr'>audit.</span> <span class='ocrx_word' id='word_1_429' title='bbox 601 4750 681 4804; x_wconf 89' lang='lat' dir='ltr'>De</span> <span class='ocrx_word' id='word_1_430' title='bbox 713 4749 985 4805; x_wconf 89' lang='lat' dir='ltr'>interiore</span> <span class='ocrx_word' id='word_1_431' title='bbox 1008 4751 1164 4807; x_wconf 87' lang='lat' dir='ltr'>fonte</span> <span class='ocrx_word' id='word_1_432' title='bbox 1189 4752 1361 4820; x_wconf 89' lang='lat' dir='ltr'>bibit,</span> <span class='ocrx_word' id='word_1_433' title='bbox 1392 4752 1523 4809; x_wconf 90' lang='lat' dir='ltr'>ideo</span> <span class='ocrx_word' id='word_1_434' title='bbox 1545 4757 1678 4808; x_wconf 85' lang='lat' dir='ltr'>stat.</span> <span class='ocrx_word' id='word_1_435' title='bbox 1723 4752 1807 4809; x_wconf 89' lang='lat' dir='ltr'>Illi</span> <span class='ocrx_word' id='word_1_436' title='bbox 1831 4752 1929 4824; x_wconf 91' lang='lat' dir='ltr'>qui</span> 
     </span>
    </p>
   </div>
   <div class='ocr_carea' id='block_1_51' title="bbox 210 4839 1931 4914">
    <p class='ocr_par' dir='ltr' id='par_1_51' title="bbox 210 4839 1931 4914">
     <span class='ocr_line' id='line_1_51' title="bbox 210 4839 1931 4914; baseline 0.002 -22"><span class='ocrx_word' id='word_1_437' title='bbox 210 4840 531 4896; x_wconf 86' lang='lat' dir='ltr'>noluerunt</span> <span class='ocrx_word' id='word_1_438' title='bbox 562 4839 636 4895; x_wconf 90' lang='lat' dir='ltr'>de</span> <span class='ocrx_word' id='word_1_439' title='bbox 665 4839 939 4895; x_wconf 88' lang='lat' dir='ltr'>interiore</span> <span class='ocrx_word' id='word_1_440' title='bbox 969 4839 1185 4909; x_wconf 86' lang='lat' dir='ltr'>bibere,</span> <span class='ocrx_word' id='word_1_441' title='bbox 1230 4841 1308 4897; x_wconf 88' lang='lat' dir='ltr'>ibi</span> <span class='ocrx_word' id='word_1_442' title='bbox 1336 4842 1686 4907; x_wconf 86' lang='lat' dir='ltr'>ceciderunt;</span> <span class='ocrx_word' id='word_1_443' title='bbox 1714 4843 1931 4914; x_wconf 71' lang='lat' dir='ltr'>expulsi</span> 
     </span>
    </p>
   </div>
   <div class='ocr_carea' id='block_1_52' title="bbox 206 4934 1012 4999">
    <p class='ocr_par' dir='ltr' id='par_1_52' title="bbox 206 4934 1012 4999">
     <span class='ocr_line' id='line_1_52' title="bbox 206 4934 1012 4999; baseline -0.001 -16"><span class='ocrx_word' id='word_1_444' title='bbox 206 4934 359 4998; x_wconf 84' lang='lat' dir='ltr'>sunt,</span> <span class='ocrx_word' id='word_1_445' title='bbox 392 4944 491 4984; x_wconf 82' lang='lat' dir='ltr'>nec</span> <span class='ocrx_word' id='word_1_446' title='bbox 519 4934 818 4999; x_wconf 81' lang='lat' dir='ltr'>potuerunt</span> <span class='ocrx_word' id='word_1_447' title='bbox 848 4935 1012 4985; x_wconf 82' lang='lat' dir='ltr'>stare.</span> 
     </span>
    </p>
   </div>
   <div class='ocr_carea' id='block_1_53' title="bbox 286 5019 1929 5091">
    <p class='ocr_par' dir='ltr' id='par_1_53' title="bbox 286 5019 1929 5091">
     <span class='ocr_line' id='line_1_53' title="bbox 286 5019 1929 5091; baseline 0.002 -16"><span class='ocrx_word' id='word_1_448' title='bbox 286 5022 379 5077; x_wconf 80' lang='grc'>18.</span> <span class='ocrx_word' id='word_1_449' title='bbox 402 5021 616 5076; x_wconf 85' lang='lat' dir='ltr'>Doctor</span> <span class='ocrx_word' id='word_1_450' title='bbox 638 5019 839 5091; x_wconf 89' lang='lat' dir='ltr'>itaque</span> <span class='ocrx_word' id='word_1_451' title='bbox 860 5019 1206 5076; x_wconf 85' lang='lat' dir='ltr'>humilitatis</span> <span class='ocrx_word' id='word_1_452' title='bbox 1237 5021 1392 5078; x_wconf 89' lang='lat' dir='ltr'>venit</span> <span class='ocrx_word' id='word_1_453' title='bbox 1433 5039 1545 5079; x_wconf 91' lang='lat' dir='ltr'>non</span> <span class='ocrx_word' id='word_1_454' title='bbox 1598 5022 1787 5079; x_wconf 88' lang='lat' dir='ltr'>facere</span> <span class='ocrx_word' id='word_1_455' title='bbox 1833 5039 1929 5079; x_wconf 91' lang='lat' dir='ltr'>vo-</span> 
     </span>
    </p>
   </div>
   <div class='ocr_carea' id='block_1_54' title="bbox 212 5109 1928 5184">
    <p class='ocr_par' dir='ltr' id='par_1_54' title="bbox 212 5109 1928 5184">
     <span class='ocr_line' id='line_1_54' title="bbox 212 5109 1928 5184; baseline 0.003 -20"><span class='ocrx_word' id='word_1_456' title='bbox 212 5109 498 5167; x_wconf 84' lang='lat' dir='ltr'>luntatem</span> <span class='ocrx_word' id='word_1_457' title='bbox 530 5126 725 5177; x_wconf 87' lang='lat' dir='ltr'>suam,</span> <span class='ocrx_word' id='word_1_458' title='bbox 758 5110 860 5166; x_wconf 89' lang='lat' dir='ltr'>sed</span> <span class='ocrx_word' id='word_1_459' title='bbox 879 5111 1234 5167; x_wconf 84' lang='lat' dir='ltr'>voluntatem</span> <span class='ocrx_word' id='word_1_460' title='bbox 1257 5114 1382 5182; x_wconf 86' lang='lat' dir='ltr'>ejus</span> <span class='ocrx_word' id='word_1_461' title='bbox 1406 5114 1505 5184; x_wconf 92' lang='lat' dir='ltr'>qui</span> <span class='ocrx_word' id='word_1_462' title='bbox 1547 5114 1709 5170; x_wconf 86' lang='lat' dir='ltr'>misit</span> <span class='ocrx_word' id='word_1_463' title='bbox 1743 5113 1928 5171; x_wconf 89' lang='lat' dir='ltr'>illum.</span> 
     </span>
    </p>
   </div>
   <div class='ocr_carea' id='block_1_55' title="bbox 213 5198 1934 5274">
    <p class='ocr_par' dir='ltr' id='par_1_55' title="bbox 213 5198 1934 5274">
     <span class='ocr_line' id='line_1_55' title="bbox 213 5198 1934 5274; baseline 0.005 -23"><span class='ocrx_word' id='word_1_464' title='bbox 213 5198 539 5256; x_wconf 76' lang='lat' dir='ltr'>Veniamus</span> <span class='ocrx_word' id='word_1_465' title='bbox 562 5200 634 5254; x_wconf 86' lang='lat' dir='ltr'>ad</span> <span class='ocrx_word' id='word_1_466' title='bbox 668 5215 824 5266; x_wconf 89' lang='lat' dir='ltr'>eum,</span> <span class='ocrx_word' id='word_1_467' title='bbox 857 5199 1145 5256; x_wconf 85' lang='lat' dir='ltr'>intremus</span> <span class='ocrx_word' id='word_1_468' title='bbox 1185 5202 1254 5257; x_wconf 88' lang='lat' dir='ltr'>ad</span> <span class='ocrx_word' id='word_1_469' title='bbox 1307 5217 1465 5273; x_wconf 87' lang='lat' dir='ltr'>eum,</span> <span class='ocrx_word' id='word_1_470' title='bbox 1497 5202 1934 5274; x_wconf 88' lang='lat' dir='ltr'>incorporemur</span> 
     </span>
    </p>
   </div>
   <div class='ocr_carea' id='block_1_56' title="bbox 210 5288 1932 5359">
    <p class='ocr_par' dir='ltr' id='par_1_56' title="bbox 210 5288 1932 5359">
     <span class='ocr_line' id='line_1_56' title="bbox 210 5288 1932 5359; baseline 0.003 -15"><span class='ocrx_word' id='word_1_471' title='bbox 210 5290 283 5359; x_wconf 83' lang='lat' dir='ltr'>ei,</span> <span class='ocrx_word' id='word_1_472' title='bbox 308 5295 381 5345; x_wconf 85' lang='lat' dir='ltr'>ut</span> <span class='ocrx_word' id='word_1_473' title='bbox 404 5305 509 5346; x_wconf 90' lang='lat' dir='ltr'>nec</span> <span class='ocrx_word' id='word_1_474' title='bbox 534 5305 643 5345; x_wconf 87' lang='lat' dir='ltr'>nos</span> <span class='ocrx_word' id='word_1_475' title='bbox 673 5288 957 5346; x_wconf 87' lang='lat' dir='ltr'>faciamu</span> <span class='ocrx_word' id='word_1_476' title='bbox 989 5292 1344 5347; x_wconf 83' lang='lat' dir='ltr'>voluntatem</span> <span class='ocrx_word' id='word_1_477' title='bbox 1383 5296 1666 5358; x_wconf 87' lang='lat' dir='ltr'>nostram,</span> <span class='ocrx_word' id='word_1_478' title='bbox 1694 5293 1791 5348; x_wconf 86' lang='lat' dir='ltr'>sed</span> <span class='ocrx_word' id='word_1_479' title='bbox 1842 5308 1932 5349; x_wconf 86' lang='lat' dir='ltr'>vo-</span> 
     </span>
    </p>
   </div>
   <div class='ocr_carea' id='block_1_57' title="bbox 213 5377 1933 5455">
    <p class='ocr_par' dir='ltr' id='par_1_57' title="bbox 213 5377 1933 5455">
     <span class='ocr_line' id='line_1_57' title="bbox 213 5377 1933 5455; baseline 0.005 -24"><span class='ocrx_word' id='word_1_480' title='bbox 213 5378 504 5436; x_wconf 78' lang='lat' dir='ltr'>luntatem</span> <span class='ocrx_word' id='word_1_481' title='bbox 528 5377 631 5435; x_wconf 90' lang='lat' dir='ltr'>Dei</span> <span class='ocrx_word' id='word_1_482' title='bbox 657 5392 671 5433; x_wconf 94' lang='lat'>:</span> <span class='ocrx_word' id='word_1_483' title='bbox 693 5385 885 5436; x_wconf 89' lang='lat' dir='ltr'>etnon</span> <span class='ocrx_word' id='word_1_484' title='bbox 916 5397 1020 5437; x_wconf 89' lang='lat' dir='ltr'>nos</span> <span class='ocrx_word' id='word_1_485' title='bbox 1044 5380 1234 5453; x_wconf 80' lang='lat' dir='ltr'>eiiciet</span> <span class='ocrx_word' id='word_1_486' title='bbox 1273 5381 1451 5450; x_wconf 85' lang='lat' dir='ltr'>foras,</span> <span class='ocrx_word' id='word_1_487' title='bbox 1490 5381 1626 5455; x_wconf 85' lang='lat' dir='ltr'>quia</span> <span class='ocrx_word' id='word_1_488' title='bbox 1674 5381 1933 5440; x_wconf 82' lang='lat' dir='ltr'>membra</span> 
     </span>
    </p>
   </div>
   <div class='ocr_carea' id='block_1_58' title="bbox 214 5467 1929 5540">
    <p class='ocr_par' dir='ltr' id='par_1_58' title="bbox 214 5467 1929 5540">
     <span class='ocr_line' id='line_1_58' title="bbox 214 5467 1929 5540; baseline 0.005 -19"><span class='ocrx_word' id='word_1_489' title='bbox 214 5469 346 5539; x_wconf 83' lang='lat' dir='ltr'>ejus</span> <span class='ocrx_word' id='word_1_490' title='bbox 378 5483 614 5537; x_wconf 89' lang='lat' dir='ltr'>sumus,</span> <span class='ocrx_word' id='word_1_491' title='bbox 640 5467 780 5540; x_wconf 89' lang='lat' dir='ltr'>quia</span> <span class='ocrx_word' id='word_1_492' title='bbox 799 5474 1250 5540; x_wconf 84' lang='lat' dir='ltr'>caputnostrum</span> <span class='ocrx_word' id='word_1_493' title='bbox 1286 5486 1414 5528; x_wconf 88' lang='lat' dir='ltr'>esse</span> <span class='ocrx_word' id='word_1_494' title='bbox 1453 5472 1635 5528; x_wconf 87' lang='lat' dir='ltr'>voluit</span> <span class='ocrx_word' id='word_1_495' title='bbox 1670 5473 1929 5529; x_wconf 91' lang='lat' dir='ltr'>docendo</span> 
     </span>
    </p>
   </div>
   <div class='ocr_carea' id='block_1_59' title="bbox 215 5546 1932 5644">
    <p class='ocr_par' dir='ltr' id='par_1_59' title="bbox 215 5546 1932 5644">
     <span class='ocr_line' id='line_1_59' title="bbox 215 5546 1932 5644; baseline 0.005 -30"><span class='ocrx_word' id='word_1_496' title='bbox 215 5559 627 5617; x_wconf 86' lang='lat' dir='ltr'>humilitatem.</span> <span class='ocrx_word' id='word_1_497' title='bbox 652 5562 735 5617; x_wconf 88' lang='lat' dir='ltr'>Ad</span> <span class='ocrx_word' id='word_1_498' title='bbox 763 5566 1108 5631; x_wconf 85' lang='lat' dir='ltr'>extremum,</span> <span class='ocrx_word' id='word_1_499' title='bbox 1128 5546 1323 5633; x_wconf 71' lang='lat' dir='ltr'>ipsum</span> <span class='ocrx_word' id='word_1_500' title='bbox 1356 5563 1547 5619; x_wconf 86' lang='lat' dir='ltr'>audite</span> <span class='ocrx_word' id='word_1_501' title='bbox 1584 5565 1932 5644; x_wconf 87' lang='lat' dir='ltr'>concionan-</span> 
     </span>
    </p>
   </div>
   <div class='ocr_carea' id='block_1_60' title="bbox 1454 286 2625 358">
    <p class='ocr_par' dir='ltr' id='par_1_60' title="bbox 1454 286 2625 358">
     <span class='ocr_line' id='line_1_60' title="bbox 1454 286 2625 358; baseline 0 0"><span class='ocrx_word' id='word_1_502' title='bbox 1454 288 1914 358; x_wconf 77' lang='lat' dir='ltr'>TRACTATUS</span> <span class='ocrx_word' id='word_1_503' title='bbox 1958 286 2173 351; x_wconf 79' lang='lat' dir='ltr'>XXVI.</span> <span class='ocrx_word' id='word_1_504' title='bbox 2220 292 2477 357; x_wconf 82' lang='lat' dir='ltr'>CAPUT</span> <span class='ocrx_word' id='word_1_505' title='bbox 2524 296 2625 357; x_wconf 90' lang='lat' dir='ltr'>VI.</span> 
     </span>
    </p>
   </div>
   <div class='ocr_carea' id='block_1_61' title="bbox 3605 308 3783 370">
    <p class='ocr_par' dir='ltr' id='par_1_61' title="bbox 3605 308 3783 370">
     <span class='ocr_line' id='line_1_61' title="bbox 3605 308 3783 370; baseline 0.011 -2"><span class='ocrx_word' id='word_1_506' title='bbox 3605 308 3783 370; x_wconf 76' lang='grc'>1606-</span> 
     </span>
    </p>
   </div>
   <div class='ocr_carea' id='block_1_62' title="bbox 2057 426 3761 517">
    <p class='ocr_par' dir='ltr' id='par_1_62' title="bbox 2057 426 3761 517">
     <span class='ocr_line' id='line_1_62' title="bbox 2057 426 3761 517; baseline 0.013 -35"><span class='ocrx_word' id='word_1_507' title='bbox 2057 426 2153 484; x_wconf 86' lang='lat' dir='ltr'>lite</span> <span class='ocrx_word' id='word_1_508' title='bbox 2172 431 2375 501; x_wconf 86' lang='lat' dir='ltr'>jugum</span> <span class='ocrx_word' id='word_1_509' title='bbox 2405 449 2583 490; x_wconf 90' lang='lat' dir='ltr'>meum</span> <span class='ocrx_word' id='word_1_510' title='bbox 2601 451 2769 507; x_wconf 88' lang='lat' dir='ltr'>super</span> <span class='ocrx_word' id='word_1_511' title='bbox 2798 452 2913 504; x_wconf 88' lang='lat' dir='ltr'>vos,</span> <span class='ocrx_word' id='word_1_512' title='bbox 2945 441 2998 493; x_wconf 89' lang='lat' dir='ltr'>et</span> <span class='ocrx_word' id='word_1_513' title='bbox 3014 437 3206 497; x_wconf 85' lang='lat' dir='ltr'>discite</span> <span class='ocrx_word' id='word_1_514' title='bbox 3226 458 3259 497; x_wconf 91' lang='lat' dir='ltr'>a</span> <span class='ocrx_word' id='word_1_515' title='bbox 3307 458 3393 500; x_wconf 88' lang='lat' dir='ltr'>me</span> <span class='ocrx_word' id='word_1_516' title='bbox 3429 447 3559 517; x_wconf 84' lang='lat' dir='ltr'>quia</span> <span class='ocrx_word' id='word_1_517' title='bbox 3612 448 3761 504; x_wconf 85' lang='lat' dir='ltr'>mitis</span> 
     </span>
    </p>
   </div>
   <div class='ocr_carea' id='block_1_63' title="bbox 2054 522 3761 599">
    <p class='ocr_par' dir='ltr' id='par_1_63' title="bbox 2054 522 3761 599">
     <span class='ocr_line' id='line_1_63' title="bbox 2054 522 3761 599; baseline 0.012 -26"><span class='ocrx_word' id='word_1_518' title='bbox 2054 533 2177 573; x_wconf 89' lang='lat' dir='ltr'>sum</span> <span class='ocrx_word' id='word_1_519' title='bbox 2206 530 2257 577; x_wconf 85' lang='lat' dir='ltr'>et</span> <span class='ocrx_word' id='word_1_520' title='bbox 2278 522 2509 579; x_wconf 80' lang='lat' dir='ltr'>humilis</span> <span class='ocrx_word' id='word_1_521' title='bbox 2536 525 2693 581; x_wconf 89' lang='lat' dir='ltr'>corde</span> <span class='ocrx_word' id='word_1_522' title='bbox 2716 545 2742 592; x_wconf 87' lang='lat'><em>;</em></span> <span class='ocrx_word' id='word_1_523' title='bbox 2762 534 2959 583; x_wconf 87' lang='lat' dir='ltr'>etcum</span> <span class='ocrx_word' id='word_1_524' title='bbox 2986 527 3095 585; x_wconf 90' lang='lat' dir='ltr'>hoc</span> <span class='ocrx_word' id='word_1_525' title='bbox 3138 529 3481 599; x_wconf 88' lang='lat' dir='ltr'>didiceritis,</span> <span class='ocrx_word' id='word_1_526' title='bbox 3513 536 3761 595; x_wconf 85' lang='lat' dir='ltr'>invenie-</span> 
     </span>
    </p>
   </div>
   <div class='ocr_carea' id='block_1_64' title="bbox 2055 611 3762 696">
    <p class='ocr_par' dir='ltr' id='par_1_64' title="bbox 2055 611 3762 696">
     <span class='ocr_line' id='line_1_64' title="bbox 2055 611 3762 696; baseline 0.013 -35"><span class='ocrx_word' id='word_1_527' title='bbox 2055 611 2123 662; x_wconf 86' lang='lat' dir='ltr'>tis</span> <span class='ocrx_word' id='word_1_528' title='bbox 2154 614 2395 681; x_wconf 85' lang='lat' dir='ltr'>requiem</span> <span class='ocrx_word' id='word_1_529' title='bbox 2426 614 2725 670; x_wconf 88' lang='lat' dir='ltr'>animabus</span> <span class='ocrx_word' id='word_1_530' title='bbox 2749 616 3160 689; x_wconf 77' lang='lat' dir='ltr'>vestrisUllatlh.</span> <span class='ocrx_word' id='word_1_531' title='bbox 3193 636 3272 690; x_wconf 78' lang='grc' dir='ltr'>χι,</span> <span class='ocrx_word' id='word_1_532' title='bbox 3296 621 3365 677; x_wconf 88' lang='lat'>28</span> <span class='ocrx_word' id='word_1_533' title='bbox 3391 625 3578 696; x_wconf 75' lang='lat' dir='ltr'>e129).</span> <span class='ocrx_word' id='word_1_534' title='bbox 3606 629 3762 685; x_wconf 89' lang='lat' dir='ltr'>unde</span> 
     </span>
    </p>
   </div>
   <div class='ocr_carea' id='block_1_65' title="bbox 2055 699 3760 781">
    <p class='ocr_par' dir='ltr' id='par_1_65' title="bbox 2055 699 3760 781">
     <span class='ocr_line' id='line_1_65' title="bbox 2055 699 3760 781; baseline 0.013 -30"><span class='ocrx_word' id='word_1_535' title='bbox 2055 714 2167 751; x_wconf 90' lang='lat' dir='ltr'>non</span> <span class='ocrx_word' id='word_1_536' title='bbox 2221 699 2536 768; x_wconf 88' lang='lat' dir='ltr'>ejiciamini</span> <span class='ocrx_word' id='word_1_537' title='bbox 2587 706 2738 760; x_wconf 87' lang='lat' dir='ltr'>foras</span> <span class='ocrx_word' id='word_1_538' title='bbox 2773 720 2787 759; x_wconf 91' lang='lat'>:</span> <span class='ocrx_word' id='word_1_539' title='bbox 2818 707 2948 777; x_wconf 87' lang='lat' dir='ltr'>quia</span> <span class='ocrx_word' id='word_1_540' title='bbox 2997 706 3252 764; x_wconf 83' lang='lat' dir='ltr'>descendi</span> <span class='ocrx_word' id='word_1_541' title='bbox 3280 710 3354 765; x_wconf 87' lang='lat' dir='ltr'>de</span> <span class='ocrx_word' id='word_1_542' title='bbox 3377 712 3525 781; x_wconf 79' lang='lat' dir='ltr'>ccelo,</span> <span class='ocrx_word' id='word_1_543' title='bbox 3557 731 3667 771; x_wconf 84' lang='lat' dir='ltr'>non</span> <span class='ocrx_word' id='word_1_544' title='bbox 3698 726 3760 774; x_wconf 86' lang='lat' dir='ltr'>ut</span> 
     </span>
    </p>
   </div>
   <div class='ocr_carea' id='block_1_66' title="bbox 2049 782 3762 872">
    <p class='ocr_par' dir='ltr' id='par_1_66' title="bbox 2049 782 3762 872">
     <span class='ocr_line' id='line_1_66' title="bbox 2049 782 3762 872; baseline 0.012 -33"><span class='ocrx_word' id='word_1_545' title='bbox 2049 782 2261 872; x_wconf 54' lang='lat' dir='ltr'>[eciam</span> <span class='ocrx_word' id='word_1_546' title='bbox 2294 789 2626 845; x_wconf 82' lang='lat' dir='ltr'>voluntatem</span> <span class='ocrx_word' id='word_1_547' title='bbox 2647 808 2844 858; x_wconf 86' lang='lat' dir='ltr'>meam,</span> <span class='ocrx_word' id='word_1_548' title='bbox 2870 792 2961 849; x_wconf 84' lang='lat' dir='ltr'>sed</span> <span class='ocrx_word' id='word_1_549' title='bbox 2983 796 3324 853; x_wconf 87' lang='lat' dir='ltr'>voluntatem</span> <span class='ocrx_word' id='word_1_550' title='bbox 3345 801 3463 870; x_wconf 85' lang='lat' dir='ltr'>ejus</span> <span class='ocrx_word' id='word_1_551' title='bbox 3491 802 3590 872; x_wconf 88' lang='lat' dir='ltr'>qui</span> <span class='ocrx_word' id='word_1_552' title='bbox 3608 804 3762 859; x_wconf 86' lang='lat' dir='ltr'>misit</span> 
     </span>
    </p>
   </div>
   <div class='ocr_carea' id='block_1_67' title="bbox 2052 871 3759 961">
    <p class='ocr_par' dir='ltr' id='par_1_67' title="bbox 2052 871 3759 961">
     <span class='ocr_line' id='line_1_67' title="bbox 2052 871 3759 961; baseline 0.013 -34"><span class='ocrx_word' id='word_1_553' title='bbox 2052 871 2178 961; x_wconf 75' lang='lat' dir='ltr'>me;</span> <span class='ocrx_word' id='word_1_554' title='bbox 2208 875 2597 935; x_wconf 87' lang='lat' dir='ltr'>humilitatem</span> <span class='ocrx_word' id='word_1_555' title='bbox 2630 881 2823 951; x_wconf 89' lang='lat' dir='ltr'>doceo,</span> <span class='ocrx_word' id='word_1_556' title='bbox 2857 883 2927 938; x_wconf 87' lang='lat' dir='ltr'>ad</span> <span class='ocrx_word' id='word_1_557' title='bbox 2963 900 3052 939; x_wconf 86' lang='lat' dir='ltr'>me</span> <span class='ocrx_word' id='word_1_558' title='bbox 3082 884 3276 943; x_wconf 89' lang='lat' dir='ltr'>venire</span> <span class='ocrx_word' id='word_1_559' title='bbox 3299 905 3411 943; x_wconf 90' lang='lat' dir='ltr'>non</span> <span class='ocrx_word' id='word_1_560' title='bbox 3436 871 3626 961; x_wconf 87' lang='lat' dir='ltr'>potest</span> <span class='ocrx_word' id='word_1_561' title='bbox 3646 893 3759 950; x_wconf 88' lang='lat' dir='ltr'>nisi</span> 
     </span>
    </p>
   </div>
   <div class='ocr_carea' id='block_1_68' title="bbox 2052 959 3759 1048">
    <p class='ocr_par' dir='ltr' id='par_1_68' title="bbox 2052 959 3759 1048">
     <span class='ocr_line' id='line_1_68' title="bbox 2052 959 3759 1048; baseline 0.013 -34"><span class='ocrx_word' id='word_1_562' title='bbox 2052 959 2314 1018; x_wconf 89' lang='lat' dir='ltr'>humilis.</span> <span class='ocrx_word' id='word_1_563' title='bbox 2347 963 2470 1020; x_wconf 91' lang='lat' dir='ltr'>Non</span> <span class='ocrx_word' id='word_1_564' title='bbox 2523 966 2707 1023; x_wconf 89' lang='lat' dir='ltr'>mittit</span> <span class='ocrx_word' id='word_1_565' title='bbox 2758 970 2911 1025; x_wconf 87' lang='lat' dir='ltr'>foras</span> <span class='ocrx_word' id='word_1_566' title='bbox 2956 969 3070 1026; x_wconf 90' lang='lat' dir='ltr'>nisi</span> <span class='ocrx_word' id='word_1_567' title='bbox 3112 975 3386 1044; x_wconf 90' lang='lat' dir='ltr'>superbia</span> <span class='ocrx_word' id='word_1_568' title='bbox 3418 959 3759 1048; x_wconf 54' lang='lat' dir='ltr'>{quomodo</span> 
     </span>
    </p>
   </div>
   <div class='ocr_carea' id='block_1_69' title="bbox 2051 1050 3762 1127">
    <p class='ocr_par' dir='ltr' id='par_1_69' title="bbox 2051 1050 3762 1127">
     <span class='ocr_line' id='line_1_69' title="bbox 2051 1050 3762 1127; baseline 0.013 -24"><span class='ocrx_word' id='word_1_569' title='bbox 2051 1050 2166 1104; x_wconf 84' lang='lat' dir='ltr'>exit</span> <span class='ocrx_word' id='word_1_570' title='bbox 2185 1051 2332 1108; x_wconf 88' lang='lat' dir='ltr'>foras</span> <span class='ocrx_word' id='word_1_571' title='bbox 2349 1055 2446 1124; x_wconf 92' lang='lat' dir='ltr'>qui</span> <span class='ocrx_word' id='word_1_572' title='bbox 2474 1060 2663 1111; x_wconf 90' lang='lat' dir='ltr'>servat</span> <span class='ocrx_word' id='word_1_573' title='bbox 2690 1058 3098 1125; x_wconf 88' lang='lat' dir='ltr'>humilitatem,</span> <span class='ocrx_word' id='word_1_574' title='bbox 3124 1065 3180 1116; x_wconf 91' lang='lat' dir='ltr'>et</span> <span class='ocrx_word' id='word_1_575' title='bbox 3203 1078 3317 1118; x_wconf 92' lang='lat' dir='ltr'>non</span> <span class='ocrx_word' id='word_1_576' title='bbox 3349 1063 3567 1121; x_wconf 88' lang='lat' dir='ltr'>labitur</span> <span class='ocrx_word' id='word_1_577' title='bbox 3594 1084 3628 1124; x_wconf 88' lang='lat' dir='ltr'>a</span> <span class='ocrx_word' id='word_1_578' title='bbox 3668 1084 3762 1127; x_wconf 83' lang='lat' dir='ltr'>ve-</span> 
     </span>
    </p>
   </div>
   <div class='ocr_carea' id='block_1_70' title="bbox 2052 1138 3759 1220">
    <p class='ocr_par' dir='ltr' id='par_1_70' title="bbox 2052 1138 3759 1220">
     <span class='ocr_line' id='line_1_70' title="bbox 2052 1138 3759 1220; baseline 0.013 -28"><span class='ocrx_word' id='word_1_579' title='bbox 2052 1138 2266 1196; x_wconf 72' lang='lat' dir='ltr'>ritate?</span> <span class='ocrx_word' id='word_1_580' title='bbox 2297 1141 2459 1198; x_wconf 89' lang='lat' dir='ltr'>Dicta</span> <span class='ocrx_word' id='word_1_581' title='bbox 2492 1150 2632 1201; x_wconf 87' lang='lat' dir='ltr'>sunt</span> <span class='ocrx_word' id='word_1_582' title='bbox 2658 1152 2875 1217; x_wconf 88' lang='lat' dir='ltr'>quanta</span> <span class='ocrx_word' id='word_1_583' title='bbox 2906 1148 3018 1205; x_wconf 88' lang='lat' dir='ltr'>dici</span> <span class='ocrx_word' id='word_1_584' title='bbox 3058 1156 3370 1220; x_wconf 87' lang='lat' dir='ltr'>potuerunt</span> <span class='ocrx_word' id='word_1_585' title='bbox 3411 1155 3479 1210; x_wconf 88' lang='lat' dir='ltr'>de</span> <span class='ocrx_word' id='word_1_586' title='bbox 3518 1158 3759 1214; x_wconf 84' lang='lat' dir='ltr'>abscon-</span> 
     </span>
    </p>
   </div>
   <div class='ocr_carea' id='block_1_71' title="bbox 2051 1229 3759 1315">
    <p class='ocr_par' dir='ltr' id='par_1_71' title="bbox 2051 1229 3759 1315">
     <span class='ocr_line' id='line_1_71' title="bbox 2051 1229 3759 1315; baseline 0.013 -32"><span class='ocrx_word' id='word_1_587' title='bbox 2051 1229 2168 1284; x_wconf 90' lang='lat' dir='ltr'>dito</span> <span class='ocrx_word' id='word_1_588' title='bbox 2201 1244 2397 1300; x_wconf 88' lang='lat' dir='ltr'>sensu,</span> <span class='ocrx_word' id='word_1_589' title='bbox 2444 1233 2647 1290; x_wconf 85' lang='lat' dir='ltr'>fratres</span> <span class='ocrx_word' id='word_1_590' title='bbox 2684 1252 2697 1289; x_wconf 91' lang='lat'><em>:</em></span> <span class='ocrx_word' id='word_1_591' title='bbox 2732 1237 2867 1293; x_wconf 87' lang='lat' dir='ltr'>satis</span> <span class='ocrx_word' id='word_1_592' title='bbox 2912 1239 3068 1294; x_wconf 89' lang='lat' dir='ltr'>enim</span> <span class='ocrx_word' id='word_1_593' title='bbox 3122 1240 3210 1296; x_wconf 90' lang='lat' dir='ltr'>hic</span> <span class='ocrx_word' id='word_1_594' title='bbox 3258 1243 3397 1298; x_wconf 87' lang='lat' dir='ltr'>latet</span> <span class='ocrx_word' id='word_1_595' title='bbox 3438 1261 3670 1315; x_wconf 89' lang='lat' dir='ltr'>sensus,</span> <span class='ocrx_word' id='word_1_596' title='bbox 3701 1252 3759 1305; x_wconf 87' lang='lat' dir='ltr'>et</span> 
     </span>
    </p>
   </div>
   <div class='ocr_carea' id='block_1_72' title="bbox 2051 1318 3759 1407">
    <p class='ocr_par' dir='ltr' id='par_1_72' title="bbox 2051 1318 3759 1407">
     <span class='ocr_line' id='line_1_72' title="bbox 2051 1318 3759 1407; baseline 0.013 -36"><span class='ocrx_word' id='word_1_597' title='bbox 2051 1318 2248 1374; x_wconf 91' lang='lat' dir='ltr'>nescio</span> <span class='ocrx_word' id='word_1_598' title='bbox 2272 1324 2466 1376; x_wconf 89' lang='lat' dir='ltr'>utrum</span> <span class='ocrx_word' id='word_1_599' title='bbox 2495 1324 2764 1393; x_wconf 86' lang='lat' dir='ltr'>congruis</span> <span class='ocrx_word' id='word_1_600' title='bbox 2791 1326 2978 1382; x_wconf 87' lang='lat' dir='ltr'>verbis</span> <span class='ocrx_word' id='word_1_601' title='bbox 3001 1345 3033 1381; x_wconf 90' lang='lat' dir='ltr'>a</span> <span class='ocrx_word' id='word_1_602' title='bbox 3057 1345 3150 1384; x_wconf 90' lang='lat' dir='ltr'>me</span> <span class='ocrx_word' id='word_1_603' title='bbox 3173 1333 3249 1386; x_wconf 90' lang='lat' dir='ltr'>sit</span> <span class='ocrx_word' id='word_1_604' title='bbox 3287 1332 3671 1407; x_wconf 86' lang='lat' dir='ltr'>depromptus</span> <span class='ocrx_word' id='word_1_605' title='bbox 3702 1342 3759 1394; x_wconf 87' lang='lat' dir='ltr'>et</span> 
     </span>
    </p>
   </div>
   <div class='ocr_carea' id='block_1_73' title="bbox 2050 1406 3756 1493">
    <p class='ocr_par' dir='ltr' id='par_1_73' title="bbox 2050 1406 3756 1493">
     <span class='ocr_line' id='line_1_73' title="bbox 2050 1406 3756 1493; baseline 0.013 -32"><span class='ocrx_word' id='word_1_606' title='bbox 2050 1406 2405 1481; x_wconf 87' lang='lat' dir='ltr'>exsculptus,</span> <span class='ocrx_word' id='word_1_607' title='bbox 2431 1426 2610 1482; x_wconf 89' lang='lat' dir='ltr'>quare</span> <span class='ocrx_word' id='word_1_608' title='bbox 2632 1413 2758 1470; x_wconf 89' lang='lat' dir='ltr'>ideo</span> <span class='ocrx_word' id='word_1_609' title='bbox 2786 1431 2896 1471; x_wconf 89' lang='lat' dir='ltr'>non</span> <span class='ocrx_word' id='word_1_610' title='bbox 2922 1418 3114 1486; x_wconf 88' lang='lat' dir='ltr'>ejiciat</span> <span class='ocrx_word' id='word_1_611' title='bbox 3139 1420 3291 1477; x_wconf 84' lang='lat' dir='ltr'>foras</span> <span class='ocrx_word' id='word_1_612' title='bbox 3330 1423 3430 1493; x_wconf 90' lang='lat' dir='ltr'>qui</span> <span class='ocrx_word' id='word_1_613' title='bbox 3480 1406 3638 1482; x_wconf 85' lang='lat' dir='ltr'>venit</span> <span class='ocrx_word' id='word_1_614' title='bbox 3686 1428 3756 1483; x_wconf 88' lang='lat' dir='ltr'>ad</span> 
     </span>
    </p>
   </div>
   <div class='ocr_carea' id='block_1_74' title="bbox 2051 1496 3759 1582">
    <p class='ocr_par' dir='ltr' id='par_1_74' title="bbox 2051 1496 3759 1582">
     <span class='ocr_line' id='line_1_74' title="bbox 2051 1496 3759 1582; baseline 0.013 -32"><span class='ocrx_word' id='word_1_615' title='bbox 2051 1496 2241 1567; x_wconf 89' lang='lat' dir='ltr'>illum,</span> <span class='ocrx_word' id='word_1_616' title='bbox 2261 1499 2394 1570; x_wconf 87' lang='lat' dir='ltr'>quia</span> <span class='ocrx_word' id='word_1_617' title='bbox 2414 1518 2527 1557; x_wconf 94' lang='lat' dir='ltr'>non</span> <span class='ocrx_word' id='word_1_618' title='bbox 2552 1504 2702 1558; x_wconf 86' lang='lat' dir='ltr'>venit</span> <span class='ocrx_word' id='word_1_619' title='bbox 2730 1506 2916 1562; x_wconf 86' lang='lat' dir='ltr'>facere</span> <span class='ocrx_word' id='word_1_620' title='bbox 2950 1506 3303 1566; x_wconf 88' lang='lat' dir='ltr'>voluntatem</span> <span class='ocrx_word' id='word_1_621' title='bbox 3327 1529 3517 1582; x_wconf 88' lang='lat' dir='ltr'>suam,</span> <span class='ocrx_word' id='word_1_622' title='bbox 3543 1517 3639 1572; x_wconf 87' lang='lat' dir='ltr'>sed</span> <span class='ocrx_word' id='word_1_623' title='bbox 3664 1533 3759 1573; x_wconf 88' lang='lat' dir='ltr'>vo-</span> 
     </span>
    </p>
   </div>
   <div class='ocr_carea' id='block_1_75' title="bbox 2050 1588 3007 1663">
    <p class='ocr_par' dir='ltr' id='par_1_75' title="bbox 2050 1588 3007 1663">
     <span class='ocr_line' id='line_1_75' title="bbox 2050 1588 3007 1663; baseline 0.011 -21"><span class='ocrx_word' id='word_1_624' title='bbox 2050 1588 2335 1645; x_wconf 90' lang='lat' dir='ltr'>luntatem</span> <span class='ocrx_word' id='word_1_625' title='bbox 2367 1592 2494 1660; x_wconf 87' lang='lat' dir='ltr'>ejus</span> <span class='ocrx_word' id='word_1_626' title='bbox 2528 1594 2626 1663; x_wconf 89' lang='lat' dir='ltr'>qui</span> <span class='ocrx_word' id='word_1_627' title='bbox 2665 1594 2822 1651; x_wconf 89' lang='lat' dir='ltr'>misit</span> <span class='ocrx_word' id='word_1_628' title='bbox 2852 1613 3007 1653; x_wconf 89' lang='lat' dir='ltr'>eum.</span> 
     </span>
    </p>
   </div>
   <div class='ocr_carea' id='block_1_76' title="bbox 2123 1678 3757 1764">
    <p class='ocr_par' dir='ltr' id='par_1_76' title="bbox 2123 1678 3757 1764">
     <span class='ocr_line' id='line_1_76' title="bbox 2123 1678 3757 1764; baseline 0.012 -33"><span class='ocrx_word' id='word_1_629' title='bbox 2123 1678 2207 1731; x_wconf 87' lang='grc'>19.</span> <span class='ocrx_word' id='word_1_630' title='bbox 2243 1684 2374 1735; x_wconf 70' lang='lat' dir='ltr'>Hac</span> <span class='ocrx_word' id='word_1_631' title='bbox 2402 1686 2480 1735; x_wconf 85' lang='lat' dir='ltr'>est</span> <span class='ocrx_word' id='word_1_632' title='bbox 2519 1688 2725 1750; x_wconf 84' lang='lat' dir='ltr'>autem,</span> <span class='ocrx_word' id='word_1_633' title='bbox 2774 1684 2983 1757; x_wconf 90' lang='lat' dir='ltr'>inquit,</span> <span class='ocrx_word' id='word_1_634' title='bbox 3018 1688 3273 1744; x_wconf 88' lang='lat' dir='ltr'>voluntas</span> <span class='ocrx_word' id='word_1_635' title='bbox 3314 1690 3429 1761; x_wconf 85' lang='lat' dir='ltr'>ejus</span> <span class='ocrx_word' id='word_1_636' title='bbox 3467 1694 3566 1764; x_wconf 89' lang='lat' dir='ltr'>qui</span> <span class='ocrx_word' id='word_1_637' title='bbox 3606 1695 3757 1751; x_wconf 83' lang='lat' dir='ltr'>misit</span> 
     </span>
    </p>
   </div>
   <div class='ocr_carea' id='block_1_77' title="bbox 2050 1773 3755 1853">
    <p class='ocr_par' dir='ltr' id='par_1_77' title="bbox 2050 1773 3755 1853">
     <span class='ocr_line' id='line_1_77' title="bbox 2050 1773 3755 1853; baseline 0.013 -31"><span class='ocrx_word' id='word_1_638' title='bbox 2050 1783 2133 1824; x_wconf 90' lang='lat' dir='ltr'>me</span> <span class='ocrx_word' id='word_1_639' title='bbox 2171 1773 2381 1840; x_wconf 84' lang='lat' dir='ltr'>Patris,</span> <span class='ocrx_word' id='word_1_640' title='bbox 2403 1777 2463 1827; x_wconf 87' lang='lat' dir='ltr'>ut</span> <span class='ocrx_word' id='word_1_641' title='bbox 2493 1789 2649 1830; x_wconf 89' lang='lat' dir='ltr'>omne</span> <span class='ocrx_word' id='word_1_642' title='bbox 2674 1776 2815 1847; x_wconf 87' lang='lat' dir='ltr'>quod</span> <span class='ocrx_word' id='word_1_643' title='bbox 2835 1777 2990 1832; x_wconf 85' lang='lat' dir='ltr'>dedit</span> <span class='ocrx_word' id='word_1_644' title='bbox 3022 1779 3182 1848; x_wconf 88' lang='lat' dir='ltr'>mihi,</span> <span class='ocrx_word' id='word_1_645' title='bbox 3202 1795 3311 1837; x_wconf 88' lang='lat' dir='ltr'>non</span> <span class='ocrx_word' id='word_1_646' title='bbox 3340 1782 3569 1853; x_wconf 86' lang='lat' dir='ltr'>perdam</span> <span class='ocrx_word' id='word_1_647' title='bbox 3588 1799 3659 1841; x_wconf 74' lang='lat' dir='ltr'>ea:</span> <span class='ocrx_word' id='word_1_648' title='bbox 3672 1802 3755 1846; x_wconf 89' lang='lat' dir='ltr'>eo.</span> 
     </span>
    </p>
   </div>
   <div class='ocr_carea' id='block_1_78' title="bbox 2046 1856 3756 1939">
    <p class='ocr_par' dir='ltr' id='par_1_78' title="bbox 2046 1856 3756 1939">
     <span class='ocr_line' id='line_1_78' title="bbox 2046 1856 3756 1939; baseline 0.012 -29"><span class='ocrx_word' id='word_1_649' title='bbox 2046 1860 2176 1928; x_wconf 88' lang='lat' dir='ltr'>Ipse</span> <span class='ocrx_word' id='word_1_650' title='bbox 2198 1856 2279 1912; x_wconf 90' lang='lat' dir='ltr'>illi</span> <span class='ocrx_word' id='word_1_651' title='bbox 2304 1860 2472 1915; x_wconf 87' lang='lat' dir='ltr'>datus</span> <span class='ocrx_word' id='word_1_652' title='bbox 2495 1866 2602 1932; x_wconf 89' lang='lat' dir='ltr'>est,</span> <span class='ocrx_word' id='word_1_653' title='bbox 2628 1862 2723 1933; x_wconf 91' lang='lat' dir='ltr'>qui</span> <span class='ocrx_word' id='word_1_654' title='bbox 2746 1870 2935 1920; x_wconf 86' lang='lat' dir='ltr'>servat</span> <span class='ocrx_word' id='word_1_655' title='bbox 2956 1865 3382 1939; x_wconf 84' lang='lat' dir='ltr'>humilitatem;</span> <span class='ocrx_word' id='word_1_656' title='bbox 3420 1870 3571 1928; x_wconf 91' lang='lat' dir='ltr'>hunc</span> <span class='ocrx_word' id='word_1_657' title='bbox 3605 1874 3756 1930; x_wconf 73' lang='lat' dir='ltr'>scci~</span> 
     </span>
    </p>
   </div>
   <div class='ocr_carea' id='block_1_79' title="bbox 2046 1945 3754 2035">
    <p class='ocr_par' dir='ltr' id='par_1_79' title="bbox 2046 1945 3754 2035">
     <span class='ocr_line' id='line_1_79' title="bbox 2046 1945 3754 2035; baseline 0.012 -36"><span class='ocrx_word' id='word_1_658' title='bbox 2046 1945 2131 2015; x_wconf 90' lang='lat' dir='ltr'>pit</span> <span class='ocrx_word' id='word_1_659' title='bbox 2162 1962 2174 2000; x_wconf 87' lang='lat'><strong>:</strong></span> <span class='ocrx_word' id='word_1_660' title='bbox 2200 1947 2301 2019; x_wconf 90' lang='lat' dir='ltr'>qui</span> <span class='ocrx_word' id='word_1_661' title='bbox 2336 1964 2449 2004; x_wconf 92' lang='lat' dir='ltr'>non</span> <span class='ocrx_word' id='word_1_662' title='bbox 2480 1956 2667 2007; x_wconf 84' lang='lat' dir='ltr'>servat</span> <span class='ocrx_word' id='word_1_663' title='bbox 2697 1951 3105 2023; x_wconf 85' lang='lat' dir='ltr'>humilitatem,</span> <span class='ocrx_word' id='word_1_664' title='bbox 3139 1956 3309 2031; x_wconf 83' lang='lat' dir='ltr'>longe</span> <span class='ocrx_word' id='word_1_665' title='bbox 3340 1964 3429 2014; x_wconf 88' lang='lat' dir='ltr'>est</span> <span class='ocrx_word' id='word_1_666' title='bbox 3477 1976 3509 2016; x_wconf 91' lang='lat' dir='ltr'>a</span> <span class='ocrx_word' id='word_1_667' title='bbox 3566 1964 3754 2035; x_wconf 81' lang='lat' dir='ltr'>magi-</span> 
     </span>
    </p>
   </div>
   <div class='ocr_carea' id='block_1_80' title="bbox 2045 2035 3754 2122">
    <p class='ocr_par' dir='ltr' id='par_1_80' title="bbox 2045 2035 3754 2122">
     <span class='ocr_line' id='line_1_80' title="bbox 2045 2035 3754 2122; baseline 0.012 -33"><span class='ocrx_word' id='word_1_668' title='bbox 2045 2038 2162 2091; x_wconf 85' lang='lat' dir='ltr'>stro</span> <span class='ocrx_word' id='word_1_669' title='bbox 2184 2035 2554 2097; x_wconf 86' lang='lat' dir='ltr'>humilitatis.</span> <span class='ocrx_word' id='word_1_670' title='bbox 2582 2042 2642 2098; x_wconf 88' lang='lat' dir='ltr'>Ut</span> <span class='ocrx_word' id='word_1_671' title='bbox 2671 2057 2829 2098; x_wconf 89' lang='lat' dir='ltr'>omne</span> <span class='ocrx_word' id='word_1_672' title='bbox 2858 2044 2999 2115; x_wconf 90' lang='lat' dir='ltr'>quod</span> <span class='ocrx_word' id='word_1_673' title='bbox 3026 2044 3175 2101; x_wconf 82' lang='lat' dir='ltr'>dedit</span> <span class='ocrx_word' id='word_1_674' title='bbox 3202 2048 3369 2119; x_wconf 84' lang='lat' dir='ltr'>mihi,</span> <span class='ocrx_word' id='word_1_675' title='bbox 3402 2065 3509 2105; x_wconf 86' lang='lat' dir='ltr'>non</span> <span class='ocrx_word' id='word_1_676' title='bbox 3524 2051 3754 2122; x_wconf 83' lang='lat' dir='ltr'>perdam</span> 
     </span>
    </p>
   </div>
   <div class='ocr_carea' id='block_1_81' title="bbox 2044 2127 3754 2211">
    <p class='ocr_par' dir='ltr' id='par_1_81' title="bbox 2044 2127 3754 2211">
     <span class='ocr_line' id='line_1_81' title="bbox 2044 2127 3754 2211; baseline 0.011 -31"><span class='ocrx_word' id='word_1_677' title='bbox 2044 2140 2114 2180; x_wconf 78' lang='lat' dir='ltr'>ea:</span> <span class='ocrx_word' id='word_1_678' title='bbox 2141 2141 2222 2182; x_wconf 90' lang='lat' dir='ltr'>eo.</span> <span class='ocrx_word' id='word_1_679' title='bbox 2257 2127 2346 2183; x_wconf 89' lang='lat' dir='ltr'>Sic</span> <span class='ocrx_word' id='word_1_680' title='bbox 2374 2145 2483 2184; x_wconf 86' lang='lat' dir='ltr'>non</span> <span class='ocrx_word' id='word_1_681' title='bbox 2512 2139 2588 2186; x_wconf 88' lang='lat' dir='ltr'>est</span> <span class='ocrx_word' id='word_1_682' title='bbox 2610 2132 2863 2189; x_wconf 85' lang='lat' dir='ltr'>voluntas</span> <span class='ocrx_word' id='word_1_683' title='bbox 2886 2136 2943 2188; x_wconf 89' lang='lat' dir='ltr'>in</span> <span class='ocrx_word' id='word_1_684' title='bbox 2963 2146 3247 2205; x_wconf 87' lang='lat' dir='ltr'>conspectu</span> <span class='ocrx_word' id='word_1_685' title='bbox 3270 2141 3458 2195; x_wconf 85' lang='lat' dir='ltr'>Patris</span> <span class='ocrx_word' id='word_1_686' title='bbox 3486 2144 3672 2211; x_wconf 84' lang='lat' dir='ltr'>vestri,</span> <span class='ocrx_word' id='word_1_687' title='bbox 3691 2151 3754 2200; x_wconf 88' lang='lat' dir='ltr'>ut</span> 
     </span>
    </p>
   </div>
   <div class='ocr_carea' id='block_1_82' title="bbox 2040 2219 3756 2305">
    <p class='ocr_par' dir='ltr' id='par_1_82' title="bbox 2040 2219 3756 2305">
     <span class='ocr_line' id='line_1_82' title="bbox 2040 2219 3756 2305; baseline 0.009 -33"><span class='ocrx_word' id='word_1_688' title='bbox 2040 2225 2227 2288; x_wconf 86' lang='lat' dir='ltr'>pereat</span> <span class='ocrx_word' id='word_1_689' title='bbox 2248 2235 2391 2275; x_wconf 87' lang='lat' dir='ltr'>unus</span> <span class='ocrx_word' id='word_1_690' title='bbox 2420 2219 2483 2276; x_wconf 87' lang='lat' dir='ltr'>de</span> <span class='ocrx_word' id='word_1_691' title='bbox 2509 2220 2732 2294; x_wconf 86' lang='lat' dir='ltr'>pusillis</span> <span class='ocrx_word' id='word_1_692' title='bbox 2760 2225 2897 2280; x_wconf 86' lang='lat' dir='ltr'>istis.</span> <span class='ocrx_word' id='word_1_693' title='bbox 2923 2225 3004 2280; x_wconf 92' lang='lat' dir='ltr'>De</span> <span class='ocrx_word' id='word_1_694' title='bbox 3030 2229 3392 2284; x_wconf 88' lang='lat' dir='ltr'>tumentibus</span> <span class='ocrx_word' id='word_1_695' title='bbox 3418 2240 3605 2301; x_wconf 89' lang='lat' dir='ltr'>potest</span> <span class='ocrx_word' id='word_1_696' title='bbox 3627 2249 3756 2305; x_wconf 84' lang='lat' dir='ltr'>per-</span> 
     </span>
    </p>
   </div>
   <div class='ocr_carea' id='block_1_83' title="bbox 2044 2308 3750 2393">
    <p class='ocr_par' dir='ltr' id='par_1_83' title="bbox 2044 2308 3750 2393">
     <span class='ocr_line' id='line_1_83' title="bbox 2044 2308 3750 2393; baseline 0.01 -31"><span class='ocrx_word' id='word_1_697' title='bbox 2044 2308 2146 2378; x_wconf 85' lang='lat' dir='ltr'>ire,</span> <span class='ocrx_word' id='word_1_698' title='bbox 2180 2308 2249 2364; x_wconf 90' lang='lat' dir='ltr'>de</span> <span class='ocrx_word' id='word_1_699' title='bbox 2280 2309 2509 2380; x_wconf 90' lang='lat' dir='ltr'>pusillis</span> <span class='ocrx_word' id='word_1_700' title='bbox 2533 2311 2675 2367; x_wconf 89' lang='lat' dir='ltr'>nihil</span> <span class='ocrx_word' id='word_1_701' title='bbox 2702 2313 2846 2384; x_wconf 89' lang='lat' dir='ltr'>perit</span> <span class='ocrx_word' id='word_1_702' title='bbox 2880 2331 2893 2368; x_wconf 92' lang='lat'><strong>:</strong></span> <span class='ocrx_word' id='word_1_703' title='bbox 2926 2315 3065 2386; x_wconf 87' lang='lat' dir='ltr'>quia</span> <span class='ocrx_word' id='word_1_704' title='bbox 3087 2315 3198 2371; x_wconf 83' lang='lat' dir='ltr'>nisi</span> <span class='ocrx_word' id='word_1_705' title='bbox 3228 2320 3451 2387; x_wconf 80' lang='lat' dir='ltr'>fueritis</span> <span class='ocrx_word' id='word_1_706' title='bbox 3478 2322 3615 2376; x_wconf 84' lang='lat' dir='ltr'>sicut</span> <span class='ocrx_word' id='word_1_707' title='bbox 3643 2337 3750 2393; x_wconf 84' lang='lat' dir='ltr'>pu-</span> 
     </span>
    </p>
   </div>
   <div class='ocr_carea' id='block_1_84' title="bbox 2041 2396 3747 2481">
    <p class='ocr_par' dir='ltr' id='par_1_84' title="bbox 2041 2396 3747 2481">
     <span class='ocr_line' id='line_1_84' title="bbox 2041 2396 3747 2481; baseline 0.01 -31"><span class='ocrx_word' id='word_1_708' title='bbox 2041 2396 2200 2453; x_wconf 84' lang='lat' dir='ltr'>sillus</span> <span class='ocrx_word' id='word_1_709' title='bbox 2229 2401 2348 2463; x_wconf 83' lang='lat' dir='ltr'>iste,</span> <span class='ocrx_word' id='word_1_710' title='bbox 2382 2416 2489 2455; x_wconf 89' lang='lat' dir='ltr'>non</span> <span class='ocrx_word' id='word_1_711' title='bbox 2522 2400 2803 2459; x_wconf 85' lang='lat' dir='ltr'>intrabitis</span> <span class='ocrx_word' id='word_1_712' title='bbox 2829 2403 2891 2458; x_wconf 87' lang='lat' dir='ltr'>in</span> <span class='ocrx_word' id='word_1_713' title='bbox 2921 2420 3152 2472; x_wconf 83' lang='lat' dir='ltr'>regnum</span> <span class='ocrx_word' id='word_1_714' title='bbox 3175 2407 3435 2463; x_wconf 75' lang='lat' dir='ltr'>calorum</span> <span class='ocrx_word' id='word_1_715' title='bbox 3460 2408 3560 2481; x_wconf 83' lang='lat' dir='ltr'>(Id.</span> <span class='ocrx_word' id='word_1_716' title='bbox 3584 2426 3747 2479; x_wconf 83' lang='lat' dir='ltr'>xvnt,</span> 
     </span>
    </p>
   </div>
   <div class='ocr_carea' id='block_1_85' title="bbox 2044 2488 3781 2569">
    <p class='ocr_par' dir='ltr' id='par_1_85' title="bbox 2044 2488 3781 2569">
     <span class='ocr_line' id='line_1_85' title="bbox 2044 2488 3781 2569; baseline 0.007 -27"><span class='ocrx_word' id='word_1_717' title='bbox 2044 2488 2129 2556; x_wconf 82' lang='grc'>14,</span> <span class='ocrx_word' id='word_1_718' title='bbox 2161 2488 2237 2560; x_wconf 78' lang='grc'>4).</span> <span class='ocrx_word' id='word_1_719' title='bbox 2275 2488 2443 2545; x_wconf 85' lang='lat' dir='ltr'>Omne</span> <span class='ocrx_word' id='word_1_720' title='bbox 2470 2492 2613 2563; x_wconf 87' lang='lat' dir='ltr'>quod</span> <span class='ocrx_word' id='word_1_721' title='bbox 2650 2491 2797 2549; x_wconf 86' lang='lat' dir='ltr'>dedit</span> <span class='ocrx_word' id='word_1_722' title='bbox 2835 2495 2974 2549; x_wconf 89' lang='lat' dir='ltr'>mihi</span> <span class='ocrx_word' id='word_1_723' title='bbox 3011 2497 3200 2563; x_wconf 85' lang='lat' dir='ltr'>Pater,</span> <span class='ocrx_word' id='word_1_724' title='bbox 3233 2515 3345 2552; x_wconf 82' lang='lat' dir='ltr'>non</span> <span class='ocrx_word' id='word_1_725' title='bbox 3389 2499 3616 2569; x_wconf 85' lang='lat' dir='ltr'>perdam</span> <span class='ocrx_word' id='word_1_726' title='bbox 3676 2517 3749 2555; x_wconf 76' lang='lat' dir='ltr'>ea:</span> <span class='ocrx_word' id='word_1_727' title='bbox 3780 2526 3781 2529; x_wconf 54' lang='grc' dir='ltr'><strong>η</strong></span> 
     </span>
    </p>
   </div>
   <div class='ocr_carea' id='block_1_86' title="bbox 2039 2579 3753 2662">
    <p class='ocr_par' dir='ltr' id='par_1_86' title="bbox 2039 2579 3753 2662">
     <span class='ocr_line' id='line_1_86' title="bbox 2039 2579 3753 2662; baseline 0.008 -29"><span class='ocrx_word' id='word_1_728' title='bbox 2039 2593 2133 2640; x_wconf 89' lang='lat' dir='ltr'>eo;</span> <span class='ocrx_word' id='word_1_729' title='bbox 2150 2579 2241 2634; x_wconf 87' lang='lat' dir='ltr'>sed</span> <span class='ocrx_word' id='word_1_730' title='bbox 2269 2582 2603 2638; x_wconf 85' lang='lat' dir='ltr'>resuscitabo</span> <span class='ocrx_word' id='word_1_731' title='bbox 2624 2581 2772 2638; x_wconf 86' lang='lat' dir='ltr'>illud</span> <span class='ocrx_word' id='word_1_732' title='bbox 2793 2586 2852 2639; x_wconf 86' lang='lat' dir='ltr'>in</span> <span class='ocrx_word' id='word_1_733' title='bbox 2877 2585 3168 2641; x_wconf 86' lang='lat' dir='ltr'>novissimo</span> <span class='ocrx_word' id='word_1_734' title='bbox 3188 2590 3294 2642; x_wconf 82' lang='lat' dir='ltr'>die.</span> <span class='ocrx_word' id='word_1_735' title='bbox 3316 2588 3521 2645; x_wconf 86' lang='lat' dir='ltr'>Videte</span> <span class='ocrx_word' id='word_1_736' title='bbox 3545 2605 3753 2662; x_wconf 83' lang='lat' dir='ltr'>quem-</span> 
     </span>
    </p>
   </div>
   <div class='ocr_carea' id='block_1_87' title="bbox 2041 2670 3752 2745">
    <p class='ocr_par' dir='ltr' id='par_1_87' title="bbox 2041 2670 3752 2745">
     <span class='ocr_line' id='line_1_87' title="bbox 2041 2670 3752 2745; baseline 0.009 -23"><span class='ocrx_word' id='word_1_737' title='bbox 2041 2670 2354 2740; x_wconf 81' lang='lat' dir='ltr'>admodum</span> <span class='ocrx_word' id='word_1_738' title='bbox 2388 2676 2445 2726; x_wconf 90' lang='lat' dir='ltr'>et</span> <span class='ocrx_word' id='word_1_739' title='bbox 2476 2672 2570 2727; x_wconf 89' lang='lat' dir='ltr'>hic</span> <span class='ocrx_word' id='word_1_740' title='bbox 2591 2673 2886 2745; x_wconf 83' lang='lat' dir='ltr'>geminam</span> <span class='ocrx_word' id='word_1_741' title='bbox 2928 2674 3088 2731; x_wconf 89' lang='lat' dir='ltr'>illam</span> <span class='ocrx_word' id='word_1_742' title='bbox 3133 2679 3616 2735; x_wconf 89' lang='lat' dir='ltr'>resurrectionem</span> <span class='ocrx_word' id='word_1_743' title='bbox 3647 2680 3752 2736; x_wconf 90' lang='lat' dir='ltr'>de-</span> 
     </span>
    </p>
   </div>
   <div class='ocr_carea' id='block_1_88' title="bbox 2039 2752 3750 2839">
    <p class='ocr_par' dir='ltr' id='par_1_88' title="bbox 2039 2752 3750 2839">
     <span class='ocr_line' id='line_1_88' title="bbox 2039 2752 3750 2839; baseline 0.009 -26"><span class='ocrx_word' id='word_1_744' title='bbox 2039 2752 2235 2815; x_wconf 66' lang='lat' dir='ltr'>li‘neet.</span> <span class='ocrx_word' id='word_1_745' title='bbox 2274 2762 2377 2828; x_wconf 87' lang='lat' dir='ltr'>Qui</span> <span class='ocrx_word' id='word_1_746' title='bbox 2406 2766 2553 2819; x_wconf 79' lang='lat' dir='ltr'>venit</span> <span class='ocrx_word' id='word_1_747' title='bbox 2581 2764 2649 2818; x_wconf 88' lang='lat' dir='ltr'>ad</span> <span class='ocrx_word' id='word_1_748' title='bbox 2673 2780 2775 2830; x_wconf 88' lang='lat' dir='ltr'>me,</span> <span class='ocrx_word' id='word_1_749' title='bbox 2811 2765 2982 2822; x_wconf 91' lang='lat' dir='ltr'>modo</span> <span class='ocrx_word' id='word_1_750' title='bbox 3005 2769 3260 2839; x_wconf 85' lang='lat' dir='ltr'>resurgit</span> <span class='ocrx_word' id='word_1_751' title='bbox 3282 2767 3525 2826; x_wconf 90' lang='lat' dir='ltr'>humilis</span> <span class='ocrx_word' id='word_1_752' title='bbox 3567 2770 3750 2830; x_wconf 85' lang='lat' dir='ltr'>factus</span> 
     </span>
    </p>
   </div>
   <div class='ocr_carea' id='block_1_89' title="bbox 2039 2848 3755 2917">
    <p class='ocr_par' dir='ltr' id='par_1_89' title="bbox 2039 2848 3755 2917">
     <span class='ocr_line' id='line_1_89' title="bbox 2039 2848 3755 2917; baseline 0.008 -14"><span class='ocrx_word' id='word_1_753' title='bbox 2039 2848 2097 2903; x_wconf 92' lang='lat' dir='ltr'>in</span> <span class='ocrx_word' id='word_1_754' title='bbox 2131 2851 2409 2906; x_wconf 89' lang='lat' dir='ltr'>membris</span> <span class='ocrx_word' id='word_1_755' title='bbox 2432 2853 2576 2908; x_wconf 87' lang='lat' dir='ltr'>meis</span> <span class='ocrx_word' id='word_1_756' title='bbox 2610 2870 2623 2909; x_wconf 88' lang='lat'><strong>:</strong></span> <span class='ocrx_word' id='word_1_757' title='bbox 2658 2853 2760 2909; x_wconf 91' lang='lat' dir='ltr'>sed</span> <span class='ocrx_word' id='word_1_758' title='bbox 2788 2860 2843 2909; x_wconf 91' lang='lat' dir='ltr'>et</span> <span class='ocrx_word' id='word_1_759' title='bbox 2874 2858 3203 2914; x_wconf 87' lang='lat' dir='ltr'>resuscitabo</span> <span class='ocrx_word' id='word_1_760' title='bbox 3248 2875 3371 2914; x_wconf 89' lang='lat' dir='ltr'>eum</span> <span class='ocrx_word' id='word_1_761' title='bbox 3421 2861 3479 2915; x_wconf 88' lang='lat' dir='ltr'>in</span> <span class='ocrx_word' id='word_1_762' title='bbox 3523 2862 3755 2917; x_wconf 87' lang='lat' dir='ltr'>novissi-</span> 
     </span>
    </p>
   </div>
   <div class='ocr_carea' id='block_1_90' title="bbox 2039 2939 3754 3008">
    <p class='ocr_par' dir='ltr' id='par_1_90' title="bbox 2039 2939 3754 3008">
     <span class='ocr_line' id='line_1_90' title="bbox 2039 2939 3754 3008; baseline 0.009 -16"><span class='ocrx_word' id='word_1_763' title='bbox 2039 2954 2124 2993; x_wconf 88' lang='lat' dir='ltr'>mo</span> <span class='ocrx_word' id='word_1_764' title='bbox 2149 2939 2255 3006; x_wconf 87' lang='lat' dir='ltr'>die,</span> <span class='ocrx_word' id='word_1_765' title='bbox 2289 2943 2610 2997; x_wconf 87' lang='lat' dir='ltr'>secundum</span> <span class='ocrx_word' id='word_1_766' title='bbox 2643 2959 2894 2999; x_wconf 88' lang='lat' dir='ltr'>carnem.</span> <span class='ocrx_word' id='word_1_767' title='bbox 2932 2947 3057 3003; x_wconf 65' lang='grc' dir='ltr'>Ηεῑε</span> <span class='ocrx_word' id='word_1_768' title='bbox 3083 2955 3163 3003; x_wconf 85' lang='lat' dir='ltr'>est</span> <span class='ocrx_word' id='word_1_769' title='bbox 3187 2947 3337 3005; x_wconf 89' lang='lat' dir='ltr'>enim</span> <span class='ocrx_word' id='word_1_770' title='bbox 3360 2950 3613 3006; x_wconf 83' lang='lat' dir='ltr'>voluntas</span> <span class='ocrx_word' id='word_1_771' title='bbox 3644 2955 3754 3008; x_wconf 91' lang='lat' dir='ltr'>Pa-</span> 
     </span>
    </p>
   </div>
   <div class='ocr_carea' id='block_1_91' title="bbox 2037 3030 3750 3109">
    <p class='ocr_par' dir='ltr' id='par_1_91' title="bbox 2037 3030 3750 3109">
     <span class='ocr_line' id='line_1_91' title="bbox 2037 3030 3750 3109; baseline 0.01 -28"><span class='ocrx_word' id='word_1_772' title='bbox 2037 3030 2142 3082; x_wconf 82' lang='lat' dir='ltr'>tris</span> <span class='ocrx_word' id='word_1_773' title='bbox 2198 3032 2306 3084; x_wconf 87' lang='lat' dir='ltr'>mei</span> <span class='ocrx_word' id='word_1_774' title='bbox 2351 3032 2446 3100; x_wconf 88' lang='lat' dir='ltr'>qui</span> <span class='ocrx_word' id='word_1_775' title='bbox 2490 3030 2641 3087; x_wconf 88' lang='lat' dir='ltr'>misit</span> <span class='ocrx_word' id='word_1_776' title='bbox 2686 3047 2790 3099; x_wconf 88' lang='lat' dir='ltr'>me,</span> <span class='ocrx_word' id='word_1_777' title='bbox 2825 3040 2887 3087; x_wconf 88' lang='lat' dir='ltr'>ut</span> <span class='ocrx_word' id='word_1_778' title='bbox 2916 3036 3091 3089; x_wconf 88' lang='lat' dir='ltr'>omnis</span> <span class='ocrx_word' id='word_1_779' title='bbox 3139 3038 3237 3108; x_wconf 88' lang='lat' dir='ltr'>qui</span> <span class='ocrx_word' id='word_1_780' title='bbox 3268 3038 3410 3094; x_wconf 85' lang='lat' dir='ltr'>videt</span> <span class='ocrx_word' id='word_1_781' title='bbox 3438 3040 3665 3109; x_wconf 84' lang='lat' dir='ltr'>Filium,</span> <span class='ocrx_word' id='word_1_782' title='bbox 3696 3050 3750 3099; x_wconf 84' lang='lat' dir='ltr'>et</span> 
     </span>
    </p>
   </div>
   <div class='ocr_carea' id='block_1_92' title="bbox 2037 3117 3751 3197">
    <p class='ocr_par' dir='ltr' id='par_1_92' title="bbox 2037 3117 3751 3197">
     <span class='ocr_line' id='line_1_92' title="bbox 2037 3117 3751 3197; baseline 0.009 -27"><span class='ocrx_word' id='word_1_783' title='bbox 2037 3117 2207 3173; x_wconf 81' lang='lat' dir='ltr'>credit</span> <span class='ocrx_word' id='word_1_784' title='bbox 2233 3121 2290 3173; x_wconf 91' lang='lat' dir='ltr'>in</span> <span class='ocrx_word' id='word_1_785' title='bbox 2321 3120 2664 3185; x_wconf 85' lang='lat' dir='ltr'>eum,habeat</span> <span class='ocrx_word' id='word_1_786' title='bbox 2682 3123 2846 3176; x_wconf 82' lang='lat' dir='ltr'>vitam</span> <span class='ocrx_word' id='word_1_787' title='bbox 2877 3127 3149 3180; x_wconf 77' lang='lat' dir='ltr'>aeternam</span> <span class='ocrx_word' id='word_1_788' title='bbox 3171 3142 3191 3184; x_wconf 92' lang='grc'>.·</span> <span class='ocrx_word' id='word_1_789' title='bbox 3212 3135 3263 3181; x_wconf 86' lang='lat' dir='ltr'>et</span> <span class='ocrx_word' id='word_1_790' title='bbox 3291 3143 3389 3197; x_wconf 89' lang='lat' dir='ltr'>ego</span> <span class='ocrx_word' id='word_1_791' title='bbox 3417 3130 3751 3193; x_wconf 85' lang='lat' dir='ltr'>resuscitabo</span> 
     </span>
    </p>
   </div>
   <div class='ocr_carea' id='block_1_93' title="bbox 2035 3209 3741 3284">
    <p class='ocr_par' dir='ltr' id='par_1_93' title="bbox 2035 3209 3741 3284">
     <span class='ocr_line' id='line_1_93' title="bbox 2035 3209 3741 3284; baseline 0.009 -23"><span class='ocrx_word' id='word_1_792' title='bbox 2035 3224 2161 3262; x_wconf 89' lang='lat' dir='ltr'>eum</span> <span class='ocrx_word' id='word_1_793' title='bbox 2190 3209 2247 3262; x_wconf 91' lang='lat' dir='ltr'>in</span> <span class='ocrx_word' id='word_1_794' title='bbox 2280 3209 2576 3265; x_wconf 85' lang='lat' dir='ltr'>novissimo</span> <span class='ocrx_word' id='word_1_795' title='bbox 2607 3209 2714 3267; x_wconf 86' lang='lat' dir='ltr'>die.</span> <span class='ocrx_word' id='word_1_796' title='bbox 2756 3212 3028 3283; x_wconf 79' lang='lat' dir='ltr'>Superius</span> <span class='ocrx_word' id='word_1_797' title='bbox 3060 3213 3224 3284; x_wconf 83' lang='lat' dir='ltr'>dixit,</span> <span class='ocrx_word' id='word_1_798' title='bbox 3249 3217 3355 3284; x_wconf 89' lang='lat' dir='ltr'>Qui</span> <span class='ocrx_word' id='word_1_799' title='bbox 3400 3218 3556 3275; x_wconf 89' lang='lat' dir='ltr'>audit</span> <span class='ocrx_word' id='word_1_800' title='bbox 3581 3236 3741 3276; x_wconf 88' lang='lat' dir='ltr'>veru-</span> 
     </span>
    </p>
   </div>
   <div class='ocr_carea' id='block_1_94' title="bbox 2038 3296 3744 3378">
    <p class='ocr_par' dir='ltr' id='par_1_94' title="bbox 2038 3296 3744 3378">
     <span class='ocr_line' id='line_1_94' title="bbox 2038 3296 3744 3378; baseline 0.008 -27"><span class='ocrx_word' id='word_1_801' title='bbox 2038 3296 2166 3367; x_wconf 84' lang='lat' dir='ltr'>bum</span> <span class='ocrx_word' id='word_1_802' title='bbox 2195 3313 2397 3367; x_wconf 88' lang='lat' dir='ltr'>meum,</span> <span class='ocrx_word' id='word_1_803' title='bbox 2428 3310 2479 3354; x_wconf 83' lang='lat' dir='ltr'>et</span> <span class='ocrx_word' id='word_1_804' title='bbox 2511 3299 2680 3355; x_wconf 87' lang='lat' dir='ltr'>credit</span> <span class='ocrx_word' id='word_1_805' title='bbox 2720 3298 2774 3355; x_wconf 88' lang='lat' dir='ltr'>ei</span> <span class='ocrx_word' id='word_1_806' title='bbox 2822 3302 2919 3371; x_wconf 90' lang='lat' dir='ltr'>qui</span> <span class='ocrx_word' id='word_1_807' title='bbox 2966 3304 3115 3357; x_wconf 84' lang='lat' dir='ltr'>misit</span> <span class='ocrx_word' id='word_1_808' title='bbox 3162 3306 3477 3363; x_wconf 87' lang='lat' dir='ltr'>me:modo</span> <span class='ocrx_word' id='word_1_809' title='bbox 3526 3312 3744 3378; x_wconf 82' lang='lat' dir='ltr'>autem,</span> 
     </span>
    </p>
   </div>
   <div class='ocr_carea' id='block_1_95' title="bbox 2039 3385 3751 3463">
    <p class='ocr_par' dir='ltr' id='par_1_95' title="bbox 2039 3385 3751 3463">
     <span class='ocr_line' id='line_1_95' title="bbox 2039 3385 3751 3463; baseline 0.006 -21"><span class='ocrx_word' id='word_1_810' title='bbox 2039 3385 2307 3453; x_wconf 76' lang='lat' dir='ltr'>Q&#39;uividet</span> <span class='ocrx_word' id='word_1_811' title='bbox 2346 3388 2567 3455; x_wconf 79' lang='lat' dir='ltr'>Filium,</span> <span class='ocrx_word' id='word_1_812' title='bbox 2598 3397 2648 3445; x_wconf 89' lang='lat' dir='ltr'>et</span> <span class='ocrx_word' id='word_1_813' title='bbox 2685 3389 2859 3446; x_wconf 86' lang='lat' dir='ltr'>credit</span> <span class='ocrx_word' id='word_1_814' title='bbox 2910 3392 2968 3445; x_wconf 89' lang='lat' dir='ltr'>in</span> <span class='ocrx_word' id='word_1_815' title='bbox 3012 3407 3157 3446; x_wconf 85' lang='lat' dir='ltr'>eum.</span> <span class='ocrx_word' id='word_1_816' title='bbox 3206 3395 3328 3447; x_wconf 86' lang='lat' dir='ltr'>Non</span> <span class='ocrx_word' id='word_1_817' title='bbox 3382 3394 3553 3463; x_wconf 84' lang='lat' dir='ltr'>dixit,</span> <span class='ocrx_word' id='word_1_818' title='bbox 3580 3396 3751 3453; x_wconf 88' lang='lat' dir='ltr'>Videt</span> 
     </span>
    </p>
   </div>
   <div class='ocr_carea' id='block_1_96' title="bbox 2039 3477 3743 3546">
    <p class='ocr_par' dir='ltr' id='par_1_96' title="bbox 2039 3477 3743 3546">
     <span class='ocr_line' id='line_1_96' title="bbox 2039 3477 3743 3546; baseline 0.004 -13"><span class='ocrx_word' id='word_1_819' title='bbox 2039 3477 2273 3546; x_wconf 88' lang='lat' dir='ltr'>Filium,</span> <span class='ocrx_word' id='word_1_820' title='bbox 2306 3482 2361 3535; x_wconf 90' lang='lat' dir='ltr'>et</span> <span class='ocrx_word' id='word_1_821' title='bbox 2390 3480 2572 3536; x_wconf 90' lang='lat' dir='ltr'>credit</span> <span class='ocrx_word' id='word_1_822' title='bbox 2600 3481 2659 3535; x_wconf 90' lang='lat' dir='ltr'>in</span> <span class='ocrx_word' id='word_1_823' title='bbox 2692 3480 2921 3536; x_wconf 89' lang='lat' dir='ltr'>Patrem</span> <span class='ocrx_word' id='word_1_824' title='bbox 2956 3495 2968 3535; x_wconf 91' lang='lat'><strong>:</strong></span> <span class='ocrx_word' id='word_1_825' title='bbox 2998 3480 3105 3535; x_wconf 91' lang='lat' dir='ltr'>hoc</span> <span class='ocrx_word' id='word_1_826' title='bbox 3131 3490 3216 3536; x_wconf 89' lang='lat' dir='ltr'>est</span> <span class='ocrx_word' id='word_1_827' title='bbox 3240 3482 3394 3538; x_wconf 90' lang='lat' dir='ltr'>enim</span> <span class='ocrx_word' id='word_1_828' title='bbox 3426 3484 3656 3539; x_wconf 86' lang='lat' dir='ltr'>credere</span> <span class='ocrx_word' id='word_1_829' title='bbox 3684 3484 3743 3539; x_wconf 91' lang='lat' dir='ltr'>in</span> 
     </span>
    </p>
   </div>
   <div class='ocr_carea' id='block_1_97' title="bbox 2038 3568 3753 3642">
    <p class='ocr_par' dir='ltr' id='par_1_97' title="bbox 2038 3568 3753 3642">
     <span class='ocr_line' id='line_1_97' title="bbox 2038 3568 3753 3642; baseline 0.005 -19"><span class='ocrx_word' id='word_1_830' title='bbox 2038 3568 2264 3637; x_wconf 89' lang='lat' dir='ltr'>Filium,</span> <span class='ocrx_word' id='word_1_831' title='bbox 2288 3571 2439 3642; x_wconf 90' lang='lat' dir='ltr'>quod</span> <span class='ocrx_word' id='word_1_832' title='bbox 2472 3573 2529 3627; x_wconf 79' lang='lat' dir='ltr'>et</span> <span class='ocrx_word' id='word_1_833' title='bbox 2549 3570 2611 3626; x_wconf 90' lang='lat' dir='ltr'>in</span> <span class='ocrx_word' id='word_1_834' title='bbox 2643 3570 2892 3625; x_wconf 88' lang='lat' dir='ltr'>Patrem.</span> <span class='ocrx_word' id='word_1_835' title='bbox 2922 3569 3065 3636; x_wconf 90' lang='lat' dir='ltr'>Quiu</span> <span class='ocrx_word' id='word_1_836' title='bbox 3100 3570 3243 3627; x_wconf 88' lang='lat' dir='ltr'>sicut</span> <span class='ocrx_word' id='word_1_837' title='bbox 3284 3571 3446 3628; x_wconf 80' lang='lat' dir='ltr'>habet</span> <span class='ocrx_word' id='word_1_838' title='bbox 3479 3578 3641 3630; x_wconf 89' lang='lat' dir='ltr'>Pater</span> <span class='ocrx_word' id='word_1_839' title='bbox 3668 3574 3753 3630; x_wconf 88' lang='lat' dir='ltr'>vi-</span> 
     </span>
    </p>
   </div>
   <div class='ocr_carea' id='block_1_98' title="bbox 2040 3658 3751 3730">
    <p class='ocr_par' dir='ltr' id='par_1_98' title="bbox 2040 3658 3751 3730">
     <span class='ocr_line' id='line_1_98' title="bbox 2040 3658 3751 3730; baseline 0.002 -16"><span class='ocrx_word' id='word_1_840' title='bbox 2040 3667 2152 3714; x_wconf 88' lang='lat' dir='ltr'>tam</span> <span class='ocrx_word' id='word_1_841' title='bbox 2175 3661 2230 3714; x_wconf 89' lang='lat' dir='ltr'>in</span> <span class='ocrx_word' id='word_1_842' title='bbox 2261 3662 2560 3730; x_wconf 87' lang='lat' dir='ltr'>semetipso,</span> <span class='ocrx_word' id='word_1_843' title='bbox 2583 3659 2659 3715; x_wconf 80' lang='lat' dir='ltr'>sic</span> <span class='ocrx_word' id='word_1_844' title='bbox 2688 3658 2835 3715; x_wconf 85' lang='lat' dir='ltr'>dedit</span> <span class='ocrx_word' id='word_1_845' title='bbox 2865 3668 2915 3714; x_wconf 88' lang='lat' dir='ltr'>et</span> <span class='ocrx_word' id='word_1_846' title='bbox 2956 3661 3095 3716; x_wconf 84' lang='lat' dir='ltr'>Filio</span> <span class='ocrx_word' id='word_1_847' title='bbox 3138 3663 3306 3717; x_wconf 82' lang='lat' dir='ltr'>vitam</span> <span class='ocrx_word' id='word_1_848' title='bbox 3353 3661 3548 3718; x_wconf 88' lang='lat' dir='ltr'>habere</span> <span class='ocrx_word' id='word_1_849' title='bbox 3583 3663 3647 3719; x_wconf 87' lang='lat' dir='ltr'>in</span> <span class='ocrx_word' id='word_1_850' title='bbox 3673 3680 3751 3723; x_wconf 89' lang='lat' dir='ltr'>se.</span> 
     </span>
    </p>
   </div>
   <div class='ocr_carea' id='block_1_99' title="bbox 2038 3749 3748 3828">
    <p class='ocr_par' dir='ltr' id='par_1_99' title="bbox 2038 3749 3748 3828">
     <span class='ocr_line' id='line_1_99' title="bbox 2038 3749 3748 3828; baseline 0.005 -23"><span class='ocrx_word' id='word_1_851' title='bbox 2038 3750 2261 3821; x_wconf 86' lang='lat' dir='ltr'>metipso</span> <span class='ocrx_word' id='word_1_852' title='bbox 2290 3749 2480 3819; x_wconf 86' lang='lat' dir='ltr'>(Joan.</span> <span class='ocrx_word' id='word_1_853' title='bbox 2512 3767 2566 3818; x_wconf 87' lang='lat' dir='ltr'>v,</span> <span class='ocrx_word' id='word_1_854' title='bbox 2588 3751 2679 3818; x_wconf 81' lang='grc'>24,</span> <span class='ocrx_word' id='word_1_855' title='bbox 2712 3751 2823 3820; x_wconf 87' lang='lat'>26).</span> <span class='ocrx_word' id='word_1_856' title='bbox 2870 3752 2938 3809; x_wconf 89' lang='lat' dir='ltr'>Ut</span> <span class='ocrx_word' id='word_1_857' title='bbox 2975 3754 3154 3808; x_wconf 89' lang='lat' dir='ltr'>omnis</span> <span class='ocrx_word' id='word_1_858' title='bbox 3197 3754 3296 3826; x_wconf 84' lang='lat' dir='ltr'>qui</span> <span class='ocrx_word' id='word_1_859' title='bbox 3343 3754 3487 3812; x_wconf 84' lang='lat' dir='ltr'>videt</span> <span class='ocrx_word' id='word_1_860' title='bbox 3516 3755 3748 3828; x_wconf 85' lang='lat' dir='ltr'>Filium,</span> 
     </span>
    </p>
   </div>
   <div class='ocr_carea' id='block_1_100' title="bbox 2038 3839 3754 3907">
    <p class='ocr_par' dir='ltr' id='par_1_100' title="bbox 2038 3839 3754 3907">
     <span class='ocr_line' id='line_1_100' title="bbox 2038 3839 3754 3907; baseline 0.005 -11"><span class='ocrx_word' id='word_1_861' title='bbox 2038 3848 2091 3896; x_wconf 88' lang='lat' dir='ltr'>et</span> <span class='ocrx_word' id='word_1_862' title='bbox 2108 3839 2283 3896; x_wconf 86' lang='lat' dir='ltr'>credit</span> <span class='ocrx_word' id='word_1_863' title='bbox 2310 3839 2371 3894; x_wconf 87' lang='lat' dir='ltr'>in</span> <span class='ocrx_word' id='word_1_864' title='bbox 2401 3855 2544 3907; x_wconf 88' lang='lat' dir='ltr'>eum,</span> <span class='ocrx_word' id='word_1_865' title='bbox 2566 3840 2762 3896; x_wconf 84' lang='lat' dir='ltr'>habeat</span> <span class='ocrx_word' id='word_1_866' title='bbox 2793 3840 2975 3897; x_wconf 87' lang='lat' dir='ltr'>vitam</span> <span class='ocrx_word' id='word_1_867' title='bbox 3022 3850 3295 3899; x_wconf 74' lang='lat' dir='ltr'>aeternam</span> <span class='ocrx_word' id='word_1_868' title='bbox 3315 3861 3334 3901; x_wconf 86' lang='lat'><strong><em>:</em></strong></span> <span class='ocrx_word' id='word_1_869' title='bbox 3356 3847 3646 3903; x_wconf 89' lang='lat' dir='ltr'>credendo</span> <span class='ocrx_word' id='word_1_870' title='bbox 3696 3851 3754 3905; x_wconf 88' lang='lat' dir='ltr'>et</span> 
     </span>
    </p>
   </div>
   <div class='ocr_carea' id='block_1_101' title="bbox 2040 3929 3751 4004">
    <p class='ocr_par' dir='ltr' id='par_1_101' title="bbox 2040 3929 3751 4004">
     <span class='ocr_line' id='line_1_101' title="bbox 2040 3929 3751 4004; baseline 0.005 -19"><span class='ocrx_word' id='word_1_871' title='bbox 2040 3930 2393 3987; x_wconf 84' lang='lat' dir='ltr'>transeundo</span> <span class='ocrx_word' id='word_1_872' title='bbox 2425 3929 2493 3985; x_wconf 90' lang='lat' dir='ltr'>ad</span> <span class='ocrx_word' id='word_1_873' title='bbox 2526 3929 2724 3998; x_wconf 88' lang='lat' dir='ltr'>vitam,</span> <span class='ocrx_word' id='word_1_874' title='bbox 2772 3934 3045 4001; x_wconf 82' lang='lat' dir='ltr'>tanquam</span> <span class='ocrx_word' id='word_1_875' title='bbox 3098 3932 3283 4004; x_wconf 89' lang='lat' dir='ltr'>prima</span> <span class='ocrx_word' id='word_1_876' title='bbox 3332 3933 3434 3991; x_wconf 88' lang='lat' dir='ltr'>illa</span> <span class='ocrx_word' id='word_1_877' title='bbox 3483 3951 3751 3992; x_wconf 85' lang='lat' dir='ltr'>resurre-</span> 
     </span>
    </p>
   </div>
   <div class='ocr_carea' id='block_1_102' title="bbox 2038 4020 3746 4100">
    <p class='ocr_par' dir='ltr' id='par_1_102' title="bbox 2038 4020 3746 4100">
     <span class='ocr_line' id='line_1_102' title="bbox 2038 4020 3746 4100; baseline 0.004 -24"><span class='ocrx_word' id='word_1_878' title='bbox 2038 4021 2247 4077; x_wconf 89' lang='lat' dir='ltr'>ctione.</span> <span class='ocrx_word' id='word_1_879' title='bbox 2280 4021 2349 4075; x_wconf 90' lang='lat' dir='ltr'>Et</span> <span class='ocrx_word' id='word_1_880' title='bbox 2370 4020 2509 4091; x_wconf 86' lang='lat' dir='ltr'>quia</span> <span class='ocrx_word' id='word_1_881' title='bbox 2538 4036 2655 4076; x_wconf 92' lang='lat' dir='ltr'>non</span> <span class='ocrx_word' id='word_1_882' title='bbox 2703 4029 2789 4075; x_wconf 91' lang='lat' dir='ltr'>est</span> <span class='ocrx_word' id='word_1_883' title='bbox 2837 4020 2982 4091; x_wconf 85' lang='lat' dir='ltr'>sola,</span> <span class='ocrx_word' id='word_1_884' title='bbox 3015 4030 3066 4078; x_wconf 86' lang='lat' dir='ltr'>et</span> <span class='ocrx_word' id='word_1_885' title='bbox 3103 4025 3440 4081; x_wconf 87' lang='lat' dir='ltr'>resuscitabo</span> <span class='ocrx_word' id='word_1_886' title='bbox 3476 4042 3572 4097; x_wconf 89' lang='lat' dir='ltr'>ego</span> <span class='ocrx_word' id='word_1_887' title='bbox 3601 4042 3746 4100; x_wconf 89' lang='lat' dir='ltr'>eum,</span> 
     </span>
    </p>
   </div>
   <div class='ocr_carea' id='block_1_103' title="bbox 2042 4108 2798 4181">
    <p class='ocr_par' dir='ltr' id='par_1_103' title="bbox 2042 4108 2798 4181">
     <span class='ocr_line' id='line_1_103' title="bbox 2042 4108 2798 4181; baseline 0.001 -16"><span class='ocrx_word' id='word_1_888' title='bbox 2042 4110 2253 4181; x_wconf 89' lang='lat' dir='ltr'>inquit,</span> <span class='ocrx_word' id='word_1_889' title='bbox 2277 4108 2339 4164; x_wconf 88' lang='lat' dir='ltr'>in</span> <span class='ocrx_word' id='word_1_890' title='bbox 2368 4108 2663 4165; x_wconf 80' lang='lat' dir='ltr'>novissimo</span> <span class='ocrx_word' id='word_1_891' title='bbox 2691 4110 2798 4166; x_wconf 83' lang='lat' dir='ltr'>die.</span> 
     </span>
    </p>
   </div>
   <div class='ocr_carea' id='block_1_104' title="bbox 2566 4256 3221 4315">
    <p class='ocr_par' dir='ltr' id='par_1_104' title="bbox 2566 4256 3221 4315">
     <span class='ocr_line' id='line_1_104' title="bbox 2566 4256 3221 4315; baseline 0.005 -3"><span class='ocrx_word' id='word_1_892' title='bbox 2566 4257 2989 4313; x_wconf 79' lang='lat' dir='ltr'>TBACTATUS</span> <span class='ocrx_word' id='word_1_893' title='bbox 3027 4256 3221 4315; x_wconf 82' lang='lat' dir='ltr'>XXVI.</span> 
     </span>
    </p>
   </div>
   <div class='ocr_carea' id='block_1_105' title="bbox 2040 4364 3753 4438">
    <p class='ocr_par' dir='ltr' id='par_1_105' title="bbox 2040 4364 3753 4438">
     <span class='ocr_line' id='line_1_105' title="bbox 2040 4364 3753 4438; baseline 0.002 -17"><span class='ocrx_word' id='word_1_894' title='bbox 2040 4366 2113 4421; x_wconf 81' lang='lat' dir='ltr'>Ab</span> <span class='ocrx_word' id='word_1_895' title='bbox 2142 4382 2205 4421; x_wconf 90' lang='lat' dir='ltr'>eo</span> <span class='ocrx_word' id='word_1_896' title='bbox 2236 4366 2377 4437; x_wconf 87' lang='lat' dir='ltr'>quod</span> <span class='ocrx_word' id='word_1_897' title='bbox 2406 4364 2670 4435; x_wconf 85' lang='lat' dir='ltr'>scriptum</span> <span class='ocrx_word' id='word_1_898' title='bbox 2699 4368 2795 4431; x_wconf 85' lang='lat' dir='ltr'>est,</span> <span class='ocrx_word' id='word_1_899' title='bbox 2830 4364 3273 4421; x_wconf 86' lang='lat' dir='ltr'>Murmurabant</span> <span class='ocrx_word' id='word_1_900' title='bbox 3311 4383 3445 4438; x_wconf 79' lang='lat' dir='ltr'>ergo</span> <span class='ocrx_word' id='word_1_901' title='bbox 3468 4367 3658 4425; x_wconf 65' lang='lat' dir='ltr'>Judei</span> <span class='ocrx_word' id='word_1_902' title='bbox 3681 4370 3753 4425; x_wconf 91' lang='lat' dir='ltr'>de</span> 
     </span>
    </p>
   </div>
   <div class='ocr_carea' id='block_1_106' title="bbox 2112 4452 3755 4525">
    <p class='ocr_par' dir='ltr' id='par_1_106' title="bbox 2112 4452 3755 4525">
     <span class='ocr_line' id='line_1_106' title="bbox 2112 4452 3755 4525; baseline 0.002 -16"><span class='ocrx_word' id='word_1_903' title='bbox 2112 4455 2231 4523; x_wconf 88' lang='lat' dir='ltr'>illo,</span> <span class='ocrx_word' id='word_1_904' title='bbox 2256 4454 2393 4525; x_wconf 91' lang='lat' dir='ltr'>quia</span> <span class='ocrx_word' id='word_1_905' title='bbox 2410 4453 2671 4518; x_wconf 88' lang='lat' dir='ltr'>dixisset,</span> <span class='ocrx_word' id='word_1_906' title='bbox 2687 4452 2801 4522; x_wconf 82' lang='lat' dir='ltr'>Ego</span> <span class='ocrx_word' id='word_1_907' title='bbox 2816 4469 2944 4507; x_wconf 89' lang='lat' dir='ltr'>sum</span> <span class='ocrx_word' id='word_1_908' title='bbox 2960 4453 3129 4523; x_wconf 88' lang='lat' dir='ltr'>panis</span> <span class='ocrx_word' id='word_1_909' title='bbox 3142 4453 3241 4524; x_wconf 89' lang='lat' dir='ltr'>qui</span> <span class='ocrx_word' id='word_1_910' title='bbox 3261 4454 3333 4509; x_wconf 90' lang='lat' dir='ltr'>de</span> <span class='ocrx_word' id='word_1_911' title='bbox 3350 4454 3492 4511; x_wconf 79' lang='lat' dir='ltr'>cmlo</span> <span class='ocrx_word' id='word_1_912' title='bbox 3517 4457 3755 4514; x_wconf 88' lang='lat' dir='ltr'>descen-</span> 
     </span>
    </p>
   </div>
   <div class='ocr_carea' id='block_1_107' title="bbox 2111 4540 3753 4616">
    <p class='ocr_par' dir='ltr' id='par_1_107' title="bbox 2111 4540 3753 4616">
     <span class='ocr_line' id='line_1_107' title="bbox 2111 4540 3753 4616; baseline 0.004 -18"><span class='ocrx_word' id='word_1_913' title='bbox 2111 4543 2204 4613; x_wconf 84' lang='lat' dir='ltr'>di;</span> <span class='ocrx_word' id='word_1_914' title='bbox 2240 4559 2412 4613; x_wconf 88' lang='lat' dir='ltr'>usque</span> <span class='ocrx_word' id='word_1_915' title='bbox 2442 4541 2512 4596; x_wconf 89' lang='lat' dir='ltr'>ad</span> <span class='ocrx_word' id='word_1_916' title='bbox 2543 4540 2620 4608; x_wconf 87' lang='lat' dir='ltr'>id,</span> <span class='ocrx_word' id='word_1_917' title='bbox 2649 4540 2757 4607; x_wconf 91' lang='lat' dir='ltr'>Qui</span> <span class='ocrx_word' id='word_1_918' title='bbox 2790 4541 3104 4597; x_wconf 85' lang='lat' dir='ltr'>manducet</span> <span class='ocrx_word' id='word_1_919' title='bbox 3132 4542 3290 4601; x_wconf 86' lang='lat' dir='ltr'>hunc</span> <span class='ocrx_word' id='word_1_920' title='bbox 3337 4560 3571 4616; x_wconf 85' lang='lat' dir='ltr'>panem,</span> <span class='ocrx_word' id='word_1_921' title='bbox 3605 4546 3753 4604; x_wconf 82' lang='lat' dir='ltr'>vivet</span> 
     </span>
    </p>
   </div>
   <div class='ocr_carea' id='block_1_108' title="bbox 2097 4629 3089 4702">
    <p class='ocr_par' dir='ltr' id='par_1_108' title="bbox 2097 4629 3089 4702">
     <span class='ocr_line' id='line_1_108' title="bbox 2097 4629 3089 4702; baseline 0 -16"><span class='ocrx_word' id='word_1_922' title='bbox 2097 4633 2172 4688; x_wconf 78' lang='lat' dir='ltr'>&#39;in</span> <span class='ocrx_word' id='word_1_923' title='bbox 2203 4635 2504 4687; x_wconf 68' lang='lat' dir='ltr'>aeternum.</span> <span class='ocrx_word' id='word_1_924' title='bbox 2541 4629 2669 4702; x_wconf 84' lang='lat' dir='ltr'>Cap.</span> <span class='ocrx_word' id='word_1_925' title='bbox 2698 4647 2774 4701; x_wconf 80' lang='lat' dir='ltr'>VI,</span> <span class='ocrx_word' id='word_1_926' title='bbox 2808 4631 2860 4699; x_wconf 61' lang='lat'>7.</span> <span class='ocrx_word' id='word_1_927' title='bbox 2896 4630 3089 4686; x_wconf 83' lang='grc'>41-59.</span> 
     </span>
    </p>
   </div>
   <div class='ocr_carea' id='block_1_109' title="bbox 2114 4746 3753 4819">
    <p class='ocr_par' dir='ltr' id='par_1_109' title="bbox 2114 4746 3753 4819">
     <span class='ocr_line' id='line_1_109' title="bbox 2114 4746 3753 4819; baseline 0.003 -15"><span class='ocrx_word' id='word_1_928' title='bbox 2114 4749 2164 4804; x_wconf 84' lang='grc'><strong>1.</strong></span> <span class='ocrx_word' id='word_1_929' title='bbox 2195 4748 2340 4804; x_wconf 88' lang='lat' dir='ltr'>Cum</span> <span class='ocrx_word' id='word_1_930' title='bbox 2392 4747 2672 4803; x_wconf 88' lang='lat' dir='ltr'>Dominus</span> <span class='ocrx_word' id='word_1_931' title='bbox 2715 4753 2905 4803; x_wconf 87' lang='lat' dir='ltr'>noster</span> <span class='ocrx_word' id='word_1_932' title='bbox 2945 4746 3113 4804; x_wconf 82' lang='lat' dir='ltr'>Jesus</span> <span class='ocrx_word' id='word_1_933' title='bbox 3157 4748 3446 4819; x_wconf 84' lang='lat' dir='ltr'>Christus,</span> <span class='ocrx_word' id='word_1_934' title='bbox 3479 4751 3631 4809; x_wconf 88' lang='lat' dir='ltr'>sicut</span> <span class='ocrx_word' id='word_1_935' title='bbox 3690 4753 3753 4810; x_wconf 91' lang='lat' dir='ltr'>in</span> 
     </span>
    </p>
   </div>
   <div class='ocr_carea' id='block_1_110' title="bbox 2043 4837 3752 4911">
    <p class='ocr_par' dir='ltr' id='par_1_110' title="bbox 2043 4837 3752 4911">
     <span class='ocr_line' id='line_1_110' title="bbox 2043 4837 3752 4911; baseline 0.002 -16"><span class='ocrx_word' id='word_1_936' title='bbox 2043 4838 2345 4911; x_wconf 83' lang='lat' dir='ltr'>Evangelio</span> <span class='ocrx_word' id='word_1_937' title='bbox 2375 4854 2509 4895; x_wconf 89' lang='lat' dir='ltr'>cum</span> <span class='ocrx_word' id='word_1_938' title='bbox 2544 4837 2846 4909; x_wconf 82' lang='lat' dir='ltr'>legeretur,</span> <span class='ocrx_word' id='word_1_939' title='bbox 2882 4838 3237 4906; x_wconf 86' lang='lat' dir='ltr'>audivimus,</span> <span class='ocrx_word' id='word_1_940' title='bbox 3265 4857 3473 4911; x_wconf 90' lang='lat' dir='ltr'>panem</span> <span class='ocrx_word' id='word_1_941' title='bbox 3516 4858 3580 4898; x_wconf 87' lang='lat' dir='ltr'>se</span> <span class='ocrx_word' id='word_1_942' title='bbox 3629 4859 3752 4899; x_wconf 86' lang='lat' dir='ltr'>esse</span> 
     </span>
    </p>
   </div>
   <div class='ocr_carea' id='block_1_111' title="bbox 2042 4927 3755 5003">
    <p class='ocr_par' dir='ltr' id='par_1_111' title="bbox 2042 4927 3755 5003">
     <span class='ocr_line' id='line_1_111' title="bbox 2042 4927 3755 5003; baseline 0 -16"><span class='ocrx_word' id='word_1_943' title='bbox 2042 4931 2302 4999; x_wconf 85' lang='lat' dir='ltr'>dixisset,</span> <span class='ocrx_word' id='word_1_944' title='bbox 2336 4931 2433 5003; x_wconf 90' lang='lat' dir='ltr'>qui</span> <span class='ocrx_word' id='word_1_945' title='bbox 2465 4930 2536 4985; x_wconf 92' lang='lat' dir='ltr'>de</span> <span class='ocrx_word' id='word_1_946' title='bbox 2571 4927 2714 4985; x_wconf 80' lang='lat' dir='ltr'>ccelo</span> <span class='ocrx_word' id='word_1_947' title='bbox 2746 4930 3065 4998; x_wconf 88' lang='lat' dir='ltr'>descendit,</span> <span class='ocrx_word' id='word_1_948' title='bbox 3109 4936 3619 4987; x_wconf 81' lang='lat' dir='ltr'>murmuraveruut</span> <span class='ocrx_word' id='word_1_949' title='bbox 3647 4931 3755 4987; x_wconf 89' lang='lat' dir='ltr'>Ju-</span> 
     </span>
    </p>
   </div>
   <div class='ocr_carea' id='block_1_112' title="bbox 2043 5021 3752 5092">
    <p class='ocr_par' dir='ltr' id='par_1_112' title="bbox 2043 5021 3752 5092">
     <span class='ocr_line' id='line_1_112' title="bbox 2043 5021 3752 5092; baseline 0.001 -15"><span class='ocrx_word' id='word_1_950' title='bbox 2043 5022 2171 5090; x_wconf 64' lang='lat' dir='ltr'>daei,</span> <span class='ocrx_word' id='word_1_951' title='bbox 2203 5028 2259 5077; x_wconf 89' lang='lat' dir='ltr'>et</span> <span class='ocrx_word' id='word_1_952' title='bbox 2290 5022 2581 5089; x_wconf 82' lang='lat' dir='ltr'>dixerunt,</span> <span class='ocrx_word' id='word_1_953' title='bbox 2604 5021 2790 5076; x_wconf 84' lang='lat' dir='ltr'>Nonne</span> <span class='ocrx_word' id='word_1_954' title='bbox 2822 5022 2909 5074; x_wconf 84' lang='lat' dir='ltr'>hic</span> <span class='ocrx_word' id='word_1_955' title='bbox 2939 5023 3016 5074; x_wconf 87' lang='lat' dir='ltr'>est</span> <span class='ocrx_word' id='word_1_956' title='bbox 3045 5022 3200 5077; x_wconf 78' lang='lat' dir='ltr'>Iesus</span> <span class='ocrx_word' id='word_1_957' title='bbox 3225 5021 3375 5090; x_wconf 81' lang='lat' dir='ltr'>ﬁlius</span> <span class='ocrx_word' id='word_1_958' title='bbox 3403 5022 3620 5092; x_wconf 75' lang='lat' dir='ltr'>Ioseph,</span> <span class='ocrx_word' id='word_1_959' title='bbox 3653 5038 3752 5078; x_wconf 83' lang='lat' dir='ltr'>cu-</span> 
     </span>
    </p>
   </div>
   <div class='ocr_carea' id='block_1_113' title="bbox 2042 5108 3756 5181">
    <p class='ocr_par' dir='ltr' id='par_1_113' title="bbox 2042 5108 3756 5181">
     <span class='ocr_line' id='line_1_113' title="bbox 2042 5108 3756 5181; baseline -0.002 -14"><span class='ocrx_word' id='word_1_960' title='bbox 2042 5114 2128 5180; x_wconf 75' lang='lat' dir='ltr'>ius</span> <span class='ocrx_word' id='word_1_961' title='bbox 2158 5126 2256 5165; x_wconf 89' lang='lat' dir='ltr'>nos</span> <span class='ocrx_word' id='word_1_962' title='bbox 2285 5109 2537 5166; x_wconf 86' lang='lat' dir='ltr'>novimus</span> <span class='ocrx_word' id='word_1_963' title='bbox 2566 5117 2780 5181; x_wconf 83' lang='lat' dir='ltr'>patrem</span> <span class='ocrx_word' id='word_1_964' title='bbox 2807 5112 2856 5165; x_wconf 90' lang='lat' dir='ltr'>et</span> <span class='ocrx_word' id='word_1_965' title='bbox 2888 5110 3161 5165; x_wconf 88' lang='lat' dir='ltr'>matrem?</span> <span class='ocrx_word' id='word_1_966' title='bbox 3198 5108 3469 5176; x_wconf 89' lang='lat' dir='ltr'>Quomodo</span> <span class='ocrx_word' id='word_1_967' title='bbox 3501 5124 3628 5177; x_wconf 86' lang='lat' dir='ltr'>ergo</span> <span class='ocrx_word' id='word_1_968' title='bbox 3664 5109 3756 5165; x_wconf 87' lang='lat' dir='ltr'>hic</span> 
     </span>
    </p>
   </div>
   <div class='ocr_carea' id='block_1_114' title="bbox 2041 5196 3755 5273">
    <p class='ocr_par' dir='ltr' id='par_1_114' title="bbox 2041 5196 3755 5273">
     <span class='ocr_line' id='line_1_114' title="bbox 2041 5196 3755 5273; baseline -0.001 -16"><span class='ocrx_word' id='word_1_969' title='bbox 2041 5201 2190 5271; x_wconf 86' lang='lat' dir='ltr'>dicit,</span> <span class='ocrx_word' id='word_1_970' title='bbox 2218 5199 2358 5270; x_wconf 90' lang='lat' dir='ltr'>Quia</span> <span class='ocrx_word' id='word_1_971' title='bbox 2387 5199 2637 5257; x_wconf 87' lang='lat' dir='ltr'>descendi</span> <span class='ocrx_word' id='word_1_972' title='bbox 2657 5199 2721 5256; x_wconf 82' lang='lat' dir='ltr'>de</span> <span class='ocrx_word' id='word_1_973' title='bbox 2748 5199 2921 5254; x_wconf 64' lang='lat' dir='ltr'>creto?</span> <span class='ocrx_word' id='word_1_974' title='bbox 2951 5197 3045 5253; x_wconf 85' lang='lat' dir='ltr'>Isti</span> <span class='ocrx_word' id='word_1_975' title='bbox 3078 5214 3111 5251; x_wconf 86' lang='lat' dir='ltr'>a</span> <span class='ocrx_word' id='word_1_976' title='bbox 3142 5212 3292 5268; x_wconf 88' lang='lat' dir='ltr'>pane</span> <span class='ocrx_word' id='word_1_977' title='bbox 3322 5198 3393 5251; x_wconf 90' lang='lat' dir='ltr'>de</span> <span class='ocrx_word' id='word_1_978' title='bbox 3419 5196 3560 5253; x_wconf 88' lang='lat' dir='ltr'>ccelo</span> <span class='ocrx_word' id='word_1_979' title='bbox 3584 5198 3755 5273; x_wconf 86' lang='lat' dir='ltr'>longe</span> 
     </span>
    </p>
   </div>
   <div class='ocr_carea' id='block_1_115' title="bbox 2042 5286 3754 5361">
    <p class='ocr_par' dir='ltr' id='par_1_115' title="bbox 2042 5286 3754 5361">
     <span class='ocr_line' id='line_1_115' title="bbox 2042 5286 3754 5361; baseline -0.002 -12"><span class='ocrx_word' id='word_1_980' title='bbox 2042 5297 2227 5361; x_wconf 87' lang='lat' dir='ltr'>erant,</span> <span class='ocrx_word' id='word_1_981' title='bbox 2262 5308 2367 5349; x_wconf 93' lang='lat' dir='ltr'>nec</span> <span class='ocrx_word' id='word_1_982' title='bbox 2396 5307 2531 5348; x_wconf 89' lang='lat' dir='ltr'>eum</span> <span class='ocrx_word' id='word_1_983' title='bbox 2563 5289 2782 5347; x_wconf 89' lang='lat' dir='ltr'>esurire</span> <span class='ocrx_word' id='word_1_984' title='bbox 2815 5292 3108 5345; x_wconf 89' lang='lat' dir='ltr'>noverant.</span> <span class='ocrx_word' id='word_1_985' title='bbox 3134 5286 3351 5343; x_wconf 77' lang='lat' dir='ltr'>Fauces</span> <span class='ocrx_word' id='word_1_986' title='bbox 3391 5288 3585 5345; x_wconf 89' lang='lat' dir='ltr'>cordis</span> <span class='ocrx_word' id='word_1_987' title='bbox 3625 5287 3754 5345; x_wconf 80' lang='lat' dir='ltr'>lan-</span> 
     </span>
    </p>
   </div>
   <div class='ocr_carea' id='block_1_116' title="bbox 2042 5374 3757 5453">
    <p class='ocr_par' dir='ltr' id='par_1_116' title="bbox 2042 5374 3757 5453">
     <span class='ocr_line' id='line_1_116' title="bbox 2042 5374 3757 5453; baseline -0.004 -15"><span class='ocrx_word' id='word_1_988' title='bbox 2042 5382 2249 5453; x_wconf 84' lang='lat' dir='ltr'>guidas</span> <span class='ocrx_word' id='word_1_989' title='bbox 2280 5379 2594 5441; x_wconf 86' lang='lat' dir='ltr'>habebant,</span> <span class='ocrx_word' id='word_1_990' title='bbox 2622 5376 2864 5431; x_wconf 88' lang='lat' dir='ltr'>auribus</span> <span class='ocrx_word' id='word_1_991' title='bbox 2905 5374 3120 5445; x_wconf 87' lang='lat' dir='ltr'>apertis</span> <span class='ocrx_word' id='word_1_992' title='bbox 3164 5374 3330 5431; x_wconf 89' lang='lat' dir='ltr'>surdi</span> <span class='ocrx_word' id='word_1_993' title='bbox 3382 5380 3567 5443; x_wconf 86' lang='lat' dir='ltr'>erant,</span> <span class='ocrx_word' id='word_1_994' title='bbox 3599 5377 3757 5435; x_wconf 88' lang='lat' dir='ltr'>vide-</span> 
     </span>
    </p>
   </div>
   <div class='ocr_carea' id='block_1_117' title="bbox 2041 5464 3756 5535">
    <p class='ocr_par' dir='ltr' id='par_1_117' title="bbox 2041 5464 3756 5535">
     <span class='ocr_line' id='line_1_117' title="bbox 2041 5464 3756 5535; baseline -0.002 -8"><span class='ocrx_word' id='word_1_995' title='bbox 2041 5473 2184 5527; x_wconf 85' lang='lat' dir='ltr'>bant</span> <span class='ocrx_word' id='word_1_996' title='bbox 2203 5472 2260 5523; x_wconf 84' lang='lat' dir='ltr'>et</span> <span class='ocrx_word' id='word_1_997' title='bbox 2282 5466 2414 5523; x_wconf 66' lang='lat' dir='ltr'>caeci</span> <span class='ocrx_word' id='word_1_998' title='bbox 2437 5465 2693 5521; x_wconf 86' lang='lat' dir='ltr'>stabant.</span> <span class='ocrx_word' id='word_1_999' title='bbox 2723 5464 2896 5520; x_wconf 84' lang='lat' dir='ltr'>Panis</span> <span class='ocrx_word' id='word_1_1000' title='bbox 2917 5464 3133 5535; x_wconf 90' lang='lat' dir='ltr'>quippe</span> <span class='ocrx_word' id='word_1_1001' title='bbox 3168 5465 3280 5521; x_wconf 82' lang='lat' dir='ltr'>iste</span> <span class='ocrx_word' id='word_1_1002' title='bbox 3318 5464 3615 5523; x_wconf 83' lang='lat' dir='ltr'>interioris</span> <span class='ocrx_word' id='word_1_1003' title='bbox 3653 5466 3756 5524; x_wconf 88' lang='lat' dir='ltr'>ho-</span> 
     </span>
    </p>
   </div>
   <div class='ocr_carea' id='block_1_118' title="bbox 2041 5553 3756 5629">
    <p class='ocr_par' dir='ltr' id='par_1_118' title="bbox 2041 5553 3756 5629">
     <span class='ocr_line' id='line_1_118' title="bbox 2041 5553 3756 5629; baseline -0.002 -15"><span class='ocrx_word' id='word_1_1004' title='bbox 2041 5559 2218 5615; x_wconf 90' lang='lat' dir='ltr'>minis</span> <span class='ocrx_word' id='word_1_1005' title='bbox 2241 5556 2441 5629; x_wconf 69' lang='lat' dir='ltr'>quierit</span> <span class='ocrx_word' id='word_1_1006' title='bbox 2463 5555 2716 5611; x_wconf 89' lang='lat' dir='ltr'>esuriem</span> <span class='ocrx_word' id='word_1_1007' title='bbox 2752 5570 2767 5610; x_wconf 88' lang='lat'><strong>:</strong></span> <span class='ocrx_word' id='word_1_1008' title='bbox 2798 5554 2954 5611; x_wconf 88' lang='lat' dir='ltr'>unde</span> <span class='ocrx_word' id='word_1_1009' title='bbox 2974 5553 3087 5612; x_wconf 86' lang='lat' dir='ltr'>alio</span> <span class='ocrx_word' id='word_1_1010' title='bbox 3109 5555 3234 5613; x_wconf 90' lang='lat' dir='ltr'>loco</span> <span class='ocrx_word' id='word_1_1011' title='bbox 3276 5556 3437 5625; x_wconf 89' lang='lat' dir='ltr'>dicit,</span> <span class='ocrx_word' id='word_1_1012' title='bbox 3474 5556 3627 5613; x_wconf 87' lang='lat' dir='ltr'>Beati</span> <span class='ocrx_word' id='word_1_1013' title='bbox 3656 5556 3756 5628; x_wconf 91' lang='lat' dir='ltr'>qui</span> 
     </span>
    </p>
   </div>
   <div class='ocr_carea' id='block_1_119' title="bbox 213 5645 3753 5731">
    <p class='ocr_par' dir='ltr' id='par_1_119' title="bbox 213 5645 3753 5731">
     <span class='ocr_line' id='line_1_119' title="bbox 213 5645 3753 5731; baseline -0.003 -23"><span class='ocrx_word' id='word_1_1014' title='bbox 213 5653 339 5708; x_wconf 85' lang='lat' dir='ltr'>tem</span> <span class='ocrx_word' id='word_1_1015' title='bbox 374 5663 393 5707; x_wconf 89' lang='lat'><strong>:</strong></span> <span class='ocrx_word' id='word_1_1016' title='bbox 432 5651 618 5708; x_wconf 77' lang='lat' dir='ltr'>Venite</span> <span class='ocrx_word' id='word_1_1017' title='bbox 646 5649 719 5707; x_wconf 88' lang='lat' dir='ltr'>ad</span> <span class='ocrx_word' id='word_1_1018' title='bbox 749 5666 853 5722; x_wconf 88' lang='lat' dir='ltr'>me,</span> <span class='ocrx_word' id='word_1_1019' title='bbox 887 5652 983 5724; x_wconf 90' lang='lat' dir='ltr'>qui</span> <span class='ocrx_word' id='word_1_1020' title='bbox 1019 5650 1293 5711; x_wconf 87' lang='lat' dir='ltr'>laboratis</span> <span class='ocrx_word' id='word_1_1021' title='bbox 1322 5655 1377 5711; x_wconf 83' lang='lat' dir='ltr'>et</span> <span class='ocrx_word' id='word_1_1022' title='bbox 1408 5657 1629 5712; x_wconf 84' lang='lat' dir='ltr'>onerati</span> <span class='ocrx_word' id='word_1_1023' title='bbox 1720 5659 1849 5712; x_wconf 67' lang='lat' dir='ltr'>uti:</span> <span class='ocrx_word' id='word_1_1024' title='bbox 1879 5676 1894 5712; x_wconf 87' lang='lat'><strong><em>:</em></strong></span> <span class='ocrx_word' id='word_1_1025' title='bbox 1923 5647 2299 5731; x_wconf 63' lang='lat' dir='ltr'>Id.esuriunt</span> <span class='ocrx_word' id='word_1_1026' title='bbox 2318 5654 2371 5706; x_wconf 85' lang='lat' dir='ltr'>et</span> <span class='ocrx_word' id='word_1_1027' title='bbox 2391 5645 2591 5703; x_wconf 87' lang='lat' dir='ltr'>sitiunt</span> <span class='ocrx_word' id='word_1_1028' title='bbox 2614 5645 2916 5717; x_wconf 80' lang='lat' dir='ltr'>iustitiam,</span> <span class='ocrx_word' id='word_1_1029' title='bbox 2938 5647 3200 5721; x_wconf 83' lang='lat' dir='ltr'>quoniam</span> <span class='ocrx_word' id='word_1_1030' title='bbox 3220 5647 3328 5721; x_wconf 82' lang='lat' dir='ltr'>ipsi</span> <span class='ocrx_word' id='word_1_1031' title='bbox 3348 5646 3753 5705; x_wconf 79' lang='lat' dir='ltr'>saturabuntur</span> 
     </span>
    </p>
   </div>
  </div>
