4126 6194
305 253 459 315 1607

305 384 519 457 (Matth.
550 400 605 452 v,
636 381 715 454 6).
733 375 1029 434 Justitiam
1052 388 1181 430 vero
1202 369 1368 427 nobis
1391 384 1518 425 esse
1549 366 1844 457 Christum
1866 364 2004 417 Pau-

304 454 398 538 lus
419 472 712 550 apostolus
735 468 874 525 dicit
895 465 938 536 (ἰ
967 466 1093 520 Cor.
1129 481 1168 532 ι,
1195 463 1306 532 30).
1342 462 1415 516 Ac
1457 473 1569 550 per,
1591 455 1701 550 hoc
1725 454 1836 550 -qui
1875 469 2007 508 esu-

307 571 381 629 rit
401 545 556 625 hunc
579 577 807 635 panem,
833 552 1356 624 esuriatjustitiam
1377 569 1390 620 ;
1415 550 1515 604 sed
1548 545 1837 618 justitiam
1878 558 2004 614 quas

307 663 378 719 de
408 658 548 714 coelo
598 649 915 710 descendit,
961 641 1252 716 justitiam
1306 655 1481 710 quam
1529 639 1626 691 dat
1685 635 1858 700 Deus,
1893 647 2010 687 non

308 764 480 824 quam
504 745 616 803 sibi
642 740 776 797 facit
804 739 1002 793 homo.
1023 734 1080 789 Si
1106 731 1259 824 enim
1280 725 1633 824 nullam‘sibi
1650 720 2013 824 .hor‘no‘facej

309 811 394 897 ret
414 835 728 910 justitiam,
755 844 864 884 non
891 823 1264 879 diceretidem
1290 815 1590 888 apostolus
1617 813 1702 910 de
1740 811 2014 910 Judtnis”:

308 903 627 1001 Ignorantes
657 922 803 976 enim
838 916 936 970 Dei
946 911 1256 985 justitiam,
1282 916 1329 964 et
1353 923 1509 961 suam
1538 903 1787 1001 volente:
1806 903 2014 1001 consti-

307 987 481 1084 tuere,
507 1014 751 1086 iustitiae
783 1009 875 1062 Dei
904 1020 1007 1059 non
1033 1007 1161 1056 sunt
1193 998 1420 1068 subjecti
1448 996 1624 1086 (Rom.
1651 1009 1704 1058 x,
1738 991 1814 1062 3).
1848 987 2012 1086 inde

307 1075 584 1165 erant'i'sti
607 1100 703 1172 qui
730 1110 936 1168 panem
962 1092 1031 1146 de
1055 1087 1197 1145 ccelo
1220 1085 1666 1142 descendentem
1692 1095 1805 1172 non
1841 1075 2016 1172 intel-

303 1197 582 1270 ligehant,
616 1168 750 1262 quia
775 1202 880 1241 sua
906 1182 1135 1253 justitia
1157 1168 1856 1270 saturat‘i,j_ustitiamuDei
1898 1183 2011 1265 non

305 1258 661 1344 esuriebant.
694 1275 842 1342 Quid
865 1281 949 1328 est
976 1271 1103 1338 hoc,
1123 1265 1351 1339 justitia
1374 1264 1473 1320 Dei
1493 1259 1790 1333 etjustitia
1821 1258 2013 1312 homi-

303 1378 395 1433 nis
415 1370 698 1430 ?Justitia
729 1365 823 1421 Dei
856 1362 948 1417 hic
980 1359 1210 1426 dicitur,
1233 1372 1348 1411 non
1387 1354 1707 1426 quajustus
1729 1353 1816 1404 est
1837 1347 2012 1414 Deus,

303 1467 404 1523 sed
440 1477 615 1537 quam
648 1458 748 1514 dat
779 1450 1000 1510 homini
1029 1452 1200 1513 Deus,
1227 1451 1290 1502 ut
1329 1447 1534 1537 justus
1569 1440 1862 1537 sit-hom_o
1912 1451 2012 1534 per

301 1527 506 1612 Deum.
541 1552 675 1615 Quae
709 1549 901 1601 autem
935 1545 1060 1595 erat
1091 1537 1322 1592 illorum
1350 1529 1621 1604 justitia?
1644 1531 1764 1596 Qua
1797 1527 1865 1581 de
1887 1527 2010 1579 suis

303 1646 521 1701 viribus
546 1633 993 1711 praesumebant,
1031 1633 1085 1684 et
1117 1625 1282 1698 quasi
1333 1622 1672 1711 impletores
1703 1617 1871 1711 Legis
1901 1631 2008 1711 _se-

299 1736 458 1808 ipsos
481 1706 676 1787 ex-sua
697 1725 907 1778 virtute
922 1718 1211 1776 dicebant.
1237 1715 1416 1808 Nemo
1433 1715 1631 1808 autem
1660 1706 1868 1807 implet
1899 1706 2009 1808 he-

300 1793 453 1897 gem,
489 1819 600 1875 nisi
635 1831 804 1890 quem
837 1809 1121 1881 adjuverit
1154 1802 1456 1897 gratia,gid
1482 1807 1567 1855 est
1612 1795 1780 1870 panis
1813 1794 1914 1897 qui
1941 1793 2009 1897 de

301 1885 794 1969 cltelo'descendit.
826 1901 982 1972 chis
1014 1897 1168 1953 enim
1203 1893 1509 1965 plenitudo,
1553 1885 1897 1959 compendio
1946 1887 2011 1938 ut

301 2003 380 2058 ait
411 1997 750 2073 Apostolus,
781 1992 1027 2049 charitas
1061 1988 1135 2041 cst
1166 1983 1269 2055 (Ill.
1305 1998 1427 2047 xm,
1464 1979 1548 2050 10)
1579 1976 1869 2073 εοὶιειτίίὶε
1891 1989 2008 2073 non

300 2063 671 2159 nummi,sed
707 2081 847 2150 Dei;
880 2077 1132 2135 charitas
1181 2089 1298 2128 non
1347 2077 1534 2136 term,
1568 2084 1683 2159 non
1724 2065 1871 2159 coeli,
1907 2063 2005 2159 sed

298 2182 428 2253 ejus
450 2153 552 2252 qui
575 2175 708 2232 fecit
728 2171 939 2230 coelum
963 2170 1019 2224 et
1035 2170 1272 2253 terram.
1295 2161 1457 2253 Unde
1489 2159 1598 2253 ista
1615 2153 2006 2253 charitasmbo.

299 2244 491 2329 minii
524 2268 720 2339 Ipsum
754 2258 1057 2317 audiamus
1088 2271 1102 2311 :
1139 2251 1409 2320 Charitas,
1442 2246 1651 2319 inquit,
1685 2246 1778 2301 Dei
1806 2244 2006 2339 dijfusa

296 2365 377 2418 est
409 2359 465 2412 in
495 2332 746 2410 cordibus
779 2346 978 2403 nostris
1006 2358 1102 2414 per
1133 2340 1403 2413 Spiritum
1443 2339 1693 2392 sanetum
1722 2333 1819 2406 qui
1848 2332 2007 2387 datus

297 2458 375 2507 est
403 2448 557 2504 nobis
590 2443 688 2511 (Id.
722 2458 777 2509 v,
808 2439 880 2510 6).
915 2437 1166 2492 Daturus
1205 2445 1340 2500 ergo
1393 2425 1675 2483 Dominus
1720 2422 2006 2494 Spiritum

301 2545 592 2601 sanctum,
626 2531 771 2588 dixit
800 2545 862 2585 se
893 2540 1105 2599 panem
1129 2521 1230 2594 qui
1259 2522 1328 2575 de
1360 2517 1502 2574 coelo
1533 2513 1852 2581 descendit,
1878 2512 2008 2601 hor-

299 2635 430 2685 tans
460 2634 520 2681 ut
550 2600 853 2678 credamus
878 2615 937 2670 in
970 2628 1126 2668 eum.
1155 2607 1399 2664 Credere
1421 2605 1575 2662 enim
1611 2605 1669 2659 in
1711 2618 1864 2671 eum,
1900 2600 2007 2655 hoc

299 2722 390 2774 est
420 2713 777 2770 manducare
811 2718 1019 2777 panem
1053 2701 1271 2754 vivum.
1298 2695 1407 2759 Qui
1429 2694 1634 2761 credit,
1656 2691 2006 2748 manducat:

300 2802 672 2864 invisibiliter
717 2795 1040 2869 saginatur,
1074 2787 1213 2860 quia
1262 2783 1634 2841 invisibiliter
1667 2779 2004 2869 renascitur.

301 2899 497 2956 Infans
529 2893 688 2948 intus
712 2867 819 2958 est,
847 2897 1032 2939 novus
1054 2879 1210 2934 intus
1235 2880 1326 2933 est
1367 2874 1502 2931 :ubi
1550 2871 1889 2940 novellatur,
1925 2867 2004 2924 ibi

295 2988 558 3044 satiatur.
1810 3051 1847 3060 __

363 3078 417 3132 2.
455 3072 598 3142 Quid
631 3084 762 3140 ergo
794 3063 1008 3120 talibus
1041 3053 1547 3114 murmurantibus
1580 3051 1881 3124 respondit
1910 3049 2004 3105 Je~

293 3184 398 3224 sus
419 3166 445 3221 ‘2
475 3163 650 3220 Nolite
681 3166 1032 3213 murmurare
1063 3147 1132 3204 ad
1163 3145 1420 3202 invicem.
1451 3147 1751 3214 Tanquam
1782 3142 2002 3207 dicens,

291 3257 418 3313 Scio
443 3267 620 3326 quare
653 3263 766 3304 non
791 3239 1086 3308 esurialis,
1109 3241 1165 3292 et
1195 3237 1375 3290 istum
1400 3248 1608 3304 panem
1641 3246 1758 3326 non
1789 3227 2002 3326 intelli-

291 3346 436 3419 gatis
458 3318 659 3414 neque
686 3330 980 3410 quaeratis.
1013 3325 1195 3384 Nolite
1225 3336 1577 3419 murmurare
1606 3319 1678 3419 ad
1703 3318 1953 3419 invicem
1982 3332 2004 3372 :

287 3410 445 3494 nemo
485 3410 654 3507 potest
687 3428 868 3484 venire
898 3419 969 3478 ad
996 3433 1102 3486 me,
1128 3415 1237 3471 nisi
1266 3415 1428 3469 Pater
1456 3410 1733 3507 quiAmisit
1753 3424 1858 3480 me,
1893 3411 2004 3507 ira.-

284 3529 437 3585 κενίί
469 3496 846 3590 eum.Magna
874 3511 1074 3586 gratiae
1119 3501 1591 3564 commendatio?
1619 3500 1797 3590 Nemo
1846 3496 2002 3554 venit

288 3619 663 3677 nisitractus.
689 3589 873 3676 Quom
904 3600 1099 3659 trahat
1130 3605 1184 3654 et
1215 3612 1388 3670 quem
1425 3610 1541 3649 non
1583 3589 1796 3661 trahat,
1822 3604 1999 3660 quare

288 3711 456 3765 illum
476 3705 667 3761 trahat
688 3707 740 3756 et
760 3696 928 3752 illum
964 3708 1080 3748 non
1122 3688 1330 3754 trahat,
1363 3683 1482 3742 noli
1528 3681 1672 3738 velle
1706 3681 1995 3754 judicare,

287 3799 336 3854 si
362 3811 478 3852 non
494 3793 579 3849 vis
599 3802 813 3846 errare.
836 3780 1028 3839 Semel
1059 3778 1275 3850 accipe,
1310 3780 1368 3831 et
1401 3772 1699 3844 intellige:
1733 3771 1994 3827 nondum

287 3885 536 3942 traheris
560 3885 576 3917 ¹
609 3880 635 3935 ‘I
667 3893 764 3932 ora
782 3879 847 3929 ut
867 3869 1142 3928 traharis.
1162 3866 1307 3930 Quid
1331 3863 1425 3921 hic
1446 3863 1720 3930 dicimus,
1745 3861 1991 3918 fratres?

283 3978 342 4032 Si
364 3972 653 4031 trahimur
673 3968 744 4022 ad
776 3962 1090 4026 Christum,
1113 3972 1248 4028 ergo
1284 3953 1449 4010 inviti
1489 3953 1822 4024 credimus;
1853 3969 1988 4025 ergo

282 4061 557 4122 violentia
578 4055 908 4118 adhibetur,
957 4064 1070 4105 non
1121 4043 1388 4101 voluntas
1428 4042 1730 4098 excitatur.
1765 4042 1989 4098 Intrare

281 4155 598 4230 quisquam
617 4143 925 4204 ecclesiam
951 4141 1139 4230 potest
1169 4132 1388 4230 nolens,
1413 4132 1685 4230 accedere
1708 4133 1777 4186 ad
1810 4131 1989 4230 altare

279 4220 464 4320 potest
490 4240 714 4303 nolens,
739 4227 1458 4320 acciperesacramentum
1501 4225 1691 4293 potest
1735 4220 1935 4320 nolens
1970 4238 1986 4279 ς

276 4311 508 4393 credere
527 4345 639 4386 non
664 4326 853 4400 potest
870 4318 980 4376 nisi
1001 4315 1222 4372 volens.
1243 4311 1302 4368 Si
1345 4327 1584 4383 corpore
1633 4311 1983 4379 crederetur,

278 4426 444 4481 ﬁeret
473 4422 532 4476 in
553 4413 888 4474 nolentibus
925 4425 938 4463 :
974 4406 1072 4462 sed
1110 4420 1222 4460 non
1255 4417 1493 4472 corpore
1523 4400 1803 4456 creditur.
1833 4405 1984 4470 Apo-

277 4512 496 4571 stolum
529 4506 666 4565 audi
693 4499 893 4561 :Corde
923 4494 1166 4553 creditur
1186 4489 1256 4547 ad
1277 4491 1584 4563 justitiam.
1618 4490 1685 4545 Et
1719 4489 1863 4562 quid
1893 4504 1982 4545 se-

276 4600 519 4676 quitur?
545 4598 648 4654 Ore
676 4600 865 4649 autem
894 4586 1165 4658 confessio
1191 4583 1253 4655 ﬁt
1289 4582 1358 4676 ad
1397 4582 1630 4676 salutem
1659 4582 1760 4652 (Id.
1793 4599 1847 4676 ξ.
1870 4582 1979 4650 10).

280 4671 354 4749 De
386 4688 578 4745 radice
607 4682 797 4740 cordis
829 4676 1020 4748 surgit
1049 4676 1157 4730 ista
1187 4672 1494 4729 confessio.
1528 4671 1860 4743 Aliquando
1882 4690 1984 4728 au-

276 4784 366 4840 dis
399 4776 788 4838 conﬁtentem,
809 4772 863 4825 et
885 4764 1077 4822 nescis
1098 4762 1430 4819 credentem
1455 4762 1498 4816 ⁸.
1523 4761 1634 4816 Sed
1668 4778 1772 4817 nec
1803 4763 1979 4819 debes

271 4886 476 4930 vocare
524 4863 917 4924 conﬁtentem,
969 4868 1140 4925 quem
1195 4849 1424 4921 judicas
1463 4865 1578 4905 non
1624 4852 1976 4910 credentem.

273 4965 391 5021 Hoc
424 4967 511 5017 est
542 4955 698 5014 enim
732 4943 1016 5011 conﬁteri,
1046 4943 1234 4998 dicere
1257 4941 1412 5012 quod
1438 4939 1616 4996 habes
1657 4941 1716 4996 in
1756 4943 1928 4998 corde
1961 4960 1974 5002 ;

274 5054 322 5112 si
350 5055 544 5110 autem
563 5044 720 5104 aliud
742 5040 798 5097 in
832 5033 1004 5094 corde
1035 5030 1236 5101 habes,
1279 5028 1436 5084 aliud
1487 5029 1666 5098 dicis;
1701 5030 1974 5106 loqueris,

274 5159 387 5200 non
412 5136 728 5197 conﬁteris.
749 5135 891 5188 Cum
910 5140 1046 5198 ergo
1070 5122 1128 5178 in
1151 5119 1443 5176 Christum
1473 5120 1644 5175 corde
1686 5123 1974 5193 credatur,

275 5226 432 5296 quod
461 5240 630 5280 nemo
662 5221 862 5291 utique
894 5211 1029 5270 facit
1060 5207 1295 5274 invitus,
1329 5205 1428 5278 qui
1462 5209 1656 5261 autem
1701 5207 1972 5276 trahitur,

274 5318 553 5384 tanquam
583 5313 796 5369 invitus
829 5304 951 5376 cogi
984 5301 1246 5368 videtur;
1278 5299 1563 5370 quomodo
1586 5299 1757 5356 istam
1806 5298 1978 5356 solvi-

341 5456 359 5520 t
382 5452 676 5520 Editt,_nqn
707 5449 1126 5520 tral_seris._b_tss.,
1161 5444 1398 5495 nondum
1430 5447 1677 5520 traheris.
1775 5513 1784 5520 _
1943 5511 1952 5520 .

341 5516 505 5628 szml.
527 5509 662 5568 'Bad.
712 5522 763 5566 et
789 5517 878 5567 Er.
917 5509 1140 5572 addunt,
1164 5523 1316 5560 vocas
1362 5511 1704 5577 conﬁtentem.
1737 5513 1785 5563 et
1814 5511 1974 5562 nescis

303 5595 361 5630 re
400 5592 463 5629 en
493 5591 591 5630 em.

1248 235 1325 295 IN
1369 230 1693 295 JOANNIS
1739 225 2273 303 EVANGELIUM,
2323 230 2390 290 S.
2435 228 2861 292 AUGUSTINI

3671 230 3824 292 1608

2122 380 2246 419 mus
2278 363 2678 434 quaestionem,
2711 367 2874 422 Nemo
2896 364 3043 421 venit
3070 366 3140 422 ad
3163 381 3247 422 me
3273 367 3390 422 nisi
3411 368 3576 423 Pater
3594 366 3692 439 qui
3717 367 3827 423 mi-

2116 458 2187 512 sit
2214 472 2320 525 me,
2354 458 2585 512 traxerit
2607 472 2731 513 eum
2753 459 2782 514 Ρ

2195 547 2248 598 3.
2283 545 2340 600 Si
2373 546 2646 615 trahitur,
2680 547 2760 603 ait
2781 547 3014 620 aliquis,
3047 548 3262 604 invitus
3289 550 3470 605 venit.
3504 548 3561 606 Si
3610 550 3826 606 invitus

2124 635 2299 703 venit,
2335 651 2439 691 nec
2470 638 2681 706 credit;
2716 637 2764 693 si
2797 654 2911 694 non
2944 639 3145 704 credit,
3180 656 3283 695 nec
3308 642 3486 696 venit.
3521 644 3643 695 Non
3668 640 3819 698 enim

2117 725 2189 780 ad
2207 724 2502 780 Christum
2526 727 2879 782 ambulando
2911 727 3220 796 currimus,
3247 729 3346 784 sed
3370 728 3697 786 credendo:
3726 746 3825 787 nec

2123 822 2283 870 motu
2298 813 2682 884 corporis,sed
2703 816 2997 872 voluntate
3012 818 3203 873 cordis
3217 819 3712 874 accedimus.ldeo
3729 818 3828 875 illa

2125 906 3209 981 mulierquaaﬁmbriamtetigit,magis
3240 910 3426 981 tetigit
3451 926 3624 981 quam
3659 911 3828 965 turba

2123 1014 2247 1068 quis
2272 998 2503 1069 pressit.
2533 997 2659 1053 ldeo
2683 998 2967 1055 Dominus
2990 999 3147 1068 dixit,
3167 1000 3304 1072 Quis
3328 1018 3408 1056 me
3431 1003 3607 1071 tetigit
3629 1002 3826 1057 ?(Luc.

2123 1104 2243 1152 vui,
2266 1087 2449 1158 44-46)
2473 1086 2585 1143 ‘lEt
2608 1088 2891 1145 mirantes
2911 1089 3207 1162 discipuli,
3227 1092 3536 1147 dixerunt:
3564 1091 3745 1147 Turba
3777 1095 3827 1148 te

2121 1179 2518 1250 comprimunt,
2550 1185 2600 1236 et
2627 1180 2783 1242 dicis,
2811 1182 2941 1250 Quis
2960 1198 3043 1236 me
3074 1184 3296 1254 tetigit!
3315 1188 3385 1239 Et
3409 1182 3502 1238 ille
3525 1182 3820 1254 repetivit:

2127 1269 2316 1340 Tetigit
2344 1284 2430 1324 me
2458 1269 2681 1340 aliquis.
2713 1268 2814 1324 Illa
2844 1271 3050 1342 tangit,
3084 1271 3254 1326 turba
3297 1271 3522 1342 premit.
3559 1271 3711 1338 Quid
3740 1274 3828 1327 est

2124 1358 2323 1430 tetigit,
2358 1358 2467 1413 nisi
2492 1358 2949 1415 credidit?Unde
2972 1369 3022 1415 et
3044 1359 3273 1416 mulieri
3297 1361 3377 1415 illi
3411 1365 3542 1434 post
3568 1377 3826 1417 resurre-

2125 1449 2372 1505 ctionem
2394 1448 2538 1504 dixit
2560 1449 2773 1506 volenti
2815 1467 2878 1506 se
2925 1450 3153 1506 mittere
3187 1453 3254 1506 ad
3301 1453 3474 1524 pedes
3516 1452 3828 1522 ejuszNoli

2119 1556 2204 1596 me
2235 1544 2501 1614 tangere;
2529 1540 2770 1596 nondum
2799 1542 2951 1597 enim
2988 1541 3210 1599 ascendi
3257 1544 3333 1598 ad
3375 1546 3594 1599 Patrem
3642 1544 3824 1615 (Joan.

2121 1650 2212 1697 xx,
2249 1632 2531 1699 t7).Quod
2556 1633 2737 1700 vides,
2780 1632 2888 1689 hoc
2929 1634 3119 1689 solum
3163 1651 3253 1690 me
3285 1650 3411 1692 esse
3452 1639 3656 1705 putas;
3710 1633 3829 1690 noli

2123 1738 2214 1777 me
2236 1727 2493 1793 tangere.
2518 1722 2663 1786 Quid
2689 1722 2815 1778 est?
2837 1721 2954 1779 Hoc
2972 1723 3166 1781 solum
3189 1742 3277 1781 me
3299 1741 3426 1782 esse
3460 1730 3629 1796 putas
3669 1725 3828 1797 quod

2120 1811 2221 1868 tibi
2257 1827 2527 1884 appareo,
2561 1810 2678 1868 noli
2710 1812 2794 1868 sic
2825 1816 3056 1869 credere
3090 1829 3106 1870 :
3141 1814 3246 1871 hoc
3284 1819 3393 1882 est,
3424 1815 3548 1870 Noli
3576 1831 3660 1870 me
3692 1822 3830 1871 tan-

2120 1918 2280 1973 gere;
2334 1900 2578 1956 nondum
2634 1903 2780 1957 enim
2835 1905 3067 1958 ascendi
3111 1903 3181 1959 ad
3231 1905 3487 1966 Patrem;
3547 1903 3649 1958 tibi
3711 1921 3826 1962 non

2119 1989 2679 2056 ascendi,naminde
2710 2006 3006 2062 nunquam
3044 1993 3278 2048 recessi.
3307 1995 3368 2047 ln
3392 1997 3546 2047 terra
3568 2007 3683 2047 non
3706 2000 3829 2049 tan-

2117 2079 2289 2151 gebat
2319 2081 2595 2149 stantem,
2629 2081 3200 2153 quomodotangeret
3238 2083 3306 2137 ad
3346 2082 3569 2138 Patrem
3622 2098 3826 2138 ascen-

2115 2169 2347 2224 dentem
2368 2167 2397 2224 ?
2427 2167 2520 2224 Sic
2552 2172 2770 2238 tamen,
2804 2169 2887 2226 sic
2917 2186 2975 2226 se
3005 2170 3162 2242 tangi
3197 2169 3378 2226 voluit
3415 2186 3428 2226 :
3453 2170 3538 2226 sic
3561 2171 3826 2243 tangitur

2116 2255 2186 2312 ab
2205 2255 2288 2313 eis
2308 2273 2340 2312 a
2363 2256 2576 2329 quibus
2609 2257 2755 2312 bene
2785 2258 3060 2330 tangitur,
3094 2259 3415 2315 ascendens
3450 2259 3521 2315 ad
3573 2258 3828 2331 Patrem,

2120 2362 2360 2402 manens
2394 2363 2527 2401 cum
2555 2350 2743 2418 Patre,
2778 2347 3017 2418 aequalis
3050 2347 3225 2406 Patri.

2189 2436 2241 2491 4.
2296 2435 2434 2492 inde
2486 2439 2540 2492 et
2577 2435 2669 2492 hic
2709 2435 2757 2491 si
2796 2437 3074 2504 advertis,
3106 2438 3270 2494 Nemo
3301 2438 3449 2493 venit
3482 2437 3549 2492 ad
3575 2455 3680 2505 me,
3708 2439 3831 2493 nisi

2114 2541 2271 2595 quem
2295 2531 2461 2580 Pater
2482 2530 2799 2582 attraxerit.
2816 2526 2945 2584 Noli
2971 2531 3026 2583 ts
3046 2527 3295 2600 cogitare
3317 2527 3557 2583 invitum
3580 2528 3734 2583 trahi
3763 2529 3780 2563 ¹
3815 2545 3832 2585 :

2116 2615 2362 2670 trahitur
2384 2615 2614 2672 animus
2638 2620 2694 2671 et
2714 2633 2933 2675 amore.
2957 2620 3068 2673 Nec
3091 2619 3295 2674 timere
3318 2617 3599 2674 debemus
3651 2635 3722 2673 ne
3757 2619 3829 2674 ab

2115 2706 2455 2763 hominibus
2479 2707 2579 2778 qui
2602 2709 2772 2763 verba
2808 2711 3196 2782 perpendunt,
3227 2714 3283 2766 et
3311 2728 3343 2765 a
3374 2710 3550 2765 rebus
3576 2708 3830 2766 maxime

2117 2796 2327 2853 divinis
2351 2796 2745 2870 intelligendis
2776 2797 2946 2871 longe
2979 2800 3186 2854 remoti
3219 2808 3377 2867 sunt,
3413 2799 3471 2853 in
3521 2797 3630 2855 hoc
3668 2798 3831 2855 Scri-

2118 2891 2425 2960 pturarum
2449 2895 2778 2945 sanctarum
2798 2889 3130 2962 evangelico
3157 2889 3327 2947 verbo
3363 2889 3602 2946 forsitan
3637 2905 3836 2962 repre-

2116 2979 2465 3047 hendamur,
2490 2979 2787 3035 etdicatur
2816 2981 3008 3047 nobis,
3040 2981 3337 3047 Quomodo
3372 2979 3673 3036 voluntate
3707 2997 3836 3036 cre-

2114 3069 2207 3134 do,
2241 3069 2289 3124 si
2322 3069 2570 3125 trahor?
2602 3069 2715 3138 Ego
2748 3070 2873 3126 dico
2907 3087 2920 3127 :
2947 3087 3154 3142 parum
3182 3078 3268 3127 est
3299 3069 3619 3136 voluntate,
3643 3069 3832 3126 etiam

2111 3159 2405 3230 voluptate
2426 3158 2692 3217 traheris.
2711 3159 2855 3227 Quid
2890 3165 2973 3214 est
3007 3159 3154 3214 trahi
3187 3158 3475 3231 voluptate
3495 3160 3523 3215 ’ἲ
3542 3159 3832 3216 Delectare

2111 3252 2169 3305 in
2195 3249 2441 3317 Domino,
2465 3255 2515 3304 et
2536 3248 2690 3304 dabit
2712 3249 3119 3318 tibipelitiones
3139 3249 3316 3305 cordis
3333 3249 3418 3305 tui
3439 3249 3610 3322 (Psal.
3628 3267 3833 3318 xxxvx,

2114 3339 2189 3405 4).
2216 3339 2606 3410 Εδιᾳυωάειω
2639 3338 2900 3410 voluptas
2939 3340 3150 3410 cordis,
3175 3339 3266 3395 cui
3308 3339 3477 3410 panis
3513 3339 3701 3395 dulcis
3741 3344 3834 3397 est

2114 3425 2210 3482 ille
2229 3426 2499 3483 caelestis.
2525 3428 2703 3483 Porro
2726 3427 2970 3499 sipoetee
2995 3429 3184 3484 dicere
3218 3427 3401 3498 licuit,
3429 3450 3456 3476 «
3475 3427 3672 3484 Trahit
3709 3446 3830 3485 sua

2115 3538 2142 3568 «
2175 3533 2468 3590 quemque
2498 3516 2763 3590 voluptas
2796 3540 2824 3568 ‹‹
2858 3518 3042 3590 (Virg.
3076 3518 3252 3590 Eclog.
3285 3518 3341 3592 2)
3369 3536 3382 3586 ;
3417 3535 3531 3574 non
3573 3520 3834 3575 necessi-

2108 3609 2218 3674 tas,
2262 3607 2363 3662 sed
2423 3606 2687 3679 voluptas
2731 3625 2746 3664 :
2806 3624 2921 3664 non
2969 3607 3267 3680 obligatio,
3312 3608 3409 3663 sed
3459 3607 3825 3665 delectatio:

2109 3702 2328 3768 quanto
2351 3697 2551 3754 fortius
2576 3715 2680 3753 nos
2703 3698 2892 3754 dicere
2906 3699 3181 3754 debemus
3201 3697 3352 3754 trahi
3396 3697 3690 3754 hominem
3753 3699 3827 3756 ad

2107 3784 2426 3854 Christum,
2460 3787 2559 3858 qui
2591 3786 2908 3842 delectatur
2940 3787 3195 3854 veritate,
3226 3787 3546 3844 delectatur
3566 3786 3832 3843 beatitu-

2104 3875 2259 3942 dine,
2294 3875 2616 3932 delectatur
2639 3876 2897 3948 justitia,
2931 3877 3248 3933 delectatur
3278 3878 3633 3947 sempiterna
3671 3879 3826 3944 vita,

2103 3967 2257 4036 quod
2289 3969 2476 4022 totum
2514 3966 2782 4024 Christus
2811 3966 2944 4023 est?
2982 3971 3068 4023 An
3114 3983 3248 4024 vero
3293 3966 3511 4023 habent
3551 3969 3826 4040 corporis

2099 4055 2644 4129 sensusvoluptates
2668 4075 2828 4125 suas,
2851 4063 2907 4114 et
2924 4058 3157 4114 animus
3179 4059 3471 4113 deseretur
3492 4075 3525 4113 a
3545 4056 3824 4131 volupta-

2097 4145 2252 4200 tibus
2284 4146 2408 4202 suis
2425 4147 2452 4202 ?
2478 4147 2534 4202 Si
2553 4148 2784 4204 animus
2805 4164 2915 4204 non
2936 4147 3109 4204 habet
3130 4146 3451 4219 voluptates
3475 4164 3637 4213 suas,
3656 4149 3828 4204 unde

2099 4235 2332 4303 dicitur,
2365 4236 2505 4292 Filii
2533 4245 2717 4292 autem
2747 4239 3031 4293 hominum
3051 4241 3147 4293 sub
3167 4239 3411 4306 tegmine
3440 4237 3659 4294 alarum
3685 4242 3828 4295 tua-

2097 4343 2221 4381 rum
2243 4327 2535 4398 sperabunt
2554 4344 2572 4382 :
2593 4327 3015 4382 inebriabuntur
3031 4327 3095 4382 ab
3119 4328 3364 4382 ubertate
3387 4326 3574 4382 domus
3598 4333 3744 4395 tum,
3769 4335 3825 4384 et

2094 4423 2332 4473 torrente
2355 4415 2651 4487 voluptatis
2684 4423 2790 4471 tua:
2819 4418 3030 4488 potabis
3062 4432 3146 4473 eos
3162 4435 3180 4481 ;
3204 4419 3466 4488 quoniam
3488 4416 3633 4488 apud
3656 4421 3714 4472 te
3737 4421 3824 4473 est

2091 4509 2214 4576 fons
2237 4507 2381 4572 vitae,
2399 4512 2451 4560 et
2473 4504 2533 4560 in
2560 4505 2773 4560 lumine
2793 4510 2882 4562 tuo
2901 4507 3208 4562 videbimus
3233 4505 3421 4561 lumen
3441 4505 3610 4576 (Psal.
3629 4523 3818 4574 xxxv,

2091 4596 2290 4668 8-10)?
2315 4602 2398 4652 Da
2427 4601 2744 4667 amantem,
2778 4603 2833 4654 et
2873 4598 3049 4654 sentit
3092 4597 3244 4670 quod
3285 4597 3434 4653 dico.
3471 4597 3552 4653 Da
3581 4596 3823 4654 deside-

2093 4690 2342 4758 rantem,
2370 4687 2443 4742 da
2464 4687 2820 4744 esurientem
2848 4688 2891 4756 ³,
2917 4688 2988 4744 da
3005 4688 3063 4743 in
3084 4688 3195 4743 ista
3216 4686 3531 4744 solitudine
3554 4689 3821 4762 peregri-

2092 4781 2328 4834 nantem
2349 4781 2523 4849 atque
2551 4777 2863 4846 sitientem,
2886 4782 2941 4835 et
2965 4779 3178 4834 fontem
3204 4785 3426 4833 mternas
3459 4779 3656 4850 patrias
3705 4797 3819 4837 su-

2092 4868 2409 4941 spirantem
2429 4867 2789 4935 :datalem,et
2802 4868 3063 4940 scitquid
3081 4867 3360 4924 dicam.Si
3378 4872 3568 4924 autem
3589 4869 3815 4942 frigido

2087 4957 2314 5030 loquor,
2334 4958 2521 5014 nescit
2542 4957 2682 5030 quid
2703 4957 2925 5029 loquor.
2949 4957 3114 5015 Tales
3136 4961 3299 5014 erant
3319 4958 3415 5014 isti
3441 4959 3537 5030 qui
3559 4959 3814 5017 invicem

2087 5049 2557 5105 murmurabant.
2582 5049 3576 5122 Pater,inquit,quemtraxerit,venit
3601 5053 3812 5112 adme.

2152 5139 2206 5194 5.
2243 5138 2390 5206 Quid
2423 5142 2512 5195 est
2540 5143 2754 5208 autem,
2787 5143 2951 5196 Pater
2976 5157 3132 5212 quem
3182 5141 3451 5211 traxerit,
3485 5155 3617 5196 cum
3669 5142 3810 5214 ipse

2086 5228 2352 5286 Christus
2375 5228 2616 5284 trahat?
2636 5229 2821 5293 Quare
2843 5229 3024 5286 voluit
3044 5231 3253 5298 dicere,
3277 5235 3443 5286 Pater
3462 5247 3623 5302 quem
3672 5235 3806 5288 tra-

2154 5386 2168 5421 ¹
2196 5385 2320 5434 Mss.
2342 5386 2554 5447 plures:
2584 5384 2764 5435 Nolite
2798 5386 3027 5447 cogitare
3056 5383 3278 5434 invitum
3309 5385 3454 5435 trahi
3487 5385 3732 5436 invitum.

2150 5448 2440 5520 {Plerique
2463 5450 2619 5522 _Mss.,_
2661 5450 2734 5522 da
2766 5450 3083 5522 fermentata.
3131 5450 3400 5522 Pauloque
3424 5454 3550 5522 .post
3580 5461 3804 5522 omnesz

2085 5511 2308 5623 (Iamisaoi
2332 5510 2512 5568 nescit,
2536 5511 2733 5563 habent
2763 5512 2839 5562 ita
2870 5524 2884 5561 :
2917 5510 2978 5561 Si
2997 5517 3166 5562 autem
3192 5510 3395 5576 frigido
3415 5510 3609 5577 loquor,
3655 5511 3808 5576 quid

2107 5587 2268 5638 oquor
