4146 6186
357 215 506 274 1611

347 352 557 402 acterna
579 349 821 402 mortem
856 343 1197 414 assumpsit,
1229 343 1347 397 vita
1390 345 1602 396 aeterna
1642 338 1785 396 mori
1830 336 2042 405 voluit;

346 441 447 496 sed
480 441 550 495 de
582 443 838 505 tuo,non
866 437 935 492 de
959 450 1102 490 suo:
1141 432 1362 503 accepit
1385 449 1416 486 a
1458 437 1532 500 te,
1574 429 1670 486 ubi
1728 431 2051 484 moreretur

359 547 458 601 pro
493 534 569 584 te.
599 530 684 584 Ab
719 526 1055 582 hominibus
1089 524 1243 578 enim
1287 537 1520 577 carnem
1572 519 1913 589 assumpsit,
1947 517 2047 572 sed

351 635 465 673 non
501 633 657 673 more
688 615 1007 672 hominum.
1047 612 1190 669 Nam
1234 613 1462 664 Patrem
1504 608 1726 663 habens
1773 606 1831 662 in
1883 605 2047 671 C(BIO,

347 714 586 764 matrem
620 705 791 777 elegit
821 706 879 758 in
911 705 1175 770 tcrra;et
1219 698 1339 754 illic
1376 705 1547 754 natus
1588 695 1712 752 sine
1757 699 1960 757 matre,
1992 698 2050 749 et

345 797 439 852 hic
463 797 588 853 sine
611 795 794 851 Patre.
836 791 1163 861 Assumpsit
1204 804 1339 860 ergo
1375 787 1489 841 vita
1531 790 1795 850 mortem,
1830 785 1893 838 ut
1934 783 2051 837 vita

341 888 629 944 occideret
660 889 925 940 mortem.
961 886 1102 934 Nam
1136 881 1229 950 qui
1257 881 1316 931 in
1347 893 1431 932 me
1460 875 1646 942 credit,
1703 873 1912 944 inquit,
1948 871 2048 926 ha-

341 978 426 1033 bet
455 979 628 1032 vitam
656 982 920 1029 zternam
951 988 968 1026 :
1003 986 1116 1025 non
1141 969 1288 1038 quod
1321 971 1494 1037 patet,
1535 965 1634 1020 sed
1677 961 1829 1034 quod
1882 961 2044 1016 latet.

339 1067 464 1121 Vita
479 1066 633 1121 enim
651 1068 863 1118 aeterna
881 1061 1104 1117 Verbum
1120 1077 1138 1113 :
1154 1060 1209 1113 in
1229 1057 1509 1129 principio
1536 1063 1656 1109 erat
1688 1051 1830 1124 apud
1858 1053 2045 1118 Deum,

334 1161 387 1212 et
422 1157 558 1210 Deus
584 1159 704 1210 erat
731 1152 957 1208 Verbum
979 1159 1027 1205 et
1077 1153 1184 1203 vita
1231 1155 1352 1205 erat
1399 1147 1498 1200 tua:
1547 1146 1830 1200 hominum
1878 1141 2042 1210 (Ibid.

337 1249 391 1313 2,
426 1246 500 1316 4).
531 1247 655 1315 [pse
676 1245 791 1297 vita
821 1246 1053 1304 aeterna,
1080 1239 1235 1294 dedit
1257 1242 1311 1291 et
1332 1235 1491 1290 carni
1538 1239 1819 1301 susceptae
1870 1230 2044 1283 vitam

352 1337 648 1389 (sternam.
684 1332 822 1387 Mori
857 1329 1033 1393 venit,
1070 1329 1167 1383 sed
1203 1325 1295 1381 die
1328 1325 1495 1380 tertio
1527 1320 1854 1376 resurrexit.
1892 1320 2046 1374 Inter

343 1423 595 1478 Verbum
647 1420 998 1490 suscipiens,
1032 1422 1089 1473 et
1136 1430 1367 1472 carnem
1418 1418 1835 1483 resurgentem,
1887 1425 2043 1477 mors

345 1512 538 1567 media
566 1513 911 1580 consumpta
941 1512 1047 1562 est.

403 1601 490 1654 ll.
528 1601 630 1668 Ego
660 1613 802 1665 sum,
838 1593 1050 1666 inquit,
1082 1595 1246 1665 panis
1271 1595 1418 1648 vitm.
1447 1592 1514 1646 Et
1545 1589 1698 1645 unde
1723 1588 1801 1644 illi
1836 1601 2038 1659 super-

333 1687 823 1743 biebant?Patres
873 1687 1056 1752 vestri,
1098 1683 1306 1754 inquit,
1332 1679 1805 1736 manducaverunt
1841 1679 1898 1732 in
1937 1677 2040 1731 de-

329 1787 470 1834 serto
502 1794 729 1846 manna,
760 1785 810 1832 et
828 1776 1032 1831 mortui
1051 1780 1201 1829 sunt.
1225 1772 1371 1835 Quid
1396 1779 1480 1826 est
1503 1770 1655 1825 unde
1682 1765 2038 1839 superbitis?

325 1868 791 1923 Manducaverunt
823 1882 1055 1930 manna,
1090 1868 1139 1919 et
1161 1864 1368 1916 mortui
1397 1868 1542 1915 sunt.
1578 1860 1763 1922 Quare
1787 1857 2034 1911 mandu-

325 1961 620 2022 caverunt,
653 1961 708 2011 et
740 1955 946 2010 mortui
984 1952 1167 2007 sunt?
1196 1950 1342 2016 Quia
1379 1949 1535 2019 quod
1581 1947 1875 2006 videbant,
1907 1959 2032 1999 cre-

331 2047 546 2103 debant
580 2063 592 2100 :
627 2046 779 2116 quod
815 2061 928 2098 non
961 2042 1251 2100 videbant,
1289 2056 1403 2094 non
1444 2035 1868 2108 intelligebant.
1903 2034 2032 2089 Ideo

328 2142 519 2208 patres
541 2133 737 2199 vestri,
763 2131 899 2202 quia
929 2130 1151 2185 similes
1172 2129 1310 2184 estis
1334 2127 1567 2181 illorum
1595 2129 1638 2181 ¹.
1673 2128 1815 2178 Nam
1849 2137 2029 2192 quan-

324 2231 449 2280 tum
477 2221 744 2294 pertinet,
770 2223 973 2276 fratres
998 2220 1127 2286 mei,
1154 2218 1226 2274 ad
1250 2221 1497 2273 mortem
1531 2216 1703 2270 istam
1740 2211 2029 2268 visibilem

323 2320 380 2371 et
412 2311 789 2384 corporalem,
814 2309 1102 2380 numquid
1129 2325 1234 2362 nos
1262 2324 1374 2361 non
1402 2305 1678 2361 morimur
1719 2302 1819 2375 qui
1871 2317 2030 2356 man-

327 2405 613 2458 ducamus
646 2416 853 2473 panem
905 2399 974 2455 de
1023 2397 1165 2453 coelo
1207 2391 1702 2451 descendentem?
1751 2391 1844 2447 Sic
1891 2393 2032 2447 sunt

321 2491 533 2548 mortui
558 2495 615 2547 et
644 2490 749 2558 illi,
784 2487 1280 2560 quemadmodum
1334 2501 1438 2539 nos
1470 2500 1675 2538 sumus
1725 2481 2027 2548 morituri;

326 2584 609 2652 quantum
635 2580 858 2644 attinet,
895 2581 960 2631 ut
998 2575 1136 2642 dixi,
1163 2577 1228 2629 ad
1273 2577 1520 2628 mortem
1556 2572 1728 2641 hujus
1777 2570 2032 2641 corporis

333 2668 617 2724 visibilem
643 2671 817 2737 atque
849 2663 1160 2720 carnalem.
1202 2664 1497 2726 Quantum
1544 2665 1737 2716 autem
1784 2661 2034 2730 pertinet

326 2761 396 2815 ad
431 2757 592 2813 illam
626 2763 894 2820 mortem,
923 2754 992 2808 de
1023 2770 1140 2824 qua
1170 2756 1342 2807 terret
1371 2750 1680 2816 Dominus,
1714 2765 1830 2821 qua
1883 2765 2032 2804 mor-

329 2850 456 2905 tuis
469 2854 571 2904 unt
586 2852 772 2919 patres
788 2846 1031 2902 istorum
1047 2861 1061 2911 ;
1082 2843 1452 2899 manducavit
1471 2858 1686 2896 manna
1701 2845 1758 2895 et
1786 2843 2030 2911 Moyses,

329 2933 703 2994 manducavit
733 2949 948 2990 nianna
978 2937 1035 2989 et
1081 2934 1290 3002 Aaron,
1325 2930 1703 2986 manducavit
1734 2945 1948 2986 manna
1977 2933 2033 2984 et

326 3031 595 3096 Pbinees,
629 3027 1126 3083 manducaverunt
1156 3023 1236 3079 ibi
1270 3022 1441 3078 multi
1474 3021 1574 3093 qui
1618 3022 1864 3078 Domino
1916 3021 2034 3092 pla-

330 3121 588 3187 ouerunt,
611 3122 667 3174 et
691 3116 900 3171 mortui
930 3131 1044 3170 non
1069 3121 1223 3170 sunt.
1265 3114 1452 3179 Quare
1478 3111 1505 3165 ‘P
1551 3112 1693 3176 Quia
1741 3109 2031 3166 visibilem

329 3210 524 3265 cibum
553 3206 936 3280 spiritualiter
956 3203 1378 3269 intellexerunt,
1405 3203 1789 3274 spiritualiter
1809 3202 2032 3258 esurie-

331 3303 487 3367 runt,
522 3296 900 3368 Spiritualitcr
921 3300 1324 3367 gustavcrunt,
1350 3298 1414 3348 ut
1435 3292 1820 3365 spiritualiter
1851 3293 2030 3348 satia-

329 3393 548 3445 rentur.
567 3389 709 3443 Nam
733 3391 789 3443 et
811 3403 913 3442 nos
937 3384 1109 3441 hodie
1132 3384 1465 3454 accepimus
1488 3381 1768 3437 visibilem
1793 3382 1988 3437 cibum
2015 3400 2028 3438 :

259 3475 286 3563 θ
325 3480 425 3534 sed
452 3477 611 3533 aliud
631 3481 716 3533 est
736 3477 1199 3542 Sacramentum,
1233 3472 1388 3528 aliud
1429 3473 1613 3527 virtus
1645 3471 2028 3542 Sacramenti.

329 3569 511 3634 Quam
539 3566 710 3622 multi
735 3564 804 3620 de
827 3564 996 3619 altari
1022 3563 1320 3633 accipiunt
1341 3566 1398 3617 et
1421 3561 1768 3630 moriuntur,
1796 3565 1851 3617 et
1879 3561 2028 3616 acci-

331 3659 540 3730 piendo
566 3653 945 3711 moriuntur?
996 3651 1158 3707 Unde
1207 3651 1347 3706 dicit
1393 3643 1725 3722 Apostolus,
1756 3649 2031 3705 Iudicium

326 3749 430 3804 sibi
460 3747 755 3801 manducat
784 3751 833 3797 et
857 3743 989 3796 bibit
1020 3742 1065 3812 (ἰ
1099 3742 1219 3795 Cor.
1252 3757 1326 3804 ιιι,
1357 3740 1470 3810 29).
1518 3739 1639 3796 Non
1690 3739 1845 3794 enim
1898 3740 2033 3793 huc.

327 3837 472 3891 cella
497 3833 794 3889 Dominica
821 3845 1106 3886 venenum
1142 3828 1428 3884 fuitJudte
1448 3828 1488 3883 ³.
1521 3828 1586 3882 Et
1635 3833 1831 3883 tamen
1871 3844 2030 3882 acce-

332 3924 435 3995 pit,
469 3930 679 3977 etcum
707 3919 947 3988 accepit,
977 3919 1034 3972 in
1087 3933 1220 3973 eum
1273 3916 1548 3972 inimicus
1597 3917 1834 3972 intravit
1867 3933 1880 3970 :
1916 3933 2030 3971 non

330 4012 468 4085 quia
499 4006 714 4065 malum
767 4004 1004 4075 accepit,
1039 4005 1136 4059 sed
1189 4003 1324 4074 quia
1372 4003 1590 4059 bonum
1645 4006 1793 4061 male
1842 4006 2031 4062 malus

329 4100 571 4172 accepit.
599 4097 794 4155 Videte
815 4110 974 4166 ergo,
1009 4094 1234 4156 fratres,
1269 4108 1478 4163 panem
1521 4093 1811 4150 caelestem
1852 4095 2028 4165 spiri-

331 4189 568 4247 tualiter
589 4186 959 4247 manducata,
983 4182 1375 4238 innocentiam
1401 4182 1470 4236 ad
1495 4182 1671 4238 altare
1703 4189 2021 4256 apportata.

325 4286 569 4339 Peccata
598 4277 704 4335 etsi
739 4279 878 4334 sunt
907 4273 1280 4346 quotlidiana,
1313 4271 1397 4328 vel
1428 4288 1544 4328 non
1569 4273 1683 4329 sint
1706 4275 2021 4330 mortifera.

324 4375 647 4442 Antequam
674 4368 740 4422 ad
763 4361 940 4420 altare
962 4361 1273 4427 accedatis,
1298 4362 1580 4418 attendite
1602 4363 1744 4434 quid
1777 4364 1983 4419 dicatis
2011 4382 2023 4419 :

1352 208 1432 268 IN
1474 207 1792 270 JOANNIS
1841 203 2371 273 EVANGELIUM,
2419 201 2482 261 S.
2538 203 2963 265 AUGUSTINI

3713 213 3868 272 1612

2163 350 2296 389 rum
2330 333 2374 398 ί,
2401 333 2457 388 id
2492 338 2598 401 est,
2636 335 2774 390 mali
2807 343 2998 407 patres
3037 338 3344 410 malorum,
3370 342 3635 398 inlldeles
3677 350 3868 413 patres

2162 422 2505 491 inﬁdelium,
2560 433 3022 484 murmuratores
3093 435 3282 501 patres
3344 439 3866 491 murmuratorum.

2165 512 2308 568 Nam
2325 513 2394 568 de
2409 513 2638 570 nullare
2655 517 2840 588 magis
2854 517 3164 574 Dominum
3182 521 3868 596 uﬁendisseillepopulus

2161 604 2351 658 dictus
2379 607 2486 672 est,
2529 621 2707 676 quam
2739 613 2943 663 contra
2977 610 3152 664 Deum
3187 613 3631 668 murmurando.
3657 615 3790 670 Ideo
3814 622 3868 669 et

2161 693 2440 748 Dominus
2463 710 2562 750 eos
2584 697 2785 753 volens
2807 699 3108 754 ostendere
3139 699 3345 754 talium
3399 701 3572 768 ﬁlios,
3609 703 3740 758 hinc
3791 705 3866 759 ad

2159 797 2255 837 eos
2277 784 2485 853 coepit:
2521 786 2663 853 Quid
2693 791 3050 843 murmuratis
3093 792 3148 842 in
3194 792 3446 860 invicem,
3481 799 3868 848 murmurato-

2160 889 2273 939 res,
2305 874 2405 928 ﬁlii
2439 883 2931 934 murmuratorum
2955 878 2982 933 ‘2
3013 883 3202 936 Patres
3230 884 3399 937 vestri
3447 899 3655 938 manna
3708 900 3872 938 man--

2158 961 2514 1032 duraverunt,
2559 970 2610 1020 et
2653 969 2861 1023 mortui
2905 975 3084 1024 sunt:
3118 986 3229 1026 non
3281 973 3419 1043 quia
3470 971 3691 1028 malum
3743 980 3866 1029 erat

2159 1067 2394 1119 manna,
2431 1055 2530 1109 sed
2564 1056 2704 1126 quia
2736 1058 2885 1113 male
2908 1060 3419 1117 manducaverunt.

2232 1146 2316 1197 t2.
2353 1145 2448 1199 Hic
2475 1149 2553 1199 est
2581 1149 2741 1209 panis
2786 1150 2881 1218 qui
2919 1149 2984 1204 de
3031 1151 3163 1205 caelo
3211 1150 3504 1208 descendit.
3551 1153 3714 1208 Hunc
3755 1171 3865 1224 pa-

2158 1247 2290 1285 nem
2342 1233 2693 1302 signiﬁcavit
2758 1253 2990 1304 manna,
3044 1238 3200 1294 hunc
3259 1257 3465 1311 panem
3515 1243 3868 1314 signiﬁcavit

2156 1320 2460 1377 altare-Dei
2496 1324 2538 1377 ³.
2573 1324 2950 1382 Sacramenta
2981 1326 3081 1382 illa
3113 1330 3344 1386 fuerunt
3380 1347 3392 1386 :
3438 1331 3492 1384 in
3539 1332 3724 1402 signis
3773 1332 3863 1387 di-

2155 1425 2316 1465 versa
2352 1416 2527 1481 sunt;
2560 1414 2616 1468 in
2653 1430 2711 1468 re
2741 1431 2870 1486 qua:
2914 1416 3280 1487 signiﬁcatur
3327 1421 3485 1490 paria
3523 1426 3680 1476 sunt.
3714 1423 3864 1492 Apo-

2153 1498 2364 1554 stolum
2398 1501 2530 1556 audi
2565 1519 2576 1555 :
2613 1503 2745 1558 Noto
2775 1507 2921 1560 enim
2955 1521 3064 1572 vos,
3090 1507 3298 1578 inquit,
3326 1512 3601 1579 ignorare,
3632 1512 3856 1580 fratres,

2150 1590 2282 1658 quia
2306 1594 2491 1660 patres
2533 1596 2709 1646 nostri
2739 1609 2923 1650 omnes
2971 1597 3067 1650 sub
3117 1600 3259 1652 nube
3300 1601 3549 1668 fuerunt,
3577 1607 3627 1654 et
3669 1617 3860 1656 omnes

2149 1694 2302 1733 mare
2331 1681 2692 1748 transierunt,
2720 1691 2770 1738 et
2807 1699 2991 1740 omnes
3032 1686 3092 1739 in
3139 1686 3347 1758 Moysen
3373 1690 3392 1722 ³
3426 1689 3691 1759 baptizati
3731 1692 3861 1744 sunt

2149 1765 2209 1820 in
2240 1769 2382 1822 nube
2411 1773 2462 1822 et
2493 1771 2550 1823 in
2581 1773 2746 1839 mari,
2787 1779 2839 1827 et
2857 1790 3040 1828 omnes
3077 1777 3323 1831 eamdem
3367 1794 3543 1833 escam
3591 1781 3862 1849 spiritua-

2147 1857 2255 1911 lem
2283 1859 2771 1916 manducaverunt.
2794 1863 3162 1932 Spiritualem
3190 1867 3855 1938 utiqueeamdem;nam

2145 1948 2505 2017 corporalem
2565 1949 2825 2017 alteram,
2878 1955 3014 2022 quia
3073 1954 3152 2009 illi
3201 1972 3434 2023 manus,
3488 1975 3593 2013 nos
3642 1958 3854 2014 aliud:

2144 2034 2509 2104 spiritualem
2543 2053 2698 2108 vero,
2732 2055 2904 2109 quam
2941 2057 3066 2097 nos.
3103 2043 3211 2097 Sed
3265 2049 3455 2115 patres
3497 2045 3700 2114 nostri,
3735 2064 3853 2101 non

2145 2126 2337 2193 patres
2367 2124 2601 2182 illorum
2631 2143 2644 2182 :
2673 2129 2890 2198 quibus
2916 2147 3018 2185 nos
3061 2131 3284 2188 similes
3320 2151 3545 2201 sumus,
3569 2153 3677 2191 non
3717 2138 3852 2206 qui-

2143 2212 2352 2268 busilli
2375 2214 2596 2273 similes
2631 2218 2884 2273 fuerunt.
2919 2219 2986 2274 Et
3013 2221 3281 2292 adjungit
3315 2239 3328 2276 :
3358 2224 3419 2278 Et
3458 2242 3642 2280 omnes
3688 2243 3852 2279 eum-

2141 2299 2264 2356 dem
2301 2313 2490 2374 potum
2519 2307 2865 2375 spiritualem
2897 2308 3166 2364 biberunt.
3191 2311 3358 2366 Aliud
3393 2313 3499 2379 illi,
3525 2313 3680 2369 aliud
3706 2330 3814 2370 nos
3842 2333 3858 2382 ;

2145 2392 2244 2446 sed
2269 2393 2462 2464 specie
2487 2395 2721 2465 visibili,
2746 2397 2902 2467 quod
2928 2409 3116 2454 tamen
3145 2400 3249 2455 hoc
3291 2401 3443 2457 idem
3495 2403 3863 2475 signiﬁcaret

2144 2480 2357 2536 virtute
2387 2483 2674 2550 spirituali
2705 2487 2745 2540 ‘.
2780 2488 3073 2551 Quomodo
3119 2490 3276 2544 enim
3325 2491 3565 2546 eumdem
3623 2501 3812 2564 potum
3837 2496 3868 2546 Σ)

2142 2571 2432 2640 Bibebant,
2467 2574 2675 2646 inquit,
2707 2576 2773 2630 de
2821 2579 3108 2648 spirituali
3153 2588 3412 2650 sequente
3457 2586 3614 2650 petra
3647 2601 3663 2636 :
3693 2589 3864 2654 petra

2143 2670 2326 2716 autem
2356 2671 2477 2716 erat
2508 2663 2755 2719 Christus
2787 2667 2831 2735 (Ι
2859 2666 2982 2722 Cor.
3028 2685 3082 2736 x,
3132 2669 3274 2740 1-4).
3327 2671 3464 2726 Indo
3503 2673 3688 2741 panis,
3721 2673 3863 2729 inde

2144 2754 2340 2819 potus.
2381 2752 2555 2806 Petra
2605 2755 2872 2810 Christus
2921 2756 2980 2810 in
3025 2759 3214 2829 signo,
3265 2776 3437 2815 verus
3484 2761 3746 2816 Christus
3791 2763 3856 2817 in

2145 2837 2334 2893 Verbo
2364 2845 2420 2894 et
2452 2841 2509 2896 in
2543 2845 2810 2900 carne.Et
2858 2849 3150 2916 quomodo
3200 2849 3521 2905 biberunt?
3566 2852 3858 2906 Percussa

2142 2931 2233 2983 est
2265 2933 2423 2999 petra
2454 2930 2524 2985 de
2554 2931 2715 3003 virga
2759 2933 2844 2990 bis
2891 2937 3077 3004 (Num.
3121 2952 3214 3002 xx,
3263 2939 3395 3009 ll):
3444 2941 3675 3009 gemina
3725 2957 3865 3006 per-

2144 3017 2360 3084 cussio,
2395 3019 2510 3076 duo
2541 3021 2701 3092 ligna
2723 3025 2909 3080 crucis
2934 3026 3246 3092 signiﬁcat.
3272 3027 3371 3083 Hic
3395 3038 3469 3083 est
3510 3046 3647 3101 ergo
3695 3046 3866 3101 panis

2141 3103 2208 3160 de
2229 3107 2358 3161 caelo
2388 3108 2734 3180 descendens,
2779 3121 2835 3168 ut
2880 3116 2932 3169 si
2979 3118 3100 3186 quis
3141 3117 3554 3174 manducauerit
3602 3136 3673 3175 ex
3717 3122 3864 3192 ipso,

2141 3209 2250 3248 non
2274 3199 2563 3254 moriatur.
2598 3201 2707 3254 Sed
2742 3203 2896 3272 quod
2933 3205 3180 3274 pertinet
3211 3208 3282 3261 ad
3327 3207 3604 3263 virtutem
3654 3210 3871 3264 Sacra-

2143 3286 2346 3352 menti,
2373 3303 2486 3342 non
2515 3289 2668 3358 quod
2703 3292 2949 3360 pertinet
2989 3295 3059 3348 ad
3102 3294 3330 3352 visibile
3367 3298 3801 3354 Sacramentum
3846 3317 3864 3357 :

2143 3375 2242 3445 qui
2269 3378 2779 3448 manducatintus,
2807 3399 2918 3437 non
2945 3383 3110 3454 foris;
3139 3386 3236 3456 qui
3255 3389 3642 3444 manducatin
3657 3391 3864 3457 corde,

2143 3479 2255 3519 non
2289 3465 2388 3536 qui
2424 3469 2632 3537 premit
2661 3470 2852 3526 dente.

2217 3557 2308 3611 13.
2350 3557 2454 3627 Ego
2476 3575 2597 3614 sum
2627 3563 2786 3629 panis
2818 3565 2987 3630 vivus,
3011 3567 3110 3634 qui
3129 3565 3193 3621 de
3231 3567 3360 3623 creto
3408 3567 3682 3624 descendi.
3717 3571 3867 3628 Ideo

2142 3645 2326 3714 vivus,
2360 3649 2493 3717 quia
2519 3651 2589 3705 de
2621 3653 2763 3707 cmlo
2816 3655 3109 3712 descendi.
3148 3657 3223 3712 De
3271 3658 3412 3714 ccelo
3463 3660 3760 3715 descendit
3808 3667 3879 3718 et

2145 3751 2355 3790 mimna
2391 3755 2402 3791 :
2438 3740 2535 3794 sed
2572 3756 2784 3798 manna
2815 3745 3019 3800 umbra
3051 3752 3193 3816 erat,
3236 3747 3344 3804 iste
3394 3751 3600 3805 veritas
3657 3761 3762 3807 est.
3801 3755 3878 3809 Si

2143 3824 2263 3894 quis
2291 3827 2702 3886 manducauerit
2728 3848 2797 3887 ea:
2827 3833 2922 3889 hoc
2948 3851 3110 3905 pane,
3144 3837 3284 3893 vivet
3337 3841 3390 3893 iu
3445 3844 3716 3896 aeternum
3747 3858 3766 3895 :
3806 3847 3874 3896 τε

2137 3918 2303 3983 panis
2329 3932 2489 3987 quem
2518 3935 2614 3989 ego
2643 3922 2800 3988 dabo,
2833 3939 2958 3979 caro
2981 3942 3108 3981 mea
3139 3934 3222 3981 est
3243 3944 3343 3998 pro
3360 3928 3553 3984 mundi
3570 3931 3706 3986 vita.
3734 3931 3869 3986 Hoc

2139 4006 2366 4072 quando
2413 4017 2637 4078 caperet
2688 4028 2840 4079 caro,
2882 4016 3032 4085 quod
3078 4015 3222 4072 dixit
3273 4035 3500 4088 panem,
3562 4022 3866 4077 carnem?

2139 4093 2386 4149 Vocatur
2417 4113 2569 4165 caro,
2602 4102 2752 4169 quod
2788 4119 2903 4158 non
2949 4106 3106 4174 capit
3135 4122 3267 4162 caro
3321 4123 3334 4162 :
3385 4113 3442 4162 et
3489 4108 3617 4164 ideo
3667 4111 3877 4180 magis

2138 4199 2250 4237 non
2285 4185 2438 4254 capit
2467 4202 2621 4254 caro,
2652 4191 2790 4260 quia
2820 4199 3060 4248 vocatur
3086 4212 3235 4252 caro.
3272 4197 3389 4253 Hoc
3431 4197 3583 4252 enim
3637 4200 3875 4257 exhor-

2137 4279 2397 4342 ruerunt,
2428 4275 2533 4333 hoc
2558 4279 2627 4333 ad
2665 4297 2725 4335 se
2769 4283 3018 4339 multum
3063 4302 3189 4341 esse
3229 4287 3517 4358 dixerunt,
3570 4289 3679 4344 hoc
3729 4308 3874 4349 non

2138 4377 2306 4432 posse
2331 4363 2450 4418 ﬁeri
2476 4371 2839 4435 putaverunt.
2867 4371 3006 4427 Caro
3031 4391 3149 4430 mea
3173 4385 3272 4445 est,
3297 4376 3508 4449 inquit,
3527 4393 3629 4448 pro
3650 4381 3884 4436 mundi

321 4463 546 4518 Dimitte
565 4459 718 4516 nobis
748 4456 928 4512 debita
951 4456 1156 4522 nostra,
1188 4455 1331 4509 sicut
1353 4460 1406 4508 et
1438 4470 1534 4511 nos
1564 4454 1890 4510 dimittimus
1930 4456 2028 4509 de-
2084 4454 2106 4519 Ι
2135 4453 2270 4504 vita.
2305 4455 2530 4509 Norunt
2554 4456 2752 4512 ﬁdeles
2779 4476 2989 4531 corpus
3023 4462 3256 4531 Christi,
3281 4465 3330 4520 si
3372 4481 3579 4536 corpus
3629 4467 3876 4525 Christi

319 4553 588 4608 bitoribus
619 4549 816 4603 nostris
847 4543 1062 4618 (Matth.
1097 4560 1171 4609 v1,
1208 4544 1316 4612 12).
1369 4544 1648 4611 Dimittis,
1699 4545 2029 4600 dimittetur

322 4641 426 4696 tibi
462 4657 475 4694 :
511 4653 750 4695 securus
778 4634 1004 4698 accede,
1047 4634 1210 4704 panis
1259 4638 1365 4703 est,
1412 4651 1523 4689 non
1573 4649 1882 4692 venenum.
1917 4635 2024 4692 Sed

323 4731 447 4786 vide
469 4728 517 4783 si
549 4724 846 4781 dimittis:
891 4739 1027 4778 nam
1079 4721 1127 4776 si
1176 4737 1292 4778 non
1343 4723 1608 4791 dimittis,
1663 4725 1948 4793 mentiris,
1973 4734 2030 4784 et

317 4821 368 4878 ei
394 4815 682 4881 mentiris,
707 4827 881 4885 quem
906 4827 1018 4866 non
1044 4810 1212 4865 fallis.
1239 4811 1465 4866 Mentiri
1503 4813 1613 4868 Deo
1638 4819 1822 4884 potes,
1846 4815 2025 4873 Deum

315 4911 513 4969 fallere
541 4921 654 4964 non
680 4906 861 4973 potes.
895 4899 1060 4955 Novit
1092 4899 1187 4956 ille
1208 4899 1349 4970 quid
1392 4901 1585 4972 αδδεδ,
1640 4903 1800 4959 Intus
1849 4911 1902 4962 te
1951 4910 2029 4963 vi.

313 5007 431 5071 det,
464 5001 624 5056 intus
656 5001 710 5052 te
741 4992 1056 5063 examinat,
1091 4990 1249 5047 intus
1298 4991 1556 5062 inspicit,
1591 4993 1752 5050 intus
1773 4995 2027 5066 judicat,

314 5097 472 5152 intus
504 5091 602 5146 aut
643 5086 905 5152 damnat,
939 5084 1038 5138 aut
1087 5083 1345 5138 coronat.
1399 5083 1594 5137 Patres
1642 5088 1834 5141 autem
1885 5088 2028 5146 isto-

369 5237 504 5288 IHic
534 5237 584 5284 in
621 5233 804 5284 decem
832 5230 954 5279 Mss.
984 5227 1218 5289 additur,
1254 5229 1304 5276 et
1351 5226 1646 5291 inﬁdelium
1675 5229 1913 5293 ﬁliorum
1943 5239 2025 5285 in-

312 5301 492 5371 asiae:
516 5303 710 5371 ηςιιτεεο

353 5363 374 5396 2
397 5363 481 5410 Sic
527 5359 658 5409 Bad.
711 5361 824 5408 Am.
861 5360 909 5404 et
945 5367 1132 5404 omnes
1186 5355 1307 5404 Mss.
1360 5355 1424 5405 At
1457 5356 1544 5405 Er.
1578 5359 1629 5404 et
1662 5357 1807 5414 Lov.,
1841 5357 2022 5409 Nonne

286 5422 523 5531 ἐμποιῇτί
556 5421 820 5469 Damim‘ca
853 5433 1095 5466 venenum
1120 5418 1225 5481 fuit
1259 5417 1320 5466 Ju
1339 5417 1415 5467 de
1437 5416 1463 5466 Ρ
1494 5419 1624 5470 Vide
1655 5421 2019 5483 supra,Tract.

328 5525 340 5531 -
380 5500 432 5531 n-
500 5498 566 5531 ἱ).

289 5489 580 5598 δὀῃὲιέῡεὶ
611 5543 752 5599 Lov.,
785 5555 909 5604 agas
931 5557 947 5589 :
974 5543 1384 5604 refragantibus
1416 5545 1571 5596 editis
1605 5547 1717 5597 aliis
1749 5551 1802 5596 et
1831 5545 1954 5600 Mss.

2137 4555 2264 4595 esse
2316 4557 2431 4596 non
2493 4546 2808 4617 negligant.
2872 4551 3038 4606 Fiant
3096 4570 3305 4622 corpus
3362 4555 3592 4623 Christi,
3638 4557 3688 4611 si
3739 4574 3882 4616 vo—

2138 4628 2263 4684 lunt
2319 4630 2505 4730 vivere
2664 4637 2880 4706 Spiritu
2927 4641 3159 4697 Christi.
3208 4643 3289 4699 De
3360 4645 3563 4714 spiritu
3625 4645 3877 4705 Christi

2139 4734 2251 4774 non
2302 4729 2454 4788 VlVll,
2516 4729 2625 4778 nisi
2687 4742 2891 4800 corpus
2939 4731 3150 4786 Christi
3211 4732 3251 4785 ⁵.
3324 4732 3649 4805 lntelligite,
3723 4734 3884 4792 ira“

2202 4867 2526 4948 igrshugd:
2566 4872 2700 4923 Ven.
2723 4880 2787 4946 .et
2816 4878 2945 4948 EGV.
2973 4894 3086 4948 pro,
3123 4882 3314 4948 autem,
3339 4882 3534 4934 ferunt.
3569 4895 3710 4942 ergo.
3786 4885 3883 4936 Μ.

2204 4929 2374 5005 Egisti,
2394 4929 2653 5005 pl‘erique,
2686 4938 2945 5005 signiﬁcat
2973 4929 3155 4991 ’(ιίέἀνσ
3187 4945 3299 4992 Dei.

2150 5055 2160 5064 D
2199 4993 2753 5069 3.l§3diti,per1tloyscn'.'
2775 4993 2994 5069 Aliquot
3016 5006 3234 5069 Mss.,in
3254 5007 3446 5065 Moyse.
3465 5006 3560 5056 Alii
3586 5005 3889 5069 plerique,

2139 5055 2196 5132 in
2220 5055 2442 5132 diog/seu,
2471 5055 2623 5132 juxta
2651 5055 2902 5132 graecum,
2936 5067 3010 5114 eis
3041 5055 3365 5132 tdnr'Mdust’u
3386 5083 3403 5116 .°
3436 5055 3482 5132 id
3503 5055 3896 5132 ρεῑξβὴτῇοᾷδξ

2137 5120 2308 5195 εἰρφο
2339 5120 3034 5195 i'nterprete,'t/iarrésantes
3067 5130 3118 5178 td
3141 5127 3331 5182 Mduset
3366 5131 3561 5195 scilicet
3590 5120 3771 5195 Moys'i
3805 5120 3889 5184 Ii-

2137 5180 2322 5251 deutes
2351 5180 2758 5257 Israelitaefsuh
2792 5191 2931 5240 nube
2961 5197 3012 5240 et
3044 5207 3138 5257 per
3154 5207 3299 5243 mare
3319 5180 3878 5257 iteringressisup't.

2137 5257 2250 5318 ipso
2273 5252 2578 5318 praeeunte:
2609 5264 2667 5298 ac
2693 5252 2768 5300 sic
2799 5266 2912 5310 nos,
2947 5252 3120 5316 qui’in
3145 5257 3407 5305 Christum
3440 5252 3720 5305 credentes
3755 5252 3884 5310 ba;

2137 5309 2395 5379 pti'zamur
2426 5314 2835 5379 prmsignarunt.

2200 5369 2224 5446 ἦ
2242 5370 2326 5446 Sic
2357 5369 2444 5424 Er;
2465 5369 2629 5446 Lugd,
2653 5380 2706 5425 et
2721 5377 2870 5446 Ven?
2890 5377 2982 5427 sed
3005 5380 3170 5446 specie
3199 5381 3409 5446 visibiti
3428 5379 3643 5444 quidem
3667 5383 3890 5439 tamen

2136 5428 2230 5504 hoc
2250 5431 2396 5505 idem
2435 5428 2770 5505 signiﬁcante
2795 5428 2992 5505 virtute,
3014 5428 3320 5505 ἑρίνέιιέάὶέξ
3339 5428 3428 5496 ’Μ

2203 5496 2222 5526 δ
2247 5495 2450 5571 Omnes.
2474 5495 2617 5556 Mss,
2650 5503 2712 5551 de
2741 5503 2944 5566 Spiritu
2968 5495 3166 5556 Christi
3195 5521 3294 5559 non
3317 5495 3470 5567 vivet,
3498 5507 3606 5559 nisi
3633 5507 3709 5556 sit
3729 5510 3898 5561 Cor-

2129 5569 2238 5617 pus
2260 5558 2467 5610 Christi.
