4126 6194
251 217 382 274 1613

244 363 341 409 tres
394 352 515 414 mei,
558 351 699 421 quid
751 351 1016 407 dixerim.
1052 353 1234 410 Homo
1265 370 1347 425 es,
1382 360 1436 411 et
1486 356 1752 427 spiritum
1813 357 1913 413 ha-

240 445 346 507 bes,
377 451 422 496 et
455 458 659 512 corpus
712 441 913 495 habes.
947 443 1228 513 Spiritum
1261 444 1389 499 dico
1416 460 1545 515 quae
1578 447 1775 501 anima
1806 463 1912 503 vo-

239 538 400 597 catur,
434 548 540 602 qua
591 536 811 586 constat
844 535 995 602 quod
1032 534 1206 588 homo
1237 550 1297 588 es
1332 548 1345 591 :
1380 540 1613 591 constas
1660 537 1812 592 enim
1846 554 1911 592 ex

241 621 409 675 anima
435 631 487 676 et
515 637 773 691 corpore.
800 623 989 677 Habes
1014 622 1212 695 itaque
1237 624 1511 696 spiritum
1538 625 1908 694 invisibilem,

238 726 421 779 corpus
452 710 699 765 visibile.
735 710 835 766 Dic
868 712 1013 765 mihi
1038 713 1175 783 quid
1210 730 1277 768 ex
1307 731 1417 784 quo
1445 714 1589 771 vivat
1624 732 1635 771 :
1671 718 1911 787 spiritus

238 803 350 852 tuus
378 799 516 853 vivit
543 814 612 853 ex
646 815 881 869 corpore
906 804 1025 867 tuo,
1053 818 1124 857 an
1158 817 1367 874 corpus
1401 808 1566 859 tuum
1600 821 1665 860 ex
1698 806 1908 877 spiritu

232 887 356 942 tuo?
386 888 716 959 Respondet
744 891 937 945 omnis
971 891 1066 960 qui
1096 891 1233 946 vivit
1264 910 1277 947 :
1306 895 1406 965 qui
1439 899 1633 951 autem
1660 896 1765 951 hoc
1795 914 1908 953 non

230 983 393 1049 potest
445 982 811 1049 respondere,
858 983 1052 1037 nescio
1085 984 1134 1039 si
1183 983 1373 1053 vivit:
1425 986 1566 1057 quid
1600 989 1911 1060 respondet

228 1068 394 1124 omnis
416 1068 515 1140 qui
550 1070 732 1125 vivit?
752 1072 974 1143 Corpus
1006 1073 1209 1145 utique
1234 1090 1427 1130 meum
1450 1077 1589 1131 vivit
1610 1080 1676 1133 de
1696 1079 1905 1149 spiritu

228 1176 354 1215 meo.
393 1160 486 1215 Vis
520 1177 653 1233 ergo
686 1166 739 1219 et
764 1171 821 1218 tu
849 1164 1033 1220 vivere
1052 1164 1122 1220 de
1154 1167 1368 1237 Spiritu
1393 1167 1659 1224 Christi?
1692 1171 1750 1225 In
1785 1188 1907 1226 cor-

224 1266 341 1319 pore
369 1257 491 1305 esto
526 1252 759 1306 Christi.
791 1251 1085 1325 Numquid
1120 1256 1275 1311 enim
1309 1273 1517 1328 corpus
1541 1275 1732 1315 meum
1767 1262 1906 1317 vivit

225 1341 281 1395 de
306 1341 501 1411 spiritu
540 1343 683 1397 tuo?
713 1343 901 1398 Meum
935 1344 1075 1400 vivit
1126 1348 1195 1401 de
1224 1346 1434 1417 spiritu
1468 1364 1617 1418 meo,
1650 1353 1707 1405 et
1738 1355 1904 1407 tuum

222 1432 280 1484 de
332 1436 441 1485 tuo.
500 1432 626 1487 Non
660 1441 843 1503 potest
899 1434 1090 1491 vivere
1138 1454 1350 1509 corpus
1403 1437 1639 1509 Christi,
1674 1442 1782 1497 nisi
1834 1443 1903 1498 de

217 1520 404 1592 Spiritu
446 1522 682 1577 Christi.
716 1525 858 1579 Inde
888 1534 972 1580 est
1022 1528 1173 1597 quod
1207 1542 1502 1600 exponens
1553 1532 1720 1587 nobis
1761 1550 1902 1605 apo-

176 1594 373 1694 [stolas
406 1611 623 1667 Paulus
654 1612 807 1667 hunc
840 1630 1073 1685 panem,
1110 1617 1258 1673 Unus
1276 1618 1461 1687 panis,
1496 1619 1705 1689 inquit,
1731 1638 1903 1677 unum

217 1716 387 1767 corpus
431 1702 603 1756 multi
638 1719 828 1758 sumus
860 1706 900 1771 (Ι
936 1706 1054 1760 Cor.
1110 1724 1161 1773 χ,
1202 1707 1307 1779 17).
1354 1708 1397 1763 Ο
1452 1709 1900 1768 Sacramentum

220 1791 422 1857 pietatis
456 1792 467 1844 Ι
506 1808 543 1846 ο
575 1792 808 1863 signum
835 1792 1114 1849 unitatis!
1149 1811 1180 1851 ο
1213 1796 1512 1854 vinculum
1558 1798 1896 1857 charitatiet

218 1879 305 1941 Qui
335 1880 449 1934 vult
498 1883 709 1950 vivere,
743 1882 919 1938 habet
952 1883 1051 1938 ubi
1097 1884 1269 1955 vivat,
1309 1887 1487 1944 habet
1522 1890 1674 1944 unde
1721 1891 1894 1947 vivat.

218 1968 456 2037 Accedat,
492 1972 695 2025 credat
731 1975 746 2008 ι
781 1993 794 2040 ;
837 1973 1259 2044 incorporetur,
1294 1983 1357 2030 ut
1400 1977 1741 2034 viviﬁcetur.
1774 1980 1899 2037 Non

217 2058 463 2113 abboreat
487 2076 525 2113 ει
551 2076 831 2132 compage
852 2047 1272 2132 membrorum,
1293 2082 1405 2121 non
1428 2065 1505 2122 sit
1528 2072 1697 2139 putre
1721 2086 1900 2126 mem-

217 2146 355 2201 brum
389 2149 551 2217 quod
588 2151 831 2205 resecari
865 2156 1173 2219 mereatur,
1209 2170 1323 2210 non
1376 2156 1451 2211 sit
1483 2157 1796 2215 distortum
1832 2160 1901 2213 de

216 2252 305 2303 quo
326 2239 738 2295 erubescatur:
766 2242 840 2294 sit
865 2241 1199 2310 pulchrum,
1221 2244 1296 2299 sit
1321 2248 1543 2315 aptum,
1569 2247 1644 2301 sit
1663 2264 1896 2315 sanum;

218 2326 401 2384 harent
431 2330 690 2401 corpori,
723 2333 876 2385 vivat
908 2332 1020 2387 Deo
1053 2333 1122 2387 de
1172 2333 1284 2391 Deo
1313 2352 1325 2390 :
1364 2352 1515 2392 nunc
1569 2337 1787 2394 laboret
1838 2339 1895 2395 in

214 2420 359 2482 terra,
392 2428 447 2473 ut
481 2427 686 2487 postea
720 2426 916 2490 regnet
946 2420 1003 2475 in
1038 2420 1202 2478 coelo.

274 2507 345 2563 14.
402 2508 729 2578 Litz’gabant
772 2526 904 2582 ergo
949 2510 1124 2565 Judaei
1173 2512 1241 2567 ad
1290 2515 1548 2581 invicem,
1609 2517 1844 2573 dicentes
1878 2536 1896 2573 :

216 2596 456 2661 Quomodo
484 2602 664 2669 potest
684 2599 771 2653 hic
788 2615 1011 2654 carnem
1043 2617 1200 2657 suam
1232 2604 1389 2659 nobis
1412 2604 1543 2661 dare
1566 2606 1633 2660 ad
1656 2608 1894 2663 manda-

213 2688 417 2741 candum
438 2690 465 2741 ?
497 2687 842 2758 Litigabant
865 2690 1067 2762 utique
1100 2692 1166 2746 ad
1195 2692 1461 2755 invicem,
1488 2698 1765 2767 quoniam
1803 2714 1899 2768 pa-

215 2792 321 2831 nem
353 2778 678 2833 concordiae
712 2795 824 2833 non
873 2779 1298 2852 intelligebant,
1331 2799 1435 2839 nec
1468 2802 1701 2842 sumare
1730 2788 1893 2842 vote-

215 2866 365 2935 bant;
392 2885 535 2923 nam
558 2870 654 2938 qui
681 2870 1039 2925 manducent
1062 2872 1237 2928 talem
1262 2890 1495 2944 panem,
1522 2893 1632 2931 non
1663 2876 1899 2949 litigant

216 2957 267 3009 ad
297 2957 576 3025 invicem;
604 2960 879 3029 quoniam
911 2976 1055 3016 unus
1082 2962 1265 3032 panis,
1291 2979 1460 3019 unum
1493 2981 1690 3035 corpus
1723 2967 1895 3022 multi

214 3069 387 3110 sumus.
423 3056 483 3112 Et
546 3073 648 3128 per
678 3057 836 3114 hunc
888 3060 1026 3126 facit
1070 3060 1208 3116 Deus
1257 3065 1425 3118 unius
1454 3062 1604 3120 modi
1643 3066 1896 3122 habitare

214 3148 257 3197 in
284 3146 421 3204 domo
453 3149 637 3219 (Psal.
676 3165 845 3216 Lxm,
877 3149 955 3217 7).

272 3234 343 3286 15.
374 3232 544 3299 Quod
596 3240 778 3291 autem
826 3236 895 3291 ad
952 3236 1199 3293 invicem
1259 3238 1550 3312 litigantes
1606 3248 1894 3315 quaerunt,

212 3324 473 3391 quomodo
500 3325 695 3397 possit
725 3325 1006 3381 Dominus
1026 3344 1256 3383 carnem
1282 3346 1450 3385 suam
1473 3332 1610 3387 dare
1634 3334 1703 3389 ad
1730 3352 1893 3391 mau-

211 3412 551 3481 ducandum,
587 3432 701 3470 non
737 3419 933 3470 statim
963 3417 1244 3473 audiunt:
1278 3420 1377 3474 sed
1413 3420 1604 3476 adhuc
1636 3423 1719 3478 eis
1750 3425 1891 3479 dici-

209 3505 496 3571 tur,Amen,
518 3522 682 3561 amen
706 3505 827 3562 dico
858 3507 1027 3575 vobis,
1046 3510 1158 3563 nisi
1178 3508 1645 3568 rrzanducaveritis
1674 3530 1892 3570 carnem

209 3592 317 3646 Filii
342 3596 599 3663 hominis,
630 3599 678 3650 ct
714 3596 955 3651 biberitis
983 3598 1100 3667 ejus
1136 3603 1487 3668 sanguinem,
1519 3620 1627 3658 non
1659 3604 1892 3660 habebi—

208 3684 264 3734 tis
291 3685 443 3739 vitam
475 3687 544 3739 in
574 3683 739 3739 vobis.
773 3684 1074 3747 Quomodo
1107 3687 1345 3758 quidem
1388 3692 1612 3759 edatur,
1643 3697 1699 3748 et
1729 3694 1891 3766 quis-

209 3789 319 3828 nam
350 3774 569 3831 modus
596 3775 673 3830 sit
698 3775 1069 3829 manducanti
1095 3775 1274 3832 istum
1300 3795 1531 3850 panem,
1566 3781 1887 3854 ignoratis;

208 3870 585 3921 verumtamen
632 3866 748 3920 nisi
776 3864 1245 3922 manducaveritis
1293 3886 1513 3926 carnem
1554 3872 1682 3927 Filii
1720 3875 1892 3930 homi-

209 3955 292 4017 nis,
336 3960 381 4009 et
411 3955 664 4010 biberitis
694 3942 815 4024 ejus
864 3958 1213 4024 sanguinem.
1246 3975 1352 4014 non
1415 3958 1676 4017 habebitis
1720 3966 1888 4019 vitam

208 4041 253 4095 in
280 4044 436 4100 vobis.
472 4049 613 4100 Haec
646 4061 760 4099 non
802 4046 1003 4116 utique
1035 4047 1437 4118 cadaveribus,
1488 4052 1589 4105 sed
1642 4053 1887 4110 viventi-

205 4130 293 4187 bus
318 4133 683 4205 loquebatur.
721 4133 904 4196 Unde,
949 4152 1019 4191 ne
1068 4136 1233 4191 istam
1272 4138 1447 4194 vitam
1497 4140 1888 4214 intelligentes

204 4225 325 4280 etde
354 4226 453 4282 hac
488 4244 555 4283 re
615 4225 930 4299 litigarent,
964 4231 1203 4283 secutus
1252 4229 1541 4300 adjunxit,
1576 4233 1681 4300 Qui
1728 4252 1884 4291 man-

204 4314 342 4370 ducat
371 4334 549 4372 meam
581 4331 827 4385 carnem,
857 4320 909 4371 et
966 4316 1095 4371 bibit
1136 4334 1316 4374 meum
1346 4323 1689 4391 sanguinem,
1724 4322 1889 4381 habet

205 4406 346 4459 vitam
363 4412 647 4462 (sternam.
670 4406 829 4460 Hanc
851 4421 985 4476 ergo
1009 4423 1123 4462 non
1149 4406 1345 4475 habet,
1362 4411 1461 4480 qui
1480 4411 1652 4466 istum
1676 4430 1885 4484 panem

206 4510 298 4549 non
318 4498 762 4563 manducat,nec
778 4496 950 4551 istum
969 4498 1315 4568 sanguinem
1332 4498 1478 4555 bibit
1495 4518 1507 4555 :
1527 4519 1653 4557 nam
1668 4509 1885 4575 tempo-

207 4582 357 4639 ralem
374 4588 552 4642 vitam
568 4589 695 4641 sine
708 4586 807 4642 illo
822 4585 1033 4641 habere
1046 4587 1313 4644 homines
1328 4600 1589 4660 possunt,
1606 4596 1883 4651 mternam

205 4689 317 4729 vero
346 4676 585 4732 omnino
637 4692 751 4731 non
797 4683 1058 4745 possunt.
1092 4678 1196 4743 Qui
1230 4695 1366 4750 ergo
1416 4699 1529 4737 non
1566 4685 1885 4742 manducet

201 4763 307 4833 ejus
347 4782 603 4836 carnem,
629 4782 733 4822 nec
756 4766 905 4821 bibit
934 4769 1060 4837 ejus
1083 4768 1455 4839 sanguinem,
1482 4788 1595 4827 non
1631 4774 1799 4831 habet
1823 4776 1882 4831 in

202 4868 254 4908 se
282 4857 482 4912 vitam:
512 4864 563 4913 et
596 4861 693 4929 qui
729 4858 1045 4913 manducet
1075 4858 1202 4930 ejus
1233 4876 1487 4928 carnem,
1508 4866 1563 4917 et
1585 4863 1730 4919 bibit
1754 4868 1883 4938 ejus

204 4944 553 5015 sanguinem,
588 4944 761 5000 habet
808 4944 1003 5001 vitam.
1037 4946 1123 5001 Ad
1177 4950 1491 5019 utrumque
1537 4954 1731 5007 autem
1787 4971 1885 5010 re—

204 5034 431 5099 spondet
459 5035 613 5104 quod
646 5033 810 5103 dixit,
833 5035 1266 5092 aeternamNon
1290 5038 1365 5092 ita
1382 5042 1470 5094 est
1500 5039 1558 5095 in
1592 5041 1698 5097 hac
1730 5059 1880 5112 esca,

202 5134 355 5187 quam
386 5124 787 5181 sustentandae
806 5124 982 5194 hujus
1003 5125 1336 5196 temporalis
1357 5128 1482 5183 vitae
1507 5147 1681 5188 causa
1702 5135 1884 5190 sumi-

208 5222 339 5267 mus.
376 5212 525 5271 Nam
557 5214 656 5286 qui
688 5229 815 5270 eam
841 5230 952 5270 non
973 5217 1305 5288 sumpserit,
1332 5234 1444 5275 non
1469 5220 1650 5278 vivet:
1679 5241 1783 5281 nec
1804 5230 1883 5281 ta-

204 5314 320 5357 men
339 5304 431 5375 qui
458 5322 586 5361 eam
602 5305 1110 5378 sumpserit,vivet.
1137 5306 1283 5363 Fieri
1310 5310 1465 5365 enim
1491 5316 1675 5382 potest
1700 5323 1757 5370 ut
1800 5333 1885 5372 se-

205 5388 306 5459 nio,
354 5394 439 5448 vel
477 5396 697 5463 morbo,
730 5394 817 5451 vel
866 5396 1059 5466 aliquo
1092 5412 1250 5467 casu,
1277 5397 1515 5469 plurimi
1539 5406 1595 5456 et
1625 5403 1724 5474 qui
1756 5422 1881 5462 eam

203 5596 217 5638 τ
263 5538 275 5568 ί
298 5534 417 5648 Μῗὲ.
444 5538 646 5602 decem,
671 5540 865 5605 credat,
899 5540 1045 5591 vivat
1074 5540 1132 5591 in
1160 5540 1287 5601 Deo,
1318 5546 1383 5593 de
1411 5545 1516 5596 Deo
1536 5560 1557 5610 ;
1578 5547 1884 5614 incorpore-

223 5607 291 5648 ur.
321 5612 346 5647 ε
405 5635 417 5648 ,

223 5607 291 5657 ur,
321 5607 417 5648 etc.

1375 218 1835 281 TRACTATUS
1880 222 2085 284 XXVI.
2133 227 2386 290 CAPUT
2432 230 2528 290 Vl.

3568 252 3723 315 1614

2024 364 2385 433 sumpserint
2408 367 2751 424 moriantur.
2777 373 2836 425 In
2873 372 2979 428 hoc
3000 391 3127 431 vero
3150 378 3277 435 cibo
3301 387 3356 436 et
3380 394 3537 452 potu,
3555 389 3612 444 id
3633 395 3721 446 est

2023 467 2261 523 corpore
2296 458 2350 509 et
2382 458 2665 527 sanguine
2698 459 2949 533 Domini,
2986 480 3091 519 non
3126 468 3204 523 ita
3236 474 3341 525 est.
3373 474 3513 529 Nam
3536 482 3589 532 et
3619 480 3720 549 qui

2021 556 2145 596 eam
2182 559 2291 597 non
2326 546 2527 612 sumit,
2564 564 2675 603 non
2702 549 2873 605 habet
2903 553 3117 609 vitam:
3146 561 3203 611 ut
3234 562 3330 629 qui
3362 578 3486 619 eam
3518 546 3720 635 sum—it,

2021 628 2190 685 habet
2221 633 2418 703 vitam,
2451 642 2508 691 et
2559 636 2707 693 hanc
2744 641 2944 711 utique
2988 628 3281 702 aeternam.
3323 652 3481 707 Hunc
3526 628 3721 727 itaque

2021 718 2213 775 cibum
2249 726 2303 777 et
2335 728 2533 794 potum
2570 728 2896 785 societatem
2929 734 3054 787 vult
3100 735 3342 810 intelligi
3375 718 3643 813 corporis
3665 751 3720 801 et

2020 811 2415 867 membrorum
2469 833 2733 881 suorum,
2777 824 2927 889 quod
2975 828 3062 878 est
3103 832 3306 883 sancta
3365 811 3617 888 Ecclesia
3661 835 3719 890 in

2018 900 2441 965 praedestinatis
2472 909 2527 959 et
2558 908 2791 974 vocatis,
2816 913 2872 964 et
2901 912 3261 982 justiticatis,
3296 924 3351 972 et
3382 919 3718 989 gloriﬁcatis

2016 990 2254 1056 sanctis,
2282 996 2337 1045 et
2370 992 2641 1051 fidelibus
2658 1000 2797 1067 ejus.
2817 1001 3063 1063 Quorum
3091 1006 3338 1073 primum
3359 1010 3483 1075 jam
3504 1012 3716 1069 factum

2015 1079 2122 1141 est,
2156 1077 2211 1131 id
2246 1084 2355 1145 est,
2395 1084 2826 1151 praedestinatio
2856 1104 2869 1141 :
2923 1093 3247 1148 secundum
3286 1101 3341 1150 et
3373 1101 3605 1155 tertium
3642 1104 3717 1158 fa-

2016 1167 2168 1219 ctum
2203 1169 2308 1233 est,
2339 1172 2394 1222 et
2423 1170 2507 1237 fit,
2534 1176 2589 1226 et
2614 1173 2733 1241 fiet,
2768 1175 2824 1230 id
2847 1182 2953 1242 est,
2987 1183 3212 1237 vocatio
3245 1189 3301 1238 et
3325 1185 3715 1254 justiticatio:

2014 1255 2286 1322 quartum
2320 1271 2449 1312 vero
2482 1262 2725 1316 nuncin
2760 1280 2861 1333 spe
2893 1270 3002 1333 est,
3034 1268 3091 1322 in
3128 1285 3185 1323 re
3224 1276 3418 1328 autem
3454 1277 3714 1334 futurum

2012 1345 2117 1409 est,
2159 1341 2214 1397 id
2248 1349 2357 1409 est,
2408 1346 2770 1417 glorificatio.
2806 1353 2992 1424 Hujus
3039 1358 3118 1413 rei
3166 1361 3624 1434 Sacramentum,
3660 1370 3715 1424 id

2013 1432 2375 1497 est,unitatis
2398 1440 2651 1508 corporis
2683 1446 2739 1494 et
2769 1445 3071 1515 sanguinis
3093 1448 3300 1505 Christi
3336 1453 3549 1510 alicubi
3575 1432 3715 1528 quo-

2010 1519 2178 1586 tidie,
2212 1522 2427 1579 alicubi
2478 1529 2649 1584 certis
2682 1530 3004 1589 intervallis
3054 1537 3282 1593 dierum
3318 1541 3373 1595 in
3426 1519 3718 1603 dominica

2012 1627 2213 1669 mensa
2248 1624 2625 1688 praeparatur,
2659 1630 2711 1676 et
2744 1624 2813 1677 de
2846 1640 3051 1681 mensa
3094 1628 3390 1688 dominica
3421 1637 3714 1707 sumitur;

2012 1703 2364 1772 quibusdam
2387 1709 2458 1763 ad
2482 1711 2677 1778 vitam,
2705 1714 3053 1783 quibusdam
3079 1721 3149 1774 ad
3171 1723 3439 1779 exitium:
3476 1742 3563 1781 res
3589 1703 3718 1784 vere

2011 1791 2137 1862 ipsa
2168 1794 2335 1863 cujus
2366 1806 2799 1856 sacramentum
2836 1809 2945 1869 est,
2979 1809 3139 1861 omni
3174 1810 3391 1867 homini
3415 1816 3485 1869 ad
3520 1816 3712 1884 vitam,

2013 1880 2155 1935 nulli
2187 1883 2256 1936 ad
2292 1885 2553 1954 exitium,
2581 1889 2937 1964 quicumque
2969 1898 3097 1965 ejus
3131 1901 3418 1973 particeps
3450 1904 3645 1961 fuerit.

2086 1971 2169 2065 iii.
2194 1970 2273 2026 Ne
2300 1978 2494 2030 autem
2529 1983 2802 2047 putarent
2827 1984 2910 2037 sic
2943 1984 3000 2039 in
3022 1985 3131 2042 isto
3167 1989 3293 2045 cibo
3326 1970 3381 2045 et
3413 1999 3550 2063 potu
3586 2012 3719 2065 pro-

2013 2058 2157 2113 milii
2190 2060 2361 2117 vitam
2388 2068 2687 2135 mternam,
2723 2075 2785 2124 ut
2816 2072 2915 2143 qui
2947 2090 3071 2129 eam
3107 2088 3425 2146 sumerent,
3452 2082 3579 2153 jam
3614 2101 3717 2141 nec

2011 2164 2250 2219 corpore
2282 2160 2680 2225 morerentur;
2736 2160 2871 2215 huic
2918 2164 3255 2235 cogitationi
3306 2169 3583 2239 dignatus
3632 2183 3717 2229 est

2009 2253 2327 2296 occurrere.
2380 2242 2519 2299 Nam
2579 2262 2708 2302 cum
2742 2248 2996 2319 dixisset,
3051 2254 3157 2321 Qui
3204 2258 3499 2314 manducat
3537 2278 3719 2316 meam

2009 2339 2324 2395 carnem,et
2351 2331 2481 2387 bibit
2528 2350 2707 2390 meum
2738 2342 3088 2409 sanguinem,
3133 2343 3289 2400 habet
3328 2348 3500 2404 vitam
3550 2358 3713 2407 aeter-

2008 2431 2179 2483 nam;
2218 2422 2496 2477 continuo
2555 2426 2823 2495 subjecit,
2852 2432 2924 2484 Et
2981 2446 3075 2502 ego
3114 2436 3445 2494 resuscitabo
3485 2455 3609 2495 eum
3655 2443 3713 2495 in

2007 2508 2301 2564 novissimo
2331 2510 2438 2565 die.
2473 2512 2544 2568 Ut
2575 2513 3044 2576 habeatinterim
3086 2526 3407 2581 secundum
3443 2529 3711 2599 spiritum

2006 2597 2179 2653 vitam
2239 2604 2513 2657 teternam
2548 2605 2606 2659 in
2660 2607 2880 2678 requie,
2915 2624 3041 2680 quae
3084 2618 3425 2671 sanctorum
3469 2597 3712 2688 spiritus

2008 2687 2288 2759 suscipit:
2315 2692 2469 2762 quod
2506 2697 2700 2749 autem
2732 2699 2799 2751 ad
2827 2713 3033 2769 corpus
3059 2704 3286 2771 attinet,
3313 2721 3416 2761 nec
3439 2687 3567 2777 ejus
3598 2710 3712 2766 vita

2007 2782 2219 2833 reterns
2250 2779 2569 2851 fraudetur,
2605 2782 2707 2840 sed
2774 2786 2831 2841 in
2864 2791 3287 2849 resurrectione
3344 2799 3708 2853 mortuorum

2010 2867 2327 2923 novissimo
2361 2869 2472 2927 die.

2086 2957 2169 3011 t7.
2204 2959 2340 3013 Caro
2370 2962 2517 3014 enim
2545 2978 2686 3032 mea,
2715 2963 2923 3035 inquit,
2955 2984 3080 3023 vere
3100 2977 3179 3025 est
3207 2973 3382 3043 cibus,
3406 2981 3459 3029 et
3488 2980 3707 3047 sanguis

2007 3059 2159 3099 meus
2180 3061 2305 3101 vere
2335 3054 2415 3101 est
2441 3056 2621 3117 potus.
2656 3051 2801 3107 Cum
2842 3054 2995 3109 enim
3027 3059 3156 3113 cibo
3189 3066 3244 3116 et
3274 3068 3409 3131 potu
3444 3064 3500 3118 id
3537 3081 3709 3138 appe-

2009 3138 2131 3189 tant
2163 3134 2449 3205 homines,
2485 3143 2549 3193 ut
2598 3155 2711 3196 non
2755 3145 3035 3213 esuriant,
3085 3165 3266 3218 neque
3315 3152 3517 3209 sitiant
3549 3134 3707 3223 {hoc

2006 3225 2287 3280 veraciter
2314 3243 2427 3282 non
2462 3234 2695 3299 praestat
2718 3231 2828 3287 nisi
2852 3233 2963 3289 iste
2989 3237 3154 3292 cibus
3186 3245 3241 3294 et
3263 3248 3453 3311 potus,
3477 3246 3575 3315 qui
3610 3263 3708 3303 eos

2006 3331 2037 3369 a
2061 3314 2273 3385 quibus
2296 3317 2557 3385 sumitur,
2574 3318 2929 3378 immortales
2943 3328 2999 3379 et
3019 3314 3648 3399 incorruptibilesrt‘acit
3664 3336 3701 3405 ί,

2005 3404 2061 3459 id
2096 3408 2182 3459 est
2206 3408 2447 3462 societas
2480 3408 2607 3479 ipsa
2637 3416 2991 3482 sanctorum,
3026 3415 3121 3469 ubi
3156 3433 3267 3487 pax
3290 3420 3400 3473 erit
3429 3425 3483 3475 et
3512 3404 3704 3479 unitas

2004 3492 2173 3565 plena
2206 3498 2380 3566 atque
2412 3498 2683 3567 perfecta.
2720 3502 3027 3569 Propterea
3057 3504 3295 3576 quippe,
3328 3508 3479 3564 sicut
3528 3511 3702 3566 etiam

2003 3588 2133 3639 ante
2183 3601 2289 3639 nos
2322 3585 2429 3642 hoc
2488 3586 2895 3645 intellexerunt
2940 3592 3204 3650 homines
3246 3595 3370 3662 Dei,
3422 3600 3704 3656 Dominus

2003 3680 2196 3730 noster
2235 3671 2405 3731 Jesus
2438 3676 2699 3734 Christus
2730 3697 2940 3751 corpus
2970 3687 3027 3739 et
3058 3686 3401 3756 sanguinem
3436 3705 3607 3745 suum
3644 3690 3701 3745 in

2000 3763 2084 3818 eis
2108 3764 2279 3818 rebus
2292 3766 2741 3835 commendavit,
2758 3784 2879 3840 quae
2903 3772 2969 3825 ad
2992 3789 3174 3828 unum
3192 3775 3411 3847 aliquid
3437 3780 3708 3851 redigun-

1998 3856 2093 3907 tur
2113 3868 2179 3907 ex
2202 3853 2424 3910 multis.
2444 3859 2708 3929 Namque
2730 3858 2884 3914 aliud
2909 3860 2963 3915 in
2992 3879 3172 3918 unum
3198 3880 3266 3920 ex
3288 3866 3487 3922 multis
3510 3870 3705 3941 granis

2001 3944 2177 4000 conﬁt
2210 3962 2222 3999 :
2257 3944 2411 4000 aliud
2453 3945 2513 4001 in
2547 3965 2727 4005 unum
2762 3966 2828 4005 ex
2868 3952 3073 4009 multis
3113 3956 3297 4012 acinis
3330 3960 3573 4015 conﬂuit
3602 3962 3701 4034 (α).

2072 4035 2157 4088 18.
2201 4036 2453 4106 Denique
2476 4038 2597 4107 jam
2640 4042 2869 4111 exponit
2897 4046 3186 4113 quomodo
3217 4045 3273 4102 id
3308 4048 3408 4103 ﬁat
3437 4053 3589 4120 quod
3616 4052 3703 4107 lo-

1998 4124 2217 4194 quitur,
2244 4129 2299 4179 et
2330 4126 2467 4197 quid
2500 4128 2576 4184 sit
2604 4132 2948 4188 manducare
2969 4150 3179 4205 corpus
3202 4138 3347 4207 ejus,
3383 4145 3439 4193 et
3468 4142 3705 4211 sangui-

1999 4230 2130 4269 nem
2164 4215 2380 4272 bibere.
2437 4221 2541 4287 Qui
2599 4222 2894 4277 manducat
2951 4242 3171 4281 carnem
3225 4245 3424 4295 meam,
3460 4237 3512 4284 et
3562 4230 3704 4285 bibit

1997 4321 2182 4361 meum
2210 4308 2565 4379 sanguinem,
2586 4312 2644 4363 in
2676 4328 2761 4367 me
2797 4320 2998 4381 manet,
3032 4322 3085 4369 et
3115 4331 3210 4383 ego
3236 4319 3291 4370 in
3316 4318 3435 4372 illo.
3472 4318 3587 4374 Hoc
3618 4327 3703 4374 est

1999 4412 2131 4463 ergo
2164 4399 2515 4454 manducare
2537 4398 2695 4453 illam
2730 4417 2945 4469 escam,
2971 4408 3025 4457 et
3058 4403 3218 4459 illum
3246 4406 3439 4461 bibere
3473 4413 3699 4477 potum,

1998 4487 2056 4542 in
2088 4488 2313 4544 Christo
2348 4505 2601 4556 manere,
2625 4495 2680 4544 et
2714 4491 2878 4545 illum
2915 4498 3244 4549 manentem
3279 4495 3336 4550 in
3366 4512 3429 4551 se
3461 4498 3697 4555 habere.

1996 4582 2074 4634 Ac
2104 4593 2203 4647 per
2233 4578 2341 4632 hoc
2372 4577 2470 4649 qui
2504 4595 2617 4633 non
2651 4584 2847 4635 manet
2876 4580 2933 4636 in
2968 4581 3217 4653 Christo,
3250 4589 3306 4641 et
3346 4586 3401 4641 in
3436 4605 3550 4660 quo
3586 4606 3700 4645 non

1999 4673 2192 4725 manet
2212 4668 2500 4739 Christus,
2520 4671 2719 4741 procul
2742 4671 2918 4728 dubio
2942 4689 3046 4730 nec
3072 4676 3381 4733 manducet
3407 4681 3699 4752 [spiritua-

1996 4758 2151 4832 liter]
2190 4775 2420 4815 carnem
2454 4762 2601 4829 ejus,
2651 4778 2757 4818 nec
2808 4762 2954 4820 bibit
3002 4765 3129 4836 ejus
3184 4770 3553 4841 sanguinem,
3611 4770 3703 4843 [li-

1996 4849 2086 4903 cet
2143 4846 2451 4903 carnaliter
2491 4852 2546 4902 et
2585 4848 2893 4905 visibiliter
2932 4857 3156 4923 premat
3187 4855 3464 4912 dentibus
3497 4859 3700 4912 Sacra-

1997 4940 2260 4991 mentum
2292 4937 2550 5009 corporis
2600 4943 2655 4994 et
2703 4940 3009 5011 sanguinis
3042 4941 3254 4998 Christi
3286 4962 3299 4998 :
3334 4946 3474 5016 ]sed
3516 4945 3701 5016 magis

1996 5029 2169 5082 tanta
2202 5025 2283 5081 rei
2329 5028 2771 5084 Sacramentum
2806 5031 2875 5085 ad
2906 5031 3189 5101 judicium
3242 5032 3352 5088 sibi
3386 5035 3701 5090 manducet

1995 5120 2051 5171 et
2108 5116 2271 5184 bibit,
2306 5117 2445 5189 quia
2475 5119 2809 5175 immundus
2837 5123 3209 5193 praesumpsit
3258 5124 3325 5177 ad
3356 5123 3573 5181 Christi
3605 5142 3701 5180 ac-

1997 5206 2196 5263 cedere
2255 5207 2652 5277 Sacramenta,
2714 5225 2841 5281 quas
2898 5209 3109 5282 aliquis
3183 5228 3296 5267 non
3364 5212 3536 5283 digne
3601 5232 3699 5271 su-

1997 5296 2128 5364 mit,
2179 5296 2286 5353 nisi
2330 5297 2429 5368 qui
2462 5299 2716 5353 mundus
2750 5301 2839 5352 est
2872 5316 2885 5357 :
2919 5300 2988 5353 de
3021 5299 3236 5369 quibus
3266 5301 3497 5371 dicitur,
3546 5307 3703 5363 Beati

2065 5490 2082 5521 ί
2110 5486 2253 5541 Μαι..
2283 5484 2471 5545 faciat.

2001 5547 2573 5673 epglﬂd’gacmrianus
2594 5548 2659 5598 ad
2676 5549 2964 5613 Cmcitium,
2983 5552 3137 5616 epist.
3170 5555 3251 5616 63,
3271 5560 3323 5607 et
3364 5558 3705 5625 adMagnum,
