4146 6186
354 225 509 286 1615

352 367 556 435 mundo
574 364 753 429 corde,
769 362 1029 434 quoniam
1052 356 1337 424 ipsiDeum
1356 353 1614 409 videbunt
1645 356 1661 388 ¹
1684 351 1871 417 Matth,
1892 352 1961 417 V,
1979 348 2056 418 8).

430 453 515 508 19.
549 452 720 517 Sicut,
756 448 969 521 inquit,
998 443 1151 499 misit
1182 457 1265 496 me
1296 443 1479 496 vivens
1524 441 1709 505 Pater,
1732 445 1783 493 et
1814 451 1909 506 ego
1942 438 2057 489 vito

351 547 571 610 propter
600 540 821 593 Patrem
835 551 853 593 ;
875 537 925 589 ct
954 533 1048 603 qui
1074 528 1368 584 manducet
1398 543 1504 594 me,
1533 534 1584 581 et
1616 528 1732 597 ipse
1764 524 1905 579 vivet
1936 537 2059 592 pro-

346 637 474 699 pter
494 644 598 682 me.
633 627 754 681 Non
788 624 866 680 ait
896 638 906 676 :
934 620 1098 677 Sicut
1129 618 1417 672 manduco
1442 615 1691 683 Patrem,
1724 619 1778 669 et
1809 628 1913 683 ego
1935 611 2057 665 vive
2083 624 2088 628 ‘

355 721 592 788 propter
624 716 848 770 Patrem
875 730 889 780 ;
924 715 979 766 et
1029 709 1126 780 qui
1159 706 1477 762 manducet
1510 720 1621 771 me,
1654 707 1710 758 et
1756 703 1882 773 ipse
1914 701 2059 754 vivet

356 811 589 877 propter
622 804 874 860 me.Non
899 800 1055 856 enim
1099 797 1278 853 Filius
1310 792 1749 867 participatione
1780 789 1965 845 Patris
1999 788 2059 843 fit

356 896 583 961 melior,
613 894 817 964 quiest
839 893 1015 945 natus
1038 885 1273 957 arqualis
1298 901 1310 950 ;
1336 884 1483 939 sicut
1509 879 1952 953 participatione
1978 877 2059 931 Fi-

355 986 417 1040 lii
452 1002 552 1055 per
585 984 862 1038 unitatem
897 978 1156 1049 corporis
1188 976 1314 1045 ejus
1343 978 1399 1029 et
1420 970 1745 1037 sanguinis,
1776 969 1930 1039 quod
1964 967 2062 1021 illa

358 1070 726 1126 manducatio
759 1068 1089 1139 potatioque
1111 1062 1425 1135 significat,
1449 1077 1555 1116 nos
1584 1059 1872 1116 efficimur
1900 1056 1921 1089 ³
1946 1071 2060 1109 me-

357 1161 546 1216 liores.
583 1159 845 1213 Vivimus
876 1171 1011 1227 ergo
1038 1170 1145 1210 nos
1178 1156 1413 1223 propter
1440 1150 1653 1220 ipsum,
1686 1146 2059 1201 manducam-

359 1255 449 1304 tes
481 1264 612 1302 eum
640 1268 654 1317 ;
700 1247 757 1301 id
784 1250 891 1313 est,
925 1243 1119 1314 ipsum
1171 1239 1522 1309 accipientes
1552 1244 1827 1292 aeternam
1858 1235 2058 1299 vitam,

356 1356 534 1412 quam
565 1355 682 1393 non
707 1337 1070 1391 habebamus
1093 1349 1161 1387 ex
1183 1331 1350 1387 nobis
1378 1348 1389 1384 :
1419 1329 1764 1384 vivitautem
1789 1324 1912 1395 ipse
1936 1340 2057 1393 pro-

356 1435 484 1501 pter
514 1429 763 1491 Patrem,
796 1426 1014 1480 missus
1045 1423 1117 1477 ab
1148 1438 1213 1477 eo
1239 1438 1252 1489 ;
1282 1419 1415 1490 quia
1447 1417 1832 1489 semetipsum
1865 1414 2056 1468 exina-

356 1520 518 1586 nivit,
554 1519 742 1572 tactus
773 1516 1052 1571 obediens
1084 1528 1259 1584 usque
1292 1510 1365 1566 ad
1397 1513 1644 1565 mortem
1676 1506 1866 1562 crucis
1894 1504 2056 1576 (Phi-

354 1610 487 1679 lipp.
524 1624 586 1673 ιι,
619 1606 695 1677 8).
747 1606 807 1660 Si
855 1605 1005 1660 enim
1066 1601 1390 1658 secundum
1438 1598 1498 1653 id
1557 1596 1898 1667 accipimus,
1938 1593 2059 1648 Vivo

353 1701 573 1767 prepter
623 1699 865 1759 Patrem,
901 1692 1055 1763 quod
1097 1690 1233 1745 alibi
1292 1688 1390 1753 ait,
1422 1690 1587 1742 Pater
1642 1686 1824 1755 major
1871 1698 1957 1737 me
1983 1684 2062 1736 est

355 1786 531 1849 (Joan.
562 1800 675 1854 xxv,
705 1782 796 1853 28)
823 1798 835 1845 ;
871 1783 1019 1836 sicut
1050 1784 1105 1836 et
1145 1794 1250 1834 nos
1280 1777 1528 1831 vivimus
1564 1778 1797 1846 propter
1846 1771 2058 1842 ipsum,

356 1874 455 1945 qui
493 1874 675 1943 major
708 1879 793 1927 est
824 1870 1031 1926 nobis:
1066 1870 1172 1924 hoc
1203 1884 1271 1923 ex
1299 1883 1365 1923 eo
1398 1865 1549 1937 quod
1587 1863 1797 1919 missus
1828 1865 1935 1927 est,
1972 1861 2064 1913 fa-

356 1972 511 2018 ctum
545 1966 651 2017 est.
688 1960 879 2015 Missio
907 1958 1125 2029 quippe
1155 1958 1279 2026 ejus
1308 1952 1625 2009 exinanitio
1658 1948 2061 2019 suimclipsius

357 2056 464 2117 cst,
498 2054 554 2105 et
583 2051 785 2104 formae
816 2046 1045 2103 servilis
1078 2043 1370 2116 acceptio:
1402 2042 1556 2113 quod
1594 2044 1746 2095 recte
1776 2036 2060 2105 intelligi-

357 2147 473 2208 tur,
510 2144 735 2196 servata
761 2138 933 2193 etiam
960 2135 1088 2192 Filii
1111 2151 1243 2190 cum
1266 2135 1432 2189 Patre
1454 2132 1785 2204 aequalitate
1817 2132 2059 2185 naturae.

355 2231 539 2299 Major
569 2230 724 2285 enim
757 2232 846 2283 est
876 2231 1043 2281 Pater
1073 2224 1310 2280 homine
1341 2222 1479 2290 filio,
1523 2222 1621 2277 sed
1656 2218 1931 2291 aequalem
1968 2219 2063 2271 ha-

358 2320 454 2374 bet
475 2319 661 2374 Deum
684 2317 923 2374 Filium:
952 2332 1081 2371 cum
1113 2314 1269 2370 idem
1295 2313 1419 2385 ipse
1442 2313 1517 2366 sit
1534 2319 1586 2366 et
1613 2313 1763 2365 Deus
1786 2314 1841 2364 et
1868 2308 2059 2373 homo,

351 2408 453 2463 Dei
489 2408 669 2464 Filius
698 2414 751 2462 et
794 2404 1047 2461 hominis
1080 2403 1257 2466 filius,
1292 2418 1447 2457 unus
1478 2399 1740 2455 Christus
1768 2398 1961 2452 Jesus.
2000 2402 2061 2450 In

353 2513 533 2566 quam
570 2497 925 2550 sententiam
959 2494 1009 2550 si
1040 2497 1193 2547 recte
1216 2491 1584 2561 accipiuntur
1603 2488 1723 2541 haec
1754 2487 1948 2551 verba,
1984 2485 2063 2539 ita

354 2586 519 2651 dixit,
555 2586 709 2640 Sicut
732 2601 816 2639 me
840 2586 994 2637 misit
1029 2584 1210 2637 vivens
1242 2584 1429 2642 Pater,
1461 2586 1511 2633 et
1561 2594 1654 2648 ego
1686 2580 1808 2631 vivo
1838 2580 2063 2645 propter

353 2658 614 2735 Patrem
640 2682 689 2727 et
716 2675 814 2743 qui
845 2671 1138 2725 manducet
1170 2685 1271 2734 me,
1296 2675 1347 2723 et
1382 2668 1496 2737 ipse
1527 2669 1665 2720 vivet
1693 2671 1915 2736 propter
1940 2680 2022 2716 me
2043 2679 2063 2717 :

351 2778 416 2817 ac
448 2762 497 2816 si
529 2762 764 2829 diceret,
808 2759 881 2814 Ut
911 2775 1015 2829 ego
1066 2758 1248 2813 vivam
1297 2760 1533 2828 propter
1581 2759 1832 2818 Patrem,
1868 2752 1923 2807 id
1955 2761 2059 2821 est,

354 2851 425 2905 ad
449 2849 614 2905 illum
639 2854 919 2919 tanquam
942 2848 1221 2917 majorem
1248 2846 1488 2900 referam
1513 2844 1687 2898 vitam
1712 2858 1927 2906 meam,
1951 2843 2064 2898 exi-

353 2939 577 2993 nanitio
604 2954 730 2992 mea
760 2935 993 3001 fecit,in
1019 2952 1135 3007 qua
1164 2950 1257 2989 me
1289 2933 1479 3000 misit;
1509 2937 1574 2986 ut
1602 2935 1792 2987 autem
1817 2931 2064 3002 quisque

352 3028 509 3082 vivat
540 3030 774 3099 propter
794 3042 901 3092 me,
918 3023 1286 3097 participatio
1309 3022 1447 3077 facit
1469 3038 1580 3093 qua
1606 3020 1927 3075 manducet
1947 3036 2058 3076 me.

356 3115 475 3186 Ego
498 3114 693 3184 itaque
723 3113 1075 3169 humiliatus
1106 3112 1234 3167 vivo
1266 3115 1501 3182 propter
1534 3115 1777 3179 Patrem,
1814 3109 1909 3163 ille
1940 3124 2061 3163 ere-

361 3208 489 3260 ctus
518 3204 658 3261 vivit
692 3206 927 3275 propter
956 3218 1066 3258 me.
1099 3202 1159 3257 Si
1194 3204 1390 3256 autem
1422 3200 1505 3255 ita
1544 3199 1765 3255 dictum
1800 3202 1904 3265 est,
1941 3197 2063 3253 Vivo

354 3299 577 3363 propter
627 3294 862 3351 Patrem,
913 3291 1048 3361 quia
1103 3290 1227 3360 ipse
1257 3290 1325 3343 de
1377 3288 1497 3358 illo,
1544 3304 1656 3342 non
1690 3286 1785 3341 ille
1816 3287 1886 3340 de
1936 3286 2063 3356 ipso

359 3387 481 3449 est;
516 3380 641 3436 sine
672 3381 1017 3437 detrimento
1050 3378 1401 3449 aequalitatis
1432 3379 1656 3433 dictum
1689 3381 1793 3432 est.
1826 3376 1940 3431 Nec
1972 3382 2063 3431 ta-

360 3488 491 3526 men
523 3470 789 3537 dicendo,
823 3474 873 3524 et
912 3472 1005 3542 qui
1033 3468 1329 3524 manducat
1373 3484 1479 3534 mc,
1503 3475 1553 3522 et
1604 3469 1720 3536 ipse
1748 3469 1888 3521 vivet
1934 3483 2064 3535 pro-

353 3570 474 3632 pter
494 3576 599 3629 me,
616 3561 879 3615 eamdem
907 3576 1069 3614 suam
1093 3564 1150 3613 et
1175 3562 1430 3614 nostram
1456 3556 1847 3627 aequalitatem
1881 3556 2062 3627 signi-

357 3650 549 3706 ficavit
583 3669 597 3716 ;
632 3651 731 3705 sed
758 3652 1006 3721 gratiam
1041 3648 1380 3703 mediatoris
1413 3647 1687 3702 ostendit.

426 3740 514 3792 20.
550 3740 643 3794 Hic
687 3745 765 3793 est
792 3742 951 3809 panis
996 3738 1093 3811 qui
1122 3742 1190 3792 de
1238 3739 1368 3793 cazlo
1415 3737 1694 3792 descendit
1726 3754 1744 3791 :
1777 3741 1843 3791 ut
1899 3735 2065 3792 illum

363 3826 773 3881 manducando
805 3828 1089 3893 vivamus,
1121 3826 1253 3896 quia
1284 3833 1557 3881 aeternam
1588 3825 1763 3880 vitam
1796 3841 1864 3881 ex
1896 3824 2063 3881 nobis

357 3915 573 3969 habere
608 3930 720 3968 non
756 3931 1088 3984 possumus.
1122 3920 1241 3971 Non
1271 3914 1429 3981 sicut,
1457 3916 1671 3986 inquit,
1703 3916 2064 3970 manducaue-

356 4010 485 4057 runt
524 4010 707 4074 patres
736 4002 903 4057 vestri
940 4020 1169 4072 manna,
1205 4008 1253 4057 et
1283 4007 1489 4058 mortui
1510 4009 1637 4058 sunt
1658 4022 1676 4057 :
1704 4007 1799 4075 qui
1828 4008 2066 4059 mandu-

356 4100 440 4147 cat
463 4092 609 4147 hunc
625 4107 847 4162 panem,
872 4093 1013 4146 vivet
1036 4095 1093 4145 in
1121 4096 1416 4149 aeternum.
1452 4093 1612 4155 Quod
1641 4108 1777 4163 ergo
1802 4092 1879 4147 illi
1909 4110 2062 4147 mor—

355 4181 439 4235 tui
473 4184 631 4245 sunt,
665 4180 745 4234 ita
765 4180 886 4235 vult
917 4180 1183 4250 intelligi,
1218 4185 1281 4235 ut
1314 4197 1424 4235 non
1459 4181 1649 4234 vivant
1679 4181 1735 4234 in
1759 4183 2060 4239 mternum.

355 4268 497 4324 Nam
531 4268 930 4339 temporaliter
951 4274 1009 4324 et
1039 4269 1097 4323 hi
1130 4270 1385 4341 profecto
1411 4268 1753 4335 morientur,
1776 4269 1876 4340 qui
1897 4270 2059 4324 Chri-

357 4363 514 4414 stum
540 4359 934 4415 manducant:
966 4358 1066 4414 sed
1090 4358 1288 4412 vivunt
1319 4358 1376 4413 in
1410 4362 1710 4423 aeternum,
1733 4358 1868 4429 quia
1899 4358 2061 4413 Chri-

358 4452 485 4503 stus
516 4452 603 4503 est
633 4450 749 4503 vita
778 4453 1012 4504 reterns.

885 4536 1320 4593 TRACTATUS
1352 4536 1574 4592 XXVII.

354 4622 430 4679 Ab
450 4639 508 4679 eo
532 4623 671 4693 quod
692 4625 959 4694 scriptum
974 4630 1078 4694 est,
1108 4625 1238 4680 Haec
1269 4625 1411 4679 dixit
1434 4626 1489 4679 in
1525 4640 1819 4697 synagoga
1850 4626 2060 4681 docens

425 4712 663 4767 sabbato
693 4712 750 4767 in
810 4712 1219 4783 Capharnaum
1255 4734 1269 4781 ;
1312 4730 1481 4785 usque
1509 4717 1588 4770 ad
1636 4715 1711 4783 id,
1748 4715 1849 4770 Ille
1901 4716 2056 4771 enim

422 4800 748 4855 traditurus
778 4804 901 4855 erat
924 4816 1079 4869 eum,
1104 4818 1238 4856 cum
1270 4808 1421 4857 esset
1451 4819 1602 4857 unus
1627 4818 1695 4857 ex
1727 4802 2056 4860 duodecim.

426 4887 555 4961 Cap.
598 4895 683 4957 vr,‘
714 4894 768 4945 ῑν.
804 4889 991 4947 60-72.

425 4984 475 5035 1.
508 4979 697 5034 Verba
760 4978 982 5035 Domini
1031 4996 1100 5035 ex
1156 4977 1488 5051 Evangelia,
1547 4997 1675 5052 quae
1726 4995 2053 5039 sermonem

414 5108 429 5141 ί
454 5104 540 5171 Sic
566 5106 693 5157 editi
715 5104 933 5171 quidam
959 5108 1041 5164 ;at
1056 5104 1365 5171 Mss.‘nostri
1386 5120 1572 5171 omnes
1601 5107 1802 5171 habent
1821 5107 1923 5157 hoc
1938 5122 2054 5158 mo-

348 5167 416 5232 do
439 5182 449 5215 :
476 5169 579 5232 Nec
609 5167 887 5219 man'ducat
909 5182 1115 5218 carnem
1137 5167 1264 5230 eius,
1295 5182 1387 5217 nec
1417 5170 1548 5219 bibit
1579 5170 1696 5227 eius
1722 5172 2049 5232 sanguinem,

346 5231 559 5292 etiamsi
592 5235 749 5281 tantae
779 5232 859 5283 rei
878 5237 1257 5280 sacramentum
1280 5232 1354 5279 ad
1368 5232 1633 5292 judicium
1651 5233 1753 5281 sibi
1776 5231 2054 5283 manducet

345 5294 392 5337 et
412 5291 572 5358 bitat.
587 5294 751 5354 Sicut,
768 5295 960 5358 inquit,
975 5294 1124 5343 misit
1134 5293 1417 5358 mevivens
1434 5294 1614 5358 Pater,
1631 5299 2051 5358 etc.,carentque

345 5352 522 5421 verbis
538 5352 764 5421 caeteris,
802 5352 920 5421 quae
955 5359 1038 5405 hic
1068 5356 1272 5421 ansulis
1293 5356 1715 5421 concluduntur;
1747 5371 1867 5421 quis
1888 5352 2051 5407 verba

345 5415 491 5461 nullo
525 5417 683 5465 etiam
712 5415 876 5467 e'su'is
906 5422 1028 5468 Mss.
1053 5419 1319 5469 contineri
1351 5424 1619 5469 testantur
1650 5415 2047 5469 Levanienses:

345 5473 609 5585 ἓὲἓὲἓὲιέἔ
639 5480 753 5539 ipsa
781 5481 835 5528 in
883 5481 1038 5531 Beda:
1089 5487 1142 5530 et
1180 5483 1389 5532 Alcuini
1438 5484 1847 5533 Commentariis
1889 5498 2050 5546 super

408 5598 431 5634 ³
450 5597 509 5648 In
541 5600 790 5651 omnibus
821 5603 929 5653 fere
962 5606 1106 5664 Mss,
1136 5620 1231 5655 nos
1250 5608 1436 5669 e/ﬁcit.

1300 219 1377 277 IN
1421 216 1743 279 JOANNIS
1790 210 2316 283 EVANGELIUM,
2365 211 2429 272 S.
2478 212 2905 273 AUGUSTINI

3721 216 3870 277 1616

2171 347 2478 419 pristinum
2512 352 2975 421 consequuntur,
3000 347 3349 402 audivimus.
3384 348 3530 405 Hinc
3561 366 3754 405 sermo
3786 351 3875 405 dc-

2170 436 2341 492 betur
2371 436 2607 491 auribus
2636 442 2691 492 et
2724 436 3019 491 mentibus
3079 436 3307 503 vestris,
3343 443 3398 491 et
3442 438 3727 494 hodierno
3760 439 3871 493 diei

2172 543 2284 582 non
2319 526 2691 597 importunus
2723 530 2851 581 est:
2886 529 2972 580 est.
3021 525 3177 580 enim
3233 526 3303 580 de
3348 543 3585 598 corpore
3622 528 3869 598 Domini,

2171 616 2327 687 quod
2348 617 2573 672 dicebat
2602 633 2663 672 se
2686 618 2821 672 dare
2842 616 2911 670 ad
2946 616 3419 671 manducandum
3451 622 3684 688 propter
3708 624 3871 673 aeter-

2171 723 2304 761 nam
2338 706 2536 762 vitam.
2558 706 2835 777 Exposuit
2854 709 3052 760 autem
3076 706 3315 760 modum
3341 705 3737 763 attributionis
3769 707 3875 763 hu-

2163 797 2265 867 jus
2287 800 2342 850 et
2372 795 2505 851 doni
2536 797 2650 862 sui,
2677 795 2965 866 quomodo
2989 795 3153 850 daret
3174 811 3407 850 carnem
3434 813 3603 851 suam
3635 799 3872 853 mandu-

2169 902 2320 953 care,
2353 884 2571 951 dicens,
2604 888 2708 949 Qui
2766 884 3055 939 manduca!
3105 900 3326 939 carnem
3383 901 3581 954 meam,
3633 892 3684 941 et
3743 888 3870 944 bibit

2168 978 2492 1043 sanguinem
2525 991 2728 1039 meum,
2760 976 2815 1027 in
2839 990 2923 1028 me
2952 982 3159 1041 manet,
3180 979 3231 1029 et
3260 991 3356 1043 ego
3381 977 3444 1030 in
3474 976 3571 1031 illo
3595 978 3770 1045 (Joan.
3796 996 3875 1047 v1,

2168 1065 2279 1134 57).
2317 1063 2553 1134 Signum
2588 1066 2725 1134 quia
2756 1063 3126 1117 manducavit
3152 1068 3208 1117 et
3230 1064 3503 1120 bibitboc
3535 1072 3641 1133 est,
3669 1066 3716 1121 si
3752 1083 3867 1121 ma-

2171 1158 2268 1208 net
2298 1162 2352 1207 et
2386 1160 2668 1217 manetur,
2702 1152 2747 1206 si
2788 1151 3009 1206 habitat
3040 1157 3095 1206 et
3125 1152 3567 1221 inhabitatur,si
3601 1156 3776 1211 heret
3809 1164 3871 1211 ut

2169 1258 2283 1296 non
2334 1243 2637 1297 deseratur
2669 1241 2709 1297 ί.
2759 1245 2877 1296 Hoc
2909 1258 3012 1310 ego
3062 1258 3167 1296 nos
3198 1242 3393 1297 docuit
3450 1248 3503 1298 et
3563 1245 3870 1301 admonuit

2171 1330 2429 1401 mysticis
2461 1329 2670 1395 verbis,
2706 1333 2770 1383 ut
2826 1330 3011 1384 simus
3045 1329 3103 1383 in
3136 1332 3261 1400 ejus
3297 1347 3535 1401 corpore
3584 1333 3693 1387 sub
3744 1335 3872 1405 ipso

2169 1419 2359 1490 capite
2390 1419 2449 1474 in
2500 1418 2781 1473 membris
2811 1419 2958 1487 ejus,
3017 1418 3255 1474 edentes
3289 1436 3521 1475 carnem
3555 1422 3707 1490 ejus,
3759 1441 3871 1479 non

2170 1508 2562 1577 relinquentes
2594 1507 2721 1561 unit
2752 1512 2900 1561 atem
2934 1507 3080 1576 ejus.
3125 1508 3234 1562 Sed
3269 1509 3367 1578 qui
3401 1510 3641 1564 aderant
3682 1512 3875 1581 plures

2171 1614 2284 1651 non
2314 1596 2692 1668 intelligendo
2721 1596 3093 1652 scandalizati
3128 1602 3298 1653 sunt:
3329 1615 3441 1653 non
3472 1599 3628 1654 enim
3663 1602 3905 1673 cogita-'

2173 1688 2313 1741 bant
2367 1686 2472 1741 hac
2521 1686 2832 1752 audiendo,
2867 1684 2977 1741 nisi
3026 1703 3283 1753 carnem,
3317 1690 3471 1758 quod
3522 1689 3633 1759 ipsi
3683 1697 3868 1746 erant.
3899 1692 3912 1714 '

2169 1776 2480 1844 Apostolus
2509 1780 2704 1829 autem
2738 1775 2896 1842 dicit,
2940 1780 2995 1830 et
3026 1792 3225 1831 verum
3259 1777 3420 1845 dicit,
3453 1778 3659 1850 Sapere
3679 1796 3877 1835 secun-

2171 1868 2299 1921 dum
2327 1881 2569 1932 carnem,
2618 1880 2764 1920 mors
2806 1874 2881 1920 est
2909 1866 3084 1935 (Rom.
3138 1883 3260 1931 VIII,
3292 1868 3367 1935 6).
3411 1868 3653 1925 Carnem
3710 1888 3873 1927 suam

2174 1958 2271 2011 dat
2309 1956 2471 2010 nobis
2519 1956 2801 2010 Dominus
2834 1956 3204 2024 manducare,
3236 1961 3292 2011 et
3342 1973 3531 2029 sapere
3577 1962 3875 2015 secundum

2171 2062 2389 2102 carnem
2416 2061 2559 2100 mors
2575 2052 2691 2106 est;
2715 2061 2843 2100 cum
2870 2047 2939 2100 de
2971 2062 3144 2101 carne
3174 2063 3283 2101 sua
3306 2048 3478 2116 dicat,
3510 2050 3650 2121 quia
3682 2050 3761 2106 ibi
3791 2057 3879 2107 est

2171 2137 2289 2191 vita
2319 2140 2553 2191 aeterna.
2604 2134 2748 2204 Ergo
2782 2151 2885 2189 nec
2942 2152 3172 2190 carnem
3218 2137 3496 2193 debemus
3555 2157 3755 2211 sapere
3790 2158 3881 2198 se-

2173 2226 2430 2280 cundum
2454 2239 2709 2289 carnem,
2745 2224 2895 2278 sicut
2926 2224 2981 2278 in
3017 2224 3109 2278 bis
3140 2225 3329 2281 verbis
3364 2244 3376 2280 :

2242 2317 2297 2368 2.
2332 2313 2483 2369 Multi
2512 2317 2701 2383 itaque
2746 2314 3035 2368 audientes
3068 2333 3081 2382 ;
3118 2329 3230 2368 non
3264 2332 3331 2369 cx
3366 2316 3640 2385 inimicis,
3675 2321 3769 2373 sed
3806 2336 3880 2374 ea:

2171 2403 2463 2473 discipulis
2492 2402 2907 2471 eius,dircerunt
2928 2421 2946 2455 :
2971 2408 3156 2458 Durus
3186 2412 3267 2459 est
3290 2404 3379 2458 hic
3407 2422 3579 2461 sermo
3599 2408 3760 2478 ,-quis
3786 2425 3882 2480 po-

2172 2498 2266 2550 test
2295 2510 2419 2548 eum
2440 2492 2635 2546 audire
2655 2495 2682 2545 ?
2704 2491 2761 2547 Si
2795 2491 3067 2561 discipuli
3103 2493 3313 2547 durum
3342 2493 3671 2552 habuerunt
3696 2498 3879 2553 istum

2174 2597 2525 2648 sermonem,
2560 2581 2702 2650 quid
2733 2580 3005 2635 inimici?
3038 2582 3106 2637 Et
3137 2586 3330 2637 tamen
3364 2583 3447 2638 sic
3479 2587 3787 2655 oportebat
3820 2592 3887 2642 ut

2173 2672 2487 2734 diceretur,
2518 2670 2671 2740 quod
2706 2687 2821 2724 non
2854 2670 2923 2724 ab
2975 2670 3248 2726 omnibus
3296 2672 3739 2744 intelligeretur.
3774 2677 3885 2732 Se—

2175 2768 2394 2814 cretum
2433 2758 2531 2813 Dei
2564 2758 2818 2813 intentos
2849 2758 3021 2813 debet
3054 2759 3261 2823 facere,
3297 2764 3411 2814 non
3444 2762 3743 2818 adversos.
3780 2763 3887 2819 Isti

2174 2852 2367 2903 autem
2402 2847 2513 2903 cito
2544 2846 2898 2911 defecerunt,
2932 2845 3071 2900 talia
3102 2846 3376 2918 loquente
3421 2849 3656 2905 Domino
3684 2854 3830 2907 Jesu
3872 2868 3887 2907 :

2175 2953 2288 2991 non
2322 2935 2695 2991 crediderunt
2717 2934 2936 3004 aliquid
2965 2950 3240 3005 magnum
3272 2936 3579 3006 dicentem,
3604 2943 3659 2993 et
3690 2941 3887 2995 verbis

2174 3027 2291 3082 illis
2323 3026 2580 3097 aliquam
2603 3024 2847 3098 gratiam
2871 3026 3293 3097 occperientem
3318 3045 3330 3095 ;
3357 3029 3455 3083 sed
3486 3035 3657 3100 prout
3677 3030 3888 3086 volue-

2173 3120 2312 3171 runt
2342 3115 2422 3170 ita
2445 3114 2873 3178 intellexerunt,
2889 3118 2945 3169 et
2970 3131 3127 3169 more
3153 3114 3476 3183 hominum,
3496 3118 3636 3189 quia
3653 3123 3886 3190 poterat

2172 3204 2341 3260 Jesus
2372 3209 2471 3258 aut
2501 3202 2610 3257 hoc
2642 3202 2988 3273 disponebat
3032 3202 3227 3272 Jesus,
3259 3220 3491 3260 carnem
3526 3207 3665 3278 quia
3697 3208 3889 3264 indu-

2172 3297 2291 3348 tum
2327 3296 2452 3347 erat
2490 3291 2767 3359 Verbum,
2801 3290 2971 3345 veluti
3006 3292 3297 3347 concisam
3361 3294 3712 3351 distribuere
3768 3313 3894 3353 cre-

2174 3383 2445 3437 dentibus
2476 3380 2531 3434 in
2564 3396 2645 3435 se.
2693 3382 2874 3434 Durus
2904 3385 3002 3447 est,
3050 3382 3345 3454 inquiunt,
3379 3382 3467 3438 hic
3502 3401 3718 3447 sermo;
3766 3388 3895 3458 quis

2172 3477 2344 3542 potest
2376 3488 2499 3526 eum
2522 3469 2717 3525 audire
2745 3472 2771 3523 ?

2243 3562 2297 3615 3.
2332 3561 2516 3615 Sciens
2546 3566 2729 3614 autem
2762 3562 2921 3614 Iesus
2977 3560 3124 3626 apud
3166 3564 3513 3633 semetipsum
3544 3568 3672 3635 quia
3724 3583 3896 3623 mur-

2172 3658 2455 3706 murarent
2486 3650 2550 3703 de
2595 3665 2653 3704 eo
2702 3649 2958 3719 discipuli
2986 3651 3123 3719 ejus.
3168 3651 3257 3705 Sic
3286 3653 3438 3706 enim
3474 3655 3626 3723 apud
3680 3672 3747 3711 se
3780 3656 3898 3711 ista

2172 3742 2463 3807 dixerunt,
2492 3743 2556 3793 ut
2586 3739 2656 3792 ab
2702 3738 2799 3793 illo
2834 3756 2946 3793 non
2979 3740 3322 3794 audirentur
3352 3760 3365 3808 ;
3393 3744 3489 3796 sed
3516 3744 3611 3799 ille
3644 3744 3754 3815 qui
3796 3762 3901 3802 eos

2176 3838 2404 3887 noverat
2429 3830 2484 3884 in
2512 3828 2738 3899 seipsis,
2764 3829 3007 3884 audiens
3031 3831 3178 3899 apud
3206 3832 3608 3903 semetipsum,
3635 3851 3897 3905 respon-

2174 3921 2280 3987 dit,
2322 3924 2379 3974 et
2409 3920 2507 3983 ait,
2542 3920 2646 3975 Hoc
2681 3934 2772 3973 vos
2817 3918 3161 3973 scandalizat
3194 3904 3400 4006 :’quia
3455 3921 3593 3987 dixi,
3627 3904 3899 3980 Carnem

2177 4026 2357 4064 meam
2393 4010 2464 4063 do
2496 4007 2655 4063 vobis
2688 4008 3058 4076 manducare,
3090 4013 3147 4063 et
3186 4010 3530 4077 sanguinem
3564 4028 3777 4068 meum
3808 4014 3905 4069 bi-

2177 4097 2327 4157 bere.
2362 4098 2469 4153 huc
2502 4114 2598 4151 vos
2630 4113 2836 4169 nempe
2871 4097 3243 4154 scandalizat.
3273 4098 3335 4153 Si
3363 4115 3486 4169 ergo
3517 4101 3779 4158 videritis
3815 4105 3904 4157 Fi-

2179 4188 2320 4242 lium
2344 4189 2581 4243 hominis
2594 4188 2977 4242 ascendentem
2999 4187 3098 4242 ubi
3113 4194 3229 4242 erat
3245 4191 3400 4259 prius
3416 4192 3443 4244 ?
3464 4191 3608 4255 Quid
3630 4200 3730 4248 est
3747 4194 3909 4250 hoc?

2174 4280 2317 4335 Hinc
2348 4280 2514 4335 solvit
2563 4278 2717 4350 quod
2769 4278 2900 4331 illos
2944 4288 3192 4333 moverat
3223 4280 3251 4331 ‘?
3282 4278 3416 4333 hinc
3465 4282 3697 4349 aperuit
3734 4288 3905 4341 unde

2177 4372 2400 4426 fuerant
2426 4366 2840 4425 scandalizati?
2863 4369 3007 4422 Hinc
3043 4367 3229 4433 plane,
3262 4368 3310 4423 si
3335 4368 3764 4441 intelligerent.
3809 4375 3908 4429 Illi

2173 4461 2328 4515 enim
2364 4459 2645 4530 putabant
2677 4473 2810 4513 eum
2861 4461 3227 4527 erogaturum
3281 4474 3489 4529 corpus
3520 4477 3699 4517 suum
3750 4482 3765 4528 ;
3807 4464 3911 4520 ille

2173 4557 2364 4603 autem
2382 4547 2519 4602 dixit
2539 4563 2600 4600 se
2615 4562 2993 4601 escensurum
3012 4546 3067 4599 in
3093 4545 3323 4611 coelum,
3345 4549 3881 4623 utiqueintegrum
3896 4595 3909 4608 .

2175 4638 2308 4692 Cum
2356 4634 2604 4691 videritis
2652 4632 2855 4688 Filium
2910 4632 3150 4688 hominis
3208 4635 3583 4691 ascendentem
3632 4639 3747 4696 ubi
3779 4646 3907 4697 erat

2170 4731 2362 4801 prius;
2392 4731 2543 4783 certe
2574 4729 2660 4782 vel
2685 4731 2822 4780 tunc
2854 4724 3127 4780 videbitis
3161 4725 3298 4796 quia
3322 4743 3434 4781 non
3467 4742 3531 4782 eo
3565 4732 3751 4786 modo
3778 4748 3909 4803 quo

2170 4820 2407 4889 putatis,
2430 4821 2627 4887 erogat
2655 4831 2864 4885 corpus
2882 4829 3052 4869 suum
3082 4838 3096 4880 ς
3121 4819 3271 4868 certe
3300 4817 3385 4869 vel
3418 4820 3557 4871 tunc
3587 4816 3915 4892 intellige-

2167 4909 2241 4964 tis
2275 4910 2405 4979 quia
2438 4908 2624 4977 gratia
2654 4904 2781 4975 ejus
2815 4921 2923 4960 non
2960 4904 3326 4959 consumitur
3360 4906 3671 4961 morsibus.

2238 4996 2291 5051 4.
2327 4994 2392 5048 Et
2421 4994 2500 5048 ait
2534 5009 2547 5047 :
2582 4991 2822 5064 Spiritus
2852 4995 2925 5046 est
2957 4993 3051 5061 qui
3078 4992 3330 5061 vivi/ient,
3362 5008 3489 5047 caro
3519 5009 3626 5048 non
3657 5000 3912 5067 prodest

2165 5084 2487 5155 quidquam.
2506 5082 2623 5138 Hoc
2649 5086 2953 5151 antequam
2980 5095 3433 5152 exponamus,ut
3466 5084 3768 5141 Dominus
3801 5090 3925 5147 do-

2165 5177 2282 5241 nat,
2317 5172 2459 5227 illud
2490 5188 2604 5227 non
2654 5171 3014 5243 negligenter
3053 5172 3515 5243 praetereundum
3572 5178 3684 5239 est,
3727 5183 3911 5249 quod

2164 5264 2268 5331 ait,
2301 5264 2364 5318 Si
2391 5278 2517 5331 ergo
2556 5261 2799 5317 videritis
2829 5261 3029 5316 Filium
3086 5262 3327 5317 hominis
3357 5264 3760 5321 ascendentem
3798 5270 3911 5327 ubi

2161 5362 2281 5410 erat
2312 5357 2465 5417 prius
2493 5357 2517 5407 γ
2546 5352 2723 5408 Filius
2755 5352 2910 5408 enim
2944 5352 3198 5408 hominis
3227 5353 3513 5420 Christus,
3547 5370 3614 5410 ex
3644 5356 3911 5430 virgine

2162 5447 2522 5518 Maria.Ergo
2548 5445 2702 5500 ﬁlius
2728 5445 2979 5501 hominis
3012 5445 3103 5501 hic
3136 5445 3306 5517 cepit
3328 5462 3455 5502 esse
3480 5445 3536 5500 in
3567 5450 3761 5520 terra,
3793 5454 3906 5511 ubi

2226 5611 2242 5647 ι
2275 5608 2361 5661 Er.
2392 5608 2533 5671 legit.
2564 5611 2616 5658 et
2635 5622 2737 5659 non
2769 5608 3059 5661 deseretur.
3124 5608 3191 5657 Μ.
