4146 6186
272 288 431 346 1617

252 434 492 475 carnem
526 420 851 491 assumpsit
880 434 945 475 ex
972 423 1145 477 terra.
1184 421 1341 477 Unde
1389 423 1723 494 prophetice
1752 422 1970 477 dictum

249 514 396 573 erat,
438 510 646 565 Veritas
666 509 733 564 de
754 518 905 565 terra
925 514 1048 565 orta
1080 517 1159 565 est
1186 510 1412 581 (Psatm.
1440 529 1662 579 Lxxxrv,
1690 512 1797 582 12).
1821 511 1969 575 Quid

248 598 358 651 sibi
390 614 531 668 ergo
569 600 692 653 vult
723 598 875 668 quod
911 599 1007 664 ait,
1048 598 1176 653 Cum
1226 600 1473 655 videritis
1502 602 1705 655 Filium
1733 600 1968 656 hominis

244 687 624 743 ascendentem
658 689 750 743 ubi
779 692 895 743 erat
932 689 1089 758 prius
1120 696 1145 740 Ρ
1176 688 1343 744 Nulla
1365 690 1519 744 enim
1543 694 1697 745 esset
1728 691 1969 759 quaestio

244 776 387 831 siita
408 776 675 835 dixisset,
729 776 789 831 Si
838 776 1095 831 videritis
1118 778 1425 833 FiliumDei
1466 780 1850 834 ascendentem
1874 778 1969 833 ubi

243 869 358 919 erat
379 864 542 935 prius
565 870 589 918 7
615 882 750 920 cum
783 880 915 921 vero
940 865 1149 920 Filium
1182 866 1439 922 hominis
1480 866 1625 921 dixit
1655 868 1968 922 ascenden-

246 960 363 1008 tem
400 955 503 1009 ubi
542 958 665 1009 erat
697 953 879 1025 prius,
912 957 1199 1025 numquid
1234 955 1412 1011 Filius
1443 956 1699 1011 hominis
1731 957 1790 1010 in
1822 955 1965 1011 cmlo

245 1048 371 1097 erat
404 1043 591 1114 prius,
627 1045 863 1115 quando
892 1044 951 1098 in
984 1050 1136 1099 terra
1157 1050 1310 1101 esset
1340 1046 1513 1117 coepit
1540 1046 1568 1099 ?
1597 1045 1698 1100 Hic
1728 1045 1963 1116 quidem

246 1133 413 1193 dixit.
450 1134 550 1187 ubi
576 1142 694 1187 erat
723 1135 900 1203 prius,
936 1133 1257 1204 quasitunc
1291 1152 1404 1190 non
1436 1134 1515 1189 ibi
1545 1140 1701 1190 esset
1731 1135 1962 1205 quando

239 1223 364 1277 hac
401 1224 767 1291 loquebatur.
807 1224 932 1278 Alio
982 1230 1176 1279 autem
1218 1224 1343 1280 loco
1373 1224 1473 1292 ait,
1530 1225 1693 1281 Nemo
1723 1224 1962 1279 ascendit

238 1317 297 1369 in
328 1316 554 1380 emtum,
582 1318 688 1369 nisi
718 1317 819 1385 qui
837 1316 901 1371 de
921 1317 1055 1371 caelo
1077 1315 1368 1381 descendit,
1388 1316 1556 1371 Filius
1579 1314 1834 1382 hominis,
1868 1316 1963 1385 qui

237 1411 316 1461 est
350 1407 409 1459 in
442 1404 581 1460 caelo
602 1406 782 1474 (Joan.
816 1422 901 1472 ιιι,
923 1406 1048 1475 13);
1084 1422 1198 1459 non
1231 1404 1399 1473 dixit,
1431 1410 1574 1472 erat,
1608 1404 1733 1469 sed,
1764 1406 1958 1473 Filius,

240 1494 458 1564 inquit,
489 1494 725 1549 hominis
756 1497 944 1564 quiest
974 1495 1033 1548 in
1062 1494 1216 1548 cceto.
1250 1495 1315 1548 In
1346 1498 1491 1548 terra
1514 1494 1879 1563 loquebatur,
1904 1499 1958 1547 et

242 1584 302 1639 in
338 1583 486 1638 cmlo
507 1599 570 1638 se
589 1598 719 1639 esse
740 1583 989 1639 dicebat.
1022 1583 1091 1637 Et
1122 1600 1235 1638 non
1259 1584 1337 1639 ita
1357 1583 1538 1639 dixit:
1566 1583 1744 1639 Nemo
1766 1598 1962 1637 ascen-

236 1672 325 1727 dit
358 1673 420 1726 iu
456 1672 691 1735 ccelum,
726 1673 833 1727 nisi
867 1673 966 1743 qui
993 1674 1061 1727 de
1092 1672 1233 1727 coelo
1266 1672 1590 1739 descendit,
1630 1671 1808 1727 Filius
1838 1672 1959 1736 Dei,

240 1762 344 1835 qui
377 1767 467 1818 est
506 1762 567 1818 in
597 1762 761 1819 cmlo.
813 1765 937 1828 Quo
985 1765 1249 1833 pertinet.
1284 1763 1395 1820 nisi
1433 1770 1498 1819 ut
1538 1763 1961 1833 intelligamus,

240 1852 397 1923 quod
441 1852 621 1907 etiam
672 1852 915 1923 pristino
959 1867 1225 1909 sermone
1255 1854 1649 1910 commendavi
1681 1851 1959 1909 Charitati

238 1945 474 2009 vestrae,
516 1957 695 1996 unam
730 1958 1041 2013 personam
1073 1958 1201 1997 esse
1232 1942 1531 1997 Christum
1564 1942 1748 1997 Deum
1780 1946 1836 1996 et
1862 1941 1957 1995 bo-

241 2030 493 2098 minem,
526 2046 639 2086 non
672 2033 819 2087 duas
852 2050 867 2099 ;
920 2048 991 2087 ne
1022 2031 1166 2087 fides
1199 2036 1396 2087 nostra
1428 2048 1542 2087 non
1574 2030 1648 2087 sit
1681 2031 1961 2096 Trinitas,

241 2119 1047 2192 sedquaternitas?Christus
1064 2138 1197 2193 ergo
1218 2138 1371 2176 unus
1396 2125 1513 2176 est:
1538 2121 1815 2188 Verbum,
1839 2122 1963 2176 ani-

244 2228 339 2266 ma
366 2215 425 2267 et
457 2226 594 2267 caro
628 2228 783 2267 unus
814 2211 1078 2267 Christus
1113 2229 1125 2267 :
1161 2211 1343 2267 Filius
1377 2212 1471 2266 Dei
1503 2219 1553 2266 et
1589 2212 1743 2267 filius
1774 2212 1965 2269 homi-

239 2302 335 2355 nis
367 2316 522 2356 unus
553 2301 841 2358 Christus.
877 2301 1056 2357 Filius
1096 2301 1197 2358 Dei
1229 2318 1479 2372 semper,
1515 2301 1672 2357 ﬁlius
1704 2302 1962 2359 hominis

238 2408 305 2447 ex
334 2396 628 2462 tempore;
653 2397 847 2448 tamen
872 2408 1020 2448 unus
1041 2392 1309 2448 Christus
1333 2392 1661 2447 secundum
1678 2392 1959 2449 unitatem

240 2497 529 2552 personae.
565 2484 629 2538 In
662 2482 804 2538 cmlo
835 2491 975 2549 erat,
1026 2484 1255 2553 quando
1293 2482 1353 2537 in
1385 2486 1542 2538 terra
1589 2483 1957 2565 loquebatur.

240 2571 337 2627 Sic
368 2581 494 2626 erat
524 2571 683 2627 ﬁlius
724 2571 979 2627 hominis
1015 2573 1068 2626 in
1115 2572 1281 2639 ccelo,
1316 2572 1608 2643 quomodo
1649 2571 1828 2626 Filius
1860 2572 1961 2629 Dei

244 2661 444 2715 eratin
460 2670 641 2728 terra;
662 2660 840 2716 Filius
862 2661 1203 2717 Deiinterra
1225 2661 1283 2716 in
1298 2666 1567 2733 suscepta
1588 2678 1780 2729 carne,
1802 2662 1960 2719 illius

246 2753 509 2808 hominis
543 2755 601 2807 in
635 2752 777 2809 ccelo
809 2755 866 2807 in
909 2754 1129 2809 unitate
1162 2770 1441 2823 personis.

314 2845 370 2899 5.
405 2843 551 2909 Quid
586 2848 674 2898 est
703 2858 838 2913 ergo
871 2844 1021 2914 quod
1061 2843 1349 2914 adjungit,
1383 2842 1623 2914 Spiritus
1645 2845 1839 2915 estqui
1876 2846 1961 2900 vi-

238 2934 451 3002 viﬁcat,
480 2948 609 2988 caro
633 2949 738 2987 non
769 2932 1295 3004 prodestquidquam
1326 2936 1350 2984 .9
1388 2933 1660 2988 Dicamus
1691 2938 1741 2987 ei
1784 2936 1962 3004 (pati-

238 3022 511 3078 turenim
535 3038 643 3078 nos
668 3038 779 3077 non
796 3023 1277 3089 contradicentes,
1295 3023 1395 3077 sed
1413 3038 1584 3078 nosse
1607 3022 1957 3095 cupientes):

235 3112 280 3167 Ο
313 3111 582 3177 Domine,
619 3110 895 3183 magister
924 3113 1093 3178 bone,
1117 3111 1410 3182 quomodo
1439 3126 1566 3167 caro
1605 3127 1715 3166 non
1744 3112 1959 3181 prodest

236 3201 562 3273 quidquam,
586 3216 719 3255 cum
743 3207 804 3254 tu
836 3200 1066 3267 dixeris,
1093 3200 1211 3255 Nisi
1238 3202 1357 3271 quis
1382 3200 1791 3256 manducauerit
1832 3218 1961 3257 car—

235 3306 361 3345 nem
393 3306 594 3355 meam,
630 3294 679 3343 et
704 3288 903 3343 biberit
934 3290 1260 3357 sanguinem
1288 3303 1491 3357 meum,
1527 3304 1636 3343 non
1657 3289 1875 3345 habebit
1898 3290 1958 3344 in

238 3396 297 3435 se
328 3381 504 3434 vitam
534 3380 563 3431 ?
588 3381 675 3433 An
700 3378 815 3432 vita
844 3394 957 3433 non
983 3378 1220 3449 prodest
1241 3377 1565 3449 quidquam
1592 3378 1621 3433 ?
1648 3383 1704 3433 et
1728 3384 1960 3449 propter

240 3469 385 3541 quid
407 3468 780 3537 sumusquod
805 3466 1165 3535 sumus,nisi
1182 3472 1245 3522 ut
1264 3467 1586 3523 habeamus
1603 3468 1778 3523 vitam
1803 3474 1957 3524 aster-

234 3574 397 3623 nam,
430 3573 608 3627 quam
644 3561 745 3611 tua
773 3572 946 3612 carne
979 3555 1320 3627 promittis?
1351 3556 1489 3627 quid
1537 3561 1624 3611 est
1652 3573 1809 3628 ergo,
1842 3576 1952 3613 non

231 3648 451 3718 prodest
480 3645 781 3717 quidquam
810 3661 937 3701 caro
969 3649 994 3700 .9
1026 3646 1146 3701 Non
1191 3645 1427 3716 prodest
1467 3645 1808 3717 quidquam,
1851 3650 1951 3703 sed

234 3736 531 3807 quomodo
558 3734 641 3789 illi
674 3733 1119 3790 intellexerunt:
1153 3749 1387 3789 carnem
1421 3734 1634 3806 quippe
1666 3735 1749 3789 sic
1782 3734 1951 3790 intel-

231 3802 842 3893 lexerunthuomodo
868 3824 925 3877 in
950 3823 1226 3879 cadavere
1256 3822 1588 3891 dilaniatur,
1614 3828 1714 3878 aut
1743 3824 1802 3879 in
1826 3842 1950 3880 ma-

232 3913 375 3969 cello
390 3912 687 3977 venditur,
715 3928 828 3966 non
853 3912 1145 3982 quomodo
1163 3911 1369 3981 spiritu
1399 3916 1711 3981 vegetatur.
1745 3912 1949 3968 Proin-

232 4003 301 4057 de
322 4004 406 4057 sic
430 4003 655 4057 dictum
681 4001 929 4067 est,Caro
950 4018 1056 4055 non
1072 4000 1286 4067 prodest
1307 4002 1629 4071 quidquam:
1653 4002 1947 4071 quomodo

230 4093 451 4149 dictum
486 4096 598 4157 est,
631 4092 877 4147 Scientia
904 4090 1088 4159 inﬂat.
1120 4090 1242 4146 Jam
1269 4107 1405 4163 ergo
1446 4091 1728 4147 debemus
1757 4092 1947 4147 odisse

229 4185 531 4239 scientiam
561 4182 589 4236 ?
618 4180 804 4237 Absit.
836 4181 906 4235 Et
936 4180 1074 4251 quid
1108 4185 1214 4246 est,
1260 4180 1498 4237 Scientia
1527 4181 1691 4249 inﬂat
1718 4189 1743 4234 Ρ
1787 4182 1943 4249 Sola,

226 4274 355 4328 sine
385 4270 671 4325 cbaritate
702 4284 716 4324 :
761 4268 890 4324 ideo
921 4268 1211 4337 adjunxit,
1260 4268 1513 4323 Charitas
1554 4284 1679 4324 vero
1708 4269 1946 4339 wdiﬁcat

228 4361 274 4431 (Ι
309 4361 432 4416 Cor.
455 4376 580 4427 vui,
604 4360 847 4427 l).Adde
874 4374 1008 4427 ergo
1032 4357 1285 4413 scientias
1308 4358 1671 4424 cbaritatem,
1706 4363 1761 4412 et
1784 4359 1945 4414 utilis

230 4450 336 4505 erit
358 4448 664 4515 scientia;
720 4464 833 4502 non
885 4462 985 4517 per
1026 4448 1244 4521 se.vsed
1297 4463 1398 4517 per
1436 4448 1801 4502 charitatem.
1852 4449 1945 4505 Sic

228 4537 400 4590 etiam
425 4550 608 4597 nunc,
629 4547 755 4587 caro
783 4548 899 4585 non
917 4532 1140 4602 prodest
1160 4530 1478 4602 quidquam,
1503 4532 1603 4587 sed
1628 4533 1751 4587 sola
1773 4548 1902 4588 caro
1931 4543 1942 4583 :

227 4624 466 4679 accedat
487 4621 732 4694 spiritus
751 4622 821 4677 ad
845 4636 1103 4685 carnem,
1139 4620 1429 4691 quomodo
1448 4622 1669 4676 accedit
1691 4622 1944 4676 cbaritas

227 4714 300 4768 ad
333 4712 669 4776 scientiam,
701 4710 1010 4781 etprodest
1030 4708 1367 4779 plurimum.
1396 4710 1539 4766 Nam
1565 4711 1614 4764 si
1644 4727 1777 4765 caro
1802 4711 1943 4766 nihil

227 4803 556 4872 prodesset,
591 4800 849 4855 Verbum
890 4815 1024 4854 caro
1056 4814 1171 4854 non
1206 4798 1387 4866 ﬁeret,
1421 4804 1484 4855 ut
1517 4799 1942 4855 inhabitaretin

231 4892 421 4946 nobis.
456 4891 514 4945 Si
549 4906 653 4961 per
680 4904 918 4945 carnem
944 4888 1110 4943 nobis
1135 4887 1389 4942 multum
1415 4890 1632 4958 profuit
1655 4889 1943 4956 Christus,

232 4980 526 5052 quomodo
557 4995 688 5033 caro
721 4978 866 5033 nihil
897 4978 1135 5047 prodest
1163 4977 1191 5031 ?
1222 4977 1327 5032 Sed
1365 4992 1462 5048 per
1494 4993 1728 5033 carnem
1767 4979 1944 5050 Spiri-

234 5076 325 5124 tus
356 5067 585 5139 aliquid
619 5082 725 5138 pro
749 5066 936 5121 salute
960 5072 1158 5121 nostra
1180 5065 1317 5136 egit.
1339 5066 1482 5121 Caro
1507 5082 1605 5120 vas
1625 5066 1765 5135 fuit;
1790 5069 1943 5138 quod

237 5158 489 5213 habebat
522 5155 779 5223 attende,
804 5171 917 5209 non
942 5155 1093 5226 quod
1126 5159 1270 5211 erat.
1300 5154 1555 5225 Apostoli
1580 5156 1743 5209 missi
1769 5161 1943 5222 sunt;

237 5248 521 5318 numquid
555 5261 691 5301 caro
733 5244 993 5314 ipsorum
1046 5244 1192 5298 nihil
1227 5243 1393 5299 nobis
1426 5245 1640 5315 profuit
1672 5245 1698 5298 Ῥ
1727 5246 1784 5299 Si
1816 5260 1946 5301 caro

234 5335 644 5407 Apostolorum
685 5333 853 5389 nobis
886 5334 1124 5405 profuit,
1163 5349 1294 5387 caro
1335 5332 1557 5387 Domini
1590 5333 1946 5405 potuitnibil

238 5428 505 5496 prodesse
525 5425 553 5478 ‘?
588 5423 751 5479 Unde
782 5423 936 5478 enim
962 5424 1031 5477 ad
1064 5438 1167 5478 nos
1191 5440 1371 5478 sonus
1395 5424 1571 5493 verbi,
1596 5424 1708 5479 nisi
1732 5441 1828 5495 per
1851 5441 1947 5479 vo-

239 5533 356 5571 cem
380 5513 618 5571 carnis?
641 5514 798 5569 unde
820 5512 1015 5581 stilus,
1041 5516 1195 5568 unde
1217 5513 1600 5583 conscriptio?
1624 5517 1731 5570 Ista
1753 5515 1949 5570 omnia

240 5623 409 5675 opera
441 5604 633 5661 carnis
655 5607 817 5669 sunt,
842 5604 942 5659 sed
970 5603 1225 5674 agitante
1244 5602 1451 5674 spiritu
1484 5613 1754 5675 tanquam
1779 5621 1948 5675 orga-

1435 291 1897 354 TRACTATUS
1939 289 2175 351 XXVII.
2226 292 2485 356 CAPUT
2533 296 2631 357 VI.

3638 309 3793 368 1618

2081 438 2223 477 num
2255 440 2451 479 suum.
2496 426 2756 497 Spiritus.
2780 444 2912 496 ergo
2932 435 3010 484 est
3038 432 3136 502 qui
3162 433 3422 505 viviﬁcat,
3446 455 3574 495 caro
3603 443 3791 496 autem

2079 526 2186 565 non
2215 512 2426 583 prodest
2454 516 2749 586 quidquam
2773 535 2790 571 :
2817 518 2966 573 sicut
2987 519 3070 574 illi
3096 520 3499 583 intellexerunt
3525 545 3789 584 carnem,

2079 616 2194 655 non
2223 601 2305 656 sic
2337 620 2441 675 ego
2473 606 2545 660 do
2577 607 2646 660 ad
2682 609 3148 665 manducandum
3173 628 3409 675 carnem
3442 632 3653 673 meam.

2146 691 2201 743 6.
2236 691 2502 761 Proinde,
2542 696 2727 763 Verba,
2763 695 2975 766 inquit.
3010 714 3134 768 quae
3164 717 3258 771 ego
3301 704 3511 760 locutus
3554 723 3671 761 sum
3701 722 3790 762 vo-

2077 777 2179 843 bis,
2210 783 2433 851 spiritus
2461 786 2509 837 et
2531 786 2645 839 vita
2667 790 2769 839 est.
2796 784 3064 843 Diximus
3093 790 3276 861 enim,
3296 793 3520 861 fratres,
3558 795 3661 851 hoc
3688 800 3784 850 Do-

2076 870 2302 926 minum
2331 876 2773 929 commendasse
2806 875 2861 930 in
2900 878 3349 938 manducatione
3379 886 3568 940 carnis
3589 903 3705 942 suae
3728 893 3785 943 et

2076 960 2372 1030 potatione
2402 961 2711 1031 sanguinis
2734 962 2852 1032 sui,
2879 969 2941 1019 ut
2962 965 3019 1020 in
3052 966 3150 1022 illo
3178 986 3540 1041 maneamus,
3573 980 3627 1030 et
3659 976 3783 1046 ipse

2072 1048 2131 1103 in
2165 1050 2349 1107 nobis.
2377 1052 2676 1108 Manemus
2694 1058 2889 1110 autem
2912 1056 2969 1110 in
2994 1056 3113 1129 illo,
3139 1077 3271 1116 cum
3296 1080 3497 1119 sumus
3519 1066 3785 1123 membra

2071 1141 2199 1209 ejus
2232 1159 2243 1194 :
2284 1147 2477 1196 manet
2523 1149 2718 1198 autem
2751 1145 2874 1214 ipse
2904 1146 2959 1200 in
2994 1149 3186 1215 nobis,
3230 1167 3359 1206 cum
3392 1169 3595 1210 sumus
3626 1160 3781 1210 tem-

2073 1227 2230 1297 plum
2262 1230 2405 1298 ejus.
2442 1227 2514 1284 Ut
2542 1235 2735 1287 autem
2765 1234 2953 1289 simus
2974 1238 3238 1293 membra
3265 1242 3415 1309 ejus,
3449 1242 3643 1298 unitas
3678 1260 3783 1299 nos

2071 1316 2462 1387 compaginat.
2485 1317 2557 1372 Ut
2578 1320 2940 1391 compaginet
2965 1325 3177 1391 unitas,
3198 1344 3323 1397 qua:
3349 1328 3485 1384 facit
3505 1330 3620 1385 nisi
3644 1332 3781 1386 cha-

2069 1406 2208 1461 ritas
2239 1406 2266 1460 ?
2296 1407 2365 1462 Et
2393 1408 2648 1464 cbaritas
2684 1411 2777 1466 Dei
2826 1413 2978 1467 unde
3006 1416 3033 1466 ?
3064 1418 3404 1484 Apostolum
3448 1419 3779 1492 interroga:

2074 1494 2345 1561 Charitas,
2378 1495 2591 1567 inquit,
2623 1501 2726 1554 Dei
2756 1500 2955 1571 diﬂusa
2983 1512 3059 1557 est
3083 1505 3143 1557 in
3174 1506 3422 1561 cordibus
3444 1513 3645 1564 nostris
3680 1526 3781 1579 per

2070 1586 2341 1655 Spiritum
2363 1594 2612 1642 sanctum
2631 1591 2729 1659 qui
2756 1590 2916 1645 datus
2944 1596 3023 1646 est
3050 1594 3204 1648 nobis
3240 1595 3406 1663 (Rom.
3442 1612 3498 1663 ν,
3527 1598 3609 1667 5).
3635 1602 3779 1669 Ergo

2072 1673 2307 1745 Spiritus
2324 1685 2401 1731 est
2432 1675 2527 1746 qui
2549 1676 2785 1746 viviﬁcat
2810 1695 2821 1733 :
2850 1680 3088 1748 spiritus
3102 1683 3257 1738 enim
3283 1684 3419 1741 facit
3439 1686 3568 1741 viva
3593 1703 3779 1742 mem-

2070 1764 2193 1818 bra.
2222 1764 2334 1821 Nec
2367 1764 2491 1820 viva
2521 1768 2786 1822 membra
2815 1770 3057 1838 spiritus
3093 1772 3248 1838 facit,
3276 1773 3388 1829 nisi
3418 1790 3545 1845 quas
3575 1775 3633 1831 in
3654 1792 3778 1833 cor-

2071 1868 2209 1922 pore
2241 1854 2395 1922 quod
2427 1859 2649 1925 vegetat
2679 1855 2801 1925 ipse
2831 1857 3095 1926 spiritus,
3141 1860 3439 1917 invenerit.
3474 1863 3619 1918 Nam
3669 1866 3780 1936 spi-

2072 1940 2221 1997 ritus
2252 1943 2457 2013 quiest
2487 1944 2546 1998 in
2584 1950 2658 2011 te,
2690 1960 2721 2000 o
2756 1946 2952 2009 homo,
2987 1965 3101 2020 quo
3123 1956 3355 2007 constas
3387 1957 3451 2006 ut
3480 1952 3654 2008 homo
3674 1954 3775 2023 sis,

2072 2033 2357 2103 numquid
2376 2033 2631 2091 vivificat
2653 2037 2984 2092 membrum
3008 2041 3160 2109 quod
3190 2050 3517 2111 separatum
3542 2044 3778 2099 invene-

2071 2121 2204 2176 rita
2228 2138 2401 2177 carne
2431 2124 2579 2178 tua?
2605 2125 2888 2192 Spiritum
2920 2132 3084 2183 tuum
3118 2129 3245 2185 dico
3280 2130 3537 2187 animam
3572 2136 3772 2189 tuam:

2071 2214 2268 2267 anima
2290 2219 2384 2267 tua
2399 2229 2511 2268 non
2545 2213 2792 2270 vivificat
2812 2215 2924 2271 nisi
2941 2219 3199 2274 membra
3216 2236 3341 2291 quae
3363 2226 3503 2276 sunt
3523 2221 3582 2277 in
3607 2238 3777 2277 carne

2072 2307 2211 2370 tua;
2267 2317 2447 2357 unum
2473 2301 2520 2355 si
2569 2302 2759 2372 tollas,
2803 2306 2927 2375 jam
2963 2322 3075 2362 non
3129 2307 3446 2363 viviﬁcatur
3481 2327 3549 2366 ex
3580 2310 3777 2366 anima

2071 2400 2190 2455 tua,
2222 2392 2360 2462 quia
2391 2391 2600 2447 unitati
2628 2395 2889 2465 corporis
2918 2395 3004 2449 tui
3029 2412 3142 2451 non
3174 2398 3495 2467 capulatur.
3531 2400 3660 2454 Haec
3686 2399 3775 2455 di-

2070 2484 2283 2535 cuntur
2314 2485 2376 2535 ut
2406 2495 2671 2536 amemus
2704 2482 3009 2549 unitatem,
3030 2489 3085 2539 et
3114 2484 3429 2540 timeamus
3458 2488 3775 2555 separatio-

2070 2588 2220 2626 uem.
2237 2571 2391 2626 Nihil
2408 2572 2656 2627 enimsic
2681 2572 2853 2628 debet
2876 2574 3580 2645 formidarechristianus,
3605 2592 3774 2645 quam

2070 2660 2323 2731 separari
2357 2678 2390 2715 a
2420 2676 2654 2731 corpore
2685 2660 2920 2717 Christi.
2954 2663 3013 2717 Si
3056 2663 3210 2719 enim
3243 2669 3549 2734 separatur
3580 2682 3612 2720 a
3643 2681 3773 2721 cor-

2070 2767 2204 2820 pore
2226 2750 2461 2817 Christi,
2488 2767 2601 2806 non
2624 2757 2713 2806 est
2735 2755 3066 2808 membrum
3085 2756 3210 2823 ejus
3233 2770 3246 2820 ;
3269 2754 3319 2809 si
3346 2770 3461 2809 non
3484 2763 3569 2810 est
3594 2771 3779 2811 mem-

2069 2838 2241 2894 brum
2273 2840 2421 2909 ejus,
2457 2857 2570 2895 non
2602 2844 2903 2911 vegetatur
2933 2841 3151 2912 Spiritu
3184 2842 3313 2911 ejus
3345 2860 3357 2897 :
3393 2844 3648 2915 Quisquis
3672 2861 3777 2899 au-

2070 2938 2197 2994 tem,
2231 2928 2425 2998 inquit
2455 2929 2775 2997 Apostolus,
2808 2930 3075 3000 Spiritum
3107 2932 3307 2987 Christi
3336 2948 3444 2988 non
3468 2933 3647 3002 habet,
3691 2934 3779 2990 hic

2068 3032 2176 3072 non
2207 3024 2285 3070 est
2306 3014 2421 3085 eius
2452 3015 2556 3083 (Id.
2588 3032 2709 3083 vm,
2741 3016 2817 3087 9).
2851 3017 3092 3087 Spiritus
3121 3034 3257 3091 ergo
3288 3029 3364 3075 est
3394 3023 3489 3092 qui
3520 3022 3776 3089 viviﬁcat,

2067 3122 2194 3161 caro
2224 3110 2409 3161 autem
2438 3122 2548 3162 non
2578 3108 2797 3177 prodest
2826 3107 3145 3179 quidquam.
3202 3110 3374 3166 Verba
3404 3126 3528 3181 qua
3564 3127 3660 3181 ego
3692 3113 3778 3168 to-

2068 3205 2220 3251 cutus
2250 3213 2370 3251 sum
2390 3196 2563 3261 vobis,
2584 3197 2816 3268 spiritus
2847 3204 2898 3252 et
2928 3200 3044 3253 vita
3064 3203 3211 3254 sunt.
3254 3199 3399 3263 Quid
3425 3205 3533 3267 est,
3552 3204 3777 3272 spiritus

2066 3290 2116 3344 et
2132 3286 2423 3341 vitasunt?
2445 3285 3227 3359 Spiritualiterintelligenda
3244 3293 3404 3343 sunt.
3435 3290 3778 3346 Intellexisti

2066 3376 2444 3445 spiritualiter
2473 3374 2499 3429 ‘2
2530 3378 2762 3446 spiritus
2781 3380 2833 3431 et
2850 3379 2964 3431 vita
2984 3386 3130 3432 sunt.
3162 3376 3500 3431 Intellexisti
3534 3379 3777 3434 carnali-

2064 3463 2189 3519 ter?
2206 3464 2377 3519 etiam
2392 3464 2477 3520 sic
2493 3463 2588 3518 illa
2607 3463 2841 3533 spiritus
2857 3465 3033 3519 etvita
3047 3468 3195 3534 sunt,
3219 3465 3318 3519 sed
3344 3465 3443 3519 tibi
3470 3481 3583 3520 non
3614 3473 3774 3525 sunt.

2134 3555 2190 3608 7.
2222 3552 2323 3607 Sed
2366 3560 2495 3607 sunt
2543 3554 2789 3623 quidam,
2853 3553 3058 3624 inquit,
3094 3556 3151 3610 in
3201 3555 3351 3610 vobis
3380 3556 3477 3624 qui
3513 3572 3623 3610 non
3651 3571 3776 3611 crc-

2064 3644 2220 3696 duut.
2254 3640 2379 3696 Non
2410 3641 2569 3707 dixit,
2597 3642 2746 3697 Sunt
2775 3642 3016 3713 quidam
3039 3641 3097 3698 in
3123 3642 3289 3697 vobis
3320 3642 3420 3713 qui
3452 3657 3567 3697 non
3602 3641 3771 3697 intel-

2063 3729 2285 3801 ligunt;
2314 3731 2414 3785 sed
2450 3746 2685 3785 causam
2717 3730 2877 3800 dixit,
2905 3746 3082 3800 quare
3113 3747 3227 3785 non
3260 3729 3609 3802 intelligant.
3633 3730 3781 3787 Sunt

2060 3818 2207 3873 enim
2220 3820 2440 3890 quidam
2461 3820 2520 3874 in
2540 3819 2684 3874 vobis
2696 3820 2791 3890 qui
2804 3835 2913 3874 non
2928 3820 3187 3884 credunt;
3204 3824 3261 3877 et
3281 3819 3407 3876 ideo
3426 3836 3540 3875 non
3555 3818 3770 3875 intelli-

2058 3918 2219 3979 gunt,
2240 3907 2379 3979 quia
2395 3925 2509 3963 non
2525 3908 2787 3963 credunt.
2803 3908 3087 3979 Pr0pbeta
3110 3909 3264 3964 enim
3281 3909 3446 3977 dixit,
3466 3908 3771 3963 Nisicredi-

2056 3997 2273 4066 deritis,
2297 4013 2403 4053 non
2428 3997 2747 4065 intelligetis
2770 4000 2919 4069 (Isai.
2936 4015 3034 4060 vn,
3056 4000 3110 4059 9,
3132 4014 3236 4053 sec.
3262 3998 3448 4065 LXX).
3466 3998 3571 4054 Per
3592 3998 3768 4053 ﬁdem

2056 4085 2423 4157 copulamur,
2446 4104 2544 4157 per
2565 4086 2923 4143 intellectum
2943 4088 3324 4143 viviﬁcamur.
3361 4087 3527 4142 Prius
3556 4088 3770 4143 haerea-

2056 4196 2181 4234 mus
2201 4194 2301 4250 per
2328 4179 2523 4244 ﬁdem,
2547 4182 2611 4233 ut
2635 4176 2712 4233 sit
2732 4178 2888 4248 quod
2908 4178 3228 4233 vivilicetur
3252 4194 3353 4247 per
3374 4177 3765 4232 intellectum.

2050 4268 2193 4323 Nam
2228 4268 2326 4338 qui
2353 4284 2466 4323 non
2494 4265 2692 4333 heret,
2718 4266 2937 4321 resistit
2962 4284 2974 4332 ;
3002 4266 3098 4337 qui
3135 4266 3371 4331 resistit,
3418 4282 3529 4320 non
3559 4264 3765 4319 credit.

2050 4358 2195 4412 Nam
2228 4358 2327 4429 qui
2358 4356 2594 4419 resistit,
2628 4356 2916 4426 quomodo
2964 4354 3283 4411 viviﬁcatur
3306 4358 3334 4408 ?
3386 4353 3765 4409 Adversarius

2050 4452 2137 4502 est
2152 4447 2311 4501 radio
2334 4446 2500 4512 lucis,
2517 4460 2628 4515 quo
2643 4444 3035 4515 penetrandus
3051 4448 3136 4497 est
3159 4459 3171 4496 :
3191 4458 3297 4498 nos
3321 4442 3524 4497 avertit
3557 4440 3765 4497 aciem.

2050 4537 2146 4591 sed
2170 4533 2392 4590 claudit
2418 4539 2695 4590 mentem.
2730 4532 3012 4604 Suntergo
3028 4532 3252 4603 quidam
3273 4532 3489 4602 quinon
3510 4531 3760 4586 credunt.

2049 4624 2301 4680 Credant
2322 4628 2377 4677 et
2406 4622 2686 4693 aperiant,
2706 4623 2971 4693 aperiant
2992 4626 3048 4677 et
3069 4621 3584 4677 illuminabuntur.
3610 4620 3767 4676 Scie-

2050 4715 2138 4772 bat
2163 4712 2313 4767 enim
2342 4712 2409 4767 ab
2440 4710 2604 4767 initio
2633 4713 2787 4767 Jcsus
2804 4711 2899 4783 qui
2918 4719 3091 4767 essent
3107 4711 3406 4780 credentes,
3429 4717 3480 4765 et
3501 4708 3622 4781 quis
3644 4717 3769 4765 tra-

2048 4803 2264 4858 diturus
2284 4810 2419 4857 esset
2435 4818 2580 4857 eum.
2610 4800 2693 4857 lbi
2712 4802 2864 4857 enim
2885 4806 3007 4857 erat
3034 4806 3090 4857 et
3109 4801 3314 4856 Judas.
3350 4800 3495 4855 Nam
3528 4800 3765 4870 quidam

2050 4893 2421 4948 scandalizati
2448 4896 2584 4948 sunt
2614 4909 2625 4946 :
2654 4892 2749 4947 ille
2772 4900 2961 4947 autem
2993 4892 3212 4948 mansit
3239 4892 3306 4945 ad
3340 4889 3765 4953 insidiandum,

2051 5000 2165 5040 non
2199 4986 2266 5039 ad
2292 4984 2755 5055 intelligendum.
2786 4983 2855 5038 Et
2874 4982 3010 5053 quia
3037 4982 3165 5037 ideo
3202 4983 3520 5046 manserat,
3554 4994 3669 5033 non
3692 4977 3766 5032 de

2050 5074 2149 5129 illo
2190 5074 2368 5129 tacuit
2396 5073 2696 5129 Dominus.
2722 5072 2848 5128 Non
2880 5071 3046 5127 illum
3080 5068 3385 5141 expressit,
3420 5067 3517 5120 sed
3553 5082 3657 5121 nec
3678 5065 3763 5121 si-

2048 5164 2195 5229 luit;
2231 5167 2291 5218 ut
2323 5178 2526 5218 omnes
2556 5162 2848 5229 timerent,
2891 5160 3156 5232 quamvis
3187 5174 3342 5212 unus
3384 5155 3615 5227 periret.
3650 5155 3761 5210 Sed

2050 5258 2432 5325 posteaquam
2465 5251 2608 5306 dixit
2628 5256 2684 5306 et
2709 5250 2973 5305 distinxit
2994 5248 3293 5303 credentes
3313 5262 3345 5300 a
3376 5260 3490 5300 non
3523 5244 3763 5299 creden-

2050 5342 2225 5409 tibus,
2248 5343 2533 5413 expressit
2552 5355 2788 5395 causam
2812 5354 2993 5409 quare
3016 5353 3129 5391 non
3161 5335 3437 5391 credant:
3471 5336 3765 5405 Propterea

2050 5430 2178 5485 dixi
2200 5429 2363 5488 vobis.
2389 5426 2598 5495 inquit,
2639 5426 2772 5495 quia
2802 5439 2958 5480 nemo
3004 5427 3172 5493 potest
3206 5424 3390 5479 venire
3413 5422 3486 5478 ad
3514 5438 3618 5486 me,
3650 5424 3765 5477 nisi

2050 5520 2228 5588 fuerit
2277 5516 2335 5571 ei
2363 5515 2552 5569 datum
2599 5530 2630 5567 a
2675 5515 2841 5568 Patre
2892 5529 3029 5569 meo.
3068 5512 3214 5583 Ergo
3245 5518 3301 5568 et
3331 5500 3561 5569 credere
3591 5512 3762 5567 datur

2054 5605 2223 5661 nobis
2253 5622 2264 5658 :
2300 5601 2592 5671 nonrenim
2627 5601 2771 5657 nihil
2793 5607 2881 5658 est
2903 5603 3153 5658 credere.
3178 5601 3444 5658 Siautem
3480 5616 3757 5672 magnum
