4126 6194
340 302 494 366 1619

340 441 558 512 aliquid
576 446 684 509 est,
705 440 892 510 gaude
916 438 1053 508 quia
1066 436 1386 501 credidisti,
1410 436 1513 491 sed
1529 434 1641 490 noli
1665 434 1888 490 extolli:
1918 431 2057 503 quid

343 532 497 586 enim
531 530 712 585 habes
744 531 896 600 quod
931 544 1042 583 non
1076 526 1347 596 accepisti
1372 528 1417 593 (l
1444 527 1566 581 Cor.
1600 542 1674 591 ιν,
1706 524 1762 592 7)
1794 523 1821 577 ‘l

412 621 464 676 8.
499 621 581 674 Ea:
610 625 708 675 hoc
749 619 914 673 multi
933 617 1334 686 discipulorum
1365 616 1482 685 eius
1524 614 1779 669 abierunt
1798 620 1963 681 retro,
2001 614 2055 665 et

334 712 454 781 jam
473 725 581 765 non
604 724 725 763 cum
752 708 847 763 illo
865 706 1306 761 ambulaverunt.
1329 705 1598 758 Abierant
1620 706 1784 770 retro,
1805 702 1907 757 sed
1931 709 2060 770 post

340 801 637 865 Satanam,
672 815 784 853 non
818 801 951 867 post
979 797 1296 851 Christum.
1346 796 1493 849 Nam
1527 792 1838 863 aliquando
1870 791 2058 847 Domi—

344 906 454 944 nus
485 888 751 944 Christus
784 882 1368 956 Petrum’appellavit
1390 884 1685 943 Satanam,
1706 879 1892 952 magis
1924 882 2059 951 quia

341 978 568 1033 volebat
599 977 921 1047 praecedere
946 975 1253 1029 Dominum
1275 988 1468 1040 suum,
1493 975 1549 1027 et
1579 970 1888 1026 consilium
1921 970 2058 1026 dare

342 1084 413 1122 ne
448 1074 763 1122 mereretur
794 1065 910 1131 ille,
945 1064 1041 1133 qui
1074 1069 1307 1117 venerat
1342 1067 1404 1115 ut
1446 1066 1787 1130 moreretur,
1836 1077 1905 1114 ne
1958 1077 2059 1114 nos

340 1158 399 1210 in
432 1162 710 1211 aeternum
745 1169 1107 1209 moreremur
1140 1160 1229 1220 ;et
1260 1153 1341 1206 ait
1373 1150 1454 1205 illi
1490 1168 1501 1204 :
1537 1150 1665 1206 Redi
1691 1157 1809 1221 post
1838 1166 1924 1204 me
1955 1151 2058 1207 Sa-

342 1253 497 1300 tanas
528 1262 547 1311 ;
576 1260 687 1299 non
708 1243 853 1299 enim
891 1244 1037 1314 sapis
1069 1256 1193 1313 qua:
1232 1242 1325 1296 Dei
1353 1244 1502 1308 sunt,
1534 1240 1623 1295 sed
1668 1256 1787 1311 quas
1818 1240 2057 1297 hominis

341 1341 470 1389 sunt
498 1334 706 1405 (Matth.
744 1351 858 1401 xvr,
888 1334 1002 1404 23).
1042 1332 1164 1389 Non
1200 1330 1365 1385 illum
1401 1330 1613 1400 repulit
1645 1340 1794 1385 retro
1822 1329 1907 1385 ire
1932 1339 2058 1401 post

343 1424 639 1489 Satanam,
665 1427 722 1479 et
744 1422 1056 1493 appellavit
1079 1422 1352 1476 Satanam
1379 1435 1393 1485 ;
1424 1419 1522 1474 sed
1558 1420 1689 1473 fecit
1718 1425 1848 1489 post
1870 1436 1931 1474 se
1953 1421 2056 1487 ire,

346 1522 408 1568 ut
440 1531 554 1569 non
587 1518 739 1569 esset
771 1513 1018 1567 Satanas
1047 1508 1401 1565 ambulando
1440 1515 1568 1579 post
1598 1508 1934 1564 Dominum.
1960 1508 2057 1564 Isti

344 1608 536 1659 autem
556 1603 639 1658 sic
664 1604 955 1658 redierunt
979 1605 1149 1668 retro,
1180 1598 1468 1669 quomodo
1486 1599 1554 1651 de
1586 1597 1940 1667 quibusdam
1966 1600 2054 1652 fe-

345 1695 522 1749 minis
554 1694 697 1748 dicit
725 1692 1041 1765 Apostolus
1069 1707 1082 1745 :
1130 1689 1392 1754 Quaedam
1422 1690 1573 1743 enim
1612 1702 1890 1743 conversa:
1932 1695 2057 1743 sunt

342 1789 488 1839 retro
513 1782 971 1855 postSatanam([
1005 1783 1150 1837 Tim.
1183 1797 1234 1847 v,
1272 1778 1380 1848 15).
1408 1777 1642 1833 Uterius
1665 1793 1795 1832 cum
1819 1776 1917 1833 illo
1940 1795 2055 1833 non

343 1875 800 1929 ambulaverunt.
856 1872 996 1927 Ecce
1046 1868 1271 1943 praecisi
1326 1886 1358 1923 a
1389 1884 1625 1937 corpore
1663 1867 1839 1921 vitam
1873 1868 2057 1939 perdi—

342 1965 575 2031 derunt,
608 1966 746 2035 quia
780 1965 924 2018 forte
956 1962 1015 2017 in
1050 1975 1287 2031 corpore
1320 1975 1425 2014 nec
1468 1959 1715 2013 fuerunt.
1753 1958 1910 2013 Inter
1940 1975 2054 2012 non

341 2055 641 2110 credentes
664 2059 719 2109 et
741 2052 850 2124 ipsi
874 2050 1191 2120 deputandi
1213 2053 1372 2115 sunt,
1398 2050 1662 2119 quamvis
1682 2047 1947 2120 discipuli
1970 2048 2053 2103 di-

341 2152 627 2198 cerentur.
661 2143 950 2198 Abierant
982 2142 1156 2207 retro,
1190 2154 1305 2193 non
1340 2137 1529 2209 pauci,
1573 2138 1671 2193 sed
1707 2137 1899 2192 multi.
1935 2142 2055 2192 Hoc

342 2231 485 2288 forte
504 2232 719 2286 factum
746 2235 834 2285 est
850 2230 920 2285 ad
943 2228 1422 2291 consolationem,
1442 2226 1719 2297 quoniam
1738 2226 2053 2297 aliquando

338 2322 622 2393 contingit
646 2325 710 2375 ut
730 2321 883 2375 dicat
914 2318 1089 2374 homo
1111 2334 1332 2384 verum,
1356 2321 1413 2371 et
1436 2317 1587 2388 quod
1622 2315 1782 2382 dicit,
1816 2332 1931 2371 non
1956 2333 2049 2371 ca-

336 2412 544 2484 piatur,
568 2416 742 2482 atque
774 2410 855 2465 illi
881 2410 979 2481 qui
1012 2408 1284 2476 audiunt,
1306 2406 1770 2462 scandalizentur
1799 2411 1854 2461 et
1875 2408 2053 2462 disce-

336 2503 497 2557 dant.
536 2502 715 2556 Poenit
746 2504 800 2555 et
841 2505 1039 2555 autem
1088 2497 1386 2553 hominem
1410 2496 1626 2552 dixisse
1657 2498 1803 2566 quod
1844 2513 2046 2552 verum

336 2596 422 2645 est
452 2608 463 2644 :
499 2591 639 2645 dicit
669 2590 825 2643 enim
862 2589 1015 2660 apud
1057 2604 1117 2643 se
1138 2587 1334 2651 homo,
1368 2586 1493 2641 Non
1523 2587 1694 2641 debui
1728 2587 1811 2642 sic
1834 2586 2046 2653 dicere,

333 2697 447 2736 non
481 2680 587 2735 hoc
616 2680 805 2735 dicere
836 2678 1031 2733 debui.
1074 2679 1217 2731 Ecce
1264 2676 1509 2731 Domino
1545 2675 1788 2746 contigit
1819 2700 1832 2741 ;
1879 2676 2042 2747 dixit,

333 2778 387 2824 et
419 2769 671 2840 perdidit
704 2766 938 2833 multos,
969 2767 1253 2821 remansit
1285 2766 1353 2819 ad
1386 2780 1624 2836 paucos.
1654 2765 1762 2820 Sed
1784 2781 1897 2819 non
1919 2768 2044 2819 tur-

332 2858 579 2913 babatur
610 2858 750 2928 ipse,
784 2856 920 2928 quia
950 2856 1021 2910 ab
1063 2853 1226 2909 initio
1260 2862 1493 2909 noverat
1524 2858 1579 2909 et
1610 2854 1709 2926 qui
1741 2855 2042 2911 credentes

332 2954 546 3018 essent,
581 2954 636 3005 et
666 2950 763 3019 qui
797 2964 911 3003 non
944 2946 1283 3002 credentes:
1320 2961 1424 3000 nos
1448 2944 1491 2999 si
1518 2945 1685 3000 nobis
1717 2948 2039 3017 contingat,

330 3040 760 3111 perturbamur.
793 3037 1079 3094 Solatium
1105 3036 1161 3089 in
1181 3034 1427 3091 Domino
1459 3034 1849 3103 inveniamus,
1875 3041 1932 3091 et
1959 3044 2038 3090 ta-

331 3147 463 3186 men
497 3134 667 3186 caute
689 3129 862 3185 verba
892 3128 1175 3184 dicamus.

306 3253 335 3293 ο
407 3220 461 3275 9.
496 3220 673 3290 Atque
718 3218 815 3273 ille
864 3219 935 3272 ad
982 3233 1198 3289 paucos
1247 3216 1344 3287 qui
1395 3220 1838 3272 remanserant:
1889 3210 2043 3275 Dixil

355 3326 448 3382 rgo
476 3312 631 3366 Jesus
659 3308 937 3364 duodecim
956 3324 976 3369 ,·
1011 3308 1065 3363 id
1102 3312 1187 3363 est
1210 3306 1327 3361 illis
1358 3307 1665 3362 duodecim
1691 3307 1788 3378 qui
1812 3324 2039 3364 reman-

318 3407 521 3458 serunt
555 3418 568 3456 :
600 3399 873 3471 Numquid
901 3408 951 3455 et
992 3414 1103 3468 vos,
1139 3397 1348 3469 inquit,
1395 3396 1561 3451 vultis
1592 3395 1673 3452 ire
1702 3400 1726 3449 .9
1772 3398 1894 3452 Non
1923 3399 2037 3453 dis-

321 3491 498 3546 cessit
548 3506 651 3545 nec
680 3488 889 3544 Judas.
942 3486 1053 3543 Sed
1084 3501 1261 3558 quare
1296 3486 1581 3552 manebat,
1634 3487 1878 3541 Domino
1910 3487 2035 3557 jam

321 3578 673 3651 apparebat;
708 3576 877 3631 nobis
911 3580 1110 3645 postea
1137 3573 1539 3629 manifestatus
1569 3576 1683 3628 est.
1717 3572 2039 3646 Respondit

320 3668 523 3723 Petrus
573 3682 673 3736 pro
719 3665 1021 3729 omnibus,
1082 3680 1235 3718 unus
1274 3679 1373 3731 pro
1420 3663 1642 3729 multis,
1695 3663 1885 3719 unitas
1932 3680 2034 3733 pro

319 3755 608 3810 universis
643 3772 655 3809 :
695 3754 985 3822 Respondit
1016 3768 1142 3824 ergo
1174 3755 1224 3807 ei
1272 3754 1455 3807 Simon
1505 3753 1738 3806 Petrus:
1786 3753 2038 3821 Domine,

321 3842 390 3897 ad
417 3860 577 3914 quem
608 3843 813 3897 ibimus
844 3849 870 3894 Ρ
900 3841 1155 3912 Repellis
1188 3858 1292 3895 nos
1323 3846 1453 3907 ate,
1479 3841 1553 3895 da
1586 3841 1753 3897 nobis
1784 3841 2036 3898 alterum

324 3938 399 3985 te.
425 3932 513 3986 Ad
544 3947 705 4002 quem
736 3930 939 3985 ibimus
969 3938 995 3982 Ρ
1023 3930 1079 3984 Si
1103 3948 1136 3985 a
1167 3933 1223 3984 te
1246 3930 1588 3997 recedimus,
1622 3932 1692 3985 ad
1727 3949 1897 4002 quem
1927 3931 2035 3985 ibi-

323 4020 492 4074 mus?
521 4021 687 4076 Verba
708 4022 835 4076 vita:
854 4023 1085 4076 aeterna:
1110 4019 1291 4073 habes.
1320 4019 1520 4074 Videte
1543 4022 2035 4090 quemadmodum

324 4111 552 4177 Petrus,
602 4109 778 4166 dante
823 4109 959 4177 Deo,
1020 4113 1315 4165 recreante
1350 4108 1571 4180 Spiritu
1605 4116 1828 4179 sancto,
1864 4111 2034 4166 intel—

322 4197 478 4254 lexit.
512 4197 697 4258 Unde.
732 4197 848 4253 nisi
879 4197 1017 4269 quia
1061 4198 1303 4253 credidit
1335 4197 1363 4251 ?
1415 4197 1597 4253 Verba
1630 4200 1765 4254 vitae
1811 4205 2038 4255 aeternae

322 4289 504 4344 habes.
539 4288 731 4343 Vitam
763 4287 914 4343 enim
966 4291 1242 4343 mternam
1277 4287 1456 4342 habes
1503 4286 1561 4341 in
1611 4287 2038 4344 ministratione

323 4377 579 4451 corporis
611 4383 669 4435 et
702 4378 1003 4450 sanguinis
1033 4382 1139 4432 tui.
1173 4379 1233 4433 Et
1256 4393 1351 4433 nos
1382 4376 1732 4440 credidimus.
1766 4381 1816 4433 et
1836 4394 2030 4444 cagno~

326 4473 526 4525 vimus.
559 4470 682 4525 Non
714 4470 1118 4541 cognovimus,
1147 4475 1203 4523 et
1232 4469 1612 4533 credidimus,
1644 4468 1743 4525 sed
1789 4469 2037 4523 credidi-

325 4575 464 4626 mus,
497 4562 546 4613 et
575 4561 943 4628 cognovimus.
977 4558 1345 4615 Credidimus
1376 4558 1530 4613 enim
1566 4562 1632 4613 ut
1661 4574 2035 4631 cognoscere-

326 4663 459 4701 mus
494 4662 507 4702 :
550 4664 683 4703 nam
730 4649 776 4704 si
813 4649 973 4719 prius
1015 4664 1391 4720 cognoscere,
1433 4651 1489 4702 et
1547 4648 1757 4703 deinde
1806 4649 2037 4704 credere

324 4734 632 4805 vellemus,
673 4753 777 4792 nec
842 4754 1185 4808 cognoscere
1240 4752 1345 4792 nec
1411 4737 1641 4792 credere
1686 4739 2034 4793 valeremus-

327 4825 475 4889 Quid
510 4824 889 4892 credidimus,
940 4831 995 4880 et
1045 4826 1180 4897 quid
1227 4825 1662 4895 cognovimus?
1712 4827 1847 4893 Quia
1897 4832 1956 4881 tu
1984 4843 2037 4889 es

328 4916 573 4969 Christus
604 4914 778 4969 Filius
808 4916 947 4978 Dei;
972 4915 1027 4969 id
1062 4920 1171 4979 est,
1225 4914 1363 4984 quia
1416 4914 1541 4985 ipsa
1587 4913 1701 4969 vita
1731 4919 1943 4970 aeterna
1972 4919 2035 4970 tu

328 5021 410 5069 es,
444 5008 500 5057 et
531 5020 643 5061 non
669 5004 774 5059 das
805 5003 863 5059 in
899 5020 1071 5059 carne
1102 5008 1157 5060 et
1180 5003 1465 5074 sanguine
1496 5007 1594 5058 tuo
1628 5004 1733 5058 nisi
1768 5004 1919 5075 quod
1953 5021 2035 5061 es.

402 5096 487 5150 10.
523 5096 612 5151 Ait
644 5111 779 5167 ergo
830 5095 1113 5151 Dominus
1154 5094 1322 5151 Jesus
1359 5112 1370 5148 :
1404 5095 1591 5149 Nonne
1637 5111 1730 5164 ego
1776 5110 1867 5149 eos
1896 5094 2040 5151 duo-

328 5186 504 5239 decim
534 5186 698 5255 elegi,
730 5192 783 5241 et
809 5202 952 5241 unus
982 5202 1052 5241 ex
1073 5185 1219 5241 vobis
1258 5185 1504 5241 diabolus
1544 5191 1619 5238 est
1643 5187 1671 5238 ?
1723 5186 1890 5256 Ergo,
1942 5186 2039 5242 Un-

334 5365 529 5421 electis
561 5374 646 5423 est
694 5370 964 5426 diabolus
990 5370 1018 5425 ‘l
1049 5370 1220 5425 Electi
1254 5370 1311 5424 in
1362 5368 1529 5424 laude
1558 5366 1747 5424 solent
1778 5366 1894 5422 dici
1928 5385 2035 5423 :an

334 5452 552 5508 electus
599 5460 765 5511 estet
795 5458 924 5526 iste,
958 5460 1027 5513 de
1060 5477 1171 5531 quo
1208 5459 1439 5515 nolente
1478 5462 1535 5514 et
1582 5458 1878 5513 nesciente
1916 5473 2037 5513 ma—
2088 5466 2093 5521 ξ

336 5557 514 5613 gnum
543 5541 759 5612 aliquid
787 5545 918 5600 boni
947 5546 1101 5602 fieret
1123 5555 1148 5601 Ρ
1170 5546 1285 5602 Hoc
1306 5552 1389 5602 est
1414 5546 1706 5619 proprium
1734 5547 1829 5601 Dei
1861 5563 2033 5613 ;con-
2088 5540 2095 5591 ¹η

336 5634 579 5688 trarium
604 5634 841 5705 iniquis.
859 5636 1019 5691 Sicut
1037 5639 1189 5692 enim
1214 5639 1400 5709 iniqui
1428 5639 1576 5693 male
1600 5643 1845 5695 utuntur
1864 5640 2031 5697 bonis

1305 302 1382 360 IN
1428 300 1759 362 JOANNIS
1806 295 2333 369 EVANGELIUM,
2386 299 2451 359 S.
2501 299 2922 361 AUGUSTINI

3724 308 3885 370 2160

2169 433 2440 502 operibus
2474 434 2609 501 Dei;
2642 435 2727 490 sic
2759 436 2956 489 contra
2986 437 3136 489 Deus
3168 435 3313 491 bene
3346 437 3528 492 utitur
3560 440 3727 497 malis
3749 459 3884 513 cpe-

2169 521 2329 577 ribus
2362 522 2670 579 hominum
2689 524 3048 595 iniquorum.
3066 524 3251 588 Quam
3277 527 3492 583 bonum
3517 534 3601 583 est
3621 534 3883 588 membra

2168 612 2426 683 corporis
2467 614 2545 669 ita
2584 630 2732 682 esse,
2768 615 3264 686 quemadmodum
3315 618 3550 689 disponi
3594 637 3707 676 non
3745 640 3875 694 pos-

2170 705 2311 756 sunt
2342 703 2454 758 nisi
2495 702 2564 758 ab
2615 704 2837 759 artiﬁce
2888 703 3002 759 Deo
3039 704 3051 759 l
3100 704 3425 763 Petulantia
3460 714 3652 766 tamen
3703 730 3882 783 quam

2171 791 2321 845 male
2343 791 2523 847 utitur
2541 792 2727 849 oculis
2749 794 2775 847 ?
2796 793 3011 849 Fallaci
3032 810 3245 865 aquam
3279 798 3425 853 male
3441 801 3627 855 utitur
3644 800 3887 873 lingua?

2170 878 2377 935 Falsus
2412 882 2576 936 testis
2596 898 2786 937 nonne
2808 882 3009 953 lingua
3030 890 3208 940 suaet
3244 886 3501 943 animam
3528 906 3692 945 suam
3722 894 3891 962 prius

2166 969 2438 1039 trucidat,
2488 975 2544 1025 et
2595 971 2838 1027 alterum
2887 970 3095 1028 laedere
3145 990 3208 1029 se
3239 982 3537 1049 perempto
3583 985 3829 1036 conatur
3860 984 3887 1037 ?

2172 1057 2318 1114 Male
2351 1062 2535 1114 utitur
2565 1060 2783 1131 lingua,
2820 1078 2921 1116 nec
2946 1063 3073 1118 ideo
3106 1063 3323 1119 malum
3355 1072 3440 1121 est
3463 1067 3701 1138 lingua:
3736 1089 3888 1144 opus

2172 1146 2266 1201 Dei
2315 1151 2403 1202 est
2431 1146 2649 1219 lingua,
2702 1151 2801 1205 sed
2855 1152 3004 1206 bono
3047 1168 3219 1222 opere
3250 1153 3350 1209 Dei
3396 1155 3544 1212 male
3578 1161 3754 1214 utitur
3784 1161 3888 1217 illa

2170 1236 2451 1304 nequitia.
2486 1236 2784 1299 Quomodo
2834 1244 3080 1294 utuntur
3112 1241 3355 1309 pedibus
3390 1246 3489 1315 qui
3535 1257 3778 1303 currunt
3810 1251 3882 1304 ad

2168 1324 2434 1380 scelera?
2482 1329 2775 1396 quomodo
2826 1332 3069 1384 utuntur
3127 1333 3400 1388 manibus
3449 1335 3797 1392 homicidae?
3828 1334 3889 1395 el-

2170 1414 2286 1471 illis
2310 1417 2713 1486 adjacentibus
2740 1420 3063 1476 forinsecus
3090 1423 3258 1478 bonis
3274 1427 3554 1482 creaturis
3596 1430 3688 1483 Dei
3708 1448 3886 1502 quam

2168 1505 2321 1561 male
2353 1513 2597 1562 utuntur
2627 1510 2760 1564 mali
2792 1508 2819 1563 ‘?
2850 1512 3242 1580 Aurojudicia
3274 1523 3677 1589 corrumpunt,
3712 1522 3886 1578 inno-

2165 1600 2363 1651 centes
2387 1597 2751 1668 opprimunt.
2774 1598 2928 1655 Luce
2954 1601 3063 1656 ista
3084 1603 3221 1657 mali
3253 1604 3401 1660 male
3425 1612 3705 1665 utuntur:
3732 1612 3889 1668 male

2164 1684 2411 1740 vivendo
2446 1686 2600 1740 enim
2633 1688 2809 1743 etiam
2841 1688 3027 1759 ipsam
3056 1690 3241 1748 lucem
3277 1712 3393 1765 qua
3423 1697 3640 1765 vident,
3675 1701 3745 1754 ad
3778 1702 3890 1757 mi-

2168 1774 2477 1830 nisterium
2511 1776 2795 1833 scelerum
2835 1796 3073 1836 suorum
3119 1794 3422 1853 usurpant.
3468 1788 3596 1842 lens
3629 1791 3784 1846 enim
3820 1799 3890 1849 ut

2174 1864 2345 1919 faciat
2376 1864 2596 1935 aliquid
2618 1867 2755 1921 mali
2776 1869 2986 1937 malus,
3022 1870 3211 1927 lucere
3234 1874 3343 1927 sibi
3368 1875 3489 1930 vult
3512 1894 3583 1932 ne
3604 1878 3885 1945 olfentlat,

2165 1953 2264 2024 qui
2292 1954 2418 2023 jam
2452 1954 2614 2009 intus
2646 1955 2887 2011 otfendit
2905 1967 2956 2012 et
2987 1961 3195 2014 cecidit
3228 1977 3241 2016 :
3276 1964 3426 2032 quod
3464 1965 3630 2021 timet
3662 1968 3718 2022 in
3752 1987 3891 2025 cor-

2169 2045 2465 2112 pore,jam
2497 2044 2741 2099 incurrit
2771 2045 2829 2100 in
2852 2048 3043 2103 corde.
3078 2048 3365 2106 Omnibus
3392 2069 3526 2123 ergo
3559 2056 3723 2111 bonis
3759 2060 3889 2129 Dei,

2166 2150 2237 2187 ne
2272 2150 2371 2204 per
2400 2134 2636 2205 singula
2674 2151 2909 2191 currere
2944 2138 3178 2210 longum
3233 2144 3328 2209 sit,
3361 2145 3511 2200 male
3543 2146 3726 2203 utitur
3759 2166 3889 2206 ma-

2163 2220 2293 2277 lus:
2328 2228 2551 2293 contra,
2616 2225 2785 2281 malis
2837 2226 3141 2283 hominum
3192 2232 3477 2287 malorum
3526 2235 3670 2291 bene
3703 2240 3891 2296 utitur

2165 2314 2370 2368 bonus.
2407 2318 2474 2368 Et
2504 2314 2643 2385 quid
2676 2321 2793 2371 tam
2828 2317 3039 2373 bonum
3062 2336 3234 2391 quam
3263 2339 3413 2377 unus
3441 2324 3592 2379 Deus
3621 2326 3648 2381 ?
3679 2330 3887 2393 Quan-

2160 2403 2475 2472 doquidem
2509 2405 2631 2474 ipse
2662 2405 2945 2462 Dominus
2996 2408 3161 2477 dixit,
3200 2412 3362 2468 Νωηο
3395 2414 3564 2469 bonus
3594 2418 3703 2471 nisi
3732 2436 3884 2474 unus

2163 2493 2301 2548 Deus
2349 2494 2535 2562 (Marc.
2580 2512 2635 2564 x,
2689 2498 2798 2567 18).
2846 2499 3070 2561 Quanto
3110 2517 3245 2573 ergo
3294 2502 3392 2559 ille
3440 2506 3662 2575 melior,
3709 2514 3881 2566 tanto

2160 2583 2366 2638 melius
2399 2586 2582 2640 utitur
2603 2597 2657 2640 et
2681 2586 2852 2642 malis
2877 2591 3108 2644 nostris.
3144 2592 3287 2655 Quid
3320 2594 3467 2648 Juda
3490 2598 3700 2666 pejus?
3724 2599 3887 2657 Inter

2156 2688 2359 2728 omnes
2389 2675 2745 2731 adhaerentes
2776 2677 3069 2749 Magistro,
3118 2682 3267 2736 inter
3313 2684 3636 2751 duodecim,
3680 2688 3873 2745 loculi

2154 2759 2235 2814 illi
2269 2763 2568 2818 commissi
2602 2768 2760 2832 sunt,
2813 2771 2867 2821 et
2898 2768 3245 2837 dispensatio
3290 2788 3607 2843 pauperum
3656 2776 3868 2832 distri-

2156 2849 2289 2904 buta
2321 2868 2334 2906 :
2366 2850 2624 2923 ingratus
2657 2858 2820 2909 tanto
2844 2854 3141 2924 beneficio,
3177 2858 3383 2914 honori
3417 2867 3593 2931 tanto,
3630 2867 3871 2937 accepit

2154 2940 2482 3009 pecuniam,
2518 2943 2768 3012 perdidit
2807 2945 3097 3013 justitiam
3134 2963 3146 3001 :
3196 2948 3440 3004 tradidit
3479 2952 3651 3007 vitam
3696 2972 3873 3011 mor-

2153 3032 2287 3084 tuus
2316 3050 2329 3099 ;
2366 3047 2536 3101 quem
2566 3039 2631 3087 ut
2660 3035 2984 3105 discipulus
3008 3041 3264 3105 secutus,
3300 3049 3355 3093 ut
3380 3042 3647 3099 inimicus
3667 3063 3871 3116 perse-

2152 3123 2324 3174 cutus
2355 3126 2461 3176 est.
2498 3123 2704 3178 Totum
2747 3124 2854 3178 hoc
2903 3125 3120 3182 malum
3171 3126 3371 3197 Judte;
3418 3134 3514 3185 sed
3552 3133 3704 3189 malo
3742 3136 3872 3205 ejus

2153 3208 2295 3265 bene
2321 3226 2461 3266 usus
2482 3216 2570 3267 est
2595 3212 2903 3268 Dominus.
2929 3215 3102 3270 Tradi
3126 3234 3185 3272 se
3206 3220 3438 3288 pertulit
3463 3227 3525 3277 ut
3552 3225 3869 3283 redimeret

2151 3317 2279 3356 nos.
2312 3304 2456 3356 Ecce
2488 3302 2707 3358 malum
2740 3304 2903 3359 Juda;
2931 3306 2987 3360 in
3022 3308 3232 3364 bonum
3260 3326 3601 3368 conversum
3620 3321 3727 3371 est.
3763 3317 3874 3372 Sa-

2150 3395 2318 3445 tanas
2364 3397 2613 3462 quantos
2663 3402 2942 3465 martyres
2983 3402 3317 3465 persecutus
3347 3406 3435 3455 est
3465 3402 3492 3443 ‘7
3522 3403 3581 3457 Si
3613 3404 3873 3462 Satanas

2151 3482 2553 3552 persequendo
2583 3488 2858 3550 cessaret,
2892 3484 3063 3539 hodie
3094 3491 3207 3542 tam
3241 3488 3553 3559 gloriosam
3585 3508 3868 3552 coronam

2150 3571 2334 3626 sancti
2386 3572 2677 3626 Laurentii
2710 3589 2824 3629 non
2878 3572 3324 3632 celebraremus.
3378 3579 3435 3634 Si
3477 3596 3611 3652 ergo
3673 3584 3871 3654 ipsius

2149 3659 2363 3715 diaboli
2394 3660 2562 3716 malis
2594 3662 2865 3733 operibus
2897 3662 3044 3717 bene
3088 3666 3273 3720 utitur
3302 3667 3497 3725 Deus:
3537 3673 3688 3741 quod
3726 3674 3872 3730 facit

2150 3750 2359 3819 malus,
2418 3750 2566 3806 male
2615 3752 2848 3821 utendo,
2895 3751 3003 3807 sibi
3054 3761 3258 3823 nocet;
3315 3774 3429 3813 non
3479 3759 3719 3816 bonitati
3754 3763 3865 3819 Dei

2148 3839 2513 3895 contradicit.
2561 3840 2779 3895 Artifex
2817 3840 2913 3896 illo
2968 3842 3194 3908 utitur;
3246 3849 3301 3898 et
3350 3862 3597 3917 magnus
3629 3853 3869 3923 artifex,

2148 3930 2196 3984 si
2228 3928 2325 3983 illo
2359 3930 2439 3984 uti
2476 3946 2590 3984 non
2620 3934 2831 3999 nosset,
2866 3946 2971 3986 nec
2990 3948 3121 3987 eum
3155 3950 3283 3989 esse
3307 3936 3674 4005 permitteret.
3714 3943 3872 4014 Ergo

2148 4035 2286 4073 unus
2317 4036 2389 4073 ea:
2409 4020 2557 4074 vobis
2586 4020 2833 4076 diabolus
2855 4027 2957 4088 est,
2981 4024 3081 4089 ait,
3117 4039 3246 4078 cum
3283 4040 3388 4095 ego
3420 4042 3517 4082 vos
3550 4028 3873 4089 duodecim

2147 4108 2440 4179 elegerim.
2475 4113 2670 4164 Potest
2699 4115 2755 4165 et
2802 4109 2886 4164 sic
2936 4111 3186 4183 intelligi
3240 4115 3393 4183 quod
3439 4115 3540 4179 ait,
3574 4117 3871 4176 duodecim

2146 4198 2301 4268 elegi,
2334 4198 2471 4268 quia
2502 4204 2765 4253 sacratus
2798 4204 2888 4253 est
2910 4216 3211 4257 numerus.
3246 4199 3369 4256 Non
3400 4205 3552 4259 enim
3589 4209 3731 4277 quia
3763 4226 3879 4280 pe-

2149 4288 2246 4342 riit
2268 4288 2401 4343 inde
2434 4303 2602 4354 unus,
2633 4288 2757 4343 ideo
2789 4287 2948 4343 illius
2972 4288 3195 4344 numeri
3226 4290 3408 4347 honor
3430 4293 3701 4365 demptus
3732 4303 3874 4354 est:

2148 4393 2281 4432 nam
2314 4378 2374 4433 in
2408 4378 2597 4432 locum
2632 4378 2951 4449 pereuntis,
2985 4378 3137 4433 alius
3160 4378 3506 4451 subrogatus
3539 4388 3627 4439 est
3656 4386 3793 4453 (Act.
3829 4406 3875 4454 ι,

2146 4468 2257 4537 26).
2304 4468 2517 4523 Mansit
2564 4484 2844 4522 numerus
2892 4475 3285 4534 consecratus,
3322 4488 3599 4527 numerus
3642 4476 3874 4532 duode-

2149 4556 2547 4627 narius;quia
2581 4572 2677 4626 per
2725 4558 3062 4612 universum
3105 4560 3414 4625 mundum,
3473 4560 3579 4618 hoc
3638 4574 3725 4619 est
3758 4583 3880 4637 per

2148 4653 2401 4719 quatuor
2431 4646 2693 4701 cardines
2719 4645 2945 4712 mundi,
2979 4647 3325 4701 Trinitatem
3360 4649 3590 4706 fuerant
3636 4670 3877 4711 annun-

2149 4737 2362 4792 tiaturi.
2400 4736 2528 4791 Ideo
2560 4740 2646 4790 ter
2677 4735 2941 4805 quaterni
2976 4738 3018 4789 ί.
3052 4740 3124 4791 Se
3150 4752 3284 4807 ergo
3321 4741 3722 4796 exterminavit
3749 4745 3874 4800 Ju-

2146 4828 2270 4896 das,
2308 4843 2420 4882 non
2454 4825 2872 4881 duodenarium
2915 4837 3221 4881 numerum
3279 4827 3511 4884 violavit
3545 4846 3557 4884 :
3593 4832 3721 4903 ipse
3750 4837 3872 4891 de-

2147 4917 2326 4972 seruit
2358 4920 2786 4987 prteceptorem,
2830 4931 2961 4970 nam
2995 4921 3142 4971 Deus
3191 4916 3271 4970 illi
3320 4918 3589 4989 apposuit
3622 4938 3875 4981 succes-

2149 5022 2361 5062 sorem.

2220 5096 2303 5149 11.
2340 5095 2455 5150 Ηοο
2487 5099 2674 5150 totum
2707 5099 2859 5165 quod
2900 5094 3181 5150 Dominus
3212 5095 3280 5150 de
3313 5112 3485 5153 carne
3522 5107 3571 5154 et
3608 5100 3677 5155 de
3715 5119 3873 5161 san-

2104 5208 2109 5269 j
2147 5186 2323 5258 guine
2353 5202 2460 5240 suo
2492 5185 2723 5241 locutus
2745 5192 2850 5252 est,
2883 5189 2938 5240 ct
2969 5186 3121 5255 quod
3155 5184 3213 5239 in
3258 5186 3385 5256 ejus
3432 5188 3883 5251 distributionis

331 5276 506 5332 decim
536 5281 673 5351 elegi
738 5280 953 5337 diceret
988 5296 1000 5335 :
1049 5296 1119 5334 an
1178 5278 1411 5350 eligitur
1458 5281 1514 5332 et
1562 5275 1851 5342 diabolus,
1892 5284 1948 5332 et
1978 5277 2037 5333 in
2146 5275 2334 5347 gratia
2363 5276 2536 5331 vitam
2581 5274 2747 5330 nobis
2797 5274 3064 5346 promisit
3096 5283 3390 5343 aeternam,
3438 5282 3493 5332 et
3534 5281 3687 5348 quod
3722 5283 3877 5343 hinc

2094 5372 2101 5429 ς
2147 5364 2593 5435 voluitintelligi
2642 5365 3087 5419 manducatores
3127 5372 3181 5418 et
3231 5367 3517 5434 potatores
3566 5370 3758 5426 carnis
3801 5383 3878 5431 et

2147 5454 2450 5525 sanguinis
2482 5453 2593 5520 sui,
2647 5459 2709 5507 ut
2740 5452 2797 5506 in
2850 5451 2948 5507 illo
2992 5456 3261 5507 maneant
3291 5459 3347 5507 et
3387 5452 3507 5526 ipse
3533 5454 3591 5511 in
3623 5456 3760 5528 illis,
3794 5469 3871 5521 et

2144 5584 2223 5694 M1
2256 5581 2390 5632 Editi
2421 5582 2700 5645 hactenus,
2732 5578 2852 5628 Ideo
2900 5587 2949 5626 et
2980 5579 3242 5641 quaterni,
3285 5579 3635 5630 emendantur
3665 5583 3749 5632 hic
3776 5589 3862 5637 ad

2198 5659 2249 5694 ss
