4146 6186
260 277 411 340 1621

224 404 237 495 ‘j
259 414 410 482 quod
448 432 565 471 non
600 414 1130 487 intellexeruntqui
1164 434 1278 473 non
1300 422 1696 491 crediderunt,
1730 428 1786 479 et
1815 423 1967 494 quod

228 503 583 573 Ispiritualia
636 506 951 561 carnaliter
996 506 1276 576 capiendo
1312 511 1691 568 scandalizati
1723 518 1881 578 sunt,
1915 516 1972 568 et

226 592 403 661 ‘quod
452 595 535 650 eis
582 596 989 651 scandalizatis
1038 599 1093 651 et
1133 600 1536 667 pereuntibus,
1589 602 1970 659 consolationi

252 682 540 739 Dominus
572 686 797 741 adfuit‘
832 685 1131 756 discipulis
1162 686 1257 755 qui
1282 696 1700 756 remanserant,
1726 692 1795 746 ad
1822 708 1967 761 quos

208 792 209 795 η
253 773 589 843 probandos
622 775 1016 846 interrogavit,
1049 776 1320 847 Numquid
1349 783 1400 833 et
1431 795 1518 834 vos
1550 780 1713 835 vultis
1742 780 1872 835 ire?
1905 784 1968 836 ut

255 862 554 933 responsio
596 864 1024 933 permansionis
1076 881 1277 920 eorum
1316 868 1705 924 ‘innotesceret
1753 869 1963 936 nobis;

202 970 214 1065 ξ
256 967 391 1006 nam
426 952 528 1007 ille
559 958 795 1009 noverat
824 954 960 1024 quia
992 956 1308 1011 manebant
1336 973 1347 1010 :
1380 957 1488 1013 hoc
1518 975 1650 1029 ergo
1674 963 1858 1014 totum
1892 960 1963 1014 ad

256 1041 358 1065 ιη.-
391 1042 560 1065 ηλικέ..
594 1042 781 1065 ---1--ι
842 1043 1199 1065 J:l--n!--:_“:
1278 1050 1333 1065 μι
1395 1061 1605 1065 ,κκΛΑκμ
1668 1046 1724 1065 nl
1786 1048 1795 1065 5
1840 1049 1873 1065 .·
1918 1051 1956 1065 ,1

256 1041 361 1095 hoc
391 1042 561 1097 nobis
594 1042 803 1111 valeat,
838 1043 1225 1112 dilectissimi,
1277 1050 1339 1101 ut
1388 1061 1616 1103 carnem
1666 1046 1875 1103 Christi
1908 1051 1965 1102 et

253 1130 606 1199 sanguinem
658 1132 871 1188 Christi
922 1149 1037 1188 non
1086 1135 1333 1190 edamus
1386 1140 1615 1192 tantum
1663 1137 1721 1192 in
1755 1137 1964 1193 Sacra-

254 1226 476 1285 mento,
523 1222 673 1290 quod
718 1226 774 1276 et
823 1220 991 1277 multi
1028 1224 1165 1278 mali
1201 1242 1215 1291 ;
1269 1225 1368 1281 sed
1406 1240 1587 1295 usque
1618 1226 1689 1281 ad
1719 1226 1961 1296 spiritus

210 1334 211 1345 ι
247 1310 751 1381 participationem
787 1313 1208 1369 manducemus
1240 1319 1294 1370 et
1325 1314 1618 1387 bibamus,
1664 1325 1723 1371 ut
1755 1317 1813 1372 in
1851 1318 1959 1375 Do-

249 1400 393 1455 mini
431 1416 670 1471 corpore
704 1405 979 1472 tanquam
1032 1404 1288 1460 membra
1333 1421 1698 1473 maneamus,
1744 1410 1807 1461 ut
1836 1407 1961 1475 ejus

216 1490 457 1565 jspiritu
513 1496 871 1561 vegetemur,
922 1497 978 1546 et
1008 1510 1120 1548 non
1172 1494 1657 1565 scandalizemur,
1701 1496 1876 1551 etiam
1910 1496 1959 1551 si

245 1536 457 1560 -r..."
524 1536 871 1561 .-g---.-....,
923 1536 978 1546 ν.
1010 1536 1120 1548 μυ..
1172 1536 1657 1565 -υ.,..........υ.ε....,
1701 1536 1876 1551 μνη...
1910 1536 1959 1551 ν.

206 1536 409 1663 )multi
448 1581 621 1634 modo
650 1582 953 1637 nobiscum
979 1586 1329 1638 manducent
1351 1590 1407 1640 et
1429 1586 1638 1643 bibunt
1668 1590 1961 1655 tempora-

202 1664 375 1739 ;‘liter
406 1670 805 1740 Sacramenta,
858 1672 958 1742 qui
1002 1673 1295 1728 habebunt
1346 1675 1402 1729 in
1447 1675 1560 1730 line
1590 1680 1802 1732 aeterna
1831 1680 1958 1731 tor-

188 1790 197 1835 ,
242 1765 465 1815 menta.
528 1760 695 1815 Modo
740 1760 890 1817 enim
935 1779 1148 1833 corpus
1178 1763 1393 1818 Christi
1431 1764 1675 1820 mixtum
1708 1770 1798 1821 est
1829 1773 1954 1821 tau-

242 1866 416 1921 quam
454 1849 515 1904 in
549 1866 717 1905 area:
752 1851 848 1905 sed
892 1852 1047 1907 novit
1088 1852 1369 1909 Dominus
1420 1856 1519 1925 qui
1551 1863 1685 1910 sunt
1727 1857 1854 1925 ejus
1885 1855 1953 1925 (II

249 1942 382 1998 Tim.
420 1957 479 2008 ll,
516 1940 627 2009 19).
659 1940 715 1994 Si
762 1946 821 1995 tu
868 1943 1018 1997 nosti
1074 1942 1216 2013 quid
1267 1945 1518 2011 trituras,
1569 1945 1708 2014 quia
1739 1944 1814 2000 ibi
1865 1950 1953 2000 est

243 2028 432 2083 latens
460 2044 678 2095 massa,
704 2045 808 2084 nec
831 2031 1123 2085 consumit
1146 2033 1432 2087 trituratio
1462 2033 1615 2104 quod
1636 2041 1951 2105 purgatura

244 2127 326 2172 cst
360 2116 671 2172 ventilatio
706 2135 719 2185 ;
754 2120 893 2174 certi
927 2135 1152 2185 sumus,
1189 2122 1416 2188 fratres,
1454 2123 1588 2192 quia
1620 2139 1819 2178 omnes
1850 2122 1949 2192 qui

243 2224 451 2263 sumus
485 2208 543 2263 in
577 2225 814 2279 corpore
844 2210 1097 2277 Domini,
1132 2215 1187 2266 et
1230 2227 1531 2268 manemus
1562 2213 1618 2267 in
1652 2212 1772 2280 illo,
1805 2217 1949 2269 utet

241 2298 362 2369 ipse
397 2302 633 2353 maneat
654 2299 713 2353 in
735 2300 922 2366 nobis,
948 2302 1003 2354 in
1032 2302 1139 2357 hoc
1161 2302 1373 2357 saeculo
1401 2318 1634 2357 necesse
1662 2302 1946 2357 habemus

243 2405 428 2459 usque
462 2390 523 2444 in
580 2389 752 2443 tinem
812 2392 962 2445 inter
1010 2391 1196 2446 malos
1242 2392 1445 2448 vivere.
1478 2393 1603 2449 Non
1636 2393 1789 2448 inter
1820 2392 1948 2447 illos

240 2480 364 2533 dico
387 2480 594 2546 malos,
617 2479 717 2549 qui
741 2479 1492 2551 hlasphemantChristum:
1519 2484 1631 2539 rari
1648 2483 1801 2539 enim
1818 2484 1946 2552 jam

240 2569 619 2624 inveniuntur
637 2569 733 2640 qui
750 2570 945 2640 lingua
960 2571 1495 2642 blasphemant.sed
1514 2574 1680 2630 multi
1697 2574 1794 2644 qui
1810 2574 1945 2631 vita.

236 2660 479 2716 Necesse
502 2665 591 2715 est
614 2677 750 2733 ergo
770 2669 829 2715 ut
852 2661 1003 2716 inter
1023 2662 1150 2718 illos
1176 2680 1359 2734 usque
1382 2665 1438 2719 in
1464 2665 1637 2720 tinem
1659 2665 1945 2723 vivamus.

312 2752 393 2806 l2.
429 2751 541 2807 Sed
578 2752 719 2822 quid
755 2758 844 2807 est
875 2755 1027 2823 quod
1062 2754 1163 2821 ait,
1197 2756 1300 2822 Qui
1330 2760 1513 2811 manet
1543 2757 1601 2811 in
1630 2772 1735 2823 me,
1772 2764 1822 2812 et
1854 2772 1950 2825 ego

240 2842 298 2895 in
320 2842 417 2895 illo
450 2842 629 2910 (Joan.
664 2859 739 2910 v1,
772 2843 860 2906 57,
891 2846 942 2896 et
973 2860 1067 2909 xv,
1098 2844 1154 2913 5)
1184 2845 1211 2897 ?
1241 2844 1411 2913 Quid,
1445 2844 1557 2899 nisi
1593 2847 1746 2917 quod
1790 2862 1954 2900 mar-

237 2936 394 2999 tyres
417 2931 758 2997 audiebant,
794 2933 899 2999 Qui
927 2936 1354 3001 perseveraverit
1378 2949 1547 3005 usque
1573 2936 1632 2989 in
1654 2936 1837 3003 ﬁnem,
1869 2935 1955 2990 hic

238 3022 421 3076 salvus
456 3023 561 3075 erit
590 3021 987 3090 (illatth.xx1v,
1022 3022 1157 3092 13)?
1186 3023 1486 3086 Quomodo
1513 3023 1725 3079 mansit
1764 3024 1821 3078 in
1856 3022 1953 3079 illo

244 3117 486 3164 sanctus
517 3111 889 3177 Laurentius,
933 3112 1099 3182 cujus
1146 3112 1317 3167 hodie
1360 3113 1504 3168 festa
1534 3113 1895 3169 celebramus
1927 3112 1954 3167 ‘I

240 3200 458 3255 Mansit
499 3214 689 3270 usque
721 3199 794 3254 ad
836 3202 1240 3268 tentationem,
1291 3202 1510 3257 mansit
1553 3203 1831 3273 usquead
1866 3210 1957 3273 ly—

241 3290 547 3345 rannicam
579 3289 1112 3359 interrogationem,
1147 3292 1365 3346 mansit
1413 3308 1599 3363 usque
1647 3293 1717 3348 ad
1751 3292 1957 3347 acerri-

241 3396 399 3433 mam
434 3378 979 3447 comminationem,
1027 3380 1237 3434 mansit
1271 3396 1456 3451 usque
1499 3383 1566 3435 ad
1602 3382 1954 3454 peremptio-

236 3484 371 3522 nam
404 3485 416 3520 :
454 3484 660 3537 parum
685 3474 787 3535 est,
818 3484 1000 3538 usque
1023 3469 1093 3523 ad
1120 3469 1436 3524 immanem
1461 3472 1951 3527 exoruciationem

234 3558 476 3613 mansit.
513 3556 639 3612 Non
674 3557 828 3612 enim
860 3558 1087 3613 occisus
1128 3562 1217 3613 est
1243 3559 1381 3627 cito,
1413 3560 1513 3615 sed
1546 3560 1837 3616 cruciatus
1866 3565 1955 3616 est

230 3648 287 3700 in
325 3647 455 3717 igne
492 3663 504 3699 :
541 3647 641 3699 diu
677 3646 864 3701 vivere
896 3647 1220 3717 permissus
1251 3653 1339 3703 est
1369 3667 1382 3717 ;
1416 3647 1533 3703 imo
1580 3665 1695 3703 non
1730 3649 1829 3704 diu
1861 3648 1951 3703 vi-

228 3753 363 3791 vere
396 3736 727 3808 permissus
760 3741 867 3804 est,
900 3739 998 3792 sed
1033 3738 1191 3792 tarde
1217 3738 1361 3793 mori
1388 3738 1729 3809 compulsus
1752 3744 1859 3794 est.
1886 3742 1947 3794 In

232 3826 335 3880 illa
364 3842 505 3896 ergo
538 3826 713 3896 longa
755 3830 956 3894 morte,
992 3826 1049 3882 in
1094 3826 1213 3882 illis
1260 3828 1587 3895 tormentis,
1640 3828 1777 3899 quia
1809 3829 1949 3883 bene

233 3915 691 3970 manducaveral
712 3923 761 3970 et
785 3916 928 3970 bene
952 3916 1196 3986 biberat,
1223 3925 1502 3987 tanquam
1527 3916 1626 3971 illa
1648 3933 1780 3972 esca
1803 3918 1949 3987 sagi-

236 4011 412 4061 natus
455 4014 509 4060 et
543 4004 643 4060 illo
675 4005 852 4060 calice
896 4005 1116 4071 ebrius,
1148 4011 1441 4062 tormenta
1482 4024 1595 4061 non
1630 4007 1828 4062 sensit.
1866 4008 1946 4063 Ibi

231 4095 388 4151 enim
441 4100 566 4149 erat
604 4096 706 4165 qui
757 4095 923 4162 dixit,
975 4097 1211 4167 Spiritus
1248 4102 1328 4153 est
1376 4096 1469 4168 qui
1513 4098 1767 4166 vivi/ient.
1803 4099 1945 4152 Caro

234 4188 391 4240 enim
433 4186 697 4251 ardebat,
730 4189 827 4239 sed
874 4186 1113 4257 spiritus
1150 4186 1406 4241 animum
1455 4188 1772 4258 vegetabat.
1820 4193 1941 4244 Non

232 4276 429 4339 cessit,
481 4280 540 4329 et
590 4276 648 4328 in
683 4289 921 4345 regnum
987 4275 1291 4330 successit.
1342 4274 1571 4331 Dixerat
1627 4279 1820 4331 autem
1880 4276 1942 4330 ili

233 4362 448 4433 Xystus
484 4370 704 4431 martyr
748 4367 1004 4431 sanctus,
1042 4365 1213 4434 cujus
1244 4364 1398 4420 diem
1452 4364 1654 4435 quinto
1684 4368 1755 4419 ab
1805 4366 1943 4422 hinc

231 4462 378 4507 retro
410 4453 505 4507 die
555 4452 1015 4509 celebravimus:
1049 4475 1078 4503 «
1119 4453 1247 4508 Noli
1298 4470 1556 4522 mmrere,
1605 4455 1704 4512 tili.
1741 4476 1767 4504 »
1800 4456 1941 4526 Epi—

228 4560 443 4613 scopus
474 4542 631 4597 enim
657 4546 779 4596 erat
809 4541 929 4611 ille,
964 4542 1070 4597 iste
1102 4542 1406 4600 diaconus.
1442 4566 1469 4596 (ε
1519 4544 1645 4600 Noli
1680 4562 1937 4614 moerere,

229 4632 416 4697 inquit
451 4650 467 4700 ;
497 4634 762 4703 sequeris
794 4646 885 4686 me
919 4638 1048 4702 post
1074 4632 1347 4689 triduum.
1376 4655 1403 4683 ‹‹
1434 4635 1717 4691 Triduum
1743 4642 1937 4691 autem

223 4722 373 4777 dixit
421 4723 685 4777 medium
734 4722 881 4777 inter
927 4723 1081 4777 diem
1128 4724 1409 4794 passionis
1441 4726 1627 4780 sancti
1670 4726 1853 4798 Xysti,
1887 4734 1938 4782 cl

226 4813 385 4866 diem
433 4812 729 4867 hodiernae
772 4812 1063 4883 passionis
1097 4816 1281 4869 sancti
1314 4814 1624 4870 Laurentii.
1660 4817 1935 4873 Triduum

222 4908 315 4954 est
348 4901 628 4955 medium.
682 4900 725 4954 Ο
775 4901 1126 4957 consolatio!
1190 4919 1302 4957 non
1352 4903 1451 4968 ait,
1505 4903 1628 4961 Noli
1677 4922 1936 4972 mcerere,

227 4990 306 5043 ﬁli
338 5008 353 5055 ;
388 4991 619 5044 desinet
656 4991 999 5059 persecutio,
1049 4996 1104 5047 et
1143 5008 1385 5048 securus
1434 4994 1588 5048 eris:
1640 4995 1760 5061 sed,
1811 4995 1935 5050 Noli

227 5096 477 5135 maerore
510 5098 525 5151 ;
558 5096 675 5151 quo
707 5096 811 5151 ego
847 5083 1121 5151 praecedo,
1158 5087 1219 5136 tu
1254 5083 1505 5152 sequeris
1538 5102 1551 5151 ;
1590 5100 1690 5139 nec
1722 5100 1935 5138 conse-

218 5170 409 5226 cutios
435 5178 535 5224 tua
563 5169 867 5225 differtur:
903 5171 1159 5227 triduum
1193 5172 1450 5227 medium
1473 5172 1599 5242 erit,
1624 5178 1678 5227 et
1706 5190 1933 5229 mecum

216 5261 356 5316 eris.
391 5260 627 5329 Accepit
656 5260 981 5329 oraculum,
1030 5261 1165 5316 vicit
1207 5261 1526 5329 diabolum,
1570 5265 1832 5333 pervenit
1863 5267 1930 5321 ad

214 5352 616 5423 triumphum.

274 5637 295 5672 1
326 5634 415 5684 Sic
452 5634 573 5684 Mss.
604 5633 744 5683 Editi
779 5646 921 5697 vero,
956 5635 1239 5685 consolatio
1275 5634 1485 5687 Domini
1513 5636 1710 5699 (td/uit.

1399 288 1857 353 TRAC'I‘ATUS
1904 288 2177 351 XXVIII.
2226 293 2483 356 CAPUT
2524 294 2656 356 VII.

3632 289 3783 355 1622

2590 444 3010 501 TRACTATUS
3050 442 3271 499 XXVIII

2079 563 2155 617 Ab
2187 580 2248 619 eo
2281 565 2388 619 loco
2420 563 2726 634 Evangelii,
2752 564 2820 617 Et
2846 566 2977 633 post
3006 561 3128 614 haec
3159 558 3497 615 ambulabat
3524 559 3698 614 Jesus
3726 559 3783 613 in

2149 652 2443 708 Galilaeam
2477 671 2491 720 ;
2525 668 2689 723 usque
2720 650 2789 705 ad
2812 648 2886 718 id,
2920 653 3099 704 Nemo
3133 652 3327 703 tamen
3370 647 3557 719 palam
3583 648 3783 718 loque-

2150 744 2323 799 batur
2354 745 2423 798 de
2455 760 2542 810 eo,
2578 747 2811 814 propter
2860 744 3073 795 metum
3115 739 3467 795 Judreorum.
3521 739 3647 809 Cap.
3680 753 3779 803 vn,

2150 834 2399 901 y.1—13.

2148 952 2198 1008 1.
2239 950 2300 1006 In
2361 951 2470 1006 isto
2521 949 2819 1020 Evangelii
2879 946 3153 1017 capitulo,
3208 946 3437 1012 fratres,
3496 944 3775 1003 Dominus

2076 1048 2270 1096 noster
2296 1042 2469 1097 Jesus
2501 1040 2760 1095 (hristus
2792 1040 3115 1094 secundum
3164 1036 3462 1092 hominem
3493 1052 3553 1091 se
3591 1036 3775 1107 pluri-

2076 1145 2233 1185 mum
2267 1130 2697 1189 commendavit
2728 1128 2861 1184 fidei
2895 1131 3123 1183 nostrae.
3162 1126 3382 1180 Etenim
3411 1141 3638 1195 semper
3667 1125 3775 1179 hoc

2071 1218 2190 1289 agit
2219 1220 2388 1274 dictis
2420 1222 2475 1273 et
2505 1219 2672 1275 factis
2705 1218 2851 1287 suis,
2886 1222 2948 1272 ut
2977 1216 3128 1270 Deus
3158 1216 3429 1270 credatur
3460 1222 3512 1269 et
3555 1214 3724 1269 homo
3759 1233 3771 1271 :

2076 1309 2225 1363 Deus
2258 1307 2356 1379 qui
2387 1324 2491 1367 nos
2517 1308 2668 1372 fecit,
2689 1307 2861 1362 homo
2886 1307 2985 1377 qui
3012 1321 3115 1359 nos
3140 1303 3439 1374 quaesivit;
3465 1303 3616 1359 Deus
3639 1320 3773 1358 cum

2070 1400 2239 1454 Patre
2271 1413 2518 1469 semper,
2544 1397 2716 1452 homo
2741 1395 3046 1451 nobiscum
3072 1412 3141 1451 ex
3163 1400 3445 1465 tempore.
3469 1393 3594 1448 Non
3618 1392 3772 1446 enim

2071 1492 2353 1558 quaereret
2384 1502 2553 1557 quem
2586 1486 2817 1553 fecerat,
2852 1484 2967 1540 nisi
3001 1485 3163 1538 fieret
3196 1484 3321 1554 ipse
3353 1482 3503 1552 quod
3538 1481 3770 1537 fecerat.

2070 1581 2283 1634 Verum
2317 1576 2422 1631 hoc
2455 1578 2824 1643 mementote,
2867 1582 2918 1629 et
2945 1574 3014 1628 de
3056 1572 3325 1628 cordibus
3356 1568 3563 1626 vestris
3594 1568 3772 1624 nolite

2068 1668 2378 1734 dimittere,
2419 1667 2501 1723 sic
2540 1683 2668 1722 esse
2712 1665 3003 1721 Christum
3065 1664 3359 1719 hominem
3411 1661 3652 1729 factum,
3713 1668 3772 1713 ut

2066 1774 2181 1815 non
2214 1757 2497 1813 destiterit
2528 1757 2680 1811 Deus
2712 1770 2857 1811 esse.
2885 1755 3123 1810 Manens
3146 1753 3299 1808 Deus
3331 1751 3548 1822 accepit
3579 1750 3771 1803 homi-

2066 1865 2222 1915 nem,
2247 1849 2345 1920 qui
2371 1848 2503 1903 fecit
2524 1846 2842 1903 hominem.
2870 1844 3111 1910 Quando
3131 1859 3265 1913 ergo
3291 1841 3463 1896 latuit
3486 1844 3550 1895 ut
3574 1840 3766 1907 homo,

2064 1955 2178 1995 non
2212 1938 2522 2008 potentiam
2575 1936 2895 2008 perdidisse
2939 1933 3234 2005 putandus
3282 1935 3391 1999 est,
3443 1931 3539 1985 sed
3573 1944 3769 1984 exem—

2063 2028 2222 2100 plum
2254 2027 2580 2084 inﬁrmitati
2612 2026 2951 2099 praebuisse.
2987 2024 3087 2080 Ille
3118 2022 3272 2079 enim
3303 2020 3537 2093 quando
3586 2018 3769 2074 Voluit

2060 2118 2329 2174 detentus
2360 2123 2471 2188 est,
2504 2117 2734 2188 quando
2766 2116 2946 2172 voluit
2974 2114 3201 2170 occisus
3234 2116 3341 2167 est.
3368 2112 3473 2165 Sed
3500 2112 3768 2181 quoniam

2059 2206 2255 2263 futura
2298 2211 2463 2261 erant
2508 2205 2770 2263 membra
2819 2205 2967 2274 ejus,
3017 2202 3072 2257 id
3120 2204 3208 2256 est
3254 2199 3451 2254 fideles
3483 2198 3634 2269 ejus,
3667 2198 3764 2269 qui

2060 2314 2172 2353 non
2225 2296 2506 2353 haberent
2555 2296 2715 2351 illam
2759 2297 3099 2365 potestatem
3132 2306 3304 2361 quam
3348 2286 3596 2343 habebat
3638 2287 3763 2357 ipse

2056 2388 2211 2444 Deus
2244 2397 2465 2455 noster;
2490 2386 2640 2457 quod
2673 2385 2908 2451 latebat,
2935 2382 3087 2456 quod
3121 2396 3183 2436 se
3205 2385 3482 2451 tanquam
3506 2392 3578 2431 ne
3607 2376 3761 2430 occi—

2059 2479 2294 2534 deretur
2320 2476 2669 2540 occultabat,
2701 2474 2811 2531 hoc
2853 2472 3142 2530 indicabat
3173 2471 3397 2525 tactura
3416 2483 3542 2523 esse
3574 2481 3757 2521 mem-

2057 2569 2160 2624 bra
2205 2585 2333 2634 sua,
2374 2568 2430 2623 in
2481 2565 2694 2637 quibus
2740 2563 2940 2633 utique
2988 2558 3263 2614 membris
3302 2556 3426 2611 suis
3458 2556 3582 2626 ipse
3612 2556 3753 2608 erat.

2058 2657 2182 2712 Non
2215 2657 2369 2712 enim
2414 2655 2679 2711 Christus
2729 2652 2787 2708 in
2821 2650 3010 2723 capite
3040 2655 3096 2703 et
3127 2664 3238 2703 non
3273 2646 3333 2701 in
3365 2660 3623 2717 corpore,
3656 2641 3755 2698 sed

2059 2746 2326 2803 Christus
2343 2750 2499 2801 totus
2520 2745 2581 2800 in
2606 2742 2790 2814 capite
2813 2745 2867 2796 et
2891 2741 2946 2794 in
2972 2754 3227 2809 corpore.
3247 2735 3405 2801 Quod
3422 2750 3555 2805 ergo
3582 2748 3760 2787 mem-

2063 2835 2164 2890 bra
2185 2835 2328 2904 ejus,
2354 2833 2505 2903 ipse:
2533 2832 2684 2905 quod
2707 2834 2899 2886 autem
2922 2828 3064 2899 ipse,
3080 2843 3192 2881 non
3209 2824 3485 2880 continuo
3503 2820 3763 2876 membra

2061 2924 2208 2995 ejus.
2241 2922 2386 2978 Nam
2420 2923 2470 2977 si
2501 2939 2614 2978 non
2645 2920 2771 2989 ipse
2801 2922 2992 2975 essent
3014 2916 3278 2972 membra
3298 2914 3440 2983 ejus,
3470 2927 3583 2965 non
3608 2911 3763 2965 dice-

2064 3016 2195 3069 ret:
2230 3012 2415 3079 Saule,
2475 3010 2605 3082 quid
2661 3024 2745 3063 me
2798 3006 3148 3079 persequeris
3203 3003 3341 3075 (Act.
3386 3018 3463 3073 1x,
3515 2999 3592 3053 li?
3640 3000 3765 3054 Non

2064 3102 2218 3158 enim
2248 3099 2458 3155 Saulus
2487 3100 2703 3170 ipsum,
2753 3096 2854 3153 sed
2890 3094 3151 3151 membra
3181 3095 3329 3162 ejus,
3362 3089 3423 3144 id
3452 3093 3541 3144 est
3571 3088 3767 3143 fideles

2064 3193 2211 3263 ejus,
2262 3190 2321 3246 in
2355 3194 2506 3249 terra
2545 3184 3020 3261 persequebatur.
3072 3181 3268 3238 Noluit
3316 3192 3509 3235 tamen
3556 3177 3765 3246 dicere,

2065 3288 2297 3340 sanctos
2326 3298 2506 3349 meos,
2539 3294 2736 3336 servos
2768 3292 2965 3343 meos;
3019 3282 3310 3346 postremo
3342 3268 3766 3337 honorabilius,

2064 3376 2271 3430 fratres
2304 3389 2463 3429 meos
2500 3372 2662 3440 :sed,
2697 3368 2791 3436 Me,
2822 3368 2932 3424 hoc
2963 3370 3054 3422 est
3083 3362 3345 3420 membra
3370 3376 3518 3430 mea,
3550 3359 3767 3431 quibus

2062 3481 2163 3535 ego
2195 3480 2326 3521 sum
2357 3466 2549 3532 caput.

2130 3559 2183 3612 2.
2222 3555 2320 3609 llis
2366 3550 2674 3624 praedictis,
2729 3552 2871 3621 puto
2915 3562 3021 3602 nos
3059 3544 3118 3599 in
3163 3542 3272 3598 hoc
3322 3538 3573 3613 capitulo
3614 3539 3765 3609 quod

2062 3645 2233 3701 modo
2268 3644 2479 3698 lectum
2512 3644 2619 3707 est,
2654 3655 2769 3695 non
2809 3652 2933 3694 esse
2972 3634 3374 3690 laboraturos:
3410 3643 3560 3701 sape
3605 3627 3763 3682 enim

2060 3735 2456 3807 signiﬁcatum
2481 3735 2565 3787 est
2595 3731 2652 3786 in
2685 3727 2894 3799 capite,
2916 3725 3072 3798 quod
3098 3724 3359 3779 futurum
3390 3722 3515 3775 erat
3545 3717 3604 3772 in
3637 3733 3762 3772 cor-

2060 3841 2216 3897 pore.
2251 3826 2375 3879 Post
2401 3822 2533 3887 haec,
2585 3818 2796 3890 inquit,
2828 3815 3149 3872 ambulabat
3175 3814 3329 3868 Iesus
3350 3811 3408 3865 in
3442 3808 3724 3865 Galilaeam
3742 3824 3761 3861 :

2056 3934 2165 3973 non
2185 3918 2334 3974 enim
2356 3914 2567 3970 volebat
2593 3916 2649 3968 in
2670 3910 2923 3971 Judwam
2944 3907 3252 3975 ambulare,
3285 3905 3417 3976 quia
3440 3901 3761 3973 quaerebant

2055 4025 2178 4065 eum
2208 4006 2391 4063 Judaei
2420 4004 2753 4074 interﬁcere.
2788 4000 2903 4056 Hoc
2936 4002 3024 4055 est
3053 3997 3202 4069 quod
3238 3995 3353 4049 dixi
3380 4010 3400 4054 ;
3432 3989 3759 4046 inﬁrmitati

2057 4102 2264 4153 nostra)
2298 4095 2590 4167 praebebat
2618 4090 2967 4163 exemplum.
2998 4087 3123 4143 Non
3156 4086 3279 4157 ipse
3302 4081 3631 4154 perdiderat
3660 4095 3760 4149 po-

2051 4191 2344 4255 testatem,
2374 4185 2472 4241 sed
2505 4187 2761 4239 nostram
2793 4179 3200 4236 consolabatur
3232 4171 3614 4242 fragilitatem.
3642 4168 3756 4222 Fu-

2051 4285 2246 4335 turum
2280 4277 2435 4333 enim
2468 4278 2610 4343 erat,
2646 4278 2710 4328 ut
2740 4270 2879 4337 dixi,
2914 4274 2977 4325 ut
3006 4266 3218 4338 aliquis
3242 4263 3430 4318 fidelis
3459 4261 3586 4331 ejus
3617 4258 3755 4313 abs-

2051 4371 2322 4426 conderet
2352 4383 2434 4435 se,
2470 4381 2541 4419 ne
2588 4380 2622 4417 a
2653 4358 3119 4433 persecutoribus
3168 4351 3523 4409 inveniretur
3558 4367 3571 4416 ;
3606 4352 3661 4401 ct
3684 4362 3754 4402 ne

2049 4459 2132 4515 illi
2167 4474 2265 4529 pro
2315 4454 2557 4512 crimine
2606 4450 2955 4520 objiceretur
2984 4436 3750 4535 latibulum,‘przccessit_in

2048 4526 2234 4620 capite
2266 4546 2419 4617 quod
2449 4543 2506 4598 in
2540 4540 2802 4596 membro
2836 4537 3300 4593 confirmaretur.
3336 4530 3430 4586 Sic
3460 4528 3624 4620 enim
3659 4526 3753 4581 di—

2049 4619 2206 4697 ctum
2237 4639 2345 4704 est,
2378 4632 2603 4692 Nolebal
2643 4628 2932 4684 ambulare
2968 4628 3024 4681 in
3073 4622 3342 4690 Judaeum,
3373 4619 3504 4693 quia
3533 4626 3754 4691 quavrc‘

2049 4732 2178 4785 bant
2207 4741 2331 4781 eum
2349 4720 2522 4779 Judaei
2547 4717 2832 4775 occidere:
2865 4715 3157 4787 quasinon
3193 4715 3391 4785 posset
3410 4710 3672 4766 Christus
3697 4711 3752 4763 et

2048 4817 2351 4875 ambulare
2384 4814 2534 4867 inter
2563 4810 2817 4875 Judzeos,
2851 4810 2907 4862 et
2932 4822 3042 4862 non
3067 4802 3251 4860 occidi
3275 4800 3563 4858 aJudzeis.
3594 4799 3748 4852 llanc

2047 4910 2202 4967 enim
2235 4905 2571 4979 potentiam,
2608 4903 2836 4972 quando
2867 4897 3064 4961 voluit,
3098 4892 3525 4952 demonstravit
3554 4890 3744 4979 lnam

2047 5015 2181 5055 cum
2213 4977 2346 5052 eum
2366 4998 2490 5065 jam
2516 5008 2823 5065 passurum
2842 4994 3035 5045 tenere
3057 4984 3292 5049 vellent,
3316 4984 3395 5036 ait
3418 4979 3553 5043 illis,
3579 4977 3745 5044 Quem

2046 5086 2291 5159 quaeritis
2319 5088 2344 5138 .9
2390 5082 2790 5154 Responderunt
2821 5098 2838 5135 :
2886 5079 3086 5135 Jesum.
3133 5076 3195 5129 Et
3240 5072 3335 5127 ille
3367 5088 3382 5124 :
3433 5071 3545 5140 Ego
3573 5082 3693 5121 sum
3724 5084 3744 5128 ,-

2046 5194 2163 5235 non
2200 5192 2260 5231 se
2304 5174 2627 5241 occultans,
2676 5171 2773 5226 sed
2829 5167 3223 5224 manifestans.
3275 5160 3358 5215 Ad
3392 5174 3518 5213 eam
3552 5162 3742 5212 tamen

2048 5265 2578 5323 manifestationem
2610 5261 2692 5318 illi
2724 5276 2838 5315 non
2872 5255 3278 5321 substiterunt,
3328 5249 3427 5305 scd
3460 5246 3745 5303 redeuntes

2043 5364 2189 5414 retro
2220 5357 2529 5413 ceciderunt
2561 5354 2738 5422 (Joan.
2770 5365 2930 5414 xvm,
2970 5347 3113 5415 4-6).
3149 5344 3216 5398 Et
3236 5346 3432 5397 tamen
3464 5339 3589 5410 quia
3629 5340 3743 5411 pati

2043 5452 2293 5507 venerat,
2328 5446 2721 5509 surrexerunt,
2750 5441 3082 5503 tenuerunt,
3111 5433 3448 5505 adjudicsm
3483 5430 3742 5488 adduxe-

2043 5542 2202 5604 runt,
2252 5541 2308 5589 et
2354 5534 2704 5590 occiderunt.
2750 5528 2857 5585 Sed
2909 5527 3047 5598 quid
3100 5520 3416 5580 fecerunt?
3466 5522 3625 5588 Quod
3660 5524 3741 5578 ait

2045 5626 2305 5697 quaedam
2348 5622 2667 5693 Scriptura,
2724 5620 2885 5674 Terra
2935 5616 3137 5671 tradita
3169 5623 3244 5670 est
3271 5616 3325 5669 in
3359 5629 3553 5668 manus
3580 5615 3736 5683 impii
