4146 6186
294 241 323 299 1
337 238 441 299 625

291 391 434 445 sicut
463 394 589 448 ovis
622 393 692 448 ad
724 393 1151 451 immolandum
1184 398 1394 456 ductus
1418 408 1520 469 est,
1545 406 1600 457 et
1631 402 1783 458 sicut
1804 420 1990 475 agnus

289 500 477 538 coram
528 486 807 540 tondente
855 501 916 541 se
964 503 1080 542 non
1114 489 1336 559 aperuit
1364 508 1428 546 os
1462 509 1634 548 suum
1667 493 1818 564 (lsai.
1867 512 1986 560 LIII,

285 575 356 643 7).
407 572 613 630 Veniet
668 583 723 631 et
792 592 907 631 non
961 576 1173 633 silebit.
1236 580 1417 636 Tacui.
1479 582 1693 654 inquit,
1725 587 1992 657 numquid

285 684 497 739 semper
528 668 711 723 tacebo
740 668 845 738 (Id.
878 684 1015 736 xui,
1052 671 1136 737 14,
1168 687 1271 728 sec.
1308 673 1474 745 LXX)
1498 674 1525 727 ?

351 762 403 815 7.
441 761 609 815 Modo
632 764 827 816 autem
861 760 999 831 quid
1028 762 1424 818 necessarium
1443 765 1634 820 esteis
1652 767 1750 835 qui
1777 766 1990 822 habent

277 849 615 920 justitiam?
644 850 804 915 Quod
856 848 914 903 in
960 849 1060 905 illo
1091 850 1217 922 ipso
1252 854 1479 923 psalmo
1510 853 1741 923 legitur,
1781 857 1990 922 Quoad-

284 939 675 1010 usquejudicia
693 938 1429 1009 eonvertaturiniudicium;
1443 949 1493 996 et
1514 943 1828 1013 qui/tabent
1842 962 1986 1011 eam,

281 1046 461 1086 omnes
493 1032 630 1084 recti
676 1028 852 1084 corde.
910 1030 1175 1095 Quaeritis
1234 1033 1482 1088 fortasse
1515 1033 1613 1105 qui
1677 1040 1815 1089 sunt
1847 1036 1985 1091 recti

283 1120 487 1175 corde!
554 1119 685 1173 Illos
718 1119 1049 1174 invenimus
1096 1120 1157 1175 in
1188 1121 1490 1193 Scriptura
1549 1128 1737 1179 rectos
1797 1127 1985 1193 corde,

280 1210 372 1279 qui
427 1207 585 1263 mala
639 1208 835 1263 seculi
870 1207 1143 1277 tolerant,
1174 1215 1233 1265 et
1289 1227 1404 1266 non
1463 1218 1738 1268 accusant
1780 1215 1983 1270 Deum.

283 1300 497 1361 Videte,
536 1299 777 1365 fratres;
804 1314 932 1353 rara
964 1299 1082 1354 avis
1115 1305 1202 1355 est
1222 1300 1337 1355 ista
1365 1318 1540 1372 quam
1574 1302 1777 1374 loquor
1810 1307 1849 1358 ί.
1883 1304 1987 1359 Ne-

279 1390 391 1444 scio
427 1404 547 1458 quo
601 1388 756 1442 enim
817 1388 988 1443 modo
1021 1390 1250 1459 quando
1294 1393 1484 1446 evenit
1514 1391 1736 1447 homini
1767 1393 1984 1464 aliquid

279 1477 438 1544 mali,
464 1476 649 1531 Deum
684 1476 863 1531 currit
906 1493 1204 1547 accusare,
1236 1479 1337 1550 qui
1370 1481 1601 1537 deberet
1630 1497 1709 1535 se.
1744 1483 1984 1547 Quando

278 1566 408 1621 boni
445 1563 668 1636 aliquid
704 1566 847 1634 agis,
874 1570 927 1619 te
953 1566 1154 1622 laudas
1176 1586 1193 1621 :
1227 1569 1460 1640 quando
1481 1569 1617 1624 mali
1642 1569 1860 1640 aliquid
1892 1588 1987 1642 pa-

276 1656 434 1720 teris,
473 1656 651 1711 Deum
700 1672 962 1711 accusas.
1016 1657 1135 1712 Hoc
1182 1663 1271 1712 est
1303 1674 1437 1730 ergo
1468 1675 1568 1715 cor
1599 1666 1838 1727 tortum,
1869 1678 1982 1716 non

275 1750 521 1800 rectum.
557 1745 642 1799 Ab
670 1745 779 1799 ista
807 1746 1149 1802 distortione
1180 1752 1236 1801 et
1258 1748 1538 1818 pravitate
1568 1749 1618 1803 si
1651 1751 1978 1820 corrigaris,

278 1838 649 1889 convertatur
680 1834 737 1889 in
772 1834 1127 1889 contrarium
1148 1838 1298 1906 quod
1324 1837 1595 1893 faciebas.
1626 1840 1806 1895 Antea
1828 1840 1981 1896 enim

276 1923 407 1993 quid
449 1923 751 1978 faciebas?
781 1923 1086 1979 Laudabas
1118 1930 1172 1981 te
1212 1926 1269 1980 in
1302 1926 1468 1981 bonis
1498 1927 1619 1996 Dei,
1660 1930 1979 1985 accusabas

277 2014 458 2068 Deum
490 2012 553 2067 in
589 2011 764 2068 malis
805 2013 953 2070 tuis:
989 2031 1267 2070 converso
1299 2016 1469 2072 corde
1491 2022 1549 2073 et
1579 2018 1815 2086 directo,
1847 2018 1983 2075 lau-

274 2104 436 2158 dabis
468 2103 657 2158 Deum
691 2103 751 2158 in
784 2104 954 2160 bonis
977 2105 1123 2170 suis,
1146 2107 1451 2162 accusabis
1477 2112 1529 2162 te
1560 2107 1617 2162 in
1648 2108 1818 2164 malis
1841 2110 1979 2166 tuis.

277 2193 365 2247 Isti
388 2197 540 2247 sunt
563 2193 703 2247 recti
728 2194 917 2248 corde.
939 2193 1311 2265 Deniqueille
1329 2198 1589 2251 nondum
1614 2204 1767 2254 recto
1788 2200 1979 2267 corde,

275 2281 360 2335 cui
390 2280 749 2352 displicebat
775 2281 1019 2337 felicitas
1069 2284 1357 2339 malorum
1390 2289 1445 2340 et
1476 2284 1638 2342 labor
1670 2288 1979 2359 bonorum,

275 2370 344 2424 ait
390 2374 694 2425 correctus
728 2387 740 2425 :
775 2371 947 2438 Quam
981 2373 1147 2427 bonus
1196 2374 1337 2429 Deus
1384 2374 1559 2429 Israel
1590 2379 1751 2431 rectis
1780 2378 1980 2433 corde!

275 2460 368 2514 Mei
394 2468 613 2527 autem,
648 2462 882 2531 quando
915 2478 1028 2516 non
1063 2478 1214 2517 eram
1246 2468 1401 2519 recto
1441 2465 1635 2532 corde,
1665 2482 1797 2537 pene
1828 2484 1981 2524 com—

272 2552 397 2604 moti
425 2555 564 2604 sunt
591 2549 774 2620 pedes,
807 2551 973 2619 paulo
1022 2553 1211 2607 minus
1238 2554 1396 2624 eﬂusi
1431 2567 1560 2609 sunt
1605 2571 1817 2625 gressus
1849 2562 1976 2615 mei.

275 2641 501 2704 Quare?
544 2641 686 2707 Quia
710 2641 883 2696 zelavi
914 2643 970 2695 in
999 2641 1390 2713 peccatoribus,
1422 2662 1609 2717 pacem
1633 2656 1982 2718 peccatorum

272 2731 490 2784 intuens
554 2730 731 2799 (Psal.
761 2747 930 2799 Lxxn,
959 2732 1095 2802 1-3).
1121 2731 1271 2801 Vidi,
1297 2733 1506 2805 inquit,
1551 2738 1735 2792 malos
1758 2738 1976 2806 felices,

274 2824 324 2872 et
352 2817 663 2890 displicuit
708 2819 852 2873 mihi
886 2818 1035 2875 Deus
1066 2837 1079 2875 :
1109 2821 1214 2876 hoc
1255 2822 1410 2876 enim
1452 2824 1737 2894 volebam,
1773 2833 1836 2881 ut
1866 2845 1977 2883 non

274 2908 640 2980 permitteret
660 2906 814 2962 Deus
838 2908 1022 2963 malos
1052 2923 1181 2964 esse
1212 2910 1427 2966 felices.
1456 2912 1744 2985 Intelligat
1768 2914 1939 2970 homo
1966 2932 1978 2969 :

279 3012 580 3065 nunquam
613 2994 722 3050 hoc
772 2997 1056 3065 permittit
1089 2998 1280 3066 Deus;
1313 3000 1414 3056 sed
1448 3002 1575 3056 ideo
1627 3002 1817 3059 malus
1851 3006 1982 3060 felix

274 3090 538 3155 putatur,
565 3085 707 3156 quia
733 3086 870 3156 quid
904 3086 979 3142 sit
1008 3088 1252 3144 felicitas
1281 3089 1599 3161 ignoratur.
1624 3092 1820 3148 Simus
1851 3110 1982 3164 ergo

274 3176 400 3229 recti
456 3176 687 3230 corde:
739 3180 972 3246 tempus
1016 3177 1208 3247 gloria:
1259 3189 1466 3235 nostra:
1516 3182 1775 3237 nondum
1805 3184 1981 3240 venit.

271 3264 512 3319 Dicatur
542 3266 897 3320 amatoribus
917 3266 1094 3337 hujus
1127 3269 1346 3336 saeculi,
1378 3270 1582 3341 quales
1603 3281 1760 3327 erant
1783 3275 1986 3331 fratres

272 3353 525 3421 Domini,
563 3354 787 3424 Tempus
819 3362 1059 3411 vestrum
1090 3373 1309 3429 semper
1337 3366 1417 3413 est
1448 3367 1750 3431 paratum;
1779 3372 1986 3435 tempus

273 3449 544 3498 nostrum
578 3444 821 3499 nondum
853 3447 1020 3500 venit.
1055 3449 1385 3503 Audeamus
1405 3450 1558 3505 enim
1592 3450 1699 3505 hoc
1719 3453 1903 3509 dicere
1930 3460 1986 3510 et

272 3550 388 3590 nos.
422 3534 498 3588 Et
532 3533 810 3603 quoniam
845 3550 1054 3606 corpus
1090 3536 1325 3593 Domini
1372 3540 1555 3595 nostri
1586 3540 1722 3596 Jesu
1770 3544 1983 3600 Christi

274 3639 498 3691 sumus,
528 3624 802 3694 quoniam
830 3625 1088 3680 membra
1107 3627 1239 3696 ejus
1260 3644 1483 3695 sumus,
1509 3631 1785 3699 quoniam
1811 3639 1986 3705 caput

278 3720 544 3767 nostrum
597 3717 895 3784 gratanter
943 3715 1340 3785 agnoscimus,
1390 3717 1656 3774 dicamus
1707 3737 1979 3792 prorsus;

280 3804 554 3869 quoniam
590 3812 822 3874 propter
843 3820 948 3859 nos
979 3810 1036 3859 et
1057 3804 1181 3875 ipse
1206 3806 1311 3862 hoc
1342 3807 1619 3878 dignatus
1651 3816 1740 3864 est
1771 3811 1980 3869 dicere.

280 3891 518 3954 Quando
552 3892 719 3947 nobis
748 3892 1037 3949 insultant
1057 3902 1349 3951 amatores
1377 3896 1554 3967 hujus
1577 3900 1795 3960 seaculi,
1828 3902 1986 3957 dica-

282 3996 400 4035 mus
434 3982 550 4046 eis,
578 3983 806 4053 Tempus
827 3990 1062 4039 vestrum
1077 4000 1297 4055 semper
1324 3994 1406 4040 est
1431 3995 1696 4057 paratum
1720 4007 1733 4057 ;
1769 3998 1984 4062 tempus

281 4074 543 4124 nostrum
588 4070 829 4126 nondum
864 4074 1036 4128 venit.
1071 4073 1248 4129 Nobis
1277 4075 1435 4129 enim
1469 4075 1615 4130 dixit
1641 4080 1980 4148 Apostolus,

276 4156 464 4214 Μονιυί
506 4162 657 4214 enim
696 4164 845 4228 estis,
878 4169 930 4216 et
986 4165 1105 4218 vita
1153 4173 1333 4219 vestra
1382 4166 1702 4222 abscondita
1742 4173 1816 4222 est
1859 4184 1983 4223 cum

278 4245 483 4304 Christo
510 4251 568 4303 in
600 4252 733 4305 Deo.
765 4251 1005 4316 Quando
1028 4252 1217 4308 veniet
1238 4257 1470 4323 tempus
1500 4260 1765 4311 nostrum
1792 4255 1816 4309 ’Ξ
1848 4257 1981 4313 Cum

276 4335 534 4403 Christus,
568 4337 782 4409 inquit,
815 4346 1134 4411 apparuerit
1160 4343 1276 4397 vita
1308 4351 1513 4409 vestra,
1539 4353 1666 4400 tunc
1696 4352 1748 4400 et
1780 4362 1867 4402 vos
1890 4366 1983 4419 ap-

273 4428 538 4492 parebitis
562 4443 687 4482 eum
718 4429 836 4498 ipso
860 4431 919 4483 in
951 4430 1130 4498 gloria
1160 4433 1385 4499 (Coloss.
1423 4450 1506 4499 ιιι,
1537 4434 1591 4501 3,
1624 4435 1701 4503 4).

335 4517 382 4569 8.
416 4517 573 4582 Quid
626 4518 834 4575 deinde
886 4518 1099 4575 addit?
1153 4523 1269 4577 Non
1306 4528 1479 4594 potest
1526 4525 1761 4579 mundus
1809 4526 1981 4583 odisse

275 4616 374 4659 vos.
408 4603 559 4670 Quid
628 4609 717 4661 est
774 4605 902 4673 hoc,
940 4607 1076 4675 nisi,
1109 4608 1234 4665 Non
1266 4616 1457 4681 potest
1506 4614 1763 4669 mundus
1786 4616 1977 4672 odisse

271 4699 555 4749 amatores
586 4710 748 4765 suos,
782 4694 955 4751 falsos
978 4697 1171 4753 tetes?
1196 4700 1354 4755 Bona
1404 4700 1561 4757 enim
1610 4703 1811 4760 dicitis
1852 4721 1976 4775 qua;

273 4777 420 4834 mala
462 4786 629 4849 sunt,
659 4786 716 4837 et
760 4782 909 4838 mala
940 4800 1067 4855 que
1098 4786 1252 4841 bona
1290 4791 1451 4842 sunt.
1484 4790 1563 4843 Me
1610 4798 1791 4847 autem
1843 4792 1972 4859 odit,

271 4871 386 4933 quia
441 4887 548 4942 ego
609 4873 987 4929 testimonium
1042 4876 1308 4946 perhibeo
1365 4878 1431 4932 de
1470 4880 1588 4947 illo,
1623 4884 1756 4952 quia
1811 4898 1974 4953 Opera

268 4954 371 5017 ejus
418 4959 578 5014 mala
616 4970 762 5015 sunt.
818 4963 911 5017 Vos
946 4964 1215 5019 ascendite
1258 4966 1328 5020 ad
1362 4966 1508 5022 diem
1561 4974 1758 5037 festum
1808 4970 1968 5027 hunc.

267 5041 402 5103 Quid
427 5054 515 5101 est
545 5047 695 5104 hunc
715 5053 743 5103 ἴ)
772 5048 875 5106 Ubi
901 5052 1150 5122 gloriam
1177 5054 1491 5112 humanam
1518 5058 1797 5128 quaeritis.
1825 5062 1968 5127 Quid

266 5140 346 5189 est
377 5136 530 5191 hunc
557 5141 585 5191 ?
610 5138 714 5194 Ubi
746 5143 1051 5198 extendere
1082 5144 1259 5200 vultis
1309 5146 1568 5202 carnalia
1598 5149 1828 5219 gaudia,
1855 5168 1965 5206 non

266 5230 464 5281 eterna
523 5230 795 5299 cogitare.
850 5234 957 5302 Ego
1013 5250 1123 5290 non
1167 5236 1394 5293 ascendo
1431 5237 1501 5292 ad
1564 5237 1710 5292 diem
1762 5241 1967 5307 festum

265 5315 424 5382 hunc,
456 5322 585 5388 quia
609 5336 789 5375 meum
820 5330 1030 5394 tempus
1059 5327 1303 5382 nondum
1334 5327 1626 5399 impletum
1653 5333 1755 5384 est.
1793 5329 1852 5384 In
1875 5330 1965 5386 die

265 5402 402 5461 festo
424 5407 531 5463 hoc
562 5408 809 5480 gloriam
832 5430 932 5471 vos
948 5414 1268 5474 humanam
1293 5419 1552 5489 quaeritis
1576 5437 1588 5487 ;
1616 5435 1812 5474 meum
1835 5436 1965 5477 vero

319 5548 331 5578 ¹
364 5547 450 5617 Er.
485 5548 643 5611 Lugd.
679 5552 813 5617 Ven.
866 5558 955 5616 sic}
986 5557 1186 5609 habent
1217 5560 1360 5610 hunc
1391 5562 1566 5612 locum
1602 5576 1613 5611 :
1645 5564 1776 5612 Rara
1808 5577 1963 5613 causa

258 5617 327 5655 est
358 5614 462 5658 ista
495 5627 643 5673 quam
667 5616 871 5679 loquor.
933 5614 996 5671 Μ.

1416 248 1873 311 TRACTATUS
1918 250 2195 316 XXVIII.
2241 256 2497 321 CAPUT
2541 263 2668 323 VII.

3654 274 3806 333 1626

2126 402 2357 462 empus,
2391 393 2446 448 id
2480 403 2563 451 est
2592 396 2783 468 glorias
2834 413 3001 465 mete,
3034 400 3293 457 nondum
3327 405 3502 461 venit.
3534 411 3663 478 Ipse
3696 408 3806 463 erit

2103 476 2221 533 dies
2237 479 2417 536 festus
2443 499 2627 551 meus,
2646 502 2756 541 non
2774 485 2981 541 diebus
3006 487 3135 542 istis
3160 506 3515 559 praecurrens
3538 476 3592 550 et
3612 501 3801 551 trans-

2102 568 2246 636 iens,
2268 574 2365 627 sed
2399 590 2747 645 permanens
2773 577 2829 631 in
2862 583 3138 634 aeternum
3166 597 3177 634 :
3213 581 3337 652 ipsa
3357 584 3465 639 erit
3497 586 3801 654 festivitas,

2099 661 2371 727 gaudium
2398 663 2523 718 sine
2556 664 2687 733 line,
2714 666 2997 721 aeternitas
3027 666 3151 724 sine
3186 669 3348 739 habe,
3371 675 3653 730 serenitas
3676 676 3801 731 sine

2100 749 2273 805 nube.
2326 753 2449 808 Ηιοεσ
2487 769 2615 807 cum
2660 754 2911 824 dixisset,
2944 758 3057 826 ipse
3102 763 3304 815 mansit
3324 764 3379 815 in.
3419 764 3673 820 Gulz'leea.
3739 768 3801 823 Ut

2097 845 2283 893 autem
2312 842 2673 922 ascenderunt
2696 846 2898 913 fratres
2928 846 3066 915 ejus,
3100 854 3232 902 tunc
3260 854 3308 905 et
3328 850 3439 922 ipse
3461 854 3701 907 ascendit
3731 854 3802 909 ait

2098 930 2242 983 diem
2270 932 2467 1001 festum
2493 950 2512 996 ;
2543 918 2653 987 non
2680 935 2983 1005 manifeste,
3015 936 3107 991 sed
3137 942 3295 1008 quasi
3314 942 3371 994 in
3402 944 3627 997 occulto.
3666 944 3799 999 Ideo

2096 1034 2203 1074 non
2235 1020 2304 1074 ad
2334 1022 2479 1075 diem
2506 1025 2703 1092 festum
2725 1022 2886 1090 hunc,
2911 1025 3047 1095 quia
3070 1043 3180 1081 non
3206 1028 3438 1099 gloriari
3467 1034 3798 1103 temporali-

2097 1114 2203 1175 ter,
2236 1111 2334 1164 sed
2368 1112 2585 1182 aliquid
2619 1114 2825 1169 docere
2854 1114 3482 1191 salubriter,corrigere
3506 1123 3796 1191 homines,

2098 1198 2167 1252 de
2198 1197 2290 1253 die
2340 1199 2482 1255 festo
2533 1205 2742 1257 aeterno
2790 1204 3120 1272 admonere,
3160 1224 3418 1264 amorem
3469 1212 3538 1266 ab
3572 1210 3675 1266 hoc
3700 1230 3796 1268 sse-

2098 1287 2221 1343 c:.=lo
2254 1294 2527 1357 avertere,
2562 1294 2617 1346 et
2647 1292 2708 1347 in
2734 1292 2917 1348 Deum
2950 1303 3283 1352 convertere
3324 1300 3612 1370 cupiebat.
3647 1302 3791 1364 Quid

2097 1384 2181 1433 est
2212 1384 2427 1448 autem,
2452 1380 2613 1450 quasi
2633 1382 2872 1438 latenter
2892 1385 3133 1439 ascendit
3153 1387 3223 1441 ad
3242 1387 3385 1443 diem
3404 1392 3599 1459 festum
3623 1395 3649 1444 ἱ)
3672 1392 3795 1447 Non

2095 1474 2260 1524 vacat
2290 1475 2347 1525 et
2376 1469 2485 1525 hoc
2516 1471 2745 1527 Domini
2784 1476 2820 1527 ¹.
2863 1474 3106 1528 Videtur
3150 1476 3315 1545 mihi,
3360 1479 3586 1549 fratres,
3618 1480 3794 1535 etiam

2095 1560 2250 1624 hinc,
2286 1560 2439 1629 quod
2462 1561 2625 1630 quasi
2650 1562 2900 1617 latenter
2920 1565 3203 1630 ascendit,
3230 1566 3443 1636 aliquid
3468 1567 3796 1636 signiﬁcare

2094 1650 2341 1706 voluisse
2374 1666 2545 1705 :nam
2576 1652 2985 1720 consequentia
3016 1654 3305 1710 docebunt
3327 1656 3410 1710 sic
3432 1672 3563 1711 eum
3588 1673 3794 1712 ascen-

2091 1740 2244 1796 disse
2277 1740 2526 1795 mediato
2558 1739 2649 1795 die
2681 1741 2843 1807 festo,
2886 1743 2937 1796 id
2974 1748 3061 1799 est
3094 1745 3361 1799 mediatis
3408 1745 3527 1801 illis
3567 1746 3798 1805 diebus:

2094 1834 2158 1885 ut
2187 1829 2359 1884 etiam
2393 1827 2583 1899 palam
2616 1829 2863 1884 doceret.
2890 1831 2995 1885 Sed
3020 1834 3180 1902 quasi
3201 1833 3433 1888 latenter
3456 1833 3617 1901 dixit,
3641 1853 3710 1891 ne
3733 1854 3795 1892 se

2091 1918 2424 1975 ostenderet
2444 1916 2806 1973 hominibus.
2823 1920 2946 1974 Non
2971 1925 3136 1976 vacat
3156 1923 3309 1993 quod
3334 1922 3575 1978 latenter
3600 1941 3797 1981 ascen-

2093 2009 2178 2063 dit
2207 2006 2466 2063 Christus
2497 2009 2565 2062 ad
2597 2008 2752 2062 diem
2783 2010 3020 2075 festum,
3055 2010 3185 2078 quia
3216 2012 3337 2082 ipse
3368 2013 3583 2069 latebat
3614 2015 3670 2068 in
3696 2016 3791 2071 illo

2093 2098 2185 2152 die
2217 2098 2380 2154 festo.
2412 2097 2616 2152 Adhuc
2647 2097 2817 2152 etiam
2846 2115 2950 2169 ego
2982 2101 3132 2170 quod
3166 2101 3307 2170 dixi,
3334 2102 3389 2157 in
3421 2101 3659 2158 latibulo
3682 2110 3791 2159 est.

2092 2186 2498 2243 Manifestetur
2527 2203 2684 2257 ergo,
2719 2187 2952 2242 tollatur
2982 2190 3197 2254 velum,
3230 2196 3286 2245 et
3315 2196 3589 2262 appareat
3633 2196 3788 2263 quod

2090 2282 2215 2333 erat
2243 2280 2551 2332 secretum.

2159 2368 2213 2421 9.
2237 2365 2444 2421 Omnia
2491 2382 2614 2437 quas
2646 2366 2796 2421 dicta
2829 2370 2967 2422 sunt
2996 2368 3236 2439 antiquo
3277 2369 3488 2438 pepulo
3523 2370 3695 2425 Israel
3728 2370 3790 2425 in

2094 2456 2402 2527 multiplici
2424 2456 2712 2526 scriptura
2732 2467 2941 2513 sanctas
2983 2457 3163 2528 Legis,
3180 2475 3306 2530 quae
3332 2464 3567 2529 agerent
3586 2462 3705 2516 sive
3725 2462 3785 2517 in

2091 2546 2411 2607 sacrificiis,
2445 2547 2567 2601 sive
2595 2548 2652 2601 in
2685 2547 3044 2617 sacerdotiis,
3068 2546 3187 2602 sive
3218 2548 3274 2603 in
3308 2548 3508 2604 diebus
3532 2549 3707 2617 festis,
3733 2555 3789 2606 et

2090 2636 2327 2694 omnino
2363 2636 2421 2691 in
2454 2636 2813 2708 quibuslibet
2845 2636 3018 2692 rebus
3050 2637 3261 2707 quibus
3292 2638 3473 2694 Deum
3502 2639 3789 2710 colebant,

2091 2742 2477 2801 quaecumque
2509 2727 2626 2782 illis
2659 2726 2812 2782 dicta
2842 2732 2899 2781 et
2920 2729 3204 2797 praecepta
3232 2732 3388 2793 sunt,
3424 2729 3640 2784 umbra:
3674 2730 3793 2784 fue-

2089 2823 2228 2874 runt
2260 2817 2605 2872 futurorum.
2639 2817 2896 2879 Quorum
2922 2817 3251 2873 futurorum
3273 2817 3301 2872 ‘2
3329 2817 3461 2880 Quae
3481 2818 3801 2889 implentur

2094 2908 2150 2962 in
2184 2905 2434 2961 Christo.
2470 2906 2630 2961 Unde
2663 2906 2803 2960 dicit
2833 2905 3170 2977 Apostolus,
3204 2907 3473 2977 Quotquot
3505 2909 3651 2962 enim
3681 2925 3799 2978 pro-

2091 2998 2374 3052 missiones
2430 2997 2547 3062 Dei,
2594 2997 2651 3050 in
2710 2995 2807 3051 illo
2862 2999 3036 3051 etiam
3066 2999 3139 3067 (It
3172 2998 3295 3053 Cor.
3329 2998 3522 3069 1,20):
3584 2999 3640 3052 id
3687 3005 3797 3067 est,

2094 3088 2149 3142 in
2200 3085 2301 3141 illo
2334 3085 2584 3156 impletae
2627 3089 2783 3138 sunt.
2817 3085 3033 3139 Deinde
3065 3085 3207 3141 dicit
3236 3086 3348 3142 alio
3383 3088 3506 3142 loco
3537 3103 3550 3142 :
3607 3089 3801 3144 Omnia

2093 3176 2153 3231 in
2176 3178 2352 3247 ﬁgura
2371 3173 2763 3244 contingebant
2789 3173 2905 3229 illis
2931 3191 2949 3233 ;
2974 3176 3179 3243 scripta
3198 3183 3327 3229 sunt
3358 3183 3551 3231 autem
3579 3181 3797 3248 prapter

2092 3283 2208 3334 nos,
2236 3269 2295 3321 in
2338 3282 2473 3337 quos
2520 3266 2643 3336 ﬁnis
2691 3264 3013 3319 saeculorum
3044 3263 3305 3333 obvenit(
3346 3265 3368 3319 Ι
3411 3266 3538 3322 Cor.
3566 3285 3619 3334 x,
3666 3269 3723 3321 tt
3759 3270 3797 3337 ).

2093 3356 2248 3410 Dixit
2280 3362 2331 3408 et
2380 3354 2563 3409 alibi:
2601 3353 2753 3407 Finis
2792 3355 2941 3407 enim
2985 3354 3135 3421 Legis
3179 3352 3423 3408 Christus
3469 3359 3547 3409 est
3593 3359 3803 3424 (Rom,

2093 3461 2146 3509 x,
2183 3445 2257 3511 4).
2289 3445 2431 3497 Item
2483 3442 2593 3497 alio
2626 3441 2748 3497 loco
2784 3457 2797 3495 :
2846 3441 3012 3496 Nemo
3065 3457 3153 3495 vos
3184 3440 3383 3507 iudicet
3431 3443 3489 3495 in
3535 3442 3673 3511 cibo,
3700 3450 3801 3497 aut

2094 3535 2151 3587 in
2180 3537 2332 3603 potu,
2367 3534 2459 3585 aut
2482 3533 2542 3585 in
2564 3535 2720 3601 parte
2739 3530 2858 3585 diei
2895 3532 3047 3599 festi,
3081 3538 3179 3585 aut
3202 3530 3520 3597 neomeniae,
3544 3538 3647 3586 aut
3677 3535 3802 3586 sab-

2095 3620 2522 3693 batorum,quod
2551 3624 2627 3676 est
2659 3621 2853 3675 umbra
2872 3624 3184 3689 [uturorum
3218 3619 3441 3685 (Coloss.
3478 3638 3538 3685 II,
3576 3622 3662 3686 16,
3691 3622 3799 3691 17).

2093 3712 2149 3764 Si
2182 3726 2317 3780 ergo
2349 3710 2546 3765 omnia
2577 3709 2676 3763 illa
2707 3709 2926 3763 umbras
2959 3708 3197 3762 fuerunt
3232 3708 3558 3764 futurorum
3581 3716 3632 3761 et
3666 3710 3793 3763 Sce-

2095 3798 2340 3870 nopepia
2364 3798 2566 3853 umbra
2609 3802 2733 3852 erat
2769 3797 3246 3853 futurorum.Hic
3277 3814 3408 3867 ergo
3441 3797 3565 3852 dies
3598 3799 3799 3863 festus,

2098 3904 2423 3960 quanamus
2445 3887 2612 3957 cujus
2636 3886 2819 3941 futuri
2844 3888 3051 3941 umbra
3072 3886 3477 3957 erat.Exposui
3508 3888 3641 3957 quid
3668 3892 3788 3941 erat

2093 3978 2452 4050 Scenopegia
2496 3993 2508 4030 :
2559 3975 2867 4032 celebratio
2917 3980 3040 4030 erat
3088 3975 3615 4043 tabernaculorum,
3668 3993 3803 4048 pro-

2094 4075 2288 4141 pterea
2304 4069 2440 4140 quia
2472 4067 2721 4138 pepulus
2754 4068 2823 4122 de
2845 4068 3088 4139 zEgypto
3120 4067 3395 4121 liberatus
3428 4070 3669 4123 tendens
3702 4086 3802 4138 per

2094 4158 2389 4213 desertum
2423 4157 2491 4211 ad
2519 4164 2724 4212 terram
2752 4155 3174 4227 promissionis,
3202 4156 3256 4207 in
3286 4154 3671 4209 tabernaculis
3694 4156 3795 4209 lia—

2091 4245 2319 4301 bitavit.
2344 4246 2490 4309 Quid
2517 4246 2587 4299 sit
2612 4245 3237 4310 animadvertamus,et
3258 4258 3361 4296 nos
3384 4242 3639 4306 erimus;
3667 4260 3797 4309 nos,

2093 4336 2355 4407 inquam,
2380 4336 2475 4404 qui
2505 4334 2761 4387 membra
2785 4331 2999 4386 Christi
3025 4347 3251 4395 sumus,
3279 4330 3329 4383 si
3363 4347 3569 4385 sumus
3593 4334 3652 4383 8:
3697 4332 3795 4385 illo

2091 4431 2286 4480 autem
2335 4425 2615 4493 dignante
2659 4436 2886 4486 sumus,
2922 4437 3037 4473 non
3089 4418 3257 4473 nobis
3307 4419 3795 4488 promerenlibus.

2088 4514 2475 4568 Attendamus
2526 4526 2661 4579 ergo
2712 4525 2837 4566 nos.
2895 4509 3101 4562 fratres
3154 4522 3166 4559 :
3227 4507 3419 4562 educti
3470 4524 3675 4562 sumus
3726 4512 3797 4563 de

2087 4604 2349 4674 Egypto,
2373 4599 2473 4654 ubi
2496 4597 2729 4653 diabolo
2755 4603 3029 4668 tanquam
3057 4596 3337 4651 Pharaoni
3364 4598 3795 4653 serviebamus:

2088 4694 2185 4748 ubi
2220 4691 2379 4746 lutea
2403 4705 2577 4760 opera
2601 4688 2658 4743 in
2694 4688 2938 4743 terrenis
2960 4686 3262 4742 desideriis
3294 4688 3627 4758 agebamus,
3651 4694 3707 4743 et
3738 4688 3795 4743 in

2085 4783 2169 4838 eis
2195 4780 2445 4837 multum
2463 4778 2892 4834 laborabamus.
2910 4777 3140 4832 Etenim
3156 4777 3603 4833 nobisChristus
3626 4778 3795 4848 quasi

2085 4873 2291 4927 lateres
2323 4868 2673 4926 facientibus
2706 4865 2976 4923 clamavit
3003 4883 3015 4920 :
3059 4865 3240 4921 Venite
3261 4866 3330 4920 ad
3352 4883 3437 4919 me
3463 4908 3474 4930 ,
3500 4882 3683 4919 omnes
3699 4866 3796 4936 qui

2084 4963 2345 5018 laboratis
2375 4966 2428 5016 et
2459 4960 2681 5014 onerati
2721 4960 2845 5014 estis
2875 4959 2894 5027 (
2925 4956 3115 5012 Matth.
3150 4973 3225 5023 x1,
3252 4957 3319 5010 28
3352 4956 3388 5025 ).
3425 4956 3566 5008 IIinc
3597 4955 3789 5009 educti

2077 5069 2181 5123 per
2214 5049 2578 5121 Baptismum
2613 5053 2889 5117 tanquam
2918 5062 3018 5116 per
3050 5060 3207 5099 mare
3230 5043 3508 5098 Rubrum.
3537 5042 3663 5096 ideo
3688 5059 3791 5095 ru-

2079 5144 2274 5209 brum,
2327 5140 2464 5212 quia
2510 5139 2719 5195 Chrisli
2767 5136 3043 5206 sanguine
3092 5135 3511 5196 consecratum,
3546 5132 3791 5187 mortuis

2076 5233 2354 5293 omnibus
2396 5229 2653 5287 inimicis
2704 5227 2916 5283 nostris
2949 5225 3187 5295 quinos
3240 5221 3697 5289 insectabantur,
3733 5222 3787 5276 id

2138 5385 2153 5416 ί
2188 5382 2271 5429 Er.
2306 5382 2358 5427 et
2387 5376 2554 5438 Lugd.
2603 5373 2799 5427 ferunt.
2829 5383 2933 5418 non
2965 5368 3116 5416 vacat
3164 5368 3210 5414 et
3250 5364 3346 5413 hoc
3385 5364 3449 5413 ab
3482 5364 3779 5417 intellectu.

2081 5442 2314 5501 Videtur,
2347 5445 2449 5501 etc.

2136 5505 2263 5551 gsic
2294 5495 2398 5555 ΕΓ..
2432 5498 2611 5564 inAillo
2646 5500 2771 5564 e_st._
2807 5495 2876 5543 M.
2926 5560 2933 5564 Α
3070 5556 3079 5564 _
3253 5553 3263 5564 _
3374 5554 3431 5564 Μ
3487 5554 3496 5564 _
3533 5554 3564 5564 η

2138 5568 2157 5598 ³
2181 5567 2260 5613 Er.
2294 5553 2458 5623 Lugd.
2492 5562 2620 5610 Ven.
2654 5558 2729 5609 ita
2759 5558 2961 5620 legunt,
2990 5556 3079 5619 qui
3108 5553 3334 5603 membra
3368 5554 3564 5603 Christi
3593 5567 3781 5603 sumus.

2077 5627 2133 5676 Si
2160 5642 2359 5682 sumus,
2388 5624 2481 5674 illo
2505 5627 2695 5672 autem.
2759 5623 2826 5671 Μ.
