4146 6186
0 3749 20 4488 ξ

9 5317 30 5370 .l

25 5553 33 5586 i

23 5597 32 5628 1

27 5637 34 5698 ἓ

17 5761 34 5862 .i

356 357 509 420 162⁸7
815 399 826 404 -
1301 361 1375 420 ΙΝ
1420 361 1740 425 JOANNIS
1783 362 2058 424 EVANGI

2181 359 2322 432 ΗΜ,
2371 359 2435 418 S.
2482 351 2904 416 AUGUSTINl
3717 346 3874 406 1628

350 496 458 559 est,
481 489 685 546 deletis
728 490 1002 547 omnibus
1052 493 1304 562 peccatis
1335 495 1566 563 nostris,
1614 496 1912 567 transjecti
1959 512 2054 549 su-

352 595 506 634 mus.
534 577 700 633 Modo
725 595 860 650 ergo
881 583 1195 649 antequam
1239 579 1312 635 ad
1340 581 1588 652 patriam
1622 580 2050 654 promissionis,

354 669 411 723 id
445 676 550 734 est,
592 673 868 724 aeternum
903 683 1146 740 regnum
1171 670 1493 738 veniamus,
1528 672 1584 726 in
1619 673 1843 727 deserto
1875 673 1930 726 in
1967 677 2054 726 ta-

356 757 687 813 bernaculis
711 773 934 813 sumus.
969 757 1077 821 Qui
1109 758 1216 813 ista
1238 765 1584 830 agnoscunt,
1618 761 1675 816 in
1708 761 2051 816 tabernacu-

355 847 426 903 lis
461 853 602 903 sunt
634 864 647 904 :
681 849 940 902 futurum
975 847 1125 902 enim
1172 853 1294 904 erat
1335 853 1399 903 ut
1442 849 1678 920 quidam
1729 851 1838 905 hoc
1869 864 2056 919 agno—

353 942 595 992 scerent.
632 936 730 992 Ille
761 938 915 991 enim
947 945 1033 992 est
1065 937 1121 992 in
1159 937 1572 1005 tabernaculis,
1609 939 1707 1009 qui
1740 953 1798 993 se
1830 954 1955 993 esse
1994 937 2054 993 in

354 1027 571 1080 mundo
596 1026 865 1096 intelligit
890 1025 1278 1098 peregrinum.
1298 1026 1395 1083 Ille
1427 1044 1488 1082 se
1509 1026 1782 1096 intelligit
1804 1027 2056 1099 peregri-

355 1122 606 1182 nantem,
644 1115 741 1185 qui
775 1132 836 1170 se
857 1115 1011 1170 videt
1028 1117 1226 1186 patriae
1247 1117 1656 1189 suspirantem.
1690 1118 1832 1174 Cum
1858 1123 2053 1172 autem

354 1219 562 1274 corpus
594 1204 804 1259 Christi
838 1209 927 1259 est
958 1206 1013 1259 in
1049 1206 1451 1275 tabernaculis,
1487 1206 1746 1262 Christus
1778 1209 1861 1261 est
1895 1208 1950 1261 in
1975 1211 2054 1260 ta-

357 1293 706 1348 bernaculis.
737 1295 847 1350 Sed
904 1299 1038 1350 tunc
1100 1313 1212 1350 non
1271 1298 1586 1364 evidenter,
1630 1297 1729 1352 sed
1790 1295 2050 1352 latenter.

354 1385 556 1438 Adhuc
590 1385 742 1439 enim
770 1386 1180 1441 umbralucem
1217 1387 1563 1443 obscurabat
1587 1407 1601 1446 :
1626 1388 1887 1442 veniente
1912 1387 2056 1454 luce,

355 1476 563 1529 umbra
598 1479 820 1528 remota
861 1480 960 1528 est.
995 1476 1256 1530 Christus
1289 1485 1407 1531 erat
1447 1478 1504 1532 in
1538 1476 1786 1538 occulto,
1820 1476 1877 1530 in
1921 1476 2057 1530 Sce-

358 1564 605 1634 n0pegia
635 1562 899 1618 Christus
926 1568 1071 1631 erat,
1095 1566 1191 1619 sed
1225 1565 1410 1621 latens
1431 1565 1717 1623 Christus.
1749 1567 2055 1635 Modojain

363 1670 494 1707 cum
525 1652 897 1708 manifestata
919 1656 1206 1721 suntista,
1230 1658 1604 1726 agnoscimus
1635 1672 1742 1711 nos
1762 1657 1865 1710 iter
1892 1672 2058 1726 agere

356 1741 415 1796 in
449 1757 639 1796 eremo
675 1756 689 1795 :
742 1743 787 1796 si
841 1744 994 1798 enim
1048 1761 1452 1816 agnoscamus,
1485 1746 1542 1800 in
1604 1762 1796 1801 eremo
1829 1761 2055 1800 sumus.

360 1834 513 1901 ‘Quit‘l
568 1852 653 1898 est
696 1834 754 1892 in
811 1854 1002 1893 eremo
1028 1837 1056 1891 ?
1085 1839 1145 1892 In
1177 1838 1423 1893 deserto.
1455 1839 1641 1902 Quare
1699 1837 1757 1893 in
1791 1837 2060 1892 deserto?

355 1927 501 1990 Quia
532 1928 588 1983 in
623 1930 732 1985 isto
766 1929 1004 1996 mundo,
1038 1927 1134 1982 ubi
1167 1927 1364 1982 sititur
1392 1927 1451 1982 in
1487 1928 1574 1984 via
1611 1927 1916 2000 inaquosa.
1951 1927 2059 1982 Sed

357 2019 646 2088 sitiemus,
676 2025 736 2075 ut
759 2025 1106 2076 saturemur.
1132 2018 1291 2074 Beati
1317 2018 1473 2073 enim
1499 2020 1595 2090 qui
1618 2017 1885 2074 esuriant
1908 2021 1963 2072 et
1986 2019 2058 2072 si-

358 2109 836 2181 tiuntjustitiam,
853 2110 1127 2183 quoniam
1145 2107 1253 2178 ipsi
1267 2109 1902 2180 saturabunturbilalth.
1925 2107 2058 2178 v,6).

356 2198 564 2254 Etsitis
589 2209 788 2255 nostra
809 2200 879 2256 de
907 2204 1068 2271 petra
1089 2197 1365 2269 impletur
1389 2198 1445 2252 in
1460 2215 1652 2253 eremo
1680 2215 1691 2252 :
1719 2203 1884 2252 Petra
1906 2197 2058 2253 enim

361 2295 478 2341 erat
507 2289 777 2357 Christus,
803 2293 857 2343 et
887 2287 1050 2357 virga
1081 2303 1353 2356 percussa
1379 2294 1485 2356 est,
1511 2291 1576 2342 ut
1600 2303 1748 2356 aqua
1775 2289 2060 2340 manaret.

360 2375 431 2430 Ut
463 2381 656 2432 autem
687 2375 1070 2442 manaret,bis
1092 2391 1364 2446 percussa
1385 2383 1470 2430 est
1493 2376 1509 2447 (
1536 2377 1552 2430 Ι
1580 2375 1700 2430 Cor.
1725 2392 1778 2443 x,
1805 2377 1861 2441 li;
1897 2375 2058 2430 Num.

355 2481 448 2534 xx,
488 2466 592 2534 11),
627 2465 766 2536 quia
798 2466 907 2520 duo
938 2463 1097 2535 ligna
1136 2467 1274 2518 sunt
1303 2464 1514 2519 crucis.
1539 2464 1747 2518 Omnia
1776 2480 1908 2530 ergo
1941 2463 2063 2518 haec

358 2572 482 2626 quae
505 2556 790 2612 ﬁebantin
810 2554 1537 2627 ﬁgura,manit‘estanturin
1556 2554 1944 2609 nobis.Etnon
1962 2570 2062 2606 va-

364 2654 448 2698 cat
511 2645 663 2714 quod
720 2646 788 2698 de
847 2643 1089 2698 Domino
1123 2643 1346 2698 dictum
1378 2649 1486 2709 est,
1557 2641 1892 2698 Ascenditad
1922 2642 2063 2696 diem

358 2734 584 2806 festum,
609 2749 715 2785 non
751 2731 1058 2800 muni/este,
1077 2730 1166 2785 sed
1194 2738 1456 2800 tanquam
1480 2733 1537 2785 in
1568 2732 1792 2786 occulto.
1828 2729 2066 2800 Figura-

362 2830 480 2876 tum
515 2822 666 2875 enim
700 2826 820 2874 erat
846 2820 1032 2889 ipsum
1061 2821 1116 2873 in
1151 2819 1397 2881 occulto,
1423 2821 1560 2888 quia
1585 2821 1642 2874 in
1667 2821 1790 2891 ipso
1810 2819 1903 2874 die
1920 2819 2061 2874 festo

363 2911 628 2966 Christus
669 2911 920 2979 latebat;
956 2911 1095 2980 quia
1124 2911 1244 2980 ipse
1275 2910 1396 2965 dies
1429 2910 1851 2979 festus,Christi
1876 2925 2062 2965 mem-

365 3001 467 3055 bra
501 3000 938 3072 peregrinatura
961 2983 1344 3070 signiﬁcabat.

436 3092 522 3147 lO.
553 3091 732 3146 Judaei
778 3107 902 3161 ergo
943 3093 1263 3162 quazrebant
1313 3107 1436 3147 eum
1467 3090 1525 3146 in
1567 3089 1657 3146 die
1686 3094 1824 3159 festo
1851 3110 1870 3157 ;
1901 3095 2062 3146 ante-

361 3194 536 3248 quam
579 3179 933 3233 ascenderet.
971 3179 1193 3234 Priorcs
1225 3178 1378 3233 enim
1411 3179 1621 3233 fratres
1653 3179 2061 3243 ascenderunt,

362 3272 417 3321 et
450 3284 562 3322 non
595 3272 734 3322 tunc
767 3267 1024 3323 ascendit
1048 3266 1163 3328 ille,
1202 3267 1435 3339 quando
1466 3266 1550 3322 illi
1582 3267 1862 3338 putabant
1891 3272 1948 3321 et
1967 3283 2063 3322 vo-

362 3356 559 3413 lebant
593 3375 606 3411 :
643 3361 706 3411 ut
735 3357 910 3413 etiam
963 3357 1070 3412 hoc
1116 3355 1458 3426 impleretur
1505 3357 1658 3428 quod
1695 3355 1792 3423 ait,
1827 3357 1941 3411 Non
1990 3356 2064 3410 ad

361 3447 524 3514 hunc,
558 3447 610 3502 id
648 3451 754 3513 est,
789 3447 859 3501 ad
893 3463 1060 3517 quem
1095 3463 1197 3502 vos
1230 3446 1425 3516 vultis,
1459 3445 1711 3517 primum
1741 3444 1828 3500 vel
1860 3461 2060 3500 secun-

362 3538 501 3593 dum
553 3537 726 3593 diem.
763 3539 1036 3592 Ascendit
1084 3541 1276 3592 autem
1330 3541 1551 3608 postea,
1585 3541 1646 3591 ut
1685 3534 2059 3607 Evangelium

359 3626 642 3697 loquitur,
674 3627 911 3682 media/0
945 3627 1029 3682 die
1045 3629 1182 3698 festo
1204 3644 1225 3689 ,·
1259 3626 1446 3696 ἱάςθει,
1473 3627 1742 3696 cumjam
1765 3624 1923 3680 illius
1949 3624 2061 3679 diei

357 3717 488 3773 festi
522 3721 605 3772 tot
630 3718 752 3773 dies
787 3718 1204 3788 prieteriissent
1234 3719 1387 3789 quod
1412 3716 1849 3772 remansissent.
1872 3716 2058 3785 Ipsam

358 3807 512 3861 enim
547 3807 929 3874 festivitatem,
957 3812 1236 3879 quantum
1259 3807 1696 3878 intelligendum
1722 3809 1831 3873 est,
1855 3804 2060 3862 diebus

361 3893 628 3963 pluribus
661 3894 1049 3949 celebrabant.

434 3982 519 4034 lt.
555 3983 812 4035 Dicebant
843 3999 1004 4053 ergo:
1042 3985 1238 4040 Ubiest
1271 3985 1408 4039 ille?
1438 3986 1501 4039 Et
1533 3991 1788 4040 murmur
1819 3983 2061 4039 multum

360 4072 430 4126 de
463 4086 520 4124 eo
553 4080 669 4125 crat
702 4076 755 4123 in
789 4074 963 4127 turba.
997 4074 1157 4130 Unde
1187 4077 1503 4130 murmur?
1540 4076 1620 4131 De
1671 4076 2058 4131 contentione.

361 4163 495 4226 Quae
522 4160 621 4215 fuit
655 4163 945 4218 contentio
966 4166 994 4218 ?
1015 4165 1246 4231 Quidam
1263 4167 1410 4220 enim
1432 4165 1710 4231 dicebant,
1733 4167 1866 4234 Quia
1892 4165 2059 4221 bonus

360 4257 456 4321 est,
489 4253 592 4308 alii
620 4258 821 4318 autem,
857 4257 996 4322 Non,
1020 4256 1114 4310 sed
1151 4257 1361 4312 seducit
1403 4257 1608 4313 turbas.
1660 4257 1738 4313 De
1787 4257 2060 4312 omnibus

366 4343 543 4399 servis
568 4343 690 4414 ejus
709 4343 1146 4414 intelligendum
1171 4362 1182 4400 :
1205 4345 1311 4401 hoc
1339 4346 1554 4400 dicitur
1575 4347 1761 4400 modo.
1790 4346 2062 4410 Quicum-

367 4434 645 4507 queenim
663 4435 973 4490 eminuerit
989 4435 1044 4490 in
1064 4435 1259 4508 aliqua
1282 4436 1464 4504 gratia
1485 4435 1792 4506 spirituali,
1811 4435 2060 4504 profecto

365 4525 460 4580 alii
506 4526 706 4580 dicunt
743 4527 779 4594 ¹,
814 4527 991 4580 Bonus
1022 4533 1098 4580 est
1119 4544 1138 4587 ;
1170 4527 1287 4593 alii,
1317 4528 1454 4593 Non,
1487 4526 1577 4582 sed
1607 4527 1811 4581 seducit
1845 4523 2056 4579 turbas.

363 4615 524 4670 Unde
549 4615 656 4670 hoc
679 4616 704 4670 ?
734 4616 875 4679 Quia
903 4617 1018 4672 vita
1041 4625 1232 4672 nostra
1263 4618 1576 4674 abscondita
1597 4625 1676 4674 est
1699 4633 1821 4673 cum
1845 4616 2060 4670 Christo

359 4704 418 4758 in
452 4705 553 4758 Deo
577 4703 800 4773 (Coloss.
838 4722 922 4770 lli,
956 4708 1030 4776 3).
1062 4708 1186 4761 Ideo
1213 4707 1346 4761 licet
1373 4709 1561 4763 dicere
1585 4707 1924 4763 hominibus
1959 4720 2056 4774 per

359 4793 628 4857 hiemem,
663 4796 887 4847 Mortua
917 4800 1006 4848 est
1057 4796 1166 4850 ista
1219 4798 1409 4866 arbor,
1440 4797 1599 4850 verbi
1643 4797 1844 4868 gratia,
1889 4793 2058 4849 arbor

359 4881 475 4950 ﬁci,
509 4881 678 4935 arbor
737 4880 867 4951 piri,
901 4888 956 4936 et
990 4883 1322 4951 hujusmodi
1379 4901 1704 4955 pomorum,
1739 4884 1950 4939 similis
1973 4885 2057 4937 est

359 4971 574 5038 aridae;
610 4974 665 5026 et
710 4971 987 5040 quamdiu
1041 4967 1227 5026 hiems
1272 4979 1379 5035 est,
1415 4990 1527 5027 non
1558 4973 1837 5045 {apparet
1871 4973 2054 5027 ιίΕςιιιε

359 5060 892 5134 probat,judicium
919 5061 1142 5133 probat.
1159 5062 1343 5116 {Estas
1366 5067 1590 5130 nostra,
1607 5061 1874 5116 revelatio
1897 5059 2058 5114 Chri-

356 5154 427 5206 sti
463 5158 548 5207 est
575 5169 586 5206 :
621 5154 758 5207 Deus
787 5154 1116 5220 mani/cstas
1137 5151 1336 5219 veniet,
1362 5155 1503 5206 Deus
1518 5158 1706 5206 noster
1727 5156 1776 5207 et
1799 5169 1904 5206 non
1927 5154 2058 5208 sile-

364 5243 438 5293 bit
468 5243 640 5310 (Psal.
675 5259 820 5309 xux,
855 5243 951 5310 3);
985 5240 1127 5312 ignis
1158 5246 1284 5296 ante
1314 5256 1437 5296 cum
1464 5241 1684 5311 praeibit
1713 5260 1730 5296 .·
1764 5242 1872 5297 iste
1904 5243 2056 5316 ignis

361 5331 731 5396 inﬂammabit
791 5334 1043 5386 inimicos
1091 5332 1211 5402 ejus
1260 5332 1456 5403 (Psal.
1507 5349 1652 5399 xcvn,
1705 5334 1815 5404 3);
1862 5336 2054 5394 aridas

356 5419 586 5474 arbores
617 5421 768 5492 ignis
802 5425 1266 5495 comprehendet.
1302 5424 1465 5479 Tunc
1497 5425 1650 5480 enim
1681 5425 1847 5480 aridae
1871 5443 2059 5500 appa-

355 5506 586 5576 rebunt,
633 5512 866 5579 quando
911 5514 994 5568 eis
1025 5514 1266 5578 dicetur,
1317 5515 1574 5586 Esurivi,
1597 5518 1646 5571 et
1693 5531 1800 5572 non
1832 5517 2057 5574 dedistis

423 5637 437 5707 ξ
473 5631 741 5707 ἶῙιιοξιει,
768 5635 932 5707 Luhdg.
971 5639 1100 5707 Ven,
1131 5639 1543 5707 legendumest,
1581 5642 1635 5690 in
1667 5643 1843 5706 aliqua
1871 5645 2058 5706 gratia

386 5695 698 5761 Spirituali
723 5695 978 5758 pro/ccta,
1001 5700 1100 5746 alii
1123 5695 1320 5749 dicunt.
1395 5703 1462 5749 Μ.

2170 491 2307 546 mihi
2334 488 2667 544 manducare
2697 503 2716 539 :
2747 484 2804 538 in
2838 482 2952 537 alia
2988 497 3120 535 vero
3155 482 3336 550 parte,
3369 478 3480 533 hoc
3512 482 3600 533 est
3630 479 3688 531 in
3728 479 3866 533 dex-

2169 586 2313 646 tera,
2346 575 2648 649 apparebit
2678 572 3007 628 fecunditas
3052 571 3327 633 fructum,
3362 567 3738 638 dignitasque
3797 567 3880 622 1³0-

2169 670 2377 726 liorum
2407 683 2420 732 ;
2454 663 2738 726 viriditas,
2773 661 3070 716 mternitas
3103 658 3233 712 erit.
3271 655 3394 712 Illis
3425 672 3561 727 ergo
3597 664 3874 727 tanquam

2170 759 2347 815 aridis
2403 756 2646 817 dicetur,
2697 753 2774 807 Ite
2827 752 2887 804 in
2936 751 3116 820 ignem
3163 754 3430 802 aeternum
3478 745 3694 814 (Matth.
3742 763 3871 814 xxv,

2171 847 2382 919 42-41).
2418 847 2543 901 Ecce
2567 842 2738 910 enim,
2764 840 2975 913 inquit,
3004 836 3210 894 securis
3239 835 3308 892 ad
3337 835 3580 891 radicem
3613 836 3874 891 arborum

2167 937 2349 1010 posita
2377 941 2473 992 est.
2511 935 2701 990 Omnis
2729 946 2855 1002 ergo
2885 929 3050 984 arbor
3069 942 3317 999 quaenon
3350 927 3484 995 facit
3512 928 3762 996 fructum
3784 927 3876 982 bo-

2169 1045 2321 1093 num,
2359 1026 2660 1089 excidatur,
2691 1029 2745 1078 et
2776 1024 2833 1077 in
2866 1023 3048 1091 ignem
3077 1021 3327 1072 mittetur
3357 1016 3463 1086 (Id.
3496 1032 3580 1085 ιιι,
3625 1017 3731 1086 10).
3777 1015 3873 1071 Di-

2171 1122 2304 1174 cant
2333 1133 2469 1188 ergo
2500 1116 2570 1169 de
2601 1122 2673 1181 te,
2709 1109 2940 1183 proficis
2977 1110 3034 1164 in
3067 1108 3318 1171 Christo,
3349 1107 3549 1162 dicant
3579 1105 3874 1172 homines,

2171 1207 2387 1263 Seducit
2413 1205 2620 1261 turbas.
2674 1203 2751 1257 De
2783 1204 2930 1272 ipso,
2961 1200 3032 1253 de
3080 1203 3198 1254 toto
3252 1211 3489 1268 corpore
3519 1195 3728 1251 Christi
3758 1195 3872 1251 hoc

2171 1294 2400 1350 dicitur.
2427 1292 2630 1363 Cogita
2659 1305 2871 1360 corpus
2893 1286 3107 1342 Christi
3127 1284 3393 1340 adhucin
3421 1284 3657 1350 mundo,
3682 1283 3876 1353 cogita

2171 1401 2377 1454 corpus
2424 1381 2634 1437 Christi
2661 1379 2850 1434 adhuc
2901 1378 2960 1432 in
3007 1392 3176 1442 area;
3215 1373 3346 1430 vide
3376 1373 3872 1444 quemadmodum

2172 1477 2613 1547 blasphematur
2636 1489 2668 1528 a
2687 1472 2873 1544 palea.
2897 1468 3088 1526 Simul
3111 1467 3348 1540 quidem
3371 1465 3746 1531 triturantur;
3771 1464 3872 1518 sed

2170 1567 2346 1638 paleas
2366 1561 3069 1629 conteruntur,irumenta
3093 1564 3434 1630 purgantur.
3453 1555 3618 1618 Quod
3645 1554 3870 1608 dictum

2171 1663 2412 1725 estergo
2443 1655 2513 1709 de
2543 1651 2813 1712 Domino,
2845 1649 2995 1704 valet
3024 1647 3094 1704 ad
3128 1645 3601 1713 consolationem,
3637 1642 3708 1698 de
3729 1657 3878 1712 quo-

2172 1760 2425 1817 cumque
2457 1744 2563 1798 hoc
2585 1741 2803 1796 dictum
2839 1737 3010 1792 fuerit
3038 1736 3374 1792 christiano.

2245 1837 2330 1890 12.
2362 1837 2531 1890 Nemo
2589 1840 2774 1886 tamen
2829 1830 3015 1900 palam
3045 1827 3361 1897 loquebatur
3407 1824 3473 1880 de
3506 1824 3624 1891 illo,
3656 1827 3878 1894 propter

2170 1931 2381 1980 metum
2411 1923 2741 1979 Iudaeorum.
2776 1918 2885 1973 Sed
2929 1917 3030 1989 qui
3065 1932 3180 1970 non
3227 1913 3618 1985 loquebantur
3657 1913 3725 1966 de
3775 1910 3878 1966 illo

2172 2020 2404 2087 propter
2454 2017 2672 2067 metum
2725 2007 3102 2064 Iudaeorum?
3153 2003 3367 2075 Utique
3417 2003 3517 2073 qui
3577 2001 3875 2067 dicebant,

2171 2104 2355 2158 Bonus
2379 2109 2459 2156 est
2491 2118 2508 2156 :
2535 2117 2645 2154 non
2680 2097 2780 2168 qui
2804 2094 3090 2160 dicebant,
3115 2092 3329 2148 Scducit
3352 2091 3562 2146 turbas.
3587 2090 3694 2153 Qui
3717 2087 3874 2144 dice-

2171 2195 2328 2262 bant,
2361 2193 2576 2249 Seducit
2610 2189 2820 2255 turbas,
2861 2185 3090 2242 sonitus
3120 2197 3324 2238 eorum
3375 2180 3717 2236 audiebatur
3747 2183 3880 2233 tan-

2172 2301 2349 2357 quam
2383 2281 2679 2340 aridorum
2713 2277 3004 2333 foliorum.
3034 2273 3250 2329 Seducit
3282 2272 3491 2336 turbas,
3533 2269 3747 2324 clarius
3779 2284 3880 2323 so-

2174 2377 2428 2442 nabant;
2447 2375 2626 2427 Bonus
2648 2367 3013 2440 est,pressius
3033 2365 3436 2421 susurrabant.
3461 2360 3630 2417 Modo
3653 2365 3876 2424 autem,

2173 2468 2401 2534 fratres,
2435 2461 2705 2534 quamvis
2755 2457 3017 2513 nondum
3045 2452 3267 2509 venerit
3296 2451 3394 2508 illa
3425 2448 3606 2520 gloria
3635 2447 3877 2511 Christi,

2173 2575 2300 2628 quia
2335 2573 2438 2612 nos
2471 2561 2714 2610 aeternos
2747 2552 2966 2606 factura
2987 2552 3077 2603 est
3102 2563 3115 2614 ;
3140 2546 3312 2601 modo
3343 2549 3533 2599 tamen
3559 2541 3636 2596 ita
3667 2539 3884 2595 crescit

2173 2649 2427 2705 Ecclesia
2458 2647 2607 2716 eius,
2639 2644 2718 2698 ita
2751 2659 2879 2698 eam
2913 2640 3184 2709 dignatus
3206 2640 3293 2691 est
3314 2651 3416 2707 per
3437 2636 3643 2689 cuncta
3671 2630 3883 2685 dili‘un-

2173 2741 2329 2806 dere,
2347 2739 2541 2807 utjam
2567 2729 3165 2797 susurretur,8educit
3189 2727 3408 2792 turbas,-
3431 2728 3485 2780 et
3507 2723 3716 2780 clarius
3741 2737 3880 2794 per-

2174 2833 2357 2898 sonet,
2392 2830 2576 2882 Bonus
2598 2829 2693 2881 est.

2692 2909 3119 2970 TRACTATUS
3149 2906 3358 2963 XXIX.

2173 3013 2233 3066 In
2275 3009 2418 3064 illud
2465 3006 2771 3077 Evangelii,
2800 3004 2931 3059 Jam
2984 3006 3176 3056 autem
3228 2998 3320 3052 die
3367 2997 3516 3051 testo
3567 2993 3884 3060 mediante,

2245 3097 2503 3154 ascendit
2530 3095 2699 3152 Jesus
2731 3094 2790 3149 in
2821 3090 3103 3162 templum
3131 3105 3144 3155 ;
3181 3102 3346 3157 usque
3374 3085 3443 3140 ad
3465 3082 3686 3152 ἰὼ,οιιὶ
3719 3081 3886 3136 misit

2245 3189 2432 3250 illum,
2459 3188 2550 3244 hic
2581 3201 2750 3242 verax
2783 3187 2891 3250 est,
2924 3185 2979 3238 et
3026 3177 3319 3251 injustitia
3360 3175 3418 3230 in
3451 3173 3551 3230 illo
3599 3189 3711 3229 non
3767 3178 3881 3226 est.

2246 3280 2375 3351 Cap.
2424 3295 2524 3346 VII,
2556 3279 2608 3346 Ῡ.
2646 3276 2828 3331 14-18.

2245 3371 2295 3424 1.
2330 3368 2491 3435 Quod
2525 3365 2787 3437 sequitur
2817 3362 2888 3419 de
2920 3357 3234 3431 Evangelia
3258 3361 3315 3412 st
3333 3355 3504 3410 hodie
3523 3352 3738 3408 lectum
3762 3354 3880 3420 est,

2171 3461 2596 3529 consequenter
2624 3459 2681 3510 et
2712 3471 2817 3510 nos
2848 3453 3145 3510 videamus
3171 3468 3185 3517 ς
3218 3445 3449 3517 etquod
3473 3443 3752 3498 Dominus
3779 3441 3884 3495 do-

2171 3548 2414 3616 naverit,
2448 3546 2583 3602 hinc
2635 3545 2924 3599 dicamus.
2975 3539 3252 3594 Hesterno
3301 3535 3394 3590 die
3427 3534 3540 3588 huc
3570 3545 3756 3601 usque
3787 3529 3887 3584 le—

2171 3643 2330 3693 ctum
2364 3641 2509 3704 erat,
2545 3634 2682 3706 quia
2711 3633 2845 3688 licet
2875 3646 2989 3686 non
3012 3625 3300 3682 vidissent
3327 3623 3644 3679 Dominum
3668 3620 3886 3675 Jesurn

2170 3729 2228 3782 in
2279 3725 2492 3796 templo
2536 3740 2636 3795 per
2684 3722 2837 3777 diem
2890 3720 3120 3785 festum,
3153 3713 3542 3786 loquebantur
3570 3715 3767 3764 tamen
3801 3710 3882 3764 de

2168 3816 2266 3872 illo
2299 3832 2312 3871 :
2358 3818 2432 3870 Et
2480 3814 2585 3869 alii
2639 3812 2918 3877 dicebant,
2949 3809 3128 3862 Bonus
3182 3813 3258 3859 est
3289 3819 3309 3864 ;
3343 3803 3447 3857 alii
3500 3809 3699 3864 autem,
3733 3799 3882 3866 Non,

2167 3905 2260 3959 sed
2305 3904 2511 3959 seducit
2557 3901 2746 3956 turbas
2788 3899 2963 3970 (Joan.
2996 3912 3100 3964 vn,
3135 3893 3243 3961 l2).
3277 3891 3506 3946 Dictum
3555 3887 3711 3942 enim
3767 3886 3886 3940 hoc

2169 4000 2259 4049 est
2290 3994 2361 4048 ad
2404 4008 2603 4048 eorum
2649 3989 2945 4054 solatium,
2981 3985 3078 4055 qui
3117 3986 3314 4054 postea
3344 3977 3722 4051 praedicantes
3745 3992 3887 4030 ver-

2168 4085 2309 4140 bum
2343 4082 2470 4152 Dei,
2498 4081 2672 4136 futuri
2693 4085 2852 4134 erant
2873 4082 2933 4131 ut
2954 4077 3287 4131 seductores
3314 4075 3372 4125 et
3405 4082 3635 4124 veraces
3657 4064 3726 4136 (ll
3751 4065 3884 4122 Cor.

2169 4192 2245 4243 vr,
2277 4175 2351 4245 8).
2391 4174 2444 4227 Si
2497 4173 2652 4227 enim
2705 4170 2980 4224 seducere
3012 4163 3272 4235 decipere
3305 4167 3423 4226 est;
3458 4174 3562 4214 nec
3605 4154 3886 4212 Christus

2170 4265 2462 4330 seductor,
2490 4279 2594 4316 nec
2627 4257 2887 4330 Apostoli
2921 4257 3089 4326 ejus;
3123 4268 3227 4308 nec
3250 4253 3562 4322 quisquam
3595 4247 3888 4301 seductor

2170 4356 2340 4410 debet
2385 4368 2512 4408 esse
2556 4348 2911 4405 christianus
2943 4361 2955 4400 :
2992 4344 3040 4400 si
3073 4346 3268 4398 autem
3319 4339 3610 4404 seducere,
3641 4334 3889 4391 aliunde

2170 4444 2418 4514 aliquem
2473 4441 2542 4495 ad
2577 4439 2748 4507 galiud
2790 4431 3196 4507 persuadendo
3229 4429 3439 4484 ducere
3473 4431 3577 4495 est,
3611 4439 3884 4496 quaeren-

2170 4537 2306 4590 dum
2361 4539 2447 4588 est
2487 4531 2642 4585 unde
2689 4533 2746 4582 et
2777 4542 2891 4596 quo
2930 4541 2942 4578 :
2976 4524 3079 4578 sia
3113 4518 3266 4575 malo
3299 4518 3370 4572 ad
3403 4518 3641 4582 bonum,
3679 4514 3884 4570 bonus

2169 4623 2440 4678 seductor
2473 4624 2599 4684 est;
2635 4618 2683 4672 si
2717 4633 2748 4671 a
2779 4600 2928 4670 bono
2970 4612 3039 4667 ad
3073 4608 3315 4675 malum,
3355 4607 3564 4673 malus,
3601 4603 3887 4657 seductor

2166 4721 2270 4766 est.
2308 4711 2369 4764 In
2403 4709 2553 4763 hanc
2576 4720 2710 4776 ergo
2737 4708 2956 4775 partem
2983 4717 3094 4771 qua
3122 4699 3480 4754 seducuntur
3511 4690 3776 4747 homines
3798 4691 3885 4747 de

2168 4799 2318 4856 malo
2343 4800 2411 4854 ad
2437 4799 2680 4863 bonum,
2707 4794 2922 4849 utinam
2950 4805 3152 4846 omnes
3168 4787 3504 4843 seductores
3525 4786 3581 4838 et
3596 4793 3886 4836 vocemur

2166 4895 2220 4945 et
2252 4886 2472 4944 simus!

2235 4981 2287 5032 2.
2305 4976 2550 5033 Ascendit
2569 4988 2704 5044 ergo
2725 4973 2923 5044 postea
2937 4967 3221 5024 Dominus
3243 4965 3313 5019 ad
3327 4963 3480 5017 diem
3503 4961 3715 5016 festum
3735 4973 3885 5024 ,me-

2163 5068 2348 5122 diunte
2378 5067 2464 5121 die
2498 5066 2655 5134 festo,
2689 5066 2740 5117 et
2785 5058 3023 5115 docebat.
3057 5059 3122 5111 Et
3171 5054 3524 5109 mirabantur
3570 5047 3749 5104 Judz'i
3780 5048 3884 5102 di-

2165 5161 2341 5213 centes
2373 5174 2388 5210 :
2422 5154 2694 5223 Quomodo
2727 5151 2820 5206 hic
2858 5150 3066 5204 litteras
3095 5146 3220 5213 scil,
3270 5159 3390 5198 cum
3420 5156 3528 5196 non
3571 5137 3832 5192 didicerit
3855 5142 3887 5191 .9

2165 5247 2266 5304 ille
2315 5245 2410 5318 qui
2441 5243 2680 5311 latebat,
2720 5241 2961 5296 docebat
2996 5263 3010 5305 ;
3051 5243 3106 5294 et
3148 5235 3339 5308 palam
3405 5229 3774 5302 loquebatur,
3813 5233 3888 5284 et

2165 5354 2282 5394 non
2339 5335 2664 5392 tenebatur.
2730 5331 2876 5386 lllud
2939 5329 3088 5384 enim
3150 5329 3216 5381 ut
3253 5323 3476 5390 lateret,
3509 5323 3631 5376 erat
3691 5333 3888 5372 causa

2165 5425 2434 5497 exetnpli,
2467 5424 2578 5478 hoc
2617 5417 2937 5493 potestatis.
2974 5417 3083 5472 Sed
3131 5430 3261 5470 cum
3301 5414 3551 5477 doceret,
3585 5407 3889 5497 miraban-

2167 5523 2258 5573 tur
2286 5495 2477 5572 Judai.
2505 5513 2722 5569 Omnes
2779 5508 3038 5579 quidem,
3075 5509 3352 5576 quantum
3385 5499 3652 5566 arbitror,
3687 5495 3891 5551 mira—

2165 5608 2413 5674 bantur;
2474 5604 2570 5660 scd
2634 5618 2750 5658 non
2812 5613 3013 5655 omnes
3045 5593 3548 5651 convertebantur.
3585 5591 3650 5641 Et
3713 5588 3884 5644 unde

2167 5694 2474 5754 admiratio
2497 5694 2523 5747 ?
2543 5693 2688 5756 Quia
2731 5688 2901 5745 multi
2934 5690 3208 5742 noverant
3235 5682 3334 5740 ubi
3371 5678 3876 5749 natus,quema.l-
