  <div class='ocr_page' id='page_1' title='image "/cluster/home/n/w/nwhite01/storage/ocr_20150623/35/hvd.32044054170956/164.png"; bbox 0 0 4126 6194; ppageno 0'>
   <div class='ocr_carea' id='block_1_1' title="bbox 329 249 491 310">
    <p class='ocr_par' dir='ltr' id='par_1_1' title="bbox 329 249 491 310">
     <span class='ocr_line' id='line_1_1' title="bbox 329 249 491 310; baseline 0.006 -2"><span class='ocrx_word' id='word_1_1' title='bbox 329 249 491 310; x_wconf 83' lang='grc'><strong>1629</strong></span> 
     </span>
    </p>
   </div>
   <div class='ocr_carea' id='block_1_2' title="bbox 326 363 2042 446">
    <p class='ocr_par' dir='ltr' id='par_1_2' title="bbox 326 363 2042 446">
     <span class='ocr_line' id='line_1_2' title="bbox 326 363 2042 446; baseline -0.012 -9"><span class='ocrx_word' id='word_1_2' title='bbox 326 383 569 438; x_wconf 87' lang='lat' dir='ltr'><strong>modum</strong></span> <span class='ocrx_word' id='word_1_3' title='bbox 606 380 776 437; x_wconf 81' lang='lat' dir='ltr'><strong>fuerit</strong></span> <span class='ocrx_word' id='word_1_4' title='bbox 805 379 1091 436; x_wconf 82' lang='lat' dir='ltr'><strong>educatus</strong></span> <span class='ocrx_word' id='word_1_5' title='bbox 1117 395 1132 446; x_wconf 90' lang='lat'><strong>;</strong></span> <span class='ocrx_word' id='word_1_6' title='bbox 1164 388 1460 446; x_wconf 81' lang='lat' dir='ltr'><strong>nunquam</strong></span> <span class='ocrx_word' id='word_1_7' title='bbox 1491 385 1625 426; x_wconf 92' lang='lat' dir='ltr'><strong>eum</strong></span> <span class='ocrx_word' id='word_1_8' title='bbox 1649 368 1909 423; x_wconf 89' lang='lat' dir='ltr'><strong>viderant</strong></span> <span class='ocrx_word' id='word_1_9' title='bbox 1941 363 2042 420; x_wconf 91' lang='lat' dir='ltr'><strong>lit-</strong></span> 
     </span>
    </p>
   </div>
   <div class='ocr_carea' id='block_1_3' title="bbox 323 456 2038 538">
    <p class='ocr_par' dir='ltr' id='par_1_3' title="bbox 323 456 2038 538">
     <span class='ocr_line' id='line_1_3' title="bbox 323 456 2038 538; baseline -0.01 -12"><span class='ocrx_word' id='word_1_10' title='bbox 323 478 479 527; x_wconf 88' lang='lat' dir='ltr'><strong>teras</strong></span> <span class='ocrx_word' id='word_1_11' title='bbox 512 473 854 538; x_wconf 78' lang='lat' dir='ltr'><strong>discentem,</strong></span> <span class='ocrx_word' id='word_1_12' title='bbox 879 469 1192 527; x_wconf 83' lang='lat' dir='ltr'><strong>audiebant</strong></span> <span class='ocrx_word' id='word_1_13' title='bbox 1221 471 1412 522; x_wconf 90' lang='lat' dir='ltr'><strong>autem</strong></span> <span class='ocrx_word' id='word_1_14' title='bbox 1446 462 1516 516; x_wconf 92' lang='lat' dir='ltr'><strong>de</strong></span> <span class='ocrx_word' id='word_1_15' title='bbox 1547 459 1695 530; x_wconf 89' lang='lat' dir='ltr'><strong>Lege</strong></span> <span class='ocrx_word' id='word_1_16' title='bbox 1732 456 2038 527; x_wconf 86' lang='lat' dir='ltr'><strong>disputan-</strong></span> 
     </span>
    </p>
   </div>
   <div class='ocr_carea' id='block_1_4' title="bbox 325 549 2038 634">
    <p class='ocr_par' dir='ltr' id='par_1_4' title="bbox 325 549 2038 634">
     <span class='ocr_line' id='line_1_4' title="bbox 325 549 2038 634; baseline -0.011 -16"><span class='ocrx_word' id='word_1_17' title='bbox 325 568 465 624; x_wconf 85' lang='lat' dir='ltr'><strong>tem,</strong></span> <span class='ocrx_word' id='word_1_18' title='bbox 499 562 665 634; x_wconf 87' lang='lat' dir='ltr'><strong>Legis</strong></span> <span class='ocrx_word' id='word_1_19' title='bbox 699 560 1030 617; x_wconf 89' lang='lat' dir='ltr'><strong>testimonia</strong></span> <span class='ocrx_word' id='word_1_20' title='bbox 1062 557 1468 630; x_wconf 85' lang='lat' dir='ltr'><strong>proferentem,</strong></span> <span class='ocrx_word' id='word_1_21' title='bbox 1494 567 1618 622; x_wconf 67' lang='lat' dir='ltr'><strong>quas</strong></span> <span class='ocrx_word' id='word_1_22' title='bbox 1641 564 1810 603; x_wconf 90' lang='lat' dir='ltr'><strong>nemo</strong></span> <span class='ocrx_word' id='word_1_23' title='bbox 1843 549 2038 618; x_wconf 81' lang='lat' dir='ltr'><strong>posset</strong></span> 
     </span>
    </p>
   </div>
   <div class='ocr_carea' id='block_1_5' title="bbox 323 635 2037 722">
    <p class='ocr_par' dir='ltr' id='par_1_5' title="bbox 323 635 2037 722">
     <span class='ocr_line' id='line_1_5' title="bbox 323 635 2037 722; baseline -0.011 -16"><span class='ocrx_word' id='word_1_24' title='bbox 323 655 593 722; x_wconf 80' lang='lat' dir='ltr'><strong>proferre</strong></span> <span class='ocrx_word' id='word_1_25' title='bbox 619 652 732 707; x_wconf 83' lang='lat' dir='ltr'><strong>nisi</strong></span> <span class='ocrx_word' id='word_1_26' title='bbox 764 650 1024 722; x_wconf 80' lang='lat' dir='ltr'><strong>legisset,</strong></span> <span class='ocrx_word' id='word_1_27' title='bbox 1056 663 1227 704; x_wconf 89' lang='lat' dir='ltr'><strong>nemo</strong></span> <span class='ocrx_word' id='word_1_28' title='bbox 1257 645 1446 716; x_wconf 78' lang='lat' dir='ltr'><strong>legere</strong></span> <span class='ocrx_word' id='word_1_29' title='bbox 1479 641 1591 696; x_wconf 92' lang='lat' dir='ltr'><strong>nisi</strong></span> <span class='ocrx_word' id='word_1_30' title='bbox 1623 637 1846 692; x_wconf 79' lang='lat' dir='ltr'><strong>litteras</strong></span> <span class='ocrx_word' id='word_1_31' title='bbox 1885 635 2037 690; x_wconf 88' lang='lat' dir='ltr'><strong>didi-</strong></span> 
     </span>
    </p>
   </div>
   <div class='ocr_carea' id='block_1_6' title="bbox 321 724 2034 796">
    <p class='ocr_par' dir='ltr' id='par_1_6' title="bbox 321 724 2034 796">
     <span class='ocr_line' id='line_1_6' title="bbox 321 724 2034 796; baseline -0.012 0"><span class='ocrx_word' id='word_1_32' title='bbox 321 743 536 796; x_wconf 82' lang='lat' dir='ltr'><strong>cisset:</strong></span> <span class='ocrx_word' id='word_1_33' title='bbox 571 747 624 795; x_wconf 89' lang='lat' dir='ltr'><strong>et</strong></span> <span class='ocrx_word' id='word_1_34' title='bbox 651 739 780 796; x_wconf 91' lang='lat' dir='ltr'><strong>ideo</strong></span> <span class='ocrx_word' id='word_1_35' title='bbox 814 739 1197 795; x_wconf 81' lang='lat' dir='ltr'><strong>mirabantur.</strong></span> <span class='ocrx_word' id='word_1_36' title='bbox 1233 735 1442 790; x_wconf 89' lang='lat' dir='ltr'><strong>Eorum</strong></span> <span class='ocrx_word' id='word_1_37' title='bbox 1474 733 1664 785; x_wconf 86' lang='lat' dir='ltr'><strong>autem</strong></span> <span class='ocrx_word' id='word_1_38' title='bbox 1727 724 2034 780; x_wconf 84' lang='lat' dir='ltr'><strong>admiratio</strong></span> 
     </span>
    </p>
   </div>
   <div class='ocr_carea' id='block_1_7' title="bbox 320 814 2030 902">
    <p class='ocr_par' dir='ltr' id='par_1_7' title="bbox 320 814 2030 902">
     <span class='ocr_line' id='line_1_7' title="bbox 320 814 2030 902; baseline -0.01 -18"><span class='ocrx_word' id='word_1_39' title='bbox 320 829 602 902; x_wconf 78' lang='lat' dir='ltr'><strong>Magistro</strong></span> <span class='ocrx_word' id='word_1_40' title='bbox 633 832 785 886; x_wconf 85' lang='lat' dir='ltr'><strong>facta</strong></span> <span class='ocrx_word' id='word_1_41' title='bbox 815 834 903 886; x_wconf 91' lang='lat' dir='ltr'><strong>est</strong></span> <span class='ocrx_word' id='word_1_42' title='bbox 925 825 1286 884; x_wconf 64' lang='lat' dir='ltr'><strong>insinuanda</strong></span> <span class='ocrx_word' id='word_1_43' title='bbox 1308 823 1484 879; x_wconf 82' lang='lat' dir='ltr'><strong>altius</strong></span> <span class='ocrx_word' id='word_1_44' title='bbox 1505 817 1764 875; x_wconf 82' lang='lat' dir='ltr'><strong>veritatis</strong></span> <span class='ocrx_word' id='word_1_45' title='bbox 1784 814 2030 872; x_wconf 84' lang='lat' dir='ltr'><strong>occasio.</strong></span> 
     </span>
    </p>
   </div>
   <div class='ocr_carea' id='block_1_8' title="bbox 320 903 2028 992">
    <p class='ocr_par' dir='ltr' id='par_1_8' title="bbox 320 903 2028 992">
     <span class='ocr_line' id='line_1_8' title="bbox 320 903 2028 992; baseline -0.01 -17"><span class='ocrx_word' id='word_1_46' title='bbox 320 922 404 976; x_wconf 80' lang='lat' dir='ltr'><strong>Ex</strong></span> <span class='ocrx_word' id='word_1_47' title='bbox 424 937 624 976; x_wconf 88' lang='lat' dir='ltr'><strong>eorum</strong></span> <span class='ocrx_word' id='word_1_48' title='bbox 658 920 872 992; x_wconf 86' lang='lat' dir='ltr'><strong>quippe</strong></span> <span class='ocrx_word' id='word_1_49' title='bbox 903 917 1287 974; x_wconf 87' lang='lat' dir='ltr'><strong>admiratione</strong></span> <span class='ocrx_word' id='word_1_50' title='bbox 1318 918 1374 970; x_wconf 93' lang='lat' dir='ltr'><strong>et</strong></span> <span class='ocrx_word' id='word_1_51' title='bbox 1404 912 1614 972; x_wconf 85' lang='lat' dir='ltr'><strong>verbis,</strong></span> <span class='ocrx_word' id='word_1_52' title='bbox 1659 908 1803 963; x_wconf 83' lang='lat' dir='ltr'><strong>dixit</strong></span> <span class='ocrx_word' id='word_1_53' title='bbox 1837 903 2028 961; x_wconf 87' lang='lat' dir='ltr'><strong>Domi-</strong></span> 
     </span>
    </p>
   </div>
   <div class='ocr_carea' id='block_1_9' title="bbox 320 997 2033 1084">
    <p class='ocr_par' dir='ltr' id='par_1_9' title="bbox 320 997 2033 1084">
     <span class='ocr_line' id='line_1_9' title="bbox 320 997 2033 1084; baseline -0.012 -16"><span class='ocrx_word' id='word_1_54' title='bbox 320 1029 437 1068; x_wconf 86' lang='lat' dir='ltr'><strong>nus</strong></span> <span class='ocrx_word' id='word_1_55' title='bbox 472 1011 829 1084; x_wconf 86' lang='lat' dir='ltr'><strong>profundum</strong></span> <span class='ocrx_word' id='word_1_56' title='bbox 860 1009 1103 1080; x_wconf 88' lang='lat' dir='ltr'><strong>aliquid,</strong></span> <span class='ocrx_word' id='word_1_57' title='bbox 1127 1015 1177 1062; x_wconf 93' lang='lat' dir='ltr'><strong>et</strong></span> <span class='ocrx_word' id='word_1_58' title='bbox 1203 1002 1538 1074; x_wconf 82' lang='lat' dir='ltr'><strong>diligentius</strong></span> <span class='ocrx_word' id='word_1_59' title='bbox 1569 998 1777 1070; x_wconf 86' lang='lat' dir='ltr'><strong>inspici</strong></span> <span class='ocrx_word' id='word_1_60' title='bbox 1809 1002 1864 1052; x_wconf 89' lang='lat' dir='ltr'><strong>et</strong></span> <span class='ocrx_word' id='word_1_61' title='bbox 1909 997 2033 1050; x_wconf 82' lang='lat' dir='ltr'><strong>dis-</strong></span> 
     </span>
    </p>
   </div>
   <div class='ocr_carea' id='block_1_10' title="bbox 319 1087 2032 1173">
    <p class='ocr_par' dir='ltr' id='par_1_10' title="bbox 319 1087 2032 1173">
     <span class='ocr_line' id='line_1_10' title="bbox 319 1087 2032 1173; baseline -0.009 -18"><span class='ocrx_word' id='word_1_62' title='bbox 319 1103 443 1156; x_wconf 82' lang='lat' dir='ltr'><strong>cuti</strong></span> <span class='ocrx_word' id='word_1_63' title='bbox 477 1102 745 1173; x_wconf 88' lang='lat' dir='ltr'><strong>dignum.</strong></span> <span class='ocrx_word' id='word_1_64' title='bbox 772 1102 1012 1170; x_wconf 86' lang='lat' dir='ltr'><strong>Propter</strong></span> <span class='ocrx_word' id='word_1_65' title='bbox 1033 1098 1188 1171; x_wconf 92' lang='lat' dir='ltr'><strong>quod</strong></span> <span class='ocrx_word' id='word_1_66' title='bbox 1214 1096 1492 1150; x_wconf 83' lang='lat' dir='ltr'><strong>intentam</strong></span> <span class='ocrx_word' id='word_1_67' title='bbox 1519 1091 1663 1146; x_wconf 88' lang='lat' dir='ltr'><strong>facio</strong></span> <span class='ocrx_word' id='word_1_68' title='bbox 1679 1087 2032 1146; x_wconf 89' lang='lat' dir='ltr'><strong>Cbaritatem</strong></span> 
     </span>
    </p>
   </div>
   <div class='ocr_carea' id='block_1_11' title="bbox 318 1179 2032 1256">
    <p class='ocr_par' dir='ltr' id='par_1_11' title="bbox 318 1179 2032 1256">
     <span class='ocr_line' id='line_1_11' title="bbox 318 1179 2032 1256; baseline -0.008 -10"><span class='ocrx_word' id='word_1_69' title='bbox 318 1197 603 1256; x_wconf 81' lang='lat' dir='ltr'><strong>vestram,</strong></span> <span class='ocrx_word' id='word_1_70' title='bbox 645 1207 759 1246; x_wconf 94' lang='lat' dir='ltr'><strong>non</strong></span> <span class='ocrx_word' id='word_1_71' title='bbox 793 1190 977 1246; x_wconf 92' lang='lat' dir='ltr'><strong>solum</strong></span> <span class='ocrx_word' id='word_1_72' title='bbox 1032 1189 1103 1244; x_wconf 90' lang='lat' dir='ltr'><strong>ad</strong></span> <span class='ocrx_word' id='word_1_73' title='bbox 1155 1183 1507 1243; x_wconf 91' lang='lat' dir='ltr'><strong>audiendum</strong></span> <span class='ocrx_word' id='word_1_74' title='bbox 1544 1197 1644 1251; x_wconf 92' lang='lat' dir='ltr'><strong>pro</strong></span> <span class='ocrx_word' id='word_1_75' title='bbox 1691 1179 1879 1241; x_wconf 87' lang='lat' dir='ltr'><strong>vobis,</strong></span> <span class='ocrx_word' id='word_1_76' title='bbox 1928 1179 2032 1234; x_wconf 86' lang='lat' dir='ltr'><strong>sed</strong></span> 
     </span>
    </p>
   </div>
   <div class='ocr_carea' id='block_1_12' title="bbox 318 1277 1274 1349">
    <p class='ocr_par' dir='ltr' id='par_1_12' title="bbox 318 1277 1274 1349">
     <span class='ocr_line' id='line_1_12' title="bbox 318 1277 1274 1349; baseline -0.004 -13"><span class='ocrx_word' id='word_1_77' title='bbox 318 1282 500 1337; x_wconf 88' lang='lat' dir='ltr'><strong>etiam</strong></span> <span class='ocrx_word' id='word_1_78' title='bbox 534 1282 602 1336; x_wconf 91' lang='lat' dir='ltr'><strong>ad</strong></span> <span class='ocrx_word' id='word_1_79' title='bbox 635 1281 917 1335; x_wconf 89' lang='lat' dir='ltr'><strong>orandum</strong></span> <span class='ocrx_word' id='word_1_80' title='bbox 951 1295 1054 1349; x_wconf 92' lang='lat' dir='ltr'><strong>pro</strong></span> <span class='ocrx_word' id='word_1_81' title='bbox 1086 1277 1274 1334; x_wconf 89' lang='lat' dir='ltr'><strong>nobis.</strong></span> 
     </span>
    </p>
   </div>
   <div class='ocr_carea' id='block_1_13' title="bbox 397 1357 2035 1440">
    <p class='ocr_par' dir='ltr' id='par_1_13' title="bbox 397 1357 2035 1440">
     <span class='ocr_line' id='line_1_13' title="bbox 397 1357 2035 1440; baseline -0.009 -16"><span class='ocrx_word' id='word_1_82' title='bbox 397 1370 450 1424; x_wconf 92' lang='lat'><strong>3.</strong></span> <span class='ocrx_word' id='word_1_83' title='bbox 485 1369 632 1435; x_wconf 92' lang='lat' dir='ltr'><strong>Quid</strong></span> <span class='ocrx_word' id='word_1_84' title='bbox 666 1385 802 1440; x_wconf 88' lang='lat' dir='ltr'><strong>ergo</strong></span> <span class='ocrx_word' id='word_1_85' title='bbox 845 1367 1126 1424; x_wconf 90' lang='lat' dir='ltr'><strong>Dominus</strong></span> <span class='ocrx_word' id='word_1_86' title='bbox 1159 1365 1459 1437; x_wconf 88' lang='lat' dir='ltr'><strong>respondit</strong></span> <span class='ocrx_word' id='word_1_87' title='bbox 1488 1364 1572 1419; x_wconf 91' lang='lat' dir='ltr'><strong>eis</strong></span> <span class='ocrx_word' id='word_1_88' title='bbox 1605 1357 2035 1417; x_wconf 84' lang='lat' dir='ltr'><strong>admirantibus</strong></span> 
     </span>
    </p>
   </div>
   <div class='ocr_carea' id='block_1_14' title="bbox 329 1449 2030 1531">
    <p class='ocr_par' dir='ltr' id='par_1_14' title="bbox 329 1449 2030 1531">
     <span class='ocr_line' id='line_1_14' title="bbox 329 1449 2030 1531; baseline -0.006 -16"><span class='ocrx_word' id='word_1_89' title='bbox 329 1459 631 1531; x_wconf 87' lang='lat' dir='ltr'><strong>quomodo</strong></span> <span class='ocrx_word' id='word_1_90' title='bbox 662 1459 839 1514; x_wconf 88' lang='lat' dir='ltr'><strong>sciret</strong></span> <span class='ocrx_word' id='word_1_91' title='bbox 883 1458 1107 1513; x_wconf 84' lang='lat' dir='ltr'><strong>litteras</strong></span> <span class='ocrx_word' id='word_1_92' title='bbox 1165 1473 1310 1528; x_wconf 87' lang='lat' dir='ltr'><strong>quas</strong></span> <span class='ocrx_word' id='word_1_93' title='bbox 1350 1472 1465 1510; x_wconf 94' lang='lat' dir='ltr'><strong>non</strong></span> <span class='ocrx_word' id='word_1_94' title='bbox 1515 1449 1838 1508; x_wconf 83' lang='lat' dir='ltr'><strong>didicerat?</strong></span> <span class='ocrx_word' id='word_1_95' title='bbox 1896 1452 2030 1518; x_wconf 77' lang='grc' dir='ltr'><em>Μεα,</em></span> 
     </span>
    </p>
   </div>
   <div class='ocr_carea' id='block_1_15' title="bbox 322 1540 2034 1620">
    <p class='ocr_par' dir='ltr' id='par_1_15' title="bbox 322 1540 2034 1620">
     <span class='ocr_line' id='line_1_15' title="bbox 322 1540 2034 1620; baseline -0.005 -16"><span class='ocrx_word' id='word_1_96' title='bbox 322 1548 541 1620; x_wconf 90' lang='lat' dir='ltr'><strong>inquit,</strong></span> <span class='ocrx_word' id='word_1_97' title='bbox 559 1550 818 1603; x_wconf 78' lang='lat' dir='ltr'><strong>doctrina</strong></span> <span class='ocrx_word' id='word_1_98' title='bbox 835 1563 946 1601; x_wconf 91' lang='lat' dir='ltr'><strong>non</strong></span> <span class='ocrx_word' id='word_1_99' title='bbox 976 1553 1056 1602; x_wconf 81' lang='lat' dir='ltr'><strong>est</strong></span> <span class='ocrx_word' id='word_1_100' title='bbox 1082 1561 1222 1609; x_wconf 89' lang='lat' dir='ltr'><strong>mea,</strong></span> <span class='ocrx_word' id='word_1_101' title='bbox 1255 1544 1346 1598; x_wconf 82' lang='lat' dir='ltr'><strong>sed</strong></span> <span class='ocrx_word' id='word_1_102' title='bbox 1363 1544 1481 1614; x_wconf 74' lang='lat' dir='ltr'><strong>eius</strong></span> <span class='ocrx_word' id='word_1_103' title='bbox 1494 1545 1588 1614; x_wconf 91' lang='lat' dir='ltr'><strong>qui</strong></span> <span class='ocrx_word' id='word_1_104' title='bbox 1609 1541 1877 1597; x_wconf 77' lang='lat' dir='ltr'><strong>misitme.</strong></span> <span class='ocrx_word' id='word_1_105' title='bbox 1904 1540 2034 1595; x_wconf 68' lang='lat' dir='ltr'><strong>Haec</strong></span> 
     </span>
    </p>
   </div>
   <div class='ocr_carea' id='block_1_16' title="bbox 322 1631 2034 1709">
    <p class='ocr_par' dir='ltr' id='par_1_16' title="bbox 322 1631 2034 1709">
     <span class='ocr_line' id='line_1_16' title="bbox 322 1631 2034 1709; baseline -0.006 -15"><span class='ocrx_word' id='word_1_106' title='bbox 322 1645 416 1694; x_wconf 88' lang='lat' dir='ltr'><strong>est</strong></span> <span class='ocrx_word' id='word_1_107' title='bbox 447 1639 813 1709; x_wconf 81' lang='lat' dir='ltr'><strong>profunditas</strong></span> <span class='ocrx_word' id='word_1_108' title='bbox 847 1637 1034 1708; x_wconf 91' lang='lat' dir='ltr'><strong>prima</strong></span> <span class='ocrx_word' id='word_1_109' title='bbox 1066 1653 1079 1690; x_wconf 91' lang='lat'><strong>:</strong></span> <span class='ocrx_word' id='word_1_110' title='bbox 1123 1633 1349 1689; x_wconf 89' lang='lat' dir='ltr'><strong>videtur</strong></span> <span class='ocrx_word' id='word_1_111' title='bbox 1401 1636 1552 1688; x_wconf 87' lang='lat' dir='ltr'><strong>enim</strong></span> <span class='ocrx_word' id='word_1_112' title='bbox 1612 1632 1809 1701; x_wconf 83' lang='lat' dir='ltr'><strong>paucis</strong></span> <span class='ocrx_word' id='word_1_113' title='bbox 1843 1631 2034 1686; x_wconf 89' lang='lat' dir='ltr'><strong>verbis</strong></span> 
     </span>
    </p>
   </div>
   <div class='ocr_carea' id='block_1_17' title="bbox 325 1722 2034 1800">
    <p class='ocr_par' dir='ltr' id='par_1_17' title="bbox 325 1722 2034 1800">
     <span class='ocr_line' id='line_1_17' title="bbox 325 1722 2034 1800; baseline -0.004 -17"><span class='ocrx_word' id='word_1_114' title='bbox 325 1729 499 1800; x_wconf 82' lang='lat' dir='ltr'><strong>quasi</strong></span> <span class='ocrx_word' id='word_1_115' title='bbox 533 1727 823 1784; x_wconf 89' lang='lat' dir='ltr'><strong>contraria</strong></span> <span class='ocrx_word' id='word_1_116' title='bbox 854 1727 1098 1782; x_wconf 89' lang='lat' dir='ltr'><strong>locutus.</strong></span> <span class='ocrx_word' id='word_1_117' title='bbox 1133 1732 1257 1783; x_wconf 85' lang='lat' dir='ltr'><strong>Non</strong></span> <span class='ocrx_word' id='word_1_118' title='bbox 1288 1725 1443 1780; x_wconf 92' lang='lat' dir='ltr'><strong>enim</strong></span> <span class='ocrx_word' id='word_1_119' title='bbox 1476 1726 1573 1792; x_wconf 87' lang='lat' dir='ltr'><strong>ait,</strong></span> <span class='ocrx_word' id='word_1_120' title='bbox 1619 1725 1735 1778; x_wconf 88' lang='lat' dir='ltr'><strong>Ista</strong></span> <span class='ocrx_word' id='word_1_121' title='bbox 1773 1722 2034 1780; x_wconf 86' lang='lat' dir='ltr'><strong>doctrina</strong></span> 
     </span>
    </p>
   </div>
   <div class='ocr_carea' id='block_1_18' title="bbox 324 1812 2033 1886">
    <p class='ocr_par' dir='ltr' id='par_1_18' title="bbox 324 1812 2033 1886">
     <span class='ocr_line' id='line_1_18' title="bbox 324 1812 2033 1886; baseline -0.005 -13"><span class='ocrx_word' id='word_1_122' title='bbox 324 1835 443 1873; x_wconf 90' lang='lat' dir='ltr'><strong>non</strong></span> <span class='ocrx_word' id='word_1_123' title='bbox 472 1824 561 1873; x_wconf 86' lang='lat' dir='ltr'><strong>est</strong></span> <span class='ocrx_word' id='word_1_124' title='bbox 592 1834 755 1886; x_wconf 86' lang='lat' dir='ltr'><strong>mea;</strong></span> <span class='ocrx_word' id='word_1_125' title='bbox 786 1816 909 1884; x_wconf 91' lang='lat' dir='ltr'><strong>sed,</strong></span> <span class='ocrx_word' id='word_1_126' title='bbox 943 1815 1052 1871; x_wconf 83' lang='lat' dir='ltr'><strong>Mea</strong></span> <span class='ocrx_word' id='word_1_127' title='bbox 1081 1815 1331 1870; x_wconf 82' lang='lat' dir='ltr'><strong>doctrina</strong></span> <span class='ocrx_word' id='word_1_128' title='bbox 1368 1829 1478 1869; x_wconf 86' lang='lat' dir='ltr'><strong>non</strong></span> <span class='ocrx_word' id='word_1_129' title='bbox 1518 1820 1593 1868; x_wconf 79' lang='lat' dir='ltr'><strong>est</strong></span> <span class='ocrx_word' id='word_1_130' title='bbox 1630 1829 1766 1868; x_wconf 88' lang='lat' dir='ltr'><strong>mea.</strong></span> <span class='ocrx_word' id='word_1_131' title='bbox 1827 1812 1885 1866; x_wconf 91' lang='lat' dir='ltr'><strong>Si</strong></span> <span class='ocrx_word' id='word_1_132' title='bbox 1920 1828 2033 1866; x_wconf 91' lang='lat' dir='ltr'><strong>non</strong></span> 
     </span>
    </p>
   </div>
   <div class='ocr_carea' id='block_1_19' title="bbox 324 1903 2030 1978">
    <p class='ocr_par' dir='ltr' id='par_1_19' title="bbox 324 1903 2030 1978">
     <span class='ocr_line' id='line_1_19' title="bbox 324 1903 2030 1978; baseline -0.004 -15"><span class='ocrx_word' id='word_1_133' title='bbox 324 1915 448 1978; x_wconf 88' lang='lat' dir='ltr'><strong>tua,</strong></span> <span class='ocrx_word' id='word_1_134' title='bbox 481 1907 769 1978; x_wconf 88' lang='lat' dir='ltr'><strong>quomodo</strong></span> <span class='ocrx_word' id='word_1_135' title='bbox 801 1904 948 1961; x_wconf 74' lang='lat' dir='ltr'><strong>tua?</strong></span> <span class='ocrx_word' id='word_1_136' title='bbox 988 1905 1044 1960; x_wconf 91' lang='lat' dir='ltr'><strong>Si</strong></span> <span class='ocrx_word' id='word_1_137' title='bbox 1097 1910 1214 1973; x_wconf 92' lang='lat' dir='ltr'><strong>tua,</strong></span> <span class='ocrx_word' id='word_1_138' title='bbox 1265 1905 1554 1974; x_wconf 88' lang='lat' dir='ltr'><strong>quomodo</strong></span> <span class='ocrx_word' id='word_1_139' title='bbox 1604 1920 1718 1958; x_wconf 87' lang='lat' dir='ltr'><strong>non</strong></span> <span class='ocrx_word' id='word_1_140' title='bbox 1765 1907 1862 1958; x_wconf 90' lang='lat' dir='ltr'><strong>tua</strong></span> <span class='ocrx_word' id='word_1_141' title='bbox 1894 1904 1920 1957; x_wconf 82' lang='lat'><strong>?</strong></span> <span class='ocrx_word' id='word_1_142' title='bbox 1949 1903 2030 1956; x_wconf 86' lang='lat' dir='ltr'><strong>Tu</strong></span> 
     </span>
    </p>
   </div>
   <div class='ocr_carea' id='block_1_20' title="bbox 325 1994 2030 2066">
    <p class='ocr_par' dir='ltr' id='par_1_20' title="bbox 325 1994 2030 2066">
     <span class='ocr_line' id='line_1_20' title="bbox 325 1994 2030 2066; baseline -0.005 -12"><span class='ocrx_word' id='word_1_143' title='bbox 325 1999 486 2054; x_wconf 90' lang='lat' dir='ltr'><strong>enim</strong></span> <span class='ocrx_word' id='word_1_144' title='bbox 522 1996 668 2053; x_wconf 91' lang='lat' dir='ltr'><strong>dicis</strong></span> <span class='ocrx_word' id='word_1_145' title='bbox 693 2002 1005 2066; x_wconf 90' lang='lat' dir='ltr'><strong>utrumque</strong></span> <span class='ocrx_word' id='word_1_146' title='bbox 1039 2011 1051 2050; x_wconf 90' lang='lat'><strong>:</strong></span> <span class='ocrx_word' id='word_1_147' title='bbox 1085 1999 1160 2064; x_wconf 91' lang='lat' dir='ltr'><strong>et,</strong></span> <span class='ocrx_word' id='word_1_148' title='bbox 1180 2011 1300 2050; x_wconf 81' lang='lat' dir='ltr'><strong>mea</strong></span> <span class='ocrx_word' id='word_1_149' title='bbox 1329 1994 1620 2061; x_wconf 73' lang='lat' dir='ltr'><strong>doctrina;</strong></span> <span class='ocrx_word' id='word_1_150' title='bbox 1649 1999 1723 2059; x_wconf 91' lang='lat' dir='ltr'><strong>et,</strong></span> <span class='ocrx_word' id='word_1_151' title='bbox 1755 2009 1863 2048; x_wconf 87' lang='lat' dir='ltr'><strong>non</strong></span> <span class='ocrx_word' id='word_1_152' title='bbox 1895 2008 2030 2047; x_wconf 88' lang='lat' dir='ltr'><strong>mea.</strong></span> 
     </span>
    </p>
   </div>
   <div class='ocr_carea' id='block_1_21' title="bbox 325 2083 2036 2152">
    <p class='ocr_par' dir='ltr' id='par_1_21' title="bbox 325 2083 2036 2152">
     <span class='ocr_line' id='line_1_21' title="bbox 325 2083 2036 2152; baseline -0.003 -12"><span class='ocrx_word' id='word_1_153' title='bbox 325 2092 472 2142; x_wconf 84' lang='lat' dir='ltr'><strong>Nam</strong></span> <span class='ocrx_word' id='word_1_154' title='bbox 511 2087 557 2142; x_wconf 89' lang='lat' dir='ltr'><strong>si</strong></span> <span class='ocrx_word' id='word_1_155' title='bbox 589 2086 846 2152; x_wconf 85' lang='lat' dir='ltr'><strong>dixisset,</strong></span> <span class='ocrx_word' id='word_1_156' title='bbox 875 2086 985 2140; x_wconf 83' lang='lat' dir='ltr'><strong>Ista</strong></span> <span class='ocrx_word' id='word_1_157' title='bbox 1007 2085 1268 2140; x_wconf 77' lang='lat' dir='ltr'><strong>doctrina</strong></span> <span class='ocrx_word' id='word_1_158' title='bbox 1301 2101 1410 2139; x_wconf 92' lang='lat' dir='ltr'><strong>non</strong></span> <span class='ocrx_word' id='word_1_159' title='bbox 1437 2091 1684 2146; x_wconf 87' lang='lat' dir='ltr'><strong>estmca,</strong></span> <span class='ocrx_word' id='word_1_160' title='bbox 1704 2083 1862 2138; x_wconf 90' lang='lat' dir='ltr'><strong>nulla</strong></span> <span class='ocrx_word' id='word_1_161' title='bbox 1883 2086 2036 2138; x_wconf 89' lang='lat' dir='ltr'><strong>esset</strong></span> 
     </span>
    </p>
   </div>
   <div class='ocr_carea' id='block_1_22' title="bbox 320 2174 2033 2249">
    <p class='ocr_par' dir='ltr' id='par_1_22' title="bbox 320 2174 2033 2249">
     <span class='ocr_line' id='line_1_22' title="bbox 320 2174 2033 2249; baseline -0.004 -17"><span class='ocrx_word' id='word_1_162' title='bbox 320 2179 593 2249; x_wconf 64' lang='lat' dir='ltr'><strong>quaestio.</strong></span> <span class='ocrx_word' id='word_1_163' title='bbox 626 2179 793 2233; x_wconf 87' lang='lat' dir='ltr'><strong>Nunc</strong></span> <span class='ocrx_word' id='word_1_164' title='bbox 821 2191 974 2242; x_wconf 93' lang='lat' dir='ltr'><strong>vero,</strong></span> <span class='ocrx_word' id='word_1_165' title='bbox 1002 2177 1226 2240; x_wconf 89' lang='lat' dir='ltr'><strong>fratres,</strong></span> <span class='ocrx_word' id='word_1_166' title='bbox 1262 2174 1532 2245; x_wconf 82' lang='lat' dir='ltr'><strong>primitus</strong></span> <span class='ocrx_word' id='word_1_167' title='bbox 1562 2174 1844 2228; x_wconf 84' lang='lat' dir='ltr'><strong>intendite</strong></span> <span class='ocrx_word' id='word_1_168' title='bbox 1877 2189 2033 2243; x_wconf 72' lang='lat' dir='ltr'><strong>quae.</strong></span> 
     </span>
    </p>
   </div>
   <div class='ocr_carea' id='block_1_23' title="bbox 319 2261 2032 2335">
    <p class='ocr_par' dir='ltr' id='par_1_23' title="bbox 319 2261 2032 2335">
     <span class='ocr_line' id='line_1_23' title="bbox 319 2261 2032 2335; baseline -0.004 -13"><span class='ocrx_word' id='word_1_169' title='bbox 319 2271 594 2335; x_wconf 87' lang='lat' dir='ltr'><strong>stionem,</strong></span> <span class='ocrx_word' id='word_1_170' title='bbox 626 2273 682 2320; x_wconf 92' lang='lat' dir='ltr'><strong>et</strong></span> <span class='ocrx_word' id='word_1_171' title='bbox 712 2267 793 2320; x_wconf 92' lang='lat' dir='ltr'><strong>sic</strong></span> <span class='ocrx_word' id='word_1_172' title='bbox 849 2264 1050 2320; x_wconf 90' lang='lat' dir='ltr'><strong>odrine</strong></span> <span class='ocrx_word' id='word_1_173' title='bbox 1103 2268 1429 2334; x_wconf 83' lang='lat' dir='ltr'><strong>exspectate</strong></span> <span class='ocrx_word' id='word_1_174' title='bbox 1479 2262 1843 2318; x_wconf 85' lang='lat' dir='ltr'><strong>solutionem.</strong></span> <span class='ocrx_word' id='word_1_175' title='bbox 1890 2261 2032 2316; x_wconf 89' lang='lat' dir='ltr'><strong>Nam</strong></span> 
     </span>
    </p>
   </div>
   <div class='ocr_carea' id='block_1_24' title="bbox 323 2351 2035 2428">
    <p class='ocr_par' dir='ltr' id='par_1_24' title="bbox 323 2351 2035 2428">
     <span class='ocr_line' id='line_1_24' title="bbox 323 2351 2035 2428; baseline -0.003 -16"><span class='ocrx_word' id='word_1_176' title='bbox 323 2360 425 2428; x_wconf 88' lang='lat' dir='ltr'><strong>qui</strong></span> <span class='ocrx_word' id='word_1_177' title='bbox 456 2373 569 2411; x_wconf 92' lang='lat' dir='ltr'><strong>non</strong></span> <span class='ocrx_word' id='word_1_178' title='bbox 607 2356 759 2410; x_wconf 84' lang='lat' dir='ltr'><strong>videt</strong></span> <span class='ocrx_word' id='word_1_179' title='bbox 788 2353 1170 2425; x_wconf 71' lang='lat' dir='ltr'><strong>quaestionem</strong></span> <span class='ocrx_word' id='word_1_180' title='bbox 1207 2368 1329 2422; x_wconf 65' lang='lat' dir='ltr'><strong>qua</strong></span> <span class='ocrx_word' id='word_1_181' title='bbox 1360 2351 1723 2423; x_wconf 87' lang='lat' dir='ltr'><strong>pr0ponitur,</strong></span> <span class='ocrx_word' id='word_1_182' title='bbox 1749 2351 2035 2421; x_wconf 88' lang='lat' dir='ltr'><strong>quomodo</strong></span> 
     </span>
    </p>
   </div>
   <div class='ocr_carea' id='block_1_25' title="bbox 327 2442 2031 2518">
    <p class='ocr_par' dir='ltr' id='par_1_25' title="bbox 327 2442 2031 2518">
     <span class='ocr_line' id='line_1_25' title="bbox 327 2442 2031 2518; baseline -0.003 -17"><span class='ocrx_word' id='word_1_183' title='bbox 327 2447 607 2518; x_wconf 80' lang='lat' dir='ltr'><strong>intelligit</strong></span> <span class='ocrx_word' id='word_1_184' title='bbox 629 2447 784 2516; x_wconf 88' lang='lat' dir='ltr'><strong>quod</strong></span> <span class='ocrx_word' id='word_1_185' title='bbox 816 2443 1168 2516; x_wconf 72' lang='lat' dir='ltr'><strong>exponitur?</strong></span> <span class='ocrx_word' id='word_1_186' title='bbox 1195 2443 1311 2500; x_wconf 86' lang='lat' dir='ltr'><strong>Hoc</strong></span> <span class='ocrx_word' id='word_1_187' title='bbox 1333 2447 1421 2499; x_wconf 89' lang='lat' dir='ltr'><strong>est</strong></span> <span class='ocrx_word' id='word_1_188' title='bbox 1442 2459 1578 2514; x_wconf 89' lang='lat' dir='ltr'><strong>ergo</strong></span> <span class='ocrx_word' id='word_1_189' title='bbox 1601 2443 1660 2499; x_wconf 90' lang='lat' dir='ltr'><strong>in</strong></span> <span class='ocrx_word' id='word_1_190' title='bbox 1693 2442 2031 2514; x_wconf 66' lang='lat' dir='ltr'><strong>quaestione,</strong></span> 
     </span>
    </p>
   </div>
   <div class='ocr_carea' id='block_1_26' title="bbox 328 2533 2032 2608">
    <p class='ocr_par' dir='ltr' id='par_1_26' title="bbox 328 2533 2032 2608">
     <span class='ocr_line' id='line_1_26' title="bbox 328 2533 2032 2608; baseline -0.003 -17"><span class='ocrx_word' id='word_1_191' title='bbox 328 2537 486 2608; x_wconf 90' lang='lat' dir='ltr'><strong>quod</strong></span> <span class='ocrx_word' id='word_1_192' title='bbox 526 2536 626 2602; x_wconf 89' lang='lat' dir='ltr'><strong>ait,</strong></span> <span class='ocrx_word' id='word_1_193' title='bbox 660 2551 779 2590; x_wconf 88' lang='lat' dir='ltr'><strong>mea</strong></span> <span class='ocrx_word' id='word_1_194' title='bbox 810 2550 914 2589; x_wconf 84' lang='lat' dir='ltr'><strong>non</strong></span> <span class='ocrx_word' id='word_1_195' title='bbox 949 2549 1104 2589; x_wconf 87' lang='lat' dir='ltr'><strong>mea:</strong></span> <span class='ocrx_word' id='word_1_196' title='bbox 1128 2533 1235 2588; x_wconf 86' lang='lat' dir='ltr'><strong>hoc</strong></span> <span class='ocrx_word' id='word_1_197' title='bbox 1259 2534 1488 2588; x_wconf 90' lang='lat' dir='ltr'><strong>videtur</strong></span> <span class='ocrx_word' id='word_1_198' title='bbox 1507 2548 1632 2588; x_wconf 88' lang='lat' dir='ltr'><strong>esse</strong></span> <span class='ocrx_word' id='word_1_199' title='bbox 1655 2533 2032 2598; x_wconf 88' lang='lat' dir='ltr'><strong>contrarium,</strong></span> 
     </span>
    </p>
   </div>
   <div class='ocr_carea' id='block_1_27' title="bbox 333 2621 2036 2696">
    <p class='ocr_par' dir='ltr' id='par_1_27' title="bbox 333 2621 2036 2696">
     <span class='ocr_line' id='line_1_27' title="bbox 333 2621 2036 2696; baseline -0.003 -16"><span class='ocrx_word' id='word_1_200' title='bbox 333 2627 628 2696; x_wconf 86' lang='lat' dir='ltr'><strong>quomodo</strong></span> <span class='ocrx_word' id='word_1_201' title='bbox 660 2641 798 2688; x_wconf 86' lang='lat' dir='ltr'><strong>mea,</strong></span> <span class='ocrx_word' id='word_1_202' title='bbox 835 2623 1125 2694; x_wconf 75' lang='lat' dir='ltr'><strong>quomodo</strong></span> <span class='ocrx_word' id='word_1_203' title='bbox 1148 2639 1254 2679; x_wconf 87' lang='lat' dir='ltr'><strong>non</strong></span> <span class='ocrx_word' id='word_1_204' title='bbox 1286 2639 1429 2678; x_wconf 89' lang='lat' dir='ltr'><strong>mea.</strong></span> <span class='ocrx_word' id='word_1_205' title='bbox 1463 2623 1521 2679; x_wconf 88' lang='lat' dir='ltr'><strong>Si</strong></span> <span class='ocrx_word' id='word_1_206' title='bbox 1545 2639 1677 2690; x_wconf 80' lang='lat' dir='ltr'><strong>ergo</strong></span> <span class='ocrx_word' id='word_1_207' title='bbox 1701 2621 2036 2678; x_wconf 85' lang='lat' dir='ltr'><strong>intueamur</strong></span> 
     </span>
    </p>
   </div>
   <div class='ocr_carea' id='block_1_28' title="bbox 335 2711 2034 2787">
    <p class='ocr_par' dir='ltr' id='par_1_28' title="bbox 335 2711 2034 2787">
     <span class='ocr_line' id='line_1_28' title="bbox 335 2711 2034 2787; baseline -0.002 -18"><span class='ocrx_word' id='word_1_208' title='bbox 335 2716 652 2787; x_wconf 81' lang='lat' dir='ltr'><strong>diligenter</strong></span> <span class='ocrx_word' id='word_1_209' title='bbox 682 2715 829 2784; x_wconf 86' lang='lat' dir='ltr'><strong>quod</strong></span> <span class='ocrx_word' id='word_1_210' title='bbox 867 2714 991 2784; x_wconf 89' lang='lat' dir='ltr'><strong>ipse</strong></span> <span class='ocrx_word' id='word_1_211' title='bbox 1023 2713 1079 2769; x_wconf 91' lang='lat' dir='ltr'><strong>in</strong></span> <span class='ocrx_word' id='word_1_212' title='bbox 1111 2713 1341 2768; x_wconf 84' lang='lat' dir='ltr'><strong>exordio</strong></span> <span class='ocrx_word' id='word_1_213' title='bbox 1356 2711 1490 2767; x_wconf 87' lang='lat' dir='ltr'><strong>dicit</strong></span> <span class='ocrx_word' id='word_1_214' title='bbox 1524 2716 1760 2768; x_wconf 86' lang='lat' dir='ltr'><strong>sanctus</strong></span> <span class='ocrx_word' id='word_1_215' title='bbox 1784 2713 2034 2784; x_wconf 85' lang='lat' dir='ltr'><strong>Evange-</strong></span> 
     </span>
    </p>
   </div>
   <div class='ocr_carea' id='block_1_29' title="bbox 331 2802 2035 2875">
    <p class='ocr_par' dir='ltr' id='par_1_29' title="bbox 331 2802 2035 2875">
     <span class='ocr_line' id='line_1_29' title="bbox 331 2802 2035 2875; baseline 0.001 -16"><span class='ocrx_word' id='word_1_216' title='bbox 331 2809 493 2872; x_wconf 89' lang='lat' dir='ltr'><strong>lista,</strong></span> <span class='ocrx_word' id='word_1_217' title='bbox 529 2810 594 2861; x_wconf 82' lang='lat' dir='ltr'><strong>In</strong></span> <span class='ocrx_word' id='word_1_218' title='bbox 625 2803 896 2875; x_wconf 83' lang='lat' dir='ltr'><strong>principio</strong></span> <span class='ocrx_word' id='word_1_219' title='bbox 926 2807 1044 2858; x_wconf 84' lang='lat' dir='ltr'><strong>erat</strong></span> <span class='ocrx_word' id='word_1_220' title='bbox 1077 2803 1328 2868; x_wconf 78' lang='lat' dir='ltr'><strong>Verbum,</strong></span> <span class='ocrx_word' id='word_1_221' title='bbox 1354 2809 1407 2857; x_wconf 87' lang='lat' dir='ltr'><strong>et</strong></span> <span class='ocrx_word' id='word_1_222' title='bbox 1454 2802 1677 2858; x_wconf 77' lang='lat' dir='ltr'><strong>Verbum</strong></span> <span class='ocrx_word' id='word_1_223' title='bbox 1723 2809 1842 2859; x_wconf 80' lang='lat' dir='ltr'><strong>erat</strong></span> <span class='ocrx_word' id='word_1_224' title='bbox 1890 2803 2035 2874; x_wconf 83' lang='lat' dir='ltr'><strong>apud</strong></span> 
     </span>
    </p>
   </div>
   <div class='ocr_carea' id='block_1_30' title="bbox 327 2891 2034 2962">
    <p class='ocr_par' dir='ltr' id='par_1_30' title="bbox 327 2891 2034 2962">
     <span class='ocr_line' id='line_1_30' title="bbox 327 2891 2034 2962; baseline -0.002 -10"><span class='ocrx_word' id='word_1_225' title='bbox 327 2898 523 2962; x_wconf 83' lang='lat' dir='ltr'><strong>Deum,</strong></span> <span class='ocrx_word' id='word_1_226' title='bbox 557 2901 605 2951; x_wconf 84' lang='lat' dir='ltr'><strong>et</strong></span> <span class='ocrx_word' id='word_1_227' title='bbox 640 2896 780 2949; x_wconf 78' lang='lat' dir='ltr'><strong>Deus</strong></span> <span class='ocrx_word' id='word_1_228' title='bbox 809 2899 929 2949; x_wconf 88' lang='lat' dir='ltr'><strong>erat</strong></span> <span class='ocrx_word' id='word_1_229' title='bbox 963 2893 1181 2948; x_wconf 78' lang='lat' dir='ltr'><strong>verbum</strong></span> <span class='ocrx_word' id='word_1_230' title='bbox 1214 2894 1394 2962; x_wconf 84' lang='lat' dir='ltr'><strong>(Joan.</strong></span> <span class='ocrx_word' id='word_1_231' title='bbox 1431 2909 1470 2958; x_wconf 80' lang='grc' dir='ltr'><strong>ι,</strong></span> <span class='ocrx_word' id='word_1_232' title='bbox 1506 2893 1595 2960; x_wconf 86' lang='grc'><strong>1);</strong></span> <span class='ocrx_word' id='word_1_233' title='bbox 1648 2891 1782 2947; x_wconf 88' lang='lat' dir='ltr'><strong>inde</strong></span> <span class='ocrx_word' id='word_1_234' title='bbox 1833 2895 2034 2962; x_wconf 80' lang='lat' dir='ltr'><strong>pendet</strong></span> 
     </span>
    </p>
   </div>
   <div class='ocr_carea' id='block_1_31' title="bbox 325 2982 2035 3056">
    <p class='ocr_par' dir='ltr' id='par_1_31' title="bbox 325 2982 2035 3056">
     <span class='ocr_line' id='line_1_31' title="bbox 325 2982 2035 3056; baseline -0.003 -14"><span class='ocrx_word' id='word_1_235' title='bbox 325 2987 508 3056; x_wconf 79' lang='lat' dir='ltr'><strong>hujus</strong></span> <span class='ocrx_word' id='word_1_236' title='bbox 534 2983 746 3039; x_wconf 84' lang='lat' dir='ltr'><strong>solutio</strong></span> <span class='ocrx_word' id='word_1_237' title='bbox 771 2983 1128 3054; x_wconf 78' lang='lat' dir='ltr'><strong>quaestionis.</strong></span> <span class='ocrx_word' id='word_1_238' title='bbox 1162 2983 1295 3047; x_wconf 67' lang='lat' dir='ltr'><strong>Quae</strong></span> <span class='ocrx_word' id='word_1_239' title='bbox 1327 2986 1417 3037; x_wconf 89' lang='lat' dir='ltr'><strong>est</strong></span> <span class='ocrx_word' id='word_1_240' title='bbox 1447 2998 1579 3052; x_wconf 88' lang='lat' dir='ltr'><strong>ergo</strong></span> <span class='ocrx_word' id='word_1_241' title='bbox 1630 2982 1895 3037; x_wconf 81' lang='lat' dir='ltr'><strong>doctrina</strong></span> <span class='ocrx_word' id='word_1_242' title='bbox 1929 2983 2035 3040; x_wconf 85' lang='lat' dir='ltr'><strong>Pa-</strong></span> 
     </span>
    </p>
   </div>
   <div class='ocr_carea' id='block_1_32' title="bbox 323 3069 2034 3141">
    <p class='ocr_par' dir='ltr' id='par_1_32' title="bbox 323 3069 2034 3141">
     <span class='ocr_line' id='line_1_32' title="bbox 323 3069 2034 3141; baseline -0.001 -12"><span class='ocrx_word' id='word_1_243' title='bbox 323 3077 458 3140; x_wconf 89' lang='lat' dir='ltr'><strong>tris,</strong></span> <span class='ocrx_word' id='word_1_244' title='bbox 497 3073 607 3129; x_wconf 83' lang='lat' dir='ltr'><strong>nisi</strong></span> <span class='ocrx_word' id='word_1_245' title='bbox 641 3071 896 3126; x_wconf 89' lang='lat' dir='ltr'><strong>Verbum</strong></span> <span class='ocrx_word' id='word_1_246' title='bbox 931 3069 1116 3126; x_wconf 85' lang='lat' dir='ltr'><strong>Patris</strong></span> <span class='ocrx_word' id='word_1_247' title='bbox 1135 3071 1162 3125; x_wconf 86' lang='lat'><strong>?</strong></span> <span class='ocrx_word' id='word_1_248' title='bbox 1187 3071 1316 3141; x_wconf 88' lang='lat' dir='ltr'><strong>Ipse</strong></span> <span class='ocrx_word' id='word_1_249' title='bbox 1346 3087 1478 3140; x_wconf 84' lang='lat' dir='ltr'><strong>ergo</strong></span> <span class='ocrx_word' id='word_1_250' title='bbox 1497 3069 1754 3126; x_wconf 83' lang='lat' dir='ltr'><strong>Christus</strong></span> <span class='ocrx_word' id='word_1_251' title='bbox 1775 3071 2034 3128; x_wconf 88' lang='lat' dir='ltr'><strong>doctrina</strong></span> 
     </span>
    </p>
   </div>
   <div class='ocr_carea' id='block_1_33' title="bbox 323 3160 2032 3233">
    <p class='ocr_par' dir='ltr' id='par_1_33' title="bbox 323 3160 2032 3233">
     <span class='ocr_line' id='line_1_33' title="bbox 323 3160 2032 3233; baseline -0.002 -14"><span class='ocrx_word' id='word_1_252' title='bbox 323 3163 542 3230; x_wconf 86' lang='lat' dir='ltr'><strong>Patris,</strong></span> <span class='ocrx_word' id='word_1_253' title='bbox 573 3163 622 3216; x_wconf 91' lang='lat' dir='ltr'><strong>si</strong></span> <span class='ocrx_word' id='word_1_254' title='bbox 662 3160 911 3216; x_wconf 85' lang='lat' dir='ltr'><strong>Verbum</strong></span> <span class='ocrx_word' id='word_1_255' title='bbox 944 3160 1147 3216; x_wconf 88' lang='lat' dir='ltr'><strong>Patris.</strong></span> <span class='ocrx_word' id='word_1_256' title='bbox 1176 3161 1286 3216; x_wconf 90' lang='lat' dir='ltr'><strong>Sed</strong></span> <span class='ocrx_word' id='word_1_257' title='bbox 1317 3161 1457 3232; x_wconf 87' lang='lat' dir='ltr'><strong>quia</strong></span> <span class='ocrx_word' id='word_1_258' title='bbox 1485 3160 1743 3217; x_wconf 85' lang='lat' dir='ltr'><strong>Verbum</strong></span> <span class='ocrx_word' id='word_1_259' title='bbox 1777 3177 1890 3216; x_wconf 92' lang='lat' dir='ltr'><strong>non</strong></span> <span class='ocrx_word' id='word_1_260' title='bbox 1932 3177 2032 3233; x_wconf 84' lang='lat' dir='ltr'><strong>po-</strong></span> 
     </span>
    </p>
   </div>
   <div class='ocr_carea' id='block_1_34' title="bbox 323 3250 2030 3321">
    <p class='ocr_par' dir='ltr' id='par_1_34' title="bbox 323 3250 2030 3321">
     <span class='ocr_line' id='line_1_34' title="bbox 323 3250 2030 3321; baseline 0 -15"><span class='ocrx_word' id='word_1_261' title='bbox 323 3259 439 3308; x_wconf 86' lang='lat' dir='ltr'><strong>test</strong></span> <span class='ocrx_word' id='word_1_262' title='bbox 471 3268 597 3307; x_wconf 89' lang='lat' dir='ltr'><strong>esse</strong></span> <span class='ocrx_word' id='word_1_263' title='bbox 632 3251 851 3318; x_wconf 89' lang='lat' dir='ltr'><strong>nulius,</strong></span> <span class='ocrx_word' id='word_1_264' title='bbox 885 3252 983 3306; x_wconf 93' lang='lat' dir='ltr'><strong>ed</strong></span> <span class='ocrx_word' id='word_1_265' title='bbox 1033 3250 1333 3321; x_wconf 88' lang='lat' dir='ltr'><strong>alicujus:</strong></span> <span class='ocrx_word' id='word_1_266' title='bbox 1384 3260 1440 3307; x_wconf 91' lang='lat' dir='ltr'><strong>et</strong></span> <span class='ocrx_word' id='word_1_267' title='bbox 1489 3268 1646 3306; x_wconf 86' lang='lat' dir='ltr'><strong>suam</strong></span> <span class='ocrx_word' id='word_1_268' title='bbox 1707 3251 2030 3306; x_wconf 88' lang='lat' dir='ltr'><strong>doctrinam</strong></span> 
     </span>
    </p>
   </div>
   <div class='ocr_carea' id='block_1_35' title="bbox 321 3339 2028 3412">
    <p class='ocr_par' dir='ltr' id='par_1_35' title="bbox 321 3339 2028 3412">
     <span class='ocr_line' id='line_1_35' title="bbox 321 3339 2028 3412; baseline 0.001 -16"><span class='ocrx_word' id='word_1_269' title='bbox 321 3342 492 3406; x_wconf 82' lang='lat' dir='ltr'><strong>dixit,</strong></span> <span class='ocrx_word' id='word_1_270' title='bbox 519 3340 772 3411; x_wconf 84' lang='lat' dir='ltr'><strong>seipsum</strong></span> <span class='ocrx_word' id='word_1_271' title='bbox 809 3360 822 3408; x_wconf 88' lang='lat'><strong>;</strong></span> <span class='ocrx_word' id='word_1_272' title='bbox 849 3345 1034 3395; x_wconf 91' lang='lat' dir='ltr'><strong>etnon</strong></span> <span class='ocrx_word' id='word_1_273' title='bbox 1051 3340 1393 3412; x_wconf 87' lang='lat' dir='ltr'><strong>suam,quia</strong></span> <span class='ocrx_word' id='word_1_274' title='bbox 1424 3340 1609 3396; x_wconf 87' lang='lat' dir='ltr'><strong>Patris</strong></span> <span class='ocrx_word' id='word_1_275' title='bbox 1641 3344 1729 3396; x_wconf 87' lang='lat' dir='ltr'><strong>est</strong></span> <span class='ocrx_word' id='word_1_276' title='bbox 1751 3339 2028 3397; x_wconf 90' lang='lat' dir='ltr'><strong>Verbum.</strong></span> 
     </span>
    </p>
   </div>
   <div class='ocr_carea' id='block_1_36' title="bbox 320 3429 2029 3502">
    <p class='ocr_par' dir='ltr' id='par_1_36' title="bbox 320 3429 2029 3502">
     <span class='ocr_line' id='line_1_36' title="bbox 320 3429 2029 3502; baseline -0.001 -16"><span class='ocrx_word' id='word_1_277' title='bbox 320 3431 471 3497; x_wconf 85' lang='lat' dir='ltr'><strong>Quid</strong></span> <span class='ocrx_word' id='word_1_278' title='bbox 507 3431 659 3486; x_wconf 90' lang='lat' dir='ltr'><strong>enim</strong></span> <span class='ocrx_word' id='word_1_279' title='bbox 685 3434 804 3485; x_wconf 86' lang='lat' dir='ltr'><strong>tam</strong></span> <span class='ocrx_word' id='word_1_280' title='bbox 832 3435 994 3484; x_wconf 87' lang='lat' dir='ltr'><strong>tuum</strong></span> <span class='ocrx_word' id='word_1_281' title='bbox 1015 3445 1182 3500; x_wconf 86' lang='lat' dir='ltr'><strong>quam</strong></span> <span class='ocrx_word' id='word_1_282' title='bbox 1211 3434 1274 3485; x_wconf 90' lang='lat' dir='ltr'><strong>tu</strong></span> <span class='ocrx_word' id='word_1_283' title='bbox 1304 3429 1558 3502; x_wconf 84' lang='lat' dir='ltr'><strong>?etquid</strong></span> <span class='ocrx_word' id='word_1_284' title='bbox 1585 3435 1700 3484; x_wconf 90' lang='lat' dir='ltr'><strong>tam</strong></span> <span class='ocrx_word' id='word_1_285' title='bbox 1729 3446 1844 3485; x_wconf 92' lang='lat' dir='ltr'><strong>non</strong></span> <span class='ocrx_word' id='word_1_286' title='bbox 1868 3434 2029 3485; x_wconf 87' lang='lat' dir='ltr'><strong>tuum</strong></span> 
     </span>
    </p>
   </div>
   <div class='ocr_carea' id='block_1_37' title="bbox 319 3518 1411 3590">
    <p class='ocr_par' dir='ltr' id='par_1_37' title="bbox 319 3518 1411 3590">
     <span class='ocr_line' id='line_1_37' title="bbox 319 3518 1411 3590; baseline 0 -16"><span class='ocrx_word' id='word_1_287' title='bbox 319 3537 503 3590; x_wconf 84' lang='lat' dir='ltr'><strong>quam</strong></span> <span class='ocrx_word' id='word_1_288' title='bbox 538 3524 622 3586; x_wconf 89' lang='lat' dir='ltr'><strong>tu,</strong></span> <span class='ocrx_word' id='word_1_289' title='bbox 646 3519 694 3574; x_wconf 90' lang='lat' dir='ltr'><strong>si</strong></span> <span class='ocrx_word' id='word_1_290' title='bbox 727 3518 972 3589; x_wconf 83' lang='lat' dir='ltr'><strong>alicujus</strong></span> <span class='ocrx_word' id='word_1_291' title='bbox 993 3522 1080 3573; x_wconf 91' lang='lat' dir='ltr'><strong>est</strong></span> <span class='ocrx_word' id='word_1_292' title='bbox 1113 3519 1267 3590; x_wconf 88' lang='lat' dir='ltr'><strong>quod</strong></span> <span class='ocrx_word' id='word_1_293' title='bbox 1295 3535 1357 3574; x_wconf 92' lang='lat' dir='ltr'><strong>es</strong></span> <span class='ocrx_word' id='word_1_294' title='bbox 1385 3520 1411 3574; x_wconf 86' lang='lat'><strong>?</strong></span> 
     </span>
    </p>
   </div>
   <div class='ocr_carea' id='block_1_38' title="bbox 399 3609 2029 3683">
    <p class='ocr_par' dir='ltr' id='par_1_38' title="bbox 399 3609 2029 3683">
     <span class='ocr_line' id='line_1_38' title="bbox 399 3609 2029 3683; baseline 0.001 -19"><span class='ocrx_word' id='word_1_295' title='bbox 399 3612 448 3664; x_wconf 78' lang='grc'><strong>4.</strong></span> <span class='ocrx_word' id='word_1_296' title='bbox 475 3609 728 3665; x_wconf 81' lang='lat' dir='ltr'><strong>Verbum</strong></span> <span class='ocrx_word' id='word_1_297' title='bbox 763 3625 892 3683; x_wconf 80' lang='lat' dir='ltr'><strong>ergo</strong></span> <span class='ocrx_word' id='word_1_298' title='bbox 925 3616 981 3665; x_wconf 91' lang='lat' dir='ltr'><strong>et</strong></span> <span class='ocrx_word' id='word_1_299' title='bbox 1031 3614 1181 3665; x_wconf 89' lang='lat' dir='ltr'><strong>Deus</strong></span> <span class='ocrx_word' id='word_1_300' title='bbox 1230 3614 1338 3677; x_wconf 89' lang='lat' dir='ltr'><strong>est,</strong></span> <span class='ocrx_word' id='word_1_301' title='bbox 1389 3613 1446 3665; x_wconf 89' lang='lat' dir='ltr'><strong>et</strong></span> <span class='ocrx_word' id='word_1_302' title='bbox 1489 3609 1766 3666; x_wconf 69' lang='lat' dir='ltr'><strong>doctrina:</strong></span> <span class='ocrx_word' id='word_1_303' title='bbox 1801 3609 2029 3666; x_wconf 82' lang='lat' dir='ltr'><strong>stabilis</strong></span> 
     </span>
    </p>
   </div>
   <div class='ocr_carea' id='block_1_39' title="bbox 323 3698 2026 3770">
    <p class='ocr_par' dir='ltr' id='par_1_39' title="bbox 323 3698 2026 3770">
     <span class='ocr_line' id='line_1_39' title="bbox 323 3698 2026 3770; baseline 0.002 -18"><span class='ocrx_word' id='word_1_304' title='bbox 323 3701 576 3758; x_wconf 88' lang='lat' dir='ltr'><strong>Verbum</strong></span> <span class='ocrx_word' id='word_1_305' title='bbox 609 3705 713 3768; x_wconf 87' lang='lat' dir='ltr'><strong>est,</strong></span> <span class='ocrx_word' id='word_1_306' title='bbox 747 3717 859 3756; x_wconf 89' lang='lat' dir='ltr'><strong>non</strong></span> <span class='ocrx_word' id='word_1_307' title='bbox 883 3698 1165 3756; x_wconf 82' lang='lat' dir='ltr'><strong>sanabilis</strong></span> <span class='ocrx_word' id='word_1_308' title='bbox 1215 3716 1313 3770; x_wconf 92' lang='lat' dir='ltr'><strong>per</strong></span> <span class='ocrx_word' id='word_1_309' title='bbox 1368 3698 1618 3770; x_wconf 82' lang='lat' dir='ltr'><strong>syllabas</strong></span> <span class='ocrx_word' id='word_1_310' title='bbox 1663 3704 1718 3756; x_wconf 92' lang='lat' dir='ltr'><strong>et</strong></span> <span class='ocrx_word' id='word_1_311' title='bbox 1756 3700 2026 3761; x_wconf 87' lang='lat' dir='ltr'><strong>volatilis.</strong></span> 
     </span>
    </p>
   </div>
   <div class='ocr_carea' id='block_1_40' title="bbox 318 3790 2027 3861">
    <p class='ocr_par' dir='ltr' id='par_1_40' title="bbox 318 3790 2027 3861">
     <span class='ocr_line' id='line_1_40' title="bbox 318 3790 2027 3861; baseline -0.002 -11"><span class='ocrx_word' id='word_1_312' title='bbox 318 3794 421 3850; x_wconf 86' lang='lat' dir='ltr'><strong>sed</strong></span> <span class='ocrx_word' id='word_1_313' title='bbox 444 3792 886 3848; x_wconf 85' lang='lat' dir='ltr'><strong>manentiscum</strong></span> <span class='ocrx_word' id='word_1_314' title='bbox 920 3790 1108 3857; x_wconf 83' lang='lat' dir='ltr'><strong>Patre,</strong></span> <span class='ocrx_word' id='word_1_315' title='bbox 1133 3790 1202 3846; x_wconf 91' lang='lat' dir='ltr'><strong>ad</strong></span> <span class='ocrx_word' id='word_1_316' title='bbox 1233 3806 1408 3861; x_wconf 92' lang='lat' dir='ltr'><strong>quam</strong></span> <span class='ocrx_word' id='word_1_317' title='bbox 1437 3793 1449 3825; x_wconf 80' lang='grc' dir='ltr'>ί</span> <span class='ocrx_word' id='word_1_318' title='bbox 1477 3796 1884 3846; x_wconf 82' lang='lat' dir='ltr'><strong>convertamur</strong></span> <span class='ocrx_word' id='word_1_319' title='bbox 1908 3807 2027 3846; x_wconf 90' lang='lat' dir='ltr'><strong>ma-</strong></span> 
     </span>
    </p>
   </div>
   <div class='ocr_carea' id='block_1_41' title="bbox 319 3879 2027 3947">
    <p class='ocr_par' dir='ltr' id='par_1_41' title="bbox 319 3879 2027 3947">
     <span class='ocr_line' id='line_1_41' title="bbox 319 3879 2027 3947; baseline -0.003 -8"><span class='ocrx_word' id='word_1_320' title='bbox 319 3889 580 3947; x_wconf 87' lang='lat' dir='ltr'><strong>nentem,</strong></span> <span class='ocrx_word' id='word_1_321' title='bbox 617 3882 777 3938; x_wconf 89' lang='lat' dir='ltr'><strong>sonis</strong></span> <span class='ocrx_word' id='word_1_322' title='bbox 812 3882 1248 3936; x_wconf 86' lang='lat' dir='ltr'><strong>transeuntibus</strong></span> <span class='ocrx_word' id='word_1_323' title='bbox 1277 3880 1576 3936; x_wconf 86' lang='lat' dir='ltr'><strong>admoniti.</strong></span> <span class='ocrx_word' id='word_1_324' title='bbox 1604 3881 1724 3936; x_wconf 89' lang='lat' dir='ltr'><strong>Non</strong></span> <span class='ocrx_word' id='word_1_325' title='bbox 1748 3879 1899 3935; x_wconf 89' lang='lat' dir='ltr'><strong>enim</strong></span> <span class='ocrx_word' id='word_1_326' title='bbox 1926 3897 2027 3936; x_wconf 89' lang='lat' dir='ltr'><strong>nos</strong></span> 
     </span>
    </p>
   </div>
   <div class='ocr_carea' id='block_1_42' title="bbox 319 3969 2028 4042">
    <p class='ocr_par' dir='ltr' id='par_1_42' title="bbox 319 3969 2028 4042">
     <span class='ocr_line' id='line_1_42' title="bbox 319 3969 2028 4042; baseline -0.003 -13"><span class='ocrx_word' id='word_1_327' title='bbox 319 3974 406 4029; x_wconf 87' lang='lat' dir='ltr'><strong>ita</strong></span> <span class='ocrx_word' id='word_1_328' title='bbox 435 3975 710 4029; x_wconf 89' lang='lat' dir='ltr'><strong>admonet</strong></span> <span class='ocrx_word' id='word_1_329' title='bbox 743 3973 893 4042; x_wconf 87' lang='lat' dir='ltr'><strong>quod</strong></span> <span class='ocrx_word' id='word_1_330' title='bbox 914 3971 1143 4037; x_wconf 86' lang='lat' dir='ltr'><strong>transit,</strong></span> <span class='ocrx_word' id='word_1_331' title='bbox 1167 3976 1228 4026; x_wconf 89' lang='lat' dir='ltr'><strong>ut</strong></span> <span class='ocrx_word' id='word_1_332' title='bbox 1251 3972 1317 4026; x_wconf 90' lang='lat' dir='ltr'><strong>ad</strong></span> <span class='ocrx_word' id='word_1_333' title='bbox 1339 3971 1673 4026; x_wconf 88' lang='lat' dir='ltr'><strong>transitoria</strong></span> <span class='ocrx_word' id='word_1_334' title='bbox 1703 3974 1882 4026; x_wconf 87' lang='lat' dir='ltr'><strong>vocet.</strong></span> <span class='ocrx_word' id='word_1_335' title='bbox 1912 3969 2028 4025; x_wconf 82' lang='lat' dir='ltr'><strong>Ad-</strong></span> 
     </span>
    </p>
   </div>
   <div class='ocr_carea' id='block_1_43' title="bbox 321 4059 2024 4132">
    <p class='ocr_par' dir='ltr' id='par_1_43' title="bbox 321 4059 2024 4132">
     <span class='ocr_line' id='line_1_43' title="bbox 321 4059 2024 4132; baseline -0.002 -16"><span class='ocrx_word' id='word_1_336' title='bbox 321 4076 638 4117; x_wconf 90' lang='lat' dir='ltr'><strong>monemur</strong></span> <span class='ocrx_word' id='word_1_337' title='bbox 671 4066 734 4114; x_wconf 92' lang='lat' dir='ltr'><strong>ut</strong></span> <span class='ocrx_word' id='word_1_338' title='bbox 765 4059 1077 4130; x_wconf 84' lang='lat' dir='ltr'><strong>diligamus</strong></span> <span class='ocrx_word' id='word_1_339' title='bbox 1110 4064 1309 4116; x_wconf 90' lang='lat' dir='ltr'><strong>Deum.</strong></span> <span class='ocrx_word' id='word_1_340' title='bbox 1335 4061 1547 4116; x_wconf 87' lang='lat' dir='ltr'><strong>Totum</strong></span> <span class='ocrx_word' id='word_1_341' title='bbox 1572 4060 1842 4132; x_wconf 82' lang='lat' dir='ltr'><strong>hocquo-J</strong></span> <span class='ocrx_word' id='word_1_342' title='bbox 1865 4060 2024 4125; x_wconf 85' lang='lat' dir='ltr'><strong>dixit,</strong></span> 
     </span>
    </p>
   </div>
   <div class='ocr_carea' id='block_1_44' title="bbox 320 4151 2034 4224">
    <p class='ocr_par' dir='ltr' id='par_1_44' title="bbox 320 4151 2034 4224">
     <span class='ocr_line' id='line_1_44' title="bbox 320 4151 2034 4224; baseline -0.002 -16"><span class='ocrx_word' id='word_1_343' title='bbox 320 4151 562 4224; x_wconf 78' lang='lat' dir='ltr'><strong>syllabae</strong></span> <span class='ocrx_word' id='word_1_344' title='bbox 597 4152 866 4217; x_wconf 82' lang='lat' dir='ltr'><strong>fuerunt;</strong></span> <span class='ocrx_word' id='word_1_345' title='bbox 901 4165 1244 4221; x_wconf 89' lang='lat' dir='ltr'><strong>percussum</strong></span> <span class='ocrx_word' id='word_1_346' title='bbox 1263 4167 1454 4207; x_wconf 87' lang='lat' dir='ltr'><strong>aerem</strong></span> <span class='ocrx_word' id='word_1_347' title='bbox 1479 4151 1944 4216; x_wconf 85' lang='lat' dir='ltr'><strong>verberaverunt,</strong></span> <span class='ocrx_word' id='word_1_348' title='bbox 1970 4153 2034 4204; x_wconf 89' lang='lat' dir='ltr'><strong>ut</strong></span> 
     </span>
    </p>
   </div>
   <div class='ocr_carea' id='block_1_45' title="bbox 317 4239 2031 4314">
    <p class='ocr_par' dir='ltr' id='par_1_45' title="bbox 317 4239 2031 4314">
     <span class='ocr_line' id='line_1_45' title="bbox 317 4239 2031 4314; baseline -0.001 -19"><span class='ocrx_word' id='word_1_349' title='bbox 317 4243 393 4295; x_wconf 83' lang='lat' dir='ltr'><strong>ad</strong></span> <span class='ocrx_word' id='word_1_350' title='bbox 431 4257 665 4296; x_wconf 83' lang='lat' dir='ltr'><strong>sensum</strong></span> <span class='ocrx_word' id='word_1_351' title='bbox 701 4241 722 4274; x_wconf 79' lang='grc'>²</span> <span class='ocrx_word' id='word_1_352' title='bbox 745 4244 1062 4297; x_wconf 88' lang='lat' dir='ltr'><strong>vestrarum</strong></span> <span class='ocrx_word' id='word_1_353' title='bbox 1095 4241 1324 4297; x_wconf 90' lang='lat' dir='ltr'><strong>aurium</strong></span> <span class='ocrx_word' id='word_1_354' title='bbox 1358 4243 1741 4314; x_wconf 87' lang='lat' dir='ltr'><strong>pervenirent,</strong></span> <span class='ocrx_word' id='word_1_355' title='bbox 1770 4239 2031 4295; x_wconf 90' lang='lat' dir='ltr'><strong>sonando</strong></span> 
     </span>
    </p>
   </div>
   <div class='ocr_carea' id='block_1_46' title="bbox 319 4330 2036 4402">
    <p class='ocr_par' dir='ltr' id='par_1_46' title="bbox 319 4330 2036 4402">
     <span class='ocr_line' id='line_1_46' title="bbox 319 4330 2036 4402; baseline -0.001 -16"><span class='ocrx_word' id='word_1_356' title='bbox 319 4332 684 4386; x_wconf 88' lang='lat' dir='ltr'><strong>transierunt</strong></span> <span class='ocrx_word' id='word_1_357' title='bbox 705 4347 718 4383; x_wconf 87' lang='lat'><strong>:</strong></span> <span class='ocrx_word' id='word_1_358' title='bbox 741 4347 854 4386; x_wconf 92' lang='lat' dir='ltr'><strong>non</strong></span> <span class='ocrx_word' id='word_1_359' title='bbox 869 4335 1062 4385; x_wconf 88' lang='lat' dir='ltr'><strong>tamen</strong></span> <span class='ocrx_word' id='word_1_360' title='bbox 1080 4330 1225 4385; x_wconf 92' lang='lat' dir='ltr'><strong>illud</strong></span> <span class='ocrx_word' id='word_1_361' title='bbox 1241 4332 1384 4402; x_wconf 90' lang='lat' dir='ltr'><strong>quod</strong></span> <span class='ocrx_word' id='word_1_362' title='bbox 1411 4347 1509 4386; x_wconf 88' lang='lat' dir='ltr'><strong>vos</strong></span> <span class='ocrx_word' id='word_1_363' title='bbox 1526 4330 1822 4396; x_wconf 87' lang='lat' dir='ltr'><strong>admonui,</strong></span> <span class='ocrx_word' id='word_1_364' title='bbox 1850 4337 2036 4384; x_wconf 88' lang='lat' dir='ltr'><strong>trans-</strong></span> 
     </span>
    </p>
   </div>
   <div class='ocr_carea' id='block_1_47' title="bbox 318 4420 2030 4493">
    <p class='ocr_par' dir='ltr' id='par_1_47' title="bbox 318 4420 2030 4493">
     <span class='ocr_line' id='line_1_47' title="bbox 318 4420 2030 4493; baseline 0.002 -19"><span class='ocrx_word' id='word_1_365' title='bbox 318 4422 407 4475; x_wconf 89' lang='lat' dir='ltr'><strong>ire</strong></span> <span class='ocrx_word' id='word_1_366' title='bbox 429 4422 642 4488; x_wconf 88' lang='lat' dir='ltr'><strong>debet;</strong></span> <span class='ocrx_word' id='word_1_367' title='bbox 679 4421 814 4490; x_wconf 86' lang='lat' dir='ltr'><strong>quia</strong></span> <span class='ocrx_word' id='word_1_368' title='bbox 845 4420 940 4476; x_wconf 92' lang='lat' dir='ltr'><strong>ille</strong></span> <span class='ocrx_word' id='word_1_369' title='bbox 973 4437 1145 4492; x_wconf 90' lang='lat' dir='ltr'><strong>quem</strong></span> <span class='ocrx_word' id='word_1_370' title='bbox 1179 4437 1277 4476; x_wconf 83' lang='lat' dir='ltr'><strong>vos</strong></span> <span class='ocrx_word' id='word_1_371' title='bbox 1309 4422 1547 4493; x_wconf 88' lang='lat' dir='ltr'><strong>diligere</strong></span> <span class='ocrx_word' id='word_1_372' title='bbox 1587 4421 1883 4489; x_wconf 90' lang='lat' dir='ltr'><strong>admonui,</strong></span> <span class='ocrx_word' id='word_1_373' title='bbox 1919 4438 2030 4477; x_wconf 91' lang='lat' dir='ltr'><strong>non</strong></span> 
     </span>
    </p>
   </div>
   <div class='ocr_carea' id='block_1_48' title="bbox 323 4511 2035 4584">
    <p class='ocr_par' dir='ltr' id='par_1_48' title="bbox 323 4511 2035 4584">
     <span class='ocr_line' id='line_1_48' title="bbox 323 4511 2035 4584; baseline 0.001 -18"><span class='ocrx_word' id='word_1_374' title='bbox 323 4515 540 4568; x_wconf 87' lang='lat' dir='ltr'><strong>transit</strong></span> <span class='ocrx_word' id='word_1_375' title='bbox 572 4530 587 4578; x_wconf 85' lang='lat'><strong>;</strong></span> <span class='ocrx_word' id='word_1_376' title='bbox 623 4517 680 4567; x_wconf 90' lang='lat' dir='ltr'><strong>et</strong></span> <span class='ocrx_word' id='word_1_377' title='bbox 703 4527 834 4567; x_wconf 89' lang='lat' dir='ltr'><strong>cum</strong></span> <span class='ocrx_word' id='word_1_378' title='bbox 860 4512 1302 4568; x_wconf 88' lang='lat' dir='ltr'><strong>transeuntibus</strong></span> <span class='ocrx_word' id='word_1_379' title='bbox 1319 4511 1558 4584; x_wconf 85' lang='lat' dir='ltr'><strong>syllabis</strong></span> <span class='ocrx_word' id='word_1_380' title='bbox 1575 4513 1878 4577; x_wconf 86' lang='lat' dir='ltr'><strong>admoniti,</strong></span> <span class='ocrx_word' id='word_1_381' title='bbox 1903 4529 2035 4567; x_wconf 91' lang='lat' dir='ltr'><strong>con-</strong></span> 
     </span>
    </p>
   </div>
   <div class='ocr_carea' id='block_1_49' title="bbox 319 4601 2032 4668">
    <p class='ocr_par' dir='ltr' id='par_1_49' title="bbox 319 4601 2032 4668">
     <span class='ocr_line' id='line_1_49' title="bbox 319 4601 2032 4668; baseline -0.001 -12"><span class='ocrx_word' id='word_1_382' title='bbox 319 4602 472 4656; x_wconf 79' lang='lat' dir='ltr'><strong>versi</strong></span> <span class='ocrx_word' id='word_1_383' title='bbox 509 4601 578 4656; x_wconf 89' lang='lat' dir='ltr'><strong>ad</strong></span> <span class='ocrx_word' id='word_1_384' title='bbox 607 4616 740 4656; x_wconf 89' lang='lat' dir='ltr'><strong>eum</strong></span> <span class='ocrx_word' id='word_1_385' title='bbox 774 4601 1021 4665; x_wconf 89' lang='lat' dir='ltr'><strong>fueritis,</strong></span> <span class='ocrx_word' id='word_1_386' title='bbox 1077 4617 1182 4658; x_wconf 91' lang='lat' dir='ltr'><strong>nec</strong></span> <span class='ocrx_word' id='word_1_387' title='bbox 1230 4618 1328 4656; x_wconf 91' lang='lat' dir='ltr'><strong>vos</strong></span> <span class='ocrx_word' id='word_1_388' title='bbox 1374 4602 1716 4668; x_wconf 85' lang='lat' dir='ltr'><strong>transibitis,</strong></span> <span class='ocrx_word' id='word_1_389' title='bbox 1758 4602 1858 4657; x_wconf 89' lang='lat' dir='ltr'><strong>sed</strong></span> <span class='ocrx_word' id='word_1_390' title='bbox 1900 4617 2032 4656; x_wconf 90' lang='lat' dir='ltr'><strong>cum</strong></span> 
     </span>
    </p>
   </div>
   <div class='ocr_carea' id='block_1_50' title="bbox 324 4689 2031 4762">
    <p class='ocr_par' dir='ltr' id='par_1_50' title="bbox 324 4689 2031 4762">
     <span class='ocr_line' id='line_1_50' title="bbox 324 4689 2031 4762; baseline -0.001 -17"><span class='ocrx_word' id='word_1_391' title='bbox 324 4696 602 4746; x_wconf 86' lang='lat' dir='ltr'><strong>manente</strong></span> <span class='ocrx_word' id='word_1_392' title='bbox 630 4689 958 4744; x_wconf 84' lang='lat' dir='ltr'><strong>manebitis.</strong></span> <span class='ocrx_word' id='word_1_393' title='bbox 984 4689 1099 4745; x_wconf 90' lang='lat' dir='ltr'><strong>Hoc</strong></span> <span class='ocrx_word' id='word_1_394' title='bbox 1121 4691 1426 4762; x_wconf 86' lang='lat' dir='ltr'><strong>estergoin</strong></span> <span class='ocrx_word' id='word_1_395' title='bbox 1449 4692 1709 4748; x_wconf 89' lang='lat' dir='ltr'><strong>doctrina</strong></span> <span class='ocrx_word' id='word_1_396' title='bbox 1734 4707 2031 4762; x_wconf 80' lang='lat' dir='ltr'><strong>niagnum,</strong></span> 
     </span>
    </p>
   </div>
   <div class='ocr_carea' id='block_1_51' title="bbox 323 4781 2036 4854">
    <p class='ocr_par' dir='ltr' id='par_1_51' title="bbox 323 4781 2036 4854">
     <span class='ocr_line' id='line_1_51' title="bbox 323 4781 2036 4854; baseline 0 -19"><span class='ocrx_word' id='word_1_397' title='bbox 323 4781 513 4836; x_wconf 88' lang='lat' dir='ltr'><strong>altum</strong></span> <span class='ocrx_word' id='word_1_398' title='bbox 544 4786 601 4836; x_wconf 90' lang='lat' dir='ltr'><strong>et</strong></span> <span class='ocrx_word' id='word_1_399' title='bbox 630 4787 914 4836; x_wconf 78' lang='lat' dir='ltr'><strong>aeternum</strong></span> <span class='ocrx_word' id='word_1_400' title='bbox 941 4782 1098 4853; x_wconf 91' lang='lat' dir='ltr'><strong>quod</strong></span> <span class='ocrx_word' id='word_1_401' title='bbox 1124 4791 1356 4852; x_wconf 87' lang='lat' dir='ltr'><strong>manet;</strong></span> <span class='ocrx_word' id='word_1_402' title='bbox 1388 4783 1541 4854; x_wconf 89' lang='lat' dir='ltr'><strong>quod</strong></span> <span class='ocrx_word' id='word_1_403' title='bbox 1570 4782 1818 4839; x_wconf 75' lang='lat' dir='ltr'><strong>vocant3</strong></span> <span class='ocrx_word' id='word_1_404' title='bbox 1840 4781 2036 4838; x_wconf 90' lang='lat' dir='ltr'><strong>omnia</strong></span> 
     </span>
    </p>
   </div>
   <div class='ocr_carea' id='block_1_52' title="bbox 324 4869 2032 4943">
    <p class='ocr_par' dir='ltr' id='par_1_52' title="bbox 324 4869 2032 4943">
     <span class='ocr_line' id='line_1_52' title="bbox 324 4869 2032 4943; baseline 0 -18"><span class='ocrx_word' id='word_1_405' title='bbox 324 4888 457 4943; x_wconf 71' lang='lat' dir='ltr'><strong>quae</strong></span> <span class='ocrx_word' id='word_1_406' title='bbox 492 4869 888 4941; x_wconf 88' lang='lat' dir='ltr'><strong>temporaliter</strong></span> <span class='ocrx_word' id='word_1_407' title='bbox 911 4876 1235 4937; x_wconf 87' lang='lat' dir='ltr'><strong>transeunt,</strong></span> <span class='ocrx_word' id='word_1_408' title='bbox 1259 4874 1491 4942; x_wconf 88' lang='lat' dir='ltr'><strong>quando</strong></span> <span class='ocrx_word' id='word_1_409' title='bbox 1518 4873 1662 4928; x_wconf 90' lang='lat' dir='ltr'><strong>bene</strong></span> <span class='ocrx_word' id='word_1_410' title='bbox 1685 4871 2032 4940; x_wconf 76' lang='lat' dir='ltr'><strong>significant,</strong></span> 
     </span>
    </p>
   </div>
   <div class='ocr_carea' id='block_1_53' title="bbox 327 4959 2037 5033">
    <p class='ocr_par' dir='ltr' id='par_1_53' title="bbox 327 4959 2037 5033">
     <span class='ocr_line' id='line_1_53' title="bbox 327 4959 2037 5033; baseline -0.001 -16"><span class='ocrx_word' id='word_1_411' title='bbox 327 4977 436 5017; x_wconf 87' lang='lat' dir='ltr'><strong>nec</strong></span> <span class='ocrx_word' id='word_1_412' title='bbox 469 4959 830 5016; x_wconf 87' lang='lat' dir='ltr'><strong>mendaciter</strong></span> <span class='ocrx_word' id='word_1_413' title='bbox 854 4961 1241 5031; x_wconf 87' lang='lat' dir='ltr'><strong>proferuntur.</strong></span> <span class='ocrx_word' id='word_1_414' title='bbox 1267 4962 1476 5018; x_wconf 89' lang='lat' dir='ltr'><strong>Omnia</strong></span> <span class='ocrx_word' id='word_1_415' title='bbox 1507 4961 1721 5033; x_wconf 90' lang='lat' dir='ltr'><strong>quippe</strong></span> <span class='ocrx_word' id='word_1_416' title='bbox 1739 4961 2037 5032; x_wconf 66' lang='lat' dir='ltr'><strong>signaque:</strong></span> 
     </span>
    </p>
   </div>
   <div class='ocr_carea' id='block_1_54' title="bbox 327 5048 2041 5121">
    <p class='ocr_par' dir='ltr' id='par_1_54' title="bbox 327 5048 2041 5121">
     <span class='ocr_line' id='line_1_54' title="bbox 327 5048 2041 5121; baseline 0 -18"><span class='ocrx_word' id='word_1_417' title='bbox 327 5048 686 5121; x_wconf 82' lang='lat' dir='ltr'><strong>proferimus</strong></span> <span class='ocrx_word' id='word_1_418' title='bbox 718 5049 899 5113; x_wconf 89' lang='lat' dir='ltr'><strong>sonis,</strong></span> <span class='ocrx_word' id='word_1_419' title='bbox 945 5049 1162 5118; x_wconf 78' lang='lat' dir='ltr'><strong>aliquid</strong></span> <span class='ocrx_word' id='word_1_420' title='bbox 1214 5049 1544 5120; x_wconf 84' lang='lat' dir='ltr'><strong>signiﬁcant</strong></span> <span class='ocrx_word' id='word_1_421' title='bbox 1592 5050 1744 5121; x_wconf 90' lang='lat' dir='ltr'><strong>quod</strong></span> <span class='ocrx_word' id='word_1_422' title='bbox 1789 5066 1903 5105; x_wconf 90' lang='lat' dir='ltr'><strong>non</strong></span> <span class='ocrx_word' id='word_1_423' title='bbox 1953 5053 2041 5104; x_wconf 88' lang='lat' dir='ltr'><strong>est</strong></span> 
     </span>
    </p>
   </div>
   <div class='ocr_carea' id='block_1_55' title="bbox 328 5137 2040 5211">
    <p class='ocr_par' dir='ltr' id='par_1_55' title="bbox 328 5137 2040 5211">
     <span class='ocr_line' id='line_1_55' title="bbox 328 5137 2040 5211; baseline -0.002 -16"><span class='ocrx_word' id='word_1_424' title='bbox 328 5155 538 5194; x_wconf 79' lang='lat' dir='ltr'><strong>sonus.</strong></span> <span class='ocrx_word' id='word_1_425' title='bbox 573 5137 700 5192; x_wconf 89' lang='lat' dir='ltr'><strong>Non</strong></span> <span class='ocrx_word' id='word_1_426' title='bbox 745 5137 898 5192; x_wconf 87' lang='lat' dir='ltr'><strong>enim</strong></span> <span class='ocrx_word' id='word_1_427' title='bbox 941 5138 1064 5193; x_wconf 83' lang='lat' dir='ltr'><strong>duae</strong></span> <span class='ocrx_word' id='word_1_428' title='bbox 1114 5139 1315 5194; x_wconf 84' lang='lat' dir='ltr'><strong>breves</strong></span> <span class='ocrx_word' id='word_1_429' title='bbox 1347 5139 1582 5211; x_wconf 64' lang='lat' dir='ltr'><strong>syllabae</strong></span> <span class='ocrx_word' id='word_1_430' title='bbox 1639 5139 1792 5194; x_wconf 82' lang='lat' dir='ltr'><strong>Deus</strong></span> <span class='ocrx_word' id='word_1_431' title='bbox 1837 5144 1945 5208; x_wconf 88' lang='lat' dir='ltr'><strong>est,</strong></span> <span class='ocrx_word' id='word_1_432' title='bbox 1989 5146 2040 5192; x_wconf 86' lang='lat' dir='ltr'><strong>et</strong></span> 
     </span>
    </p>
   </div>
   <div class='ocr_carea' id='block_1_56' title="bbox 329 5226 2042 5301">
    <p class='ocr_par' dir='ltr' id='par_1_56' title="bbox 329 5226 2042 5301">
     <span class='ocr_line' id='line_1_56' title="bbox 329 5226 2042 5301; baseline 0.001 -18"><span class='ocrx_word' id='word_1_433' title='bbox 329 5228 479 5285; x_wconf 86' lang='lat' dir='ltr'><strong>duas</strong></span> <span class='ocrx_word' id='word_1_434' title='bbox 513 5229 714 5286; x_wconf 87' lang='lat' dir='ltr'><strong>breves</strong></span> <span class='ocrx_word' id='word_1_435' title='bbox 745 5226 994 5300; x_wconf 74' lang='lat' dir='ltr'><strong>syllabas</strong></span> <span class='ocrx_word' id='word_1_436' title='bbox 1015 5228 1282 5297; x_wconf 88' lang='lat' dir='ltr'><strong>colimus,</strong></span> <span class='ocrx_word' id='word_1_437' title='bbox 1303 5237 1352 5286; x_wconf 93' lang='lat' dir='ltr'><strong>et</strong></span> <span class='ocrx_word' id='word_1_438' title='bbox 1377 5229 1524 5286; x_wconf 90' lang='lat' dir='ltr'><strong>duas</strong></span> <span class='ocrx_word' id='word_1_439' title='bbox 1554 5229 1758 5286; x_wconf 84' lang='lat' dir='ltr'><strong>breves</strong></span> <span class='ocrx_word' id='word_1_440' title='bbox 1789 5227 2042 5301; x_wconf 77' lang='lat' dir='ltr'><strong>syllabas</strong></span> 
     </span>
    </p>
   </div>
   <div class='ocr_carea' id='block_1_57' title="bbox 397 5442 1886 5507">
    <p class='ocr_par' dir='ltr' id='par_1_57' title="bbox 397 5442 1886 5507">
     <span class='ocr_line' id='line_1_57' title="bbox 397 5442 1886 5507; baseline 0.001 -13"><span class='ocrx_word' id='word_1_441' title='bbox 397 5449 412 5480; x_wconf 76' lang='grc'>³</span> <span class='ocrx_word' id='word_1_442' title='bbox 441 5445 592 5506; x_wconf 87' lang='lat' dir='ltr'><strong>Lov.,</strong></span> <span class='ocrx_word' id='word_1_443' title='bbox 625 5444 696 5492; x_wconf 86' lang='lat' dir='ltr'><strong>ad</strong></span> <span class='ocrx_word' id='word_1_444' title='bbox 725 5458 876 5506; x_wconf 69' lang='lat' dir='ltr'><strong>quem</strong></span> <span class='ocrx_word' id='word_1_445' title='bbox 907 5459 924 5493; x_wconf 88' lang='lat'><strong>:</strong></span> <span class='ocrx_word' id='word_1_446' title='bbox 950 5444 1339 5507; x_wconf 81' lang='lat' dir='ltr'><strong>refragantibus</strong></span> <span class='ocrx_word' id='word_1_447' title='bbox 1362 5445 1514 5494; x_wconf 85' lang='lat' dir='ltr'><strong>editis</strong></span> <span class='ocrx_word' id='word_1_448' title='bbox 1545 5443 1662 5494; x_wconf 89' lang='lat' dir='ltr'><strong>aliis</strong></span> <span class='ocrx_word' id='word_1_449' title='bbox 1691 5447 1742 5493; x_wconf 93' lang='lat' dir='ltr'><strong>et</strong></span> <span class='ocrx_word' id='word_1_450' title='bbox 1763 5442 1886 5495; x_wconf 87' lang='lat' dir='ltr'><strong>Mss.</strong></span> 
     </span>
    </p>
   </div>
   <div class='ocr_carea' id='block_1_58' title="bbox 398 5507 1000 5565">
    <p class='ocr_par' dir='ltr' id='par_1_58' title="bbox 398 5507 1000 5565">
     <span class='ocr_line' id='line_1_58' title="bbox 398 5507 1000 5565; baseline -0.002 -8"><span class='ocrx_word' id='word_1_451' title='bbox 398 5508 420 5541; x_wconf 69' lang='grc'><strong>2</strong></span> <span class='ocrx_word' id='word_1_452' title='bbox 448 5509 595 5565; x_wconf 62' lang='lat' dir='ltr'><strong>Mss,</strong></span> <span class='ocrx_word' id='word_1_453' title='bbox 630 5513 683 5554; x_wconf 84' lang='lat' dir='ltr'><strong>ut</strong></span> <span class='ocrx_word' id='word_1_454' title='bbox 706 5507 775 5555; x_wconf 79' lang='lat' dir='ltr'><strong>ad</strong></span> <span class='ocrx_word' id='word_1_455' title='bbox 804 5522 1000 5556; x_wconf 79' lang='lat' dir='ltr'><strong>sonum.</strong></span> 
     </span>
    </p>
   </div>
   <div class='ocr_carea' id='block_1_59' title="bbox 376 5569 2044 5684">
    <p class='ocr_par' dir='ltr' id='par_1_59' title="bbox 376 5569 2044 5684">
     <span class='ocr_line' id='line_1_59' title="bbox 400 5569 2044 5679; baseline -0.001 -61"><span class='ocrx_word' id='word_1_456' title='bbox 400 5573 422 5603; x_wconf 78' lang='grc'><strong>³</strong></span> <span class='ocrx_word' id='word_1_457' title='bbox 444 5570 530 5618; x_wconf 86' lang='lat' dir='ltr'><strong>Sic</strong></span> <span class='ocrx_word' id='word_1_458' title='bbox 547 5572 684 5679; x_wconf 56' lang='lat' dir='ltr'><strong>(Mss.</strong></span> <span class='ocrx_word' id='word_1_459' title='bbox 718 5573 781 5620; x_wconf 79' lang='lat' dir='ltr'><strong>At</strong></span> <span class='ocrx_word' id='word_1_460' title='bbox 801 5570 927 5620; x_wconf 88' lang='lat' dir='ltr'><strong>editi</strong></span> <span class='ocrx_word' id='word_1_461' title='bbox 952 5573 1071 5620; x_wconf 83' lang='lat' dir='ltr'><strong>Am.</strong></span> <span class='ocrx_word' id='word_1_462' title='bbox 1095 5569 1221 5620; x_wconf 89' lang='lat' dir='ltr'><strong>Bad.</strong></span> <span class='ocrx_word' id='word_1_463' title='bbox 1247 5570 1349 5626; x_wconf 85' lang='lat' dir='ltr'><strong>Er.,</strong></span> <span class='ocrx_word' id='word_1_464' title='bbox 1372 5570 1508 5634; x_wconf 89' lang='lat' dir='ltr'><strong>quod</strong></span> <span class='ocrx_word' id='word_1_465' title='bbox 1537 5578 1739 5622; x_wconf 83' lang='lat' dir='ltr'><strong>vocant.</strong></span> <span class='ocrx_word' id='word_1_466' title='bbox 1771 5572 1917 5633; x_wconf 83' lang='lat' dir='ltr'><strong>Lov.,</strong></span> <span class='ocrx_word' id='word_1_467' title='bbox 1945 5585 2044 5634; x_wconf 84' lang='lat' dir='ltr'><strong>quo</strong></span> 
     </span>
     <span class='ocr_line' id='line_1_60' title="bbox 376 5646 652 5684; baseline -0.014 -4"><span class='ocrx_word' id='word_1_468' title='bbox 376 5646 538 5680; x_wconf 76' lang='lat' dir='ltr'><strong>eocan</strong></span> <span class='ocrx_word' id='word_1_469' title='bbox 572 5647 652 5684; x_wconf 78' lang='lat' dir='ltr'><strong>ur,</strong></span> 
     </span>
    </p>
   </div>
   <div class='ocr_carea' id='block_1_60' title="bbox 1523 231 2730 298">
    <p class='ocr_par' dir='ltr' id='par_1_60' title="bbox 1523 231 2730 298">
     <span class='ocr_line' id='line_1_61' title="bbox 1523 231 2730 298; baseline -0.006 -1"><span class='ocrx_word' id='word_1_470' title='bbox 1523 232 1992 298; x_wconf 75' lang='lat' dir='ltr'><strong>TRACTATUS</strong></span> <span class='ocrx_word' id='word_1_471' title='bbox 2037 231 2248 294; x_wconf 83' lang='lat' dir='ltr'><strong>XXIX.</strong></span> <span class='ocrx_word' id='word_1_472' title='bbox 2297 233 2557 296; x_wconf 83' lang='lat' dir='ltr'><strong>CAPUT</strong></span> <span class='ocrx_word' id='word_1_473' title='bbox 2599 236 2730 297; x_wconf 84' lang='lat' dir='ltr'><strong>Vll.</strong></span> 
     </span>
    </p>
   </div>
   <div class='ocr_carea' id='block_1_61' title="bbox 3694 242 3853 306">
    <p class='ocr_par' dir='ltr' id='par_1_61' title="bbox 3694 242 3853 306">
     <span class='ocr_line' id='line_1_62' title="bbox 3694 242 3853 306; baseline 0.019 -3"><span class='ocrx_word' id='word_1_474' title='bbox 3694 242 3853 306; x_wconf 83' lang='grc'><strong>1630</strong></span> 
     </span>
    </p>
   </div>
   <div class='ocr_carea' id='block_1_62' title="bbox 2149 371 3850 448">
    <p class='ocr_par' dir='ltr' id='par_1_62' title="bbox 2149 371 3850 448">
     <span class='ocr_line' id='line_1_63' title="bbox 2149 371 3850 448; baseline 0.008 -25"><span class='ocrx_word' id='word_1_475' title='bbox 2149 371 2480 436; x_wconf 83' lang='lat' dir='ltr'><strong>adoramus,</strong></span> <span class='ocrx_word' id='word_1_476' title='bbox 2515 377 2567 424; x_wconf 93' lang='lat' dir='ltr'><strong>et</strong></span> <span class='ocrx_word' id='word_1_477' title='bbox 2596 371 2664 424; x_wconf 87' lang='lat' dir='ltr'><strong>ad</strong></span> <span class='ocrx_word' id='word_1_478' title='bbox 2697 371 2844 428; x_wconf 88' lang='lat' dir='ltr'><strong>duas</strong></span> <span class='ocrx_word' id='word_1_479' title='bbox 2876 372 3069 430; x_wconf 80' lang='lat' dir='ltr'><strong>breves</strong></span> <span class='ocrx_word' id='word_1_480' title='bbox 3098 373 3344 445; x_wconf 85' lang='lat' dir='ltr'><strong>syllabas</strong></span> <span class='ocrx_word' id='word_1_481' title='bbox 3374 377 3676 448; x_wconf 86' lang='lat' dir='ltr'><strong>pervenire</strong></span> <span class='ocrx_word' id='word_1_482' title='bbox 3697 379 3850 436; x_wconf 87' lang='lat' dir='ltr'><strong>desi-</strong></span> 
     </span>
    </p>
   </div>
   <div class='ocr_carea' id='block_1_63' title="bbox 2149 458 3847 540">
    <p class='ocr_par' dir='ltr' id='par_1_63' title="bbox 2149 458 3847 540">
     <span class='ocr_line' id='line_1_64' title="bbox 2149 458 3847 540; baseline 0.008 -28"><span class='ocrx_word' id='word_1_483' title='bbox 2149 458 2422 514; x_wconf 88' lang='lat' dir='ltr'><strong>deramus</strong></span> <span class='ocrx_word' id='word_1_484' title='bbox 2441 475 2454 512; x_wconf 87' lang='lat'><strong>:</strong></span> <span class='ocrx_word' id='word_1_485' title='bbox 2471 475 2596 530; x_wconf 68' lang='lat' dir='ltr'><strong>quae</strong></span> <span class='ocrx_word' id='word_1_486' title='bbox 2613 476 2756 530; x_wconf 90' lang='lat' dir='ltr'><strong>pene</strong></span> <span class='ocrx_word' id='word_1_487' title='bbox 2778 468 2913 517; x_wconf 90' lang='lat' dir='ltr'><strong>ante</strong></span> <span class='ocrx_word' id='word_1_488' title='bbox 2932 462 3205 518; x_wconf 89' lang='lat' dir='ltr'><strong>desinunt</strong></span> <span class='ocrx_word' id='word_1_489' title='bbox 3224 480 3450 535; x_wconf 84' lang='lat' dir='ltr'><strong>sonare,</strong></span> <span class='ocrx_word' id='word_1_490' title='bbox 3474 482 3648 536; x_wconf 90' lang='lat' dir='ltr'><strong>quam</strong></span> <span class='ocrx_word' id='word_1_491' title='bbox 3663 483 3847 540; x_wconf 76' lang='lat' dir='ltr'><strong>caepe-</strong></span> 
     </span>
    </p>
   </div>
   <div class='ocr_carea' id='block_1_64' title="bbox 2150 547 3847 627">
    <p class='ocr_par' dir='ltr' id='par_1_64' title="bbox 2150 547 3847 627">
     <span class='ocr_line' id='line_1_65' title="bbox 2150 547 3847 627; baseline 0.008 -26"><span class='ocrx_word' id='word_1_492' title='bbox 2150 547 2261 602; x_wconf 90' lang='lat' dir='ltr'><strong>rint</strong></span> <span class='ocrx_word' id='word_1_493' title='bbox 2289 573 2302 615; x_wconf 87' lang='lat'><strong>;</strong></span> <span class='ocrx_word' id='word_1_494' title='bbox 2337 565 2441 604; x_wconf 91' lang='lat' dir='ltr'><strong>nec</strong></span> <span class='ocrx_word' id='word_1_495' title='bbox 2475 549 2532 606; x_wconf 91' lang='lat' dir='ltr'><strong>in</strong></span> <span class='ocrx_word' id='word_1_496' title='bbox 2563 552 2644 605; x_wconf 89' lang='lat' dir='ltr'><strong>eis</strong></span> <span class='ocrx_word' id='word_1_497' title='bbox 2674 553 2934 607; x_wconf 70' lang='lat' dir='ltr'><strong>secundae</strong></span> <span class='ocrx_word' id='word_1_498' title='bbox 2967 552 3129 608; x_wconf 87' lang='lat' dir='ltr'><strong>locus</strong></span> <span class='ocrx_word' id='word_1_499' title='bbox 3161 561 3260 623; x_wconf 89' lang='lat' dir='ltr'><strong>est,</strong></span> <span class='ocrx_word' id='word_1_500' title='bbox 3293 555 3402 609; x_wconf 91' lang='lat' dir='ltr'><strong>nisi</strong></span> <span class='ocrx_word' id='word_1_501' title='bbox 3439 556 3621 627; x_wconf 89' lang='lat' dir='ltr'><strong>prima</strong></span> <span class='ocrx_word' id='word_1_502' title='bbox 3653 562 3847 614; x_wconf 88' lang='lat' dir='ltr'><strong>trans-</strong></span> 
     </span>
    </p>
   </div>
   <div class='ocr_carea' id='block_1_65' title="bbox 2147 635 3847 718">
    <p class='ocr_par' dir='ltr' id='par_1_65' title="bbox 2147 635 3847 718">
     <span class='ocr_line' id='line_1_66' title="bbox 2147 635 3847 718; baseline 0.007 -28"><span class='ocrx_word' id='word_1_503' title='bbox 2147 635 2293 694; x_wconf 88' lang='lat' dir='ltr'><strong>ierit.</strong></span> <span class='ocrx_word' id='word_1_504' title='bbox 2325 639 2512 694; x_wconf 83' lang='lat' dir='ltr'><strong>Manet</strong></span> <span class='ocrx_word' id='word_1_505' title='bbox 2542 656 2678 712; x_wconf 92' lang='lat' dir='ltr'><strong>ergo</strong></span> <span class='ocrx_word' id='word_1_506' title='bbox 2703 641 2923 714; x_wconf 89' lang='lat' dir='ltr'><strong>aliquid</strong></span> <span class='ocrx_word' id='word_1_507' title='bbox 2954 660 3231 715; x_wconf 89' lang='lat' dir='ltr'><strong>magnum</strong></span> <span class='ocrx_word' id='word_1_508' title='bbox 3263 647 3415 718; x_wconf 91' lang='lat' dir='ltr'><strong>quod</strong></span> <span class='ocrx_word' id='word_1_509' title='bbox 3441 647 3653 701; x_wconf 89' lang='lat' dir='ltr'><strong>dicitur</strong></span> <span class='ocrx_word' id='word_1_510' title='bbox 3680 649 3847 717; x_wconf 91' lang='lat' dir='ltr'><strong>Deus,</strong></span> 
     </span>
    </p>
   </div>
   <div class='ocr_carea' id='block_1_66' title="bbox 2148 728 3852 796">
    <p class='ocr_par' dir='ltr' id='par_1_66' title="bbox 2148 728 3852 796">
     <span class='ocr_line' id='line_1_67' title="bbox 2148 728 3852 796; baseline 0.006 -15"><span class='ocrx_word' id='word_1_511' title='bbox 2148 728 2410 796; x_wconf 87' lang='lat' dir='ltr'><strong>quamvis</strong></span> <span class='ocrx_word' id='word_1_512' title='bbox 2434 746 2547 784; x_wconf 90' lang='lat' dir='ltr'><strong>non</strong></span> <span class='ocrx_word' id='word_1_513' title='bbox 2581 737 2781 788; x_wconf 90' lang='lat' dir='ltr'><strong>manet</strong></span> <span class='ocrx_word' id='word_1_514' title='bbox 2811 749 2989 788; x_wconf 91' lang='lat' dir='ltr'><strong>sonus</strong></span> <span class='ocrx_word' id='word_1_515' title='bbox 3021 751 3155 789; x_wconf 91' lang='lat' dir='ltr'><strong>cum</strong></span> <span class='ocrx_word' id='word_1_516' title='bbox 3187 734 3400 790; x_wconf 90' lang='lat' dir='ltr'><strong>dicitur</strong></span> <span class='ocrx_word' id='word_1_517' title='bbox 3430 737 3599 791; x_wconf 90' lang='lat' dir='ltr'><strong>Deus.</strong></span> <span class='ocrx_word' id='word_1_518' title='bbox 3634 737 3725 790; x_wconf 91' lang='lat' dir='ltr'><strong>Sic</strong></span> <span class='ocrx_word' id='word_1_519' title='bbox 3757 737 3852 792; x_wconf 79' lang='lat' dir='ltr'><strong>in-</strong></span> 
     </span>
    </p>
   </div>
   <div class='ocr_carea' id='block_1_67' title="bbox 2147 817 3846 894">
    <p class='ocr_par' dir='ltr' id='par_1_67' title="bbox 2147 817 3846 894">
     <span class='ocr_line' id='line_1_68' title="bbox 2147 817 3846 894; baseline 0.006 -25"><span class='ocrx_word' id='word_1_520' title='bbox 2147 817 2364 872; x_wconf 84' lang='lat' dir='ltr'><strong>tendite</strong></span> <span class='ocrx_word' id='word_1_521' title='bbox 2394 819 2715 876; x_wconf 88' lang='lat' dir='ltr'><strong>doetrinam</strong></span> <span class='ocrx_word' id='word_1_522' title='bbox 2747 822 2984 891; x_wconf 91' lang='lat' dir='ltr'><strong>Christi,</strong></span> <span class='ocrx_word' id='word_1_523' title='bbox 3009 827 3064 878; x_wconf 91' lang='lat' dir='ltr'><strong>et</strong></span> <span class='ocrx_word' id='word_1_524' title='bbox 3096 824 3440 894; x_wconf 88' lang='lat' dir='ltr'><strong>pervenietis</strong></span> <span class='ocrx_word' id='word_1_525' title='bbox 3473 826 3542 881; x_wconf 90' lang='lat' dir='ltr'><strong>ad</strong></span> <span class='ocrx_word' id='word_1_526' title='bbox 3600 826 3846 881; x_wconf 89' lang='lat' dir='ltr'><strong>Verbum</strong></span> 
     </span>
    </p>
   </div>
   <div class='ocr_carea' id='block_1_68' title="bbox 2146 904 3852 981">
    <p class='ocr_par' dir='ltr' id='par_1_68' title="bbox 2146 904 3852 981">
     <span class='ocr_line' id='line_1_69' title="bbox 2146 904 3852 981; baseline 0.006 -23"><span class='ocrx_word' id='word_1_527' title='bbox 2146 904 2244 959; x_wconf 91' lang='lat' dir='ltr'><strong>Dei</strong></span> <span class='ocrx_word' id='word_1_528' title='bbox 2279 921 2292 959; x_wconf 91' lang='lat'><strong>:</strong></span> <span class='ocrx_word' id='word_1_529' title='bbox 2327 923 2456 961; x_wconf 89' lang='lat' dir='ltr'><strong>cum</strong></span> <span class='ocrx_word' id='word_1_530' title='bbox 2490 913 2681 964; x_wconf 89' lang='lat' dir='ltr'><strong>autem</strong></span> <span class='ocrx_word' id='word_1_531' title='bbox 2713 911 3090 981; x_wconf 87' lang='lat' dir='ltr'><strong>perveneritis</strong></span> <span class='ocrx_word' id='word_1_532' title='bbox 3121 913 3190 966; x_wconf 90' lang='lat' dir='ltr'><strong>ad</strong></span> <span class='ocrx_word' id='word_1_533' title='bbox 3214 912 3487 980; x_wconf 68' lang='lat' dir='ltr'><strong>Verbum,</strong></span> <span class='ocrx_word' id='word_1_534' title='bbox 3525 913 3644 981; x_wconf 89' lang='lat' dir='ltr'><strong>Dei,</strong></span> <span class='ocrx_word' id='word_1_535' title='bbox 3670 914 3852 969; x_wconf 84' lang='lat' dir='ltr'><strong>inten-</strong></span> 
     </span>
    </p>
   </div>
   <div class='ocr_carea' id='block_1_69' title="bbox 2144 995 3848 1064">
    <p class='ocr_par' dir='ltr' id='par_1_69' title="bbox 2144 995 3848 1064">
     <span class='ocr_line' id='line_1_70' title="bbox 2144 995 3848 1064; baseline 0.007 -14"><span class='ocrx_word' id='word_1_536' title='bbox 2144 995 2282 1064; x_wconf 89' lang='lat' dir='ltr'><strong>dite,</strong></span> <span class='ocrx_word' id='word_1_537' title='bbox 2316 999 2453 1054; x_wconf 83' lang='lat' dir='ltr'><strong>Deus</strong></span> <span class='ocrx_word' id='word_1_538' title='bbox 2486 1012 2606 1054; x_wconf 81' lang='lat' dir='ltr'><strong>erat</strong></span> <span class='ocrx_word' id='word_1_539' title='bbox 2647 1002 2868 1056; x_wconf 85' lang='lat' dir='ltr'><strong>Serbum</strong></span> <span class='ocrx_word' id='word_1_540' title='bbox 2895 1020 2916 1064; x_wconf 84' lang='grc'><strong>,·</strong></span> <span class='ocrx_word' id='word_1_541' title='bbox 2967 1012 3018 1058; x_wconf 90' lang='lat' dir='ltr'><strong>et</strong></span> <span class='ocrx_word' id='word_1_542' title='bbox 3071 1004 3344 1060; x_wconf 85' lang='lat' dir='ltr'><strong>videbitis</strong></span> <span class='ocrx_word' id='word_1_543' title='bbox 3379 1021 3579 1060; x_wconf 90' lang='lat' dir='ltr'><strong>verum</strong></span> <span class='ocrx_word' id='word_1_544' title='bbox 3628 1005 3848 1062; x_wconf 86' lang='lat' dir='ltr'><strong>dictum</strong></span> 
     </span>
    </p>
   </div>
   <div class='ocr_carea' id='block_1_70' title="bbox 2145 1091 3845 1166">
    <p class='ocr_par' dir='ltr' id='par_1_70' title="bbox 2145 1091 3845 1166">
     <span class='ocr_line' id='line_1_71' title="bbox 2145 1091 3845 1166; baseline 0.005 -24"><span class='ocrx_word' id='word_1_545' title='bbox 2145 1103 2290 1157; x_wconf 90' lang='lat' dir='ltr'><strong>esse,</strong></span> <span class='ocrx_word' id='word_1_546' title='bbox 2309 1107 2429 1145; x_wconf 86' lang='lat' dir='ltr'><strong>mea</strong></span> <span class='ocrx_word' id='word_1_547' title='bbox 2444 1091 2690 1148; x_wconf 78' lang='lat' dir='ltr'><strong>doctrina</strong></span> <span class='ocrx_word' id='word_1_548' title='bbox 2705 1111 2723 1147; x_wconf 92' lang='lat'><strong>:</strong></span> <span class='ocrx_word' id='word_1_549' title='bbox 2743 1093 3027 1150; x_wconf 89' lang='lat' dir='ltr'><strong>intendite</strong></span> <span class='ocrx_word' id='word_1_550' title='bbox 3044 1094 3216 1149; x_wconf 85' lang='lat' dir='ltr'><strong>etiam</strong></span> <span class='ocrx_word' id='word_1_551' title='bbox 3236 1096 3402 1165; x_wconf 86' lang='lat' dir='ltr'><strong>cujus</strong></span> <span class='ocrx_word' id='word_1_552' title='bbox 3422 1101 3510 1150; x_wconf 87' lang='lat' dir='ltr'><strong>est</strong></span> <span class='ocrx_word' id='word_1_553' title='bbox 3547 1095 3803 1151; x_wconf 87' lang='lat' dir='ltr'><strong>Verbum</strong></span> <span class='ocrx_word' id='word_1_554' title='bbox 3830 1118 3845 1166; x_wconf 84' lang='lat'><strong>;</strong></span> 
     </span>
    </p>
   </div>
   <div class='ocr_carea' id='block_1_71' title="bbox 2146 1183 3528 1256">
    <p class='ocr_par' dir='ltr' id='par_1_71' title="bbox 2146 1183 3528 1256">
     <span class='ocr_line' id='line_1_72' title="bbox 2146 1183 3528 1256; baseline 0.002 -17"><span class='ocrx_word' id='word_1_555' title='bbox 2146 1193 2195 1239; x_wconf 90' lang='lat' dir='ltr'><strong>et</strong></span> <span class='ocrx_word' id='word_1_556' title='bbox 2231 1183 2500 1238; x_wconf 67' lang='lat' dir='ltr'><strong>videbitis</strong></span> <span class='ocrx_word' id='word_1_557' title='bbox 2534 1190 2682 1238; x_wconf 89' lang='lat' dir='ltr'><strong>recte</strong></span> <span class='ocrx_word' id='word_1_558' title='bbox 2713 1185 2932 1240; x_wconf 91' lang='lat' dir='ltr'><strong>dictum</strong></span> <span class='ocrx_word' id='word_1_559' title='bbox 2967 1202 3113 1256; x_wconf 90' lang='lat' dir='ltr'><strong>esse,</strong></span> <span class='ocrx_word' id='word_1_560' title='bbox 3146 1203 3255 1244; x_wconf 86' lang='lat' dir='ltr'><strong>non</strong></span> <span class='ocrx_word' id='word_1_561' title='bbox 3279 1195 3356 1242; x_wconf 78' lang='lat' dir='ltr'><strong>est</strong></span> <span class='ocrx_word' id='word_1_562' title='bbox 3390 1204 3528 1242; x_wconf 87' lang='lat' dir='ltr'><strong>mea.</strong></span> 
     </span>
    </p>
   </div>
   <div class='ocr_carea' id='block_1_72' title="bbox 2217 1273 3850 1346">
    <p class='ocr_par' dir='ltr' id='par_1_72' title="bbox 2217 1273 3850 1346">
     <span class='ocr_line' id='line_1_73' title="bbox 2217 1273 3850 1346; baseline 0.004 -18"><span class='ocrx_word' id='word_1_563' title='bbox 2304 1273 2559 1330; x_wconf 87' lang='lat' dir='ltr'><strong>Breviter</strong></span> <span class='ocrx_word' id='word_1_564' title='bbox 2587 1290 2722 1344; x_wconf 87' lang='lat' dir='ltr'><strong>ergo</strong></span> <span class='ocrx_word' id='word_1_565' title='bbox 2746 1275 2872 1328; x_wconf 91' lang='lat' dir='ltr'><strong>dico</strong></span> <span class='ocrx_word' id='word_1_566' title='bbox 2889 1274 3171 1330; x_wconf 86' lang='lat' dir='ltr'><strong>Charitati</strong></span> <span class='ocrx_word' id='word_1_567' title='bbox 3202 1282 3436 1346; x_wconf 74' lang='lat' dir='ltr'><strong>vestrae;</strong></span> <span class='ocrx_word' id='word_1_568' title='bbox 3481 1278 3586 1333; x_wconf 89' lang='lat' dir='ltr'><strong>hoc</strong></span> <span class='ocrx_word' id='word_1_569' title='bbox 3627 1280 3850 1334; x_wconf 86' lang='lat' dir='ltr'><strong>videtur</strong></span> 
     </span>
    </p>
   </div>
   <div class='ocr_carea' id='block_1_73' title="bbox 2147 1363 3849 1436">
    <p class='ocr_par' dir='ltr' id='par_1_73' title="bbox 2147 1363 3849 1436">
     <span class='ocr_line' id='line_1_74' title="bbox 2147 1363 3849 1436; baseline 0.005 -18"><span class='ocrx_word' id='word_1_570' title='bbox 2147 1363 2526 1418; x_wconf 85' lang='lat' dir='ltr'><strong>mihidixisse</strong></span> <span class='ocrx_word' id='word_1_571' title='bbox 2569 1365 2848 1420; x_wconf 88' lang='lat' dir='ltr'><strong>Dominus</strong></span> <span class='ocrx_word' id='word_1_572' title='bbox 2893 1367 3066 1421; x_wconf 89' lang='lat' dir='ltr'><strong>Jesus</strong></span> <span class='ocrx_word' id='word_1_573' title='bbox 3104 1367 3386 1436; x_wconf 87' lang='lat' dir='ltr'><strong>Christus,</strong></span> <span class='ocrx_word' id='word_1_574' title='bbox 3439 1367 3548 1423; x_wconf 83' lang='lat' dir='ltr'><strong>Mea</strong></span> <span class='ocrx_word' id='word_1_575' title='bbox 3595 1369 3849 1426; x_wconf 74' lang='lat' dir='ltr'><strong>doctrina</strong></span> 
     </span>
    </p>
   </div>
   <div class='ocr_carea' id='block_1_74' title="bbox 2145 1455 3845 1530">
    <p class='ocr_par' dir='ltr' id='par_1_74' title="bbox 2145 1455 3845 1530">
     <span class='ocr_line' id='line_1_75' title="bbox 2145 1455 3845 1530; baseline 0.004 -23"><span class='ocrx_word' id='word_1_576' title='bbox 2145 1469 2252 1507; x_wconf 87' lang='lat' dir='ltr'><strong>non</strong></span> <span class='ocrx_word' id='word_1_577' title='bbox 2274 1460 2348 1509; x_wconf 80' lang='lat' dir='ltr'><strong>est</strong></span> <span class='ocrx_word' id='word_1_578' title='bbox 2378 1469 2522 1520; x_wconf 91' lang='lat' dir='ltr'><strong>mea,</strong></span> <span class='ocrx_word' id='word_1_579' title='bbox 2554 1471 2618 1508; x_wconf 89' lang='lat' dir='ltr'><strong>ac</strong></span> <span class='ocrx_word' id='word_1_580' title='bbox 2651 1455 2697 1508; x_wconf 91' lang='lat' dir='ltr'><strong>si</strong></span> <span class='ocrx_word' id='word_1_581' title='bbox 2739 1455 2976 1510; x_wconf 90' lang='lat' dir='ltr'><strong>diceret.</strong></span> <span class='ocrx_word' id='word_1_582' title='bbox 3017 1455 3134 1526; x_wconf 84' lang='lat' dir='ltr'><strong>Ego</strong></span> <span class='ocrx_word' id='word_1_583' title='bbox 3193 1473 3308 1511; x_wconf 91' lang='lat' dir='ltr'><strong>non</strong></span> <span class='ocrx_word' id='word_1_584' title='bbox 3341 1473 3469 1511; x_wconf 89' lang='lat' dir='ltr'><strong>sum</strong></span> <span class='ocrx_word' id='word_1_585' title='bbox 3519 1475 3551 1511; x_wconf 92' lang='lat' dir='ltr'><strong>a</strong></span> <span class='ocrx_word' id='word_1_586' title='bbox 3600 1459 3845 1530; x_wconf 90' lang='lat' dir='ltr'><strong>meipso.</strong></span> 
     </span>
    </p>
   </div>
   <div class='ocr_carea' id='block_1_75' title="bbox 2147 1543 3849 1618">
    <p class='ocr_par' dir='ltr' id='par_1_75' title="bbox 2147 1543 3849 1618">
     <span class='ocr_line' id='line_1_76' title="bbox 2147 1543 3849 1618; baseline 0.003 -20"><span class='ocrx_word' id='word_1_587' title='bbox 2147 1543 2421 1608; x_wconf 88' lang='lat' dir='ltr'><strong>Quamvis</strong></span> <span class='ocrx_word' id='word_1_588' title='bbox 2435 1546 2589 1598; x_wconf 91' lang='lat' dir='ltr'><strong>enim</strong></span> <span class='ocrx_word' id='word_1_589' title='bbox 2608 1545 2812 1600; x_wconf 88' lang='lat' dir='ltr'><strong>Filium</strong></span> <span class='ocrx_word' id='word_1_590' title='bbox 2831 1544 2982 1600; x_wconf 88' lang='lat' dir='ltr'><strong>Patri</strong></span> <span class='ocrx_word' id='word_1_591' title='bbox 2998 1546 3327 1600; x_wconf 82' lang='lat' dir='ltr'><strong>dicamuset</strong></span> <span class='ocrx_word' id='word_1_592' title='bbox 3346 1546 3647 1601; x_wconf 88' lang='lat' dir='ltr'><strong>credamus</strong></span> <span class='ocrx_word' id='word_1_593' title='bbox 3662 1565 3849 1618; x_wconf 64' lang='lat' dir='ltr'><strong>aequa-</strong></span> 
     </span>
    </p>
   </div>
   <div class='ocr_carea' id='block_1_76' title="bbox 2145 1633 3851 1708">
    <p class='ocr_par' dir='ltr' id='par_1_76' title="bbox 2145 1633 3851 1708">
     <span class='ocr_line' id='line_1_77' title="bbox 2145 1633 3851 1708; baseline 0.002 -20"><span class='ocrx_word' id='word_1_594' title='bbox 2145 1633 2281 1701; x_wconf 90' lang='lat' dir='ltr'><strong>lem,</strong></span> <span class='ocrx_word' id='word_1_595' title='bbox 2306 1651 2408 1689; x_wconf 89' lang='lat' dir='ltr'><strong>nec</strong></span> <span class='ocrx_word' id='word_1_596' title='bbox 2423 1633 2603 1689; x_wconf 89' lang='lat' dir='ltr'><strong>ullam</strong></span> <span class='ocrx_word' id='word_1_597' title='bbox 2621 1635 2678 1689; x_wconf 93' lang='lat' dir='ltr'><strong>in</strong></span> <span class='ocrx_word' id='word_1_598' title='bbox 2693 1635 2915 1690; x_wconf 90' lang='lat' dir='ltr'><strong>eisesse</strong></span> <span class='ocrx_word' id='word_1_599' title='bbox 2930 1639 3145 1690; x_wconf 60' lang='lat' dir='ltr'><strong>natura;</strong></span> <span class='ocrx_word' id='word_1_600' title='bbox 3161 1636 3851 1708; x_wconf 72' lang='lat' dir='ltr'><strong>substantitequedistan-</strong></span> 
     </span>
    </p>
   </div>
   <div class='ocr_carea' id='block_1_77' title="bbox 2146 1725 3842 1797">
    <p class='ocr_par' dir='ltr' id='par_1_77' title="bbox 2146 1725 3842 1797">
     <span class='ocr_line' id='line_1_78' title="bbox 2146 1725 3842 1797; baseline 0.002 -17"><span class='ocrx_word' id='word_1_601' title='bbox 2146 1726 2424 1790; x_wconf 88' lang='lat' dir='ltr'><strong>tiam,nec</strong></span> <span class='ocrx_word' id='word_1_602' title='bbox 2449 1725 2594 1781; x_wconf 90' lang='lat' dir='ltr'><strong>inter</strong></span> <span class='ocrx_word' id='word_1_603' title='bbox 2615 1731 2987 1795; x_wconf 84' lang='lat' dir='ltr'><strong>generantem</strong></span> <span class='ocrx_word' id='word_1_604' title='bbox 3013 1733 3188 1796; x_wconf 90' lang='lat' dir='ltr'><strong>atque</strong></span> <span class='ocrx_word' id='word_1_605' title='bbox 3227 1730 3565 1796; x_wconf 86' lang='lat' dir='ltr'><strong>generatum</strong></span> <span class='ocrx_word' id='word_1_606' title='bbox 3607 1727 3842 1797; x_wconf 80' lang='lat' dir='ltr'><strong>aliquod</strong></span> 
     </span>
    </p>
   </div>
   <div class='ocr_carea' id='block_1_78' title="bbox 2145 1814 3848 1886">
    <p class='ocr_par' dir='ltr' id='par_1_78' title="bbox 2145 1814 3848 1886">
     <span class='ocr_line' id='line_1_79' title="bbox 2145 1814 3848 1886; baseline 0.001 -16"><span class='ocrx_word' id='word_1_607' title='bbox 2145 1814 2480 1870; x_wconf 88' lang='lat' dir='ltr'><strong>interfuisse</strong></span> <span class='ocrx_word' id='word_1_608' title='bbox 2511 1816 2788 1886; x_wconf 90' lang='lat' dir='ltr'><strong>temporis</strong></span> <span class='ocrx_word' id='word_1_609' title='bbox 2821 1815 3208 1883; x_wconf 85' lang='lat' dir='ltr'><strong>intervallum;</strong></span> <span class='ocrx_word' id='word_1_610' title='bbox 3257 1820 3447 1871; x_wconf 80' lang='lat' dir='ltr'><strong>tamen</strong></span> <span class='ocrx_word' id='word_1_611' title='bbox 3482 1816 3589 1871; x_wconf 91' lang='lat' dir='ltr'><strong>hoc</strong></span> <span class='ocrx_word' id='word_1_612' title='bbox 3623 1824 3848 1873; x_wconf 84' lang='lat' dir='ltr'><strong>servato</strong></span> 
     </span>
    </p>
   </div>
   <div class='ocr_carea' id='block_1_79' title="bbox 2145 1904 3849 1976">
    <p class='ocr_par' dir='ltr' id='par_1_79' title="bbox 2145 1904 3849 1976">
     <span class='ocr_line' id='line_1_80' title="bbox 2145 1904 3849 1976; baseline 0.002 -18"><span class='ocrx_word' id='word_1_613' title='bbox 2145 1909 2200 1959; x_wconf 90' lang='lat' dir='ltr'><strong>et</strong></span> <span class='ocrx_word' id='word_1_614' title='bbox 2232 1904 2521 1958; x_wconf 91' lang='lat' dir='ltr'><strong>custodito</strong></span> <span class='ocrx_word' id='word_1_615' title='bbox 2568 1905 2680 1958; x_wconf 89' lang='lat' dir='ltr'><strong>ista</strong></span> <span class='ocrx_word' id='word_1_616' title='bbox 2725 1905 2997 1971; x_wconf 86' lang='lat' dir='ltr'><strong>dicimus,</strong></span> <span class='ocrx_word' id='word_1_617' title='bbox 3049 1906 3201 1976; x_wconf 90' lang='lat' dir='ltr'><strong>quod</strong></span> <span class='ocrx_word' id='word_1_618' title='bbox 3239 1904 3332 1959; x_wconf 87' lang='lat' dir='ltr'><strong>ille</strong></span> <span class='ocrx_word' id='word_1_619' title='bbox 3382 1909 3547 1960; x_wconf 91' lang='lat' dir='ltr'><strong>Pater</strong></span> <span class='ocrx_word' id='word_1_620' title='bbox 3595 1913 3702 1972; x_wconf 85' lang='lat' dir='ltr'><strong>est,</strong></span> <span class='ocrx_word' id='word_1_621' title='bbox 3754 1907 3849 1961; x_wconf 88' lang='lat' dir='ltr'><strong>ille</strong></span> 
     </span>
    </p>
   </div>
   <div class='ocr_carea' id='block_1_80' title="bbox 2148 1992 3846 2063">
    <p class='ocr_par' dir='ltr' id='par_1_80' title="bbox 2148 1992 3846 2063">
     <span class='ocr_line' id='line_1_81' title="bbox 2148 1992 3846 2063; baseline 0.002 -16"><span class='ocrx_word' id='word_1_622' title='bbox 2148 1992 2348 2047; x_wconf 88' lang='lat' dir='ltr'><strong>Filius.</strong></span> <span class='ocrx_word' id='word_1_623' title='bbox 2385 1992 2547 2047; x_wconf 86' lang='lat' dir='ltr'><strong>Pater</strong></span> <span class='ocrx_word' id='word_1_624' title='bbox 2575 1997 2770 2048; x_wconf 92' lang='lat' dir='ltr'><strong>autem</strong></span> <span class='ocrx_word' id='word_1_625' title='bbox 2807 2010 2919 2048; x_wconf 92' lang='lat' dir='ltr'><strong>non</strong></span> <span class='ocrx_word' id='word_1_626' title='bbox 2951 1997 3058 2058; x_wconf 87' lang='lat' dir='ltr'><strong>est,</strong></span> <span class='ocrx_word' id='word_1_627' title='bbox 3094 1993 3140 2048; x_wconf 90' lang='lat' dir='ltr'><strong>si</strong></span> <span class='ocrx_word' id='word_1_628' title='bbox 3176 2009 3287 2047; x_wconf 91' lang='lat' dir='ltr'><strong>non</strong></span> <span class='ocrx_word' id='word_1_629' title='bbox 3340 1993 3550 2048; x_wconf 90' lang='lat' dir='ltr'><strong>habeat</strong></span> <span class='ocrx_word' id='word_1_630' title='bbox 3604 1995 3846 2063; x_wconf 87' lang='lat' dir='ltr'><strong>Filium;</strong></span> 
     </span>
    </p>
   </div>
   <div class='ocr_carea' id='block_1_81' title="bbox 2145 2082 3846 2147">
    <p class='ocr_par' dir='ltr' id='par_1_81' title="bbox 2145 2082 3846 2147">
     <span class='ocr_line' id='line_1_82' title="bbox 2145 2082 3846 2147; baseline 0.001 -9"><span class='ocrx_word' id='word_1_631' title='bbox 2145 2087 2202 2138; x_wconf 91' lang='lat' dir='ltr'><strong>et</strong></span> <span class='ocrx_word' id='word_1_632' title='bbox 2235 2082 2430 2146; x_wconf 84' lang='lat' dir='ltr'><strong>Filius,</strong></span> <span class='ocrx_word' id='word_1_633' title='bbox 2453 2099 2565 2136; x_wconf 91' lang='lat' dir='ltr'><strong>non</strong></span> <span class='ocrx_word' id='word_1_634' title='bbox 2599 2088 2706 2147; x_wconf 88' lang='lat' dir='ltr'><strong>est,</strong></span> <span class='ocrx_word' id='word_1_635' title='bbox 2741 2083 2918 2138; x_wconf 86' lang='lat' dir='ltr'><strong>sinon</strong></span> <span class='ocrx_word' id='word_1_636' title='bbox 2942 2082 3151 2138; x_wconf 87' lang='lat' dir='ltr'><strong>habeat</strong></span> <span class='ocrx_word' id='word_1_637' title='bbox 3185 2083 3409 2138; x_wconf 90' lang='lat' dir='ltr'><strong>Patrem</strong></span> <span class='ocrx_word' id='word_1_638' title='bbox 3445 2099 3457 2138; x_wconf 89' lang='lat'><strong>:</strong></span> <span class='ocrx_word' id='word_1_639' title='bbox 3510 2084 3610 2138; x_wconf 88' lang='lat' dir='ltr'><strong>sed</strong></span> <span class='ocrx_word' id='word_1_640' title='bbox 3651 2089 3846 2139; x_wconf 86' lang='lat' dir='ltr'><strong>tamen</strong></span> 
     </span>
    </p>
   </div>
   <div class='ocr_carea' id='block_1_82' title="bbox 2148 2171 3849 2241">
    <p class='ocr_par' dir='ltr' id='par_1_82' title="bbox 2148 2171 3849 2241">
     <span class='ocr_line' id='line_1_83' title="bbox 2148 2171 3849 2241; baseline 0.002 -14"><span class='ocrx_word' id='word_1_641' title='bbox 2148 2171 2327 2227; x_wconf 85' lang='lat' dir='ltr'><strong>Filius</strong></span> <span class='ocrx_word' id='word_1_642' title='bbox 2356 2173 2505 2228; x_wconf 90' lang='lat' dir='ltr'><strong>Deus</strong></span> <span class='ocrx_word' id='word_1_643' title='bbox 2536 2172 2606 2227; x_wconf 92' lang='lat' dir='ltr'><strong>de</strong></span> <span class='ocrx_word' id='word_1_644' title='bbox 2637 2173 2831 2241; x_wconf 86' lang='lat' dir='ltr'><strong>Patre;</strong></span> <span class='ocrx_word' id='word_1_645' title='bbox 2868 2177 3034 2228; x_wconf 88' lang='lat' dir='ltr'><strong>Pater</strong></span> <span class='ocrx_word' id='word_1_646' title='bbox 3062 2178 3254 2228; x_wconf 86' lang='lat' dir='ltr'><strong>autem</strong></span> <span class='ocrx_word' id='word_1_647' title='bbox 3288 2174 3459 2240; x_wconf 90' lang='lat' dir='ltr'><strong>Deus,</strong></span> <span class='ocrx_word' id='word_1_648' title='bbox 3487 2174 3582 2228; x_wconf 91' lang='lat' dir='ltr'><strong>sed</strong></span> <span class='ocrx_word' id='word_1_649' title='bbox 3635 2191 3746 2229; x_wconf 83' lang='lat' dir='ltr'><strong>non</strong></span> <span class='ocrx_word' id='word_1_650' title='bbox 3781 2175 3849 2230; x_wconf 87' lang='lat' dir='ltr'><strong>de</strong></span> 
     </span>
    </p>
   </div>
   <div class='ocr_carea' id='block_1_83' title="bbox 2147 2261 3845 2331">
    <p class='ocr_par' dir='ltr' id='par_1_83' title="bbox 2147 2261 3845 2331">
     <span class='ocr_line' id='line_1_84' title="bbox 2147 2261 3845 2331; baseline 0.001 -15"><span class='ocrx_word' id='word_1_651' title='bbox 2147 2261 2312 2318; x_wconf 89' lang='lat' dir='ltr'><strong>Filio.</strong></span> <span class='ocrx_word' id='word_1_652' title='bbox 2347 2263 2520 2318; x_wconf 90' lang='lat' dir='ltr'><strong>Pater</strong></span> <span class='ocrx_word' id='word_1_653' title='bbox 2541 2262 2689 2331; x_wconf 89' lang='lat' dir='ltr'><strong>Filii,</strong></span> <span class='ocrx_word' id='word_1_654' title='bbox 2720 2280 2833 2318; x_wconf 92' lang='lat' dir='ltr'><strong>non</strong></span> <span class='ocrx_word' id='word_1_655' title='bbox 2871 2265 3017 2317; x_wconf 89' lang='lat' dir='ltr'><strong>Deus</strong></span> <span class='ocrx_word' id='word_1_656' title='bbox 3045 2263 3115 2318; x_wconf 90' lang='lat' dir='ltr'><strong>de</strong></span> <span class='ocrx_word' id='word_1_657' title='bbox 3158 2262 3296 2317; x_wconf 86' lang='lat' dir='ltr'><strong>Filio</strong></span> <span class='ocrx_word' id='word_1_658' title='bbox 3332 2279 3343 2316; x_wconf 93' lang='lat'><strong>:</strong></span> <span class='ocrx_word' id='word_1_659' title='bbox 3379 2261 3477 2316; x_wconf 91' lang='lat' dir='ltr'><strong>ille</strong></span> <span class='ocrx_word' id='word_1_660' title='bbox 3521 2267 3710 2318; x_wconf 85' lang='lat' dir='ltr'><strong>autem</strong></span> <span class='ocrx_word' id='word_1_661' title='bbox 3746 2263 3845 2318; x_wconf 85' lang='lat' dir='ltr'><strong>Fi-</strong></span> 
     </span>
    </p>
   </div>
   <div class='ocr_carea' id='block_1_84' title="bbox 2145 2353 3847 2423">
    <p class='ocr_par' dir='ltr' id='par_1_84' title="bbox 2145 2353 3847 2423">
     <span class='ocr_line' id='line_1_85' title="bbox 2145 2353 3847 2423; baseline 0.001 -16"><span class='ocrx_word' id='word_1_662' title='bbox 2145 2353 2262 2408; x_wconf 90' lang='lat' dir='ltr'><strong>lius</strong></span> <span class='ocrx_word' id='word_1_663' title='bbox 2285 2354 2493 2420; x_wconf 88' lang='lat' dir='ltr'><strong>Patris,</strong></span> <span class='ocrx_word' id='word_1_664' title='bbox 2517 2359 2573 2410; x_wconf 88' lang='lat' dir='ltr'><strong>et</strong></span> <span class='ocrx_word' id='word_1_665' title='bbox 2604 2354 2755 2410; x_wconf 91' lang='lat' dir='ltr'><strong>Deus</strong></span> <span class='ocrx_word' id='word_1_666' title='bbox 2785 2357 2855 2409; x_wconf 92' lang='lat' dir='ltr'><strong>de</strong></span> <span class='ocrx_word' id='word_1_667' title='bbox 2878 2354 3063 2412; x_wconf 83' lang='lat' dir='ltr'><strong>Patre.</strong></span> <span class='ocrx_word' id='word_1_668' title='bbox 3090 2353 3367 2408; x_wconf 90' lang='lat' dir='ltr'><strong>Dominus</strong></span> <span class='ocrx_word' id='word_1_669' title='bbox 3388 2353 3555 2423; x_wconf 60' lang='lat' dir='ltr'><strong>:enim</strong></span> <span class='ocrx_word' id='word_1_670' title='bbox 3579 2353 3847 2410; x_wconf 89' lang='lat' dir='ltr'><strong>Christus</strong></span> 
     </span>
    </p>
   </div>
   <div class='ocr_carea' id='block_1_85' title="bbox 2147 2441 3848 2511">
    <p class='ocr_par' dir='ltr' id='par_1_85' title="bbox 2147 2441 3848 2511">
     <span class='ocr_line' id='line_1_86' title="bbox 2147 2441 3848 2511; baseline -0.001 -13"><span class='ocrx_word' id='word_1_671' title='bbox 2147 2444 2358 2498; x_wconf 91' lang='lat' dir='ltr'><strong>dicitur</strong></span> <span class='ocrx_word' id='word_1_672' title='bbox 2395 2446 2601 2500; x_wconf 89' lang='lat' dir='ltr'><strong>Lumen</strong></span> <span class='ocrx_word' id='word_1_673' title='bbox 2637 2459 2704 2498; x_wconf 83' lang='lat' dir='ltr'><strong>ex</strong></span> <span class='ocrx_word' id='word_1_674' title='bbox 2736 2441 2991 2497; x_wconf 90' lang='lat' dir='ltr'><strong>Lumine.</strong></span> <span class='ocrx_word' id='word_1_675' title='bbox 3029 2441 3246 2496; x_wconf 85' lang='lat' dir='ltr'><strong>Lumen</strong></span> <span class='ocrx_word' id='word_1_676' title='bbox 3279 2457 3415 2511; x_wconf 89' lang='lat' dir='ltr'><strong>ergo</strong></span> <span class='ocrx_word' id='word_1_677' title='bbox 3447 2441 3604 2511; x_wconf 90' lang='lat' dir='ltr'><strong>quod</strong></span> <span class='ocrx_word' id='word_1_678' title='bbox 3635 2457 3748 2496; x_wconf 91' lang='lat' dir='ltr'><strong>non</strong></span> <span class='ocrx_word' id='word_1_679' title='bbox 3781 2458 3848 2496; x_wconf 80' lang='lat' dir='ltr'><strong>ex</strong></span> 
     </span>
    </p>
   </div>
   <div class='ocr_carea' id='block_1_86' title="bbox 2147 2530 3845 2602">
    <p class='ocr_par' dir='ltr' id='par_1_86' title="bbox 2147 2530 3845 2602">
     <span class='ocr_line' id='line_1_87' title="bbox 2147 2530 3845 2602; baseline -0.002 -14"><span class='ocrx_word' id='word_1_680' title='bbox 2147 2534 2388 2598; x_wconf 87' lang='lat' dir='ltr'><strong>lumine,</strong></span> <span class='ocrx_word' id='word_1_681' title='bbox 2422 2537 2479 2588; x_wconf 91' lang='lat' dir='ltr'><strong>et</strong></span> <span class='ocrx_word' id='word_1_682' title='bbox 2511 2533 2728 2587; x_wconf 88' lang='lat' dir='ltr'><strong>Lumen</strong></span> <span class='ocrx_word' id='word_1_683' title='bbox 2775 2532 2995 2602; x_wconf 62' lang='lat' dir='ltr'><strong>aequale</strong></span> <span class='ocrx_word' id='word_1_684' title='bbox 3053 2530 3208 2601; x_wconf 88' lang='lat' dir='ltr'><strong>quod</strong></span> <span class='ocrx_word' id='word_1_685' title='bbox 3239 2547 3306 2586; x_wconf 84' lang='lat' dir='ltr'><strong>ex</strong></span> <span class='ocrx_word' id='word_1_686' title='bbox 3346 2530 3611 2597; x_wconf 87' lang='lat' dir='ltr'><strong>Lumine,</strong></span> <span class='ocrx_word' id='word_1_687' title='bbox 3672 2530 3845 2585; x_wconf 87' lang='lat' dir='ltr'><strong>simul</strong></span> 
     </span>
    </p>
   </div>
   <div class='ocr_carea' id='block_1_87' title="bbox 2149 2621 3194 2692">
    <p class='ocr_par' dir='ltr' id='par_1_87' title="bbox 2149 2621 3194 2692">
     <span class='ocr_line' id='line_1_88' title="bbox 2149 2621 3194 2692; baseline -0.004 -14"><span class='ocrx_word' id='word_1_688' title='bbox 2149 2639 2333 2678; x_wconf 91' lang='lat' dir='ltr'><strong>unum</strong></span> <span class='ocrx_word' id='word_1_689' title='bbox 2364 2628 2608 2692; x_wconf 90' lang='lat' dir='ltr'><strong>Lumen,</strong></span> <span class='ocrx_word' id='word_1_690' title='bbox 2643 2639 2761 2679; x_wconf 86' lang='lat' dir='ltr'><strong>non</strong></span> <span class='ocrx_word' id='word_1_691' title='bbox 2800 2623 2916 2678; x_wconf 87' lang='lat' dir='ltr'><strong>duo</strong></span> <span class='ocrx_word' id='word_1_692' title='bbox 2950 2621 3194 2677; x_wconf 89' lang='lat' dir='ltr'><strong>lumina.</strong></span> 
     </span>
    </p>
   </div>
   <div class='ocr_carea' id='block_1_88' title="bbox 2214 2717 3850 2792">
    <p class='ocr_par' dir='ltr' id='par_1_88' title="bbox 2214 2717 3850 2792">
     <span class='ocr_line' id='line_1_89' title="bbox 2214 2717 3850 2792; baseline -0.001 -16"><span class='ocrx_word' id='word_1_693' title='bbox 2214 2723 2266 2777; x_wconf 89' lang='lat'><strong>6.</strong></span> <span class='ocrx_word' id='word_1_694' title='bbox 2302 2723 2360 2779; x_wconf 92' lang='lat' dir='ltr'><strong>Si</strong></span> <span class='ocrx_word' id='word_1_695' title='bbox 2395 2720 2810 2791; x_wconf 83' lang='lat' dir='ltr'><strong>intelleximus,</strong></span> <span class='ocrx_word' id='word_1_696' title='bbox 2842 2721 2956 2777; x_wconf 93' lang='lat' dir='ltr'><strong>Deo</strong></span> <span class='ocrx_word' id='word_1_697' title='bbox 2979 2719 3198 2792; x_wconf 87' lang='lat' dir='ltr'><strong>gratias</strong></span> <span class='ocrx_word' id='word_1_698' title='bbox 3228 2735 3240 2775; x_wconf 91' lang='lat'><strong>:</strong></span> <span class='ocrx_word' id='word_1_699' title='bbox 3276 2717 3320 2774; x_wconf 88' lang='lat' dir='ltr'><strong>si</strong></span> <span class='ocrx_word' id='word_1_700' title='bbox 3347 2720 3479 2792; x_wconf 90' lang='lat' dir='ltr'><strong>quis</strong></span> <span class='ocrx_word' id='word_1_701' title='bbox 3509 2723 3706 2774; x_wconf 88' lang='lat' dir='ltr'><strong>autem</strong></span> <span class='ocrx_word' id='word_1_702' title='bbox 3755 2737 3850 2792; x_wconf 82' lang='lat' dir='ltr'><strong>pa-</strong></span> 
     </span>
    </p>
   </div>
   <div class='ocr_carea' id='block_1_89' title="bbox 2145 2809 3849 2883">
    <p class='ocr_par' dir='ltr' id='par_1_89' title="bbox 2145 2809 3849 2883">
     <span class='ocr_line' id='line_1_90' title="bbox 2145 2809 3849 2883; baseline -0.002 -13"><span class='ocrx_word' id='word_1_703' title='bbox 2145 2830 2274 2870; x_wconf 92' lang='lat' dir='ltr'><strong>rum</strong></span> <span class='ocrx_word' id='word_1_704' title='bbox 2308 2811 2756 2878; x_wconf 79' lang='lat' dir='ltr'><strong>intellexit,fecit</strong></span> <span class='ocrx_word' id='word_1_705' title='bbox 2787 2810 2958 2866; x_wconf 88' lang='lat' dir='ltr'><strong>homo</strong></span> <span class='ocrx_word' id='word_1_706' title='bbox 2993 2827 3105 2883; x_wconf 85' lang='lat' dir='ltr'><strong>quo</strong></span> <span class='ocrx_word' id='word_1_707' title='bbox 3157 2825 3341 2880; x_wconf 89' lang='lat' dir='ltr'><strong>usque</strong></span> <span class='ocrx_word' id='word_1_708' title='bbox 3401 2809 3605 2880; x_wconf 89' lang='lat' dir='ltr'><strong>potuit,</strong></span> <span class='ocrx_word' id='word_1_709' title='bbox 3647 2814 3849 2866; x_wconf 70' lang='lat' dir='ltr'><strong>caetera</strong></span> 
     </span>
    </p>
   </div>
   <div class='ocr_carea' id='block_1_90' title="bbox 2144 2899 3847 2973">
    <p class='ocr_par' dir='ltr' id='par_1_90' title="bbox 2144 2899 3847 2973">
     <span class='ocr_line' id='line_1_91' title="bbox 2144 2899 3847 2973; baseline -0.005 -13"><span class='ocrx_word' id='word_1_710' title='bbox 2144 2904 2358 2972; x_wconf 90' lang='lat' dir='ltr'><strong>videat,</strong></span> <span class='ocrx_word' id='word_1_711' title='bbox 2394 2902 2548 2958; x_wconf 91' lang='lat' dir='ltr'><strong>unde</strong></span> <span class='ocrx_word' id='word_1_712' title='bbox 2579 2901 3156 2973; x_wconf 89' lang='lat' dir='ltr'><strong>sperct.Forinsecus</strong></span> <span class='ocrx_word' id='word_1_713' title='bbox 3182 2899 3510 2971; x_wconf 88' lang='lat' dir='ltr'><strong>utoperarii</strong></span> <span class='ocrx_word' id='word_1_714' title='bbox 3532 2916 3847 2969; x_wconf 90' lang='lat' dir='ltr'><strong>possumus</strong></span> 
     </span>
    </p>
   </div>
   <div class='ocr_carea' id='block_1_91' title="bbox 2145 2987 3847 3063">
    <p class='ocr_par' dir='ltr' id='par_1_91' title="bbox 2145 2987 3847 3063">
     <span class='ocr_line' id='line_1_92' title="bbox 2145 2987 3847 3063; baseline -0.002 -19"><span class='ocrx_word' id='word_1_715' title='bbox 2145 2991 2408 3063; x_wconf 86' lang='lat' dir='ltr'><strong>plantare</strong></span> <span class='ocrx_word' id='word_1_716' title='bbox 2431 2997 2488 3046; x_wconf 92' lang='lat' dir='ltr'><strong>et</strong></span> <span class='ocrx_word' id='word_1_717' title='bbox 2546 2990 2751 3060; x_wconf 82' lang='lat' dir='ltr'><strong>rigare,</strong></span> <span class='ocrx_word' id='word_1_718' title='bbox 2811 2990 2910 3044; x_wconf 88' lang='lat' dir='ltr'><strong>sed</strong></span> <span class='ocrx_word' id='word_1_719' title='bbox 2951 2987 3052 3044; x_wconf 90' lang='lat' dir='ltr'><strong>Dei</strong></span> <span class='ocrx_word' id='word_1_720' title='bbox 3101 2993 3190 3043; x_wconf 91' lang='lat' dir='ltr'><strong>est</strong></span> <span class='ocrx_word' id='word_1_721' title='bbox 3237 2989 3655 3044; x_wconf 90' lang='lat' dir='ltr'><strong>incrementum</strong></span> <span class='ocrx_word' id='word_1_722' title='bbox 3710 2987 3847 3041; x_wconf 84' lang='lat' dir='ltr'><strong>dare</strong></span> 
     </span>
    </p>
   </div>
   <div class='ocr_carea' id='block_1_92' title="bbox 2143 3079 3845 3154">
    <p class='ocr_par' dir='ltr' id='par_1_92' title="bbox 2143 3079 3845 3154">
     <span class='ocr_line' id='line_1_93' title="bbox 2143 3079 3845 3154; baseline -0.004 -16"><span class='ocrx_word' id='word_1_723' title='bbox 2143 3083 2190 3152; x_wconf 87' lang='lat' dir='ltr'><strong>(I</strong></span> <span class='ocrx_word' id='word_1_724' title='bbox 2232 3081 2351 3138; x_wconf 86' lang='lat' dir='ltr'><strong>Cor.</strong></span> <span class='ocrx_word' id='word_1_725' title='bbox 2404 3099 2486 3145; x_wconf 85' lang='lat' dir='ltr'><strong>III,</strong></span> <span class='ocrx_word' id='word_1_726' title='bbox 2519 3083 2597 3154; x_wconf 83' lang='lat'><strong>6).</strong></span> <span class='ocrx_word' id='word_1_727' title='bbox 2656 3081 2790 3146; x_wconf 75' lang='lat' dir='ltr'><strong>Mea,</strong></span> <span class='ocrx_word' id='word_1_728' title='bbox 2849 3079 3055 3150; x_wconf 78' lang='lat' dir='ltr'><strong>inquit,</strong></span> <span class='ocrx_word' id='word_1_729' title='bbox 3114 3081 3364 3135; x_wconf 79' lang='lat' dir='ltr'><strong>doctrina</strong></span> <span class='ocrx_word' id='word_1_730' title='bbox 3428 3095 3537 3134; x_wconf 87' lang='lat' dir='ltr'><strong>non</strong></span> <span class='ocrx_word' id='word_1_731' title='bbox 3578 3085 3658 3134; x_wconf 74' lang='lat' dir='ltr'><strong>est</strong></span> <span class='ocrx_word' id='word_1_732' title='bbox 3710 3094 3845 3147; x_wconf 86' lang='lat' dir='ltr'><strong>mea,</strong></span> 
     </span>
    </p>
   </div>
   <div class='ocr_carea' id='block_1_93' title="bbox 2141 3167 3848 3245">
    <p class='ocr_par' dir='ltr' id='par_1_93' title="bbox 2141 3167 3848 3245">
     <span class='ocr_line' id='line_1_94' title="bbox 2141 3167 3848 3245; baseline -0.004 -17"><span class='ocrx_word' id='word_1_733' title='bbox 2141 3173 2231 3228; x_wconf 85' lang='lat' dir='ltr'><strong>sed</strong></span> <span class='ocrx_word' id='word_1_734' title='bbox 2252 3172 2368 3241; x_wconf 81' lang='lat' dir='ltr'><strong>eius</strong></span> <span class='ocrx_word' id='word_1_735' title='bbox 2396 3172 2492 3245; x_wconf 90' lang='lat' dir='ltr'><strong>qui</strong></span> <span class='ocrx_word' id='word_1_736' title='bbox 2516 3172 2667 3226; x_wconf 80' lang='lat' dir='ltr'><strong>misit</strong></span> <span class='ocrx_word' id='word_1_737' title='bbox 2687 3186 2791 3226; x_wconf 87' lang='lat' dir='ltr'><strong>me.</strong></span> <span class='ocrx_word' id='word_1_738' title='bbox 2817 3169 3490 3240; x_wconf 87' lang='lat' dir='ltr'><strong>Audiatconsilium,qui</strong></span> <span class='ocrx_word' id='word_1_739' title='bbox 3511 3167 3670 3234; x_wconf 90' lang='lat' dir='ltr'><strong>dicit,</strong></span> <span class='ocrx_word' id='word_1_740' title='bbox 3699 3168 3848 3222; x_wconf 88' lang='lat' dir='ltr'><strong>Non-</strong></span> 
     </span>
    </p>
   </div>
   <div class='ocr_carea' id='block_1_94' title="bbox 2142 3258 3846 3333">
    <p class='ocr_par' dir='ltr' id='par_1_94' title="bbox 2142 3258 3846 3333">
     <span class='ocr_line' id='line_1_95' title="bbox 2142 3258 3846 3333; baseline -0.006 -11"><span class='ocrx_word' id='word_1_741' title='bbox 2142 3267 2282 3322; x_wconf 91' lang='lat' dir='ltr'><strong>dum</strong></span> <span class='ocrx_word' id='word_1_742' title='bbox 2308 3262 2576 3321; x_wconf 85' lang='lat' dir='ltr'><strong>intellexi.</strong></span> <span class='ocrx_word' id='word_1_743' title='bbox 2594 3264 2795 3332; x_wconf 81' lang='lat' dir='ltr'><strong>Magna</strong></span> <span class='ocrx_word' id='word_1_744' title='bbox 2816 3260 3026 3333; x_wconf 89' lang='lat' dir='ltr'><strong>quippe</strong></span> <span class='ocrx_word' id='word_1_745' title='bbox 3048 3275 3138 3314; x_wconf 91' lang='lat' dir='ltr'><strong>res</strong></span> <span class='ocrx_word' id='word_1_746' title='bbox 3167 3262 3222 3313; x_wconf 88' lang='lat' dir='ltr'><strong>et</strong></span> <span class='ocrx_word' id='word_1_747' title='bbox 3245 3259 3531 3329; x_wconf 89' lang='lat' dir='ltr'><strong>profunda</strong></span> <span class='ocrx_word' id='word_1_748' title='bbox 3552 3274 3684 3312; x_wconf 91' lang='lat' dir='ltr'><strong>cum</strong></span> <span class='ocrx_word' id='word_1_749' title='bbox 3701 3258 3846 3312; x_wconf 84' lang='lat' dir='ltr'><strong>fuis-</strong></span> 
     </span>
    </p>
   </div>
   <div class='ocr_carea' id='block_1_95' title="bbox 2141 3347 3841 3424">
    <p class='ocr_par' dir='ltr' id='par_1_95' title="bbox 2141 3347 3841 3424">
     <span class='ocr_line' id='line_1_96' title="bbox 2141 3347 3841 3424; baseline -0.006 -13"><span class='ocrx_word' id='word_1_750' title='bbox 2141 3364 2223 3411; x_wconf 88' lang='lat' dir='ltr'><strong>set</strong></span> <span class='ocrx_word' id='word_1_751' title='bbox 2257 3354 2592 3423; x_wconf 88' lang='lat' dir='ltr'><strong>dicta,vidit</strong></span> <span class='ocrx_word' id='word_1_752' title='bbox 2620 3353 2820 3424; x_wconf 91' lang='lat' dir='ltr'><strong>utique</strong></span> <span class='ocrx_word' id='word_1_753' title='bbox 2840 3352 2962 3422; x_wconf 90' lang='lat' dir='ltr'><strong>ipse</strong></span> <span class='ocrx_word' id='word_1_754' title='bbox 2987 3349 3263 3406; x_wconf 88' lang='lat' dir='ltr'><strong>Dominus</strong></span> <span class='ocrx_word' id='word_1_755' title='bbox 3283 3347 3550 3404; x_wconf 87' lang='lat' dir='ltr'><strong>Christus</strong></span> <span class='ocrx_word' id='word_1_756' title='bbox 3571 3347 3690 3418; x_wconf 45' lang='lat' dir='ltr'><strong>Lhoe</strong></span> <span class='ocrx_word' id='word_1_757' title='bbox 3724 3352 3841 3401; x_wconf 78' lang='lat' dir='ltr'><strong>tam</strong></span> 
     </span>
    </p>
   </div>
   <div class='ocr_carea' id='block_1_96' title="bbox 2141 3438 3842 3518">
    <p class='ocr_par' dir='ltr' id='par_1_96' title="bbox 2141 3438 3842 3518">
     <span class='ocr_line' id='line_1_97' title="bbox 2141 3438 3842 3518; baseline -0.006 -18"><span class='ocrx_word' id='word_1_758' title='bbox 2141 3445 2496 3518; x_wconf 87' lang='lat' dir='ltr'><strong>profundum</strong></span> <span class='ocrx_word' id='word_1_759' title='bbox 2522 3461 2634 3499; x_wconf 90' lang='lat' dir='ltr'><strong>non</strong></span> <span class='ocrx_word' id='word_1_760' title='bbox 2667 3456 2868 3499; x_wconf 90' lang='lat' dir='ltr'><strong>omnes</strong></span> <span class='ocrx_word' id='word_1_761' title='bbox 2887 3439 3363 3506; x_wconf 90' lang='lat' dir='ltr'><strong>intellecturos,et</strong></span> <span class='ocrx_word' id='word_1_762' title='bbox 3385 3438 3440 3492; x_wconf 91' lang='lat' dir='ltr'><strong>in</strong></span> <span class='ocrx_word' id='word_1_763' title='bbox 3465 3438 3842 3507; x_wconf 87' lang='lat' dir='ltr'><strong>consequenti</strong></span> 
     </span>
    </p>
   </div>
   <div class='ocr_carea' id='block_1_97' title="bbox 2141 3526 3844 3600">
    <p class='ocr_par' dir='ltr' id='par_1_97' title="bbox 2141 3526 3844 3600">
     <span class='ocr_line' id='line_1_98' title="bbox 2141 3526 3844 3600; baseline -0.006 -10"><span class='ocrx_word' id='word_1_764' title='bbox 2141 3533 2301 3590; x_wconf 90' lang='lat' dir='ltr'><strong>dedit</strong></span> <span class='ocrx_word' id='word_1_765' title='bbox 2321 3533 2655 3590; x_wconf 91' lang='lat' dir='ltr'><strong>consilium.</strong></span> <span class='ocrx_word' id='word_1_766' title='bbox 2681 3529 3004 3600; x_wconf 88' lang='lat' dir='ltr'><strong>Intelligere</strong></span> <span class='ocrx_word' id='word_1_767' title='bbox 3025 3528 3110 3584; x_wconf 85' lang='lat' dir='ltr'><strong>vis</strong></span> <span class='ocrx_word' id='word_1_768' title='bbox 3131 3527 3158 3582; x_wconf 87' lang='lat'><strong>?</strong></span> <span class='ocrx_word' id='word_1_769' title='bbox 3180 3527 3364 3589; x_wconf 88' lang='lat' dir='ltr'><strong>crede,</strong></span> <span class='ocrx_word' id='word_1_770' title='bbox 3391 3526 3542 3581; x_wconf 88' lang='lat' dir='ltr'><strong>Deus</strong></span> <span class='ocrx_word' id='word_1_771' title='bbox 3564 3526 3717 3579; x_wconf 91' lang='lat' dir='ltr'><strong>enim</strong></span> <span class='ocrx_word' id='word_1_772' title='bbox 3746 3539 3844 3595; x_wconf 86' lang='lat' dir='ltr'><strong>per</strong></span> 
     </span>
    </p>
   </div>
   <div class='ocr_carea' id='block_1_98' title="bbox 2141 3613 3842 3695">
    <p class='ocr_par' dir='ltr' id='par_1_98' title="bbox 2141 3613 3842 3695">
     <span class='ocr_line' id='line_1_99' title="bbox 2141 3613 3842 3695; baseline -0.008 -16"><span class='ocrx_word' id='word_1_773' title='bbox 2141 3623 2482 3695; x_wconf 89' lang='lat' dir='ltr'><strong>prophetam</strong></span> <span class='ocrx_word' id='word_1_774' title='bbox 2542 3619 2728 3676; x_wconf 87' lang='lat' dir='ltr'><strong>dixit:</strong></span> <span class='ocrx_word' id='word_1_775' title='bbox 2789 3618 2906 3674; x_wconf 84' lang='lat' dir='ltr'><strong>Nisi</strong></span> <span class='ocrx_word' id='word_1_776' title='bbox 2971 3616 3318 3674; x_wconf 81' lang='lat' dir='ltr'><strong>credideritis</strong></span> <span class='ocrx_word' id='word_1_777' title='bbox 3379 3631 3490 3670; x_wconf 86' lang='lat' dir='ltr'><strong>non</strong></span> <span class='ocrx_word' id='word_1_778' title='bbox 3529 3613 3842 3682; x_wconf 86' lang='lat' dir='ltr'><strong>intelligetis</strong></span> 
     </span>
    </p>
   </div>
   <div class='ocr_carea' id='block_1_99' title="bbox 2139 3699 3839 3781">
    <p class='ocr_par' dir='ltr' id='par_1_99' title="bbox 2139 3699 3839 3781">
     <span class='ocr_line' id='line_1_100' title="bbox 2139 3699 3839 3781; baseline -0.008 -15"><span class='ocrx_word' id='word_1_779' title='bbox 2139 3713 2291 3781; x_wconf 80' lang='lat' dir='ltr'><strong>(Isat.</strong></span> <span class='ocrx_word' id='word_1_780' title='bbox 2325 3709 2623 3779; x_wconf 76' lang='lat' dir='ltr'><strong>vii,9,sec.</strong></span> <span class='ocrx_word' id='word_1_781' title='bbox 2652 3706 2844 3776; x_wconf 85' lang='lat' dir='ltr'><strong>LXX).</strong></span> <span class='ocrx_word' id='word_1_782' title='bbox 2894 3706 2972 3761; x_wconf 90' lang='lat' dir='ltr'><strong>Ac</strong></span> <span class='ocrx_word' id='word_1_783' title='bbox 3024 3706 3126 3760; x_wconf 89' lang='lat' dir='ltr'><strong>hoc</strong></span> <span class='ocrx_word' id='word_1_784' title='bbox 3171 3703 3420 3776; x_wconf 90' lang='lat' dir='ltr'><strong>pertinet</strong></span> <span class='ocrx_word' id='word_1_785' title='bbox 3448 3701 3598 3770; x_wconf 84' lang='lat' dir='ltr'><strong>quod</strong></span> <span class='ocrx_word' id='word_1_786' title='bbox 3668 3699 3839 3754; x_wconf 89' lang='lat' dir='ltr'><strong>etiam</strong></span> 
     </span>
    </p>
   </div>
   <div class='ocr_carea' id='block_1_100' title="bbox 2142 3791 3846 3869">
    <p class='ocr_par' dir='ltr' id='par_1_100' title="bbox 2142 3791 3846 3869">
     <span class='ocr_line' id='line_1_101' title="bbox 2142 3791 3846 3869; baseline -0.008 -11"><span class='ocrx_word' id='word_1_787' title='bbox 2142 3805 2232 3859; x_wconf 89' lang='lat' dir='ltr'><strong>hic</strong></span> <span class='ocrx_word' id='word_1_788' title='bbox 2263 3803 2541 3859; x_wconf 78' lang='lat' dir='ltr'><strong>Dominus</strong></span> <span class='ocrx_word' id='word_1_789' title='bbox 2573 3806 2808 3856; x_wconf 86' lang='lat' dir='ltr'><strong>secutus</strong></span> <span class='ocrx_word' id='word_1_790' title='bbox 2834 3798 3097 3869; x_wconf 84' lang='lat' dir='ltr'><strong>adjunxit</strong></span> <span class='ocrx_word' id='word_1_791' title='bbox 3131 3813 3144 3851; x_wconf 91' lang='lat'><strong>:</strong></span> <span class='ocrx_word' id='word_1_792' title='bbox 3179 3795 3242 3851; x_wconf 83' lang='lat' dir='ltr'><strong>Si</strong></span> <span class='ocrx_word' id='word_1_793' title='bbox 3260 3795 3380 3867; x_wconf 85' lang='lat' dir='ltr'><strong>quis</strong></span> <span class='ocrx_word' id='word_1_794' title='bbox 3404 3791 3632 3850; x_wconf 83' lang='lat' dir='ltr'><strong>voluerit</strong></span> <span class='ocrx_word' id='word_1_795' title='bbox 3661 3792 3846 3846; x_wconf 84' lang='lat' dir='ltr'><strong>votun&#39;</strong></span> 
     </span>
    </p>
   </div>
   <div class='ocr_carea' id='block_1_101' title="bbox 2139 3885 3842 3968">
    <p class='ocr_par' dir='ltr' id='par_1_101' title="bbox 2139 3885 3842 3968">
     <span class='ocr_line' id='line_1_102' title="bbox 2139 3885 3842 3968; baseline -0.009 -15"><span class='ocrx_word' id='word_1_796' title='bbox 2139 3901 2305 3953; x_wconf 83' lang='lat' dir='ltr'><strong>tatem</strong></span> <span class='ocrx_word' id='word_1_797' title='bbox 2334 3897 2449 3968; x_wconf 82' lang='lat' dir='ltr'><strong>ejus</strong></span> <span class='ocrx_word' id='word_1_798' title='bbox 2479 3897 2683 3966; x_wconf 80' lang='lat' dir='ltr'><strong>facere,</strong></span> <span class='ocrx_word' id='word_1_799' title='bbox 2714 3893 2989 3963; x_wconf 82' lang='lat' dir='ltr'><strong>cognoscet</strong></span> <span class='ocrx_word' id='word_1_800' title='bbox 3017 3889 3086 3942; x_wconf 83' lang='lat' dir='ltr'><strong>de</strong></span> <span class='ocrx_word' id='word_1_801' title='bbox 3116 3885 3397 3956; x_wconf 83' lang='lat' dir='ltr'><strong>doctrina,</strong></span> <span class='ocrx_word' id='word_1_802' title='bbox 3430 3896 3618 3940; x_wconf 87' lang='lat' dir='ltr'><strong>utrum</strong></span> <span class='ocrx_word' id='word_1_803' title='bbox 3647 3901 3716 3941; x_wconf 80' lang='lat' dir='ltr'><strong>ec</strong></span> <span class='ocrx_word' id='word_1_804' title='bbox 3743 3886 3842 3938; x_wconf 84' lang='lat' dir='ltr'><strong>Deo</strong></span> 
     </span>
    </p>
   </div>
   <div class='ocr_carea' id='block_1_102' title="bbox 2139 3976 3842 4059">
    <p class='ocr_par' dir='ltr' id='par_1_102' title="bbox 2139 3976 3842 4059">
     <span class='ocr_line' id='line_1_103' title="bbox 2139 3976 3842 4059; baseline -0.009 -14"><span class='ocrx_word' id='word_1_805' title='bbox 2139 3989 2228 4056; x_wconf 82' lang='lat' dir='ltr'><strong>sit,</strong></span> <span class='ocrx_word' id='word_1_806' title='bbox 2263 4007 2333 4043; x_wconf 89' lang='lat' dir='ltr'><strong>an</strong></span> <span class='ocrx_word' id='word_1_807' title='bbox 2355 4003 2447 4059; x_wconf 86' lang='lat' dir='ltr'><strong>ego</strong></span> <span class='ocrx_word' id='word_1_808' title='bbox 2478 4004 2510 4041; x_wconf 88' lang='lat' dir='ltr'><strong>a</strong></span> <span class='ocrx_word' id='word_1_809' title='bbox 2541 3988 2739 4057; x_wconf 85' lang='lat' dir='ltr'><strong>meipso</strong></span> <span class='ocrx_word' id='word_1_810' title='bbox 2763 3985 2974 4054; x_wconf 84' lang='lat' dir='ltr'><strong>loquar.</strong></span> <span class='ocrx_word' id='word_1_811' title='bbox 2999 3979 3142 4047; x_wconf 80' lang='lat' dir='ltr'><strong>Quid</strong></span> <span class='ocrx_word' id='word_1_812' title='bbox 3169 3987 3252 4034; x_wconf 89' lang='lat' dir='ltr'><strong>est</strong></span> <span class='ocrx_word' id='word_1_813' title='bbox 3292 3978 3419 4045; x_wconf 89' lang='lat' dir='ltr'><strong>hoc,</strong></span> <span class='ocrx_word' id='word_1_814' title='bbox 3475 3978 3535 4032; x_wconf 82' lang='lat' dir='ltr'><strong>Si</strong></span> <span class='ocrx_word' id='word_1_815' title='bbox 3581 3976 3702 4048; x_wconf 79' lang='lat' dir='ltr'><strong>quis</strong></span> <span class='ocrx_word' id='word_1_816' title='bbox 3750 3992 3842 4030; x_wconf 84' lang='lat' dir='ltr'><strong>vo-</strong></span> 
     </span>
    </p>
   </div>
   <div class='ocr_carea' id='block_1_103' title="bbox 2140 4068 3842 4144">
    <p class='ocr_par' dir='ltr' id='par_1_103' title="bbox 2140 4068 3842 4144">
     <span class='ocr_line' id='line_1_104' title="bbox 2140 4068 3842 4144; baseline -0.009 -9"><span class='ocrx_word' id='word_1_817' title='bbox 2140 4081 2304 4135; x_wconf 79' lang='lat' dir='ltr'><strong>luerit</strong></span> <span class='ocrx_word' id='word_1_818' title='bbox 2334 4080 2673 4134; x_wconf 78' lang='lat' dir='ltr'><strong>voluntatem</strong></span> <span class='ocrx_word' id='word_1_819' title='bbox 2724 4075 2848 4144; x_wconf 76' lang='lat' dir='ltr'><strong>ejus</strong></span> <span class='ocrx_word' id='word_1_820' title='bbox 2883 4075 3064 4144; x_wconf 82' lang='lat' dir='ltr'><strong>facere</strong></span> <span class='ocrx_word' id='word_1_821' title='bbox 3094 4075 3116 4124; x_wconf 68' lang='grc' dir='ltr'><strong>ἱ)</strong></span> <span class='ocrx_word' id='word_1_822' title='bbox 3146 4069 3257 4125; x_wconf 87' lang='lat' dir='ltr'><strong>Sed</strong></span> <span class='ocrx_word' id='word_1_823' title='bbox 3299 4085 3404 4139; x_wconf 90' lang='lat' dir='ltr'><strong>ego</strong></span> <span class='ocrx_word' id='word_1_824' title='bbox 3446 4068 3726 4122; x_wconf 87' lang='lat' dir='ltr'><strong>dixeram.</strong></span> <span class='ocrx_word' id='word_1_825' title='bbox 3786 4068 3842 4120; x_wconf 91' lang='lat' dir='ltr'><strong>Si</strong></span> 
     </span>
    </p>
   </div>
   <div class='ocr_carea' id='block_1_104' title="bbox 2137 4155 3844 4244">
    <p class='ocr_par' dir='ltr' id='par_1_104' title="bbox 2137 4155 3844 4244">
     <span class='ocr_line' id='line_1_105' title="bbox 2137 4155 3844 4244; baseline -0.009 -20"><span class='ocrx_word' id='word_1_826' title='bbox 2137 4171 2272 4244; x_wconf 84' lang='lat' dir='ltr'><strong>quis</strong></span> <span class='ocrx_word' id='word_1_827' title='bbox 2294 4167 2634 4238; x_wconf 86' lang='lat' dir='ltr'><strong>crediderit;</strong></span> <span class='ocrx_word' id='word_1_828' title='bbox 2660 4172 2716 4222; x_wconf 90' lang='lat' dir='ltr'><strong>et</strong></span> <span class='ocrx_word' id='word_1_829' title='bbox 2735 4165 2843 4220; x_wconf 89' lang='lat' dir='ltr'><strong>hoc</strong></span> <span class='ocrx_word' id='word_1_830' title='bbox 2867 4160 3180 4217; x_wconf 88' lang='lat' dir='ltr'><strong>consilium</strong></span> <span class='ocrx_word' id='word_1_831' title='bbox 3204 4158 3502 4213; x_wconf 72' lang='lat' dir='ltr'><strong>dederam.</strong></span> <span class='ocrx_word' id='word_1_832' title='bbox 3535 4156 3592 4210; x_wconf 87' lang='lat' dir='ltr'><strong>Si</strong></span> <span class='ocrx_word' id='word_1_833' title='bbox 3617 4171 3728 4208; x_wconf 91' lang='lat' dir='ltr'><strong>non</strong></span> <span class='ocrx_word' id='word_1_834' title='bbox 3754 4155 3844 4209; x_wconf 89' lang='lat' dir='ltr'><strong>in—</strong></span> 
     </span>
    </p>
   </div>
   <div class='ocr_carea' id='block_1_105' title="bbox 2141 4246 3844 4330">
    <p class='ocr_par' dir='ltr' id='par_1_105' title="bbox 2141 4246 3844 4330">
     <span class='ocr_line' id='line_1_106' title="bbox 2141 4246 3844 4330; baseline -0.013 -13"><span class='ocrx_word' id='word_1_835' title='bbox 2141 4260 2427 4328; x_wconf 86' lang='lat' dir='ltr'><strong>tellexisti,</strong></span> <span class='ocrx_word' id='word_1_836' title='bbox 2462 4259 2720 4330; x_wconf 87' lang='lat' dir='ltr'><strong>inquam,</strong></span> <span class='ocrx_word' id='word_1_837' title='bbox 2747 4253 2934 4309; x_wconf 90' lang='lat' dir='ltr'><strong>crede.</strong></span> <span class='ocrx_word' id='word_1_838' title='bbox 2970 4249 3302 4306; x_wconf 89' lang='lat' dir='ltr'><strong>Intellectus</strong></span> <span class='ocrx_word' id='word_1_839' title='bbox 3325 4246 3476 4301; x_wconf 92' lang='lat' dir='ltr'><strong>enim</strong></span> <span class='ocrx_word' id='word_1_840' title='bbox 3512 4259 3731 4299; x_wconf 90' lang='lat' dir='ltr'><strong>merces</strong></span> <span class='ocrx_word' id='word_1_841' title='bbox 3755 4248 3844 4297; x_wconf 89' lang='lat' dir='ltr'><strong>est</strong></span> 
     </span>
    </p>
   </div>
   <div class='ocr_carea' id='block_1_106' title="bbox 2141 4331 3838 4419">
    <p class='ocr_par' dir='ltr' id='par_1_106' title="bbox 2141 4331 3838 4419">
     <span class='ocr_line' id='line_1_107' title="bbox 2141 4331 3838 4419; baseline -0.014 -13"><span class='ocrx_word' id='word_1_842' title='bbox 2141 4351 2294 4407; x_wconf 86' lang='lat' dir='ltr'><strong>fidei.</strong></span> <span class='ocrx_word' id='word_1_843' title='bbox 2331 4351 2480 4419; x_wconf 87' lang='lat' dir='ltr'><strong>Ergo</strong></span> <span class='ocrx_word' id='word_1_844' title='bbox 2512 4345 2628 4400; x_wconf 89' lang='lat' dir='ltr'><strong>noli</strong></span> <span class='ocrx_word' id='word_1_845' title='bbox 2680 4356 2937 4415; x_wconf 73' lang='lat' dir='ltr'><strong>quaerere</strong></span> <span class='ocrx_word' id='word_1_846' title='bbox 2982 4337 3322 4405; x_wconf 86' lang='lat' dir='ltr'><strong>intelligere,</strong></span> <span class='ocrx_word' id='word_1_847' title='bbox 3370 4338 3430 4387; x_wconf 91' lang='lat' dir='ltr'><strong>ut</strong></span> <span class='ocrx_word' id='word_1_848' title='bbox 3485 4331 3706 4398; x_wconf 82' lang='lat' dir='ltr'><strong>credas,</strong></span> <span class='ocrx_word' id='word_1_849' title='bbox 3739 4331 3838 4384; x_wconf 84' lang='lat' dir='ltr'><strong>sed</strong></span> 
     </span>
    </p>
   </div>
   <div class='ocr_carea' id='block_1_107' title="bbox 2140 4421 3841 4505">
    <p class='ocr_par' dir='ltr' id='par_1_107' title="bbox 2140 4421 3841 4505">
     <span class='ocr_line' id='line_1_108' title="bbox 2140 4421 3841 4505; baseline -0.015 -8"><span class='ocrx_word' id='word_1_850' title='bbox 2140 4441 2306 4497; x_wconf 86' lang='lat' dir='ltr'><strong>crede</strong></span> <span class='ocrx_word' id='word_1_851' title='bbox 2331 4444 2392 4494; x_wconf 90' lang='lat' dir='ltr'><strong>ut</strong></span> <span class='ocrx_word' id='word_1_852' title='bbox 2411 4433 2700 4505; x_wconf 87' lang='lat' dir='ltr'><strong>intelligas</strong></span> <span class='ocrx_word' id='word_1_853' title='bbox 2729 4449 2742 4499; x_wconf 90' lang='lat'><strong>;</strong></span> <span class='ocrx_word' id='word_1_854' title='bbox 2767 4427 3041 4499; x_wconf 88' lang='lat' dir='ltr'><strong>quoniam</strong></span> <span class='ocrx_word' id='word_1_855' title='bbox 3064 4427 3195 4490; x_wconf 83' lang='lat' dir='ltr'><strong>nisi,</strong></span> <span class='ocrx_word' id='word_1_856' title='bbox 3215 4421 3587 4488; x_wconf 73' lang='lat' dir='ltr'><strong>credideritis,</strong></span> <span class='ocrx_word' id='word_1_857' title='bbox 3619 4435 3728 4474; x_wconf 87' lang='lat' dir='ltr'><strong>non</strong></span> <span class='ocrx_word' id='word_1_858' title='bbox 3756 4421 3841 4474; x_wconf 84' lang='lat' dir='ltr'><strong>in-</strong></span> 
     </span>
    </p>
   </div>
   <div class='ocr_carea' id='block_1_108' title="bbox 2142 4513 3846 4600">
    <p class='ocr_par' dir='ltr' id='par_1_108' title="bbox 2142 4513 3846 4600">
     <span class='ocr_line' id='line_1_109' title="bbox 2142 4513 3846 4600; baseline -0.013 -13"><span class='ocrx_word' id='word_1_859' title='bbox 2142 4527 2422 4600; x_wconf 65' lang='lat' dir='ltr'><strong>telligetis.</strong></span> <span class='ocrx_word' id='word_1_860' title='bbox 2442 4530 2582 4580; x_wconf 90' lang='lat' dir='ltr'><strong>Cum</strong></span> <span class='ocrx_word' id='word_1_861' title='bbox 2609 4539 2740 4593; x_wconf 85' lang='lat' dir='ltr'><strong>ergo</strong></span> <span class='ocrx_word' id='word_1_862' title='bbox 2763 4520 2833 4574; x_wconf 87' lang='lat' dir='ltr'><strong>ad</strong></span> <span class='ocrx_word' id='word_1_863' title='bbox 2858 4514 3302 4589; x_wconf 87' lang='lat' dir='ltr'><strong>possibilitatem</strong></span> <span class='ocrx_word' id='word_1_864' title='bbox 3328 4513 3688 4583; x_wconf 86' lang='lat' dir='ltr'><strong>intelligendi</strong></span> <span class='ocrx_word' id='word_1_865' title='bbox 3719 4527 3846 4566; x_wconf 82' lang='lat' dir='ltr'><strong>con.</strong></span> 
     </span>
    </p>
   </div>
   <div class='ocr_carea' id='block_1_109' title="bbox 2141 4601 3844 4676">
    <p class='ocr_par' dir='ltr' id='par_1_109' title="bbox 2141 4601 3844 4676">
     <span class='ocr_line' id='line_1_110' title="bbox 2141 4601 3844 4676; baseline -0.012 -1"><span class='ocrx_word' id='word_1_866' title='bbox 2141 4621 2337 4676; x_wconf 90' lang='lat' dir='ltr'><strong>silium</strong></span> <span class='ocrx_word' id='word_1_867' title='bbox 2370 4615 2623 4672; x_wconf 91' lang='lat' dir='ltr'><strong>dederim</strong></span> <span class='ocrx_word' id='word_1_868' title='bbox 2656 4606 3042 4668; x_wconf 87' lang='lat' dir='ltr'><strong>obedientiam</strong></span> <span class='ocrx_word' id='word_1_869' title='bbox 3078 4603 3372 4671; x_wconf 89' lang='lat' dir='ltr'><strong>credendi,</strong></span> <span class='ocrx_word' id='word_1_870' title='bbox 3403 4610 3454 4658; x_wconf 91' lang='lat' dir='ltr'><strong>et</strong></span> <span class='ocrx_word' id='word_1_871' title='bbox 3483 4601 3724 4657; x_wconf 86' lang='lat' dir='ltr'><strong>dixerim</strong></span> <span class='ocrx_word' id='word_1_872' title='bbox 3746 4602 3844 4656; x_wconf 88' lang='lat' dir='ltr'><strong>Do-</strong></span> 
     </span>
    </p>
   </div>
   <div class='ocr_carea' id='block_1_110' title="bbox 2144 4691 3846 4768">
    <p class='ocr_par' dir='ltr' id='par_1_110' title="bbox 2144 4691 3846 4768">
     <span class='ocr_line' id='line_1_111' title="bbox 2144 4691 3846 4768; baseline -0.012 0"><span class='ocrx_word' id='word_1_873' title='bbox 2144 4711 2368 4768; x_wconf 89' lang='lat' dir='ltr'><strong>minum</strong></span> <span class='ocrx_word' id='word_1_874' title='bbox 2391 4711 2588 4762; x_wconf 87' lang='lat' dir='ltr'><strong>Jesum</strong></span> <span class='ocrx_word' id='word_1_875' title='bbox 2605 4702 2900 4758; x_wconf 85' lang='lat' dir='ltr'><strong>Christum</strong></span> <span class='ocrx_word' id='word_1_876' title='bbox 2925 4695 3032 4751; x_wconf 86' lang='lat' dir='ltr'><strong>hoc</strong></span> <span class='ocrx_word' id='word_1_877' title='bbox 3053 4695 3245 4766; x_wconf 89' lang='lat' dir='ltr'><strong>ipsum</strong></span> <span class='ocrx_word' id='word_1_878' title='bbox 3277 4692 3617 4765; x_wconf 80' lang='lat' dir='ltr'><strong>adjunxisse</strong></span> <span class='ocrx_word' id='word_1_879' title='bbox 3640 4691 3696 4747; x_wconf 90' lang='lat' dir='ltr'><strong>in</strong></span> <span class='ocrx_word' id='word_1_880' title='bbox 3717 4709 3846 4748; x_wconf 89' lang='lat' dir='ltr'><strong>con-</strong></span> 
     </span>
    </p>
   </div>
   <div class='ocr_carea' id='block_1_111' title="bbox 2143 4785 3846 4874">
    <p class='ocr_par' dir='ltr' id='par_1_111' title="bbox 2143 4785 3846 4874">
     <span class='ocr_line' id='line_1_112' title="bbox 2143 4785 3846 4874; baseline -0.016 -14"><span class='ocrx_word' id='word_1_881' title='bbox 2143 4805 2404 4874; x_wconf 84' lang='lat' dir='ltr'><strong>sequenti</strong></span> <span class='ocrx_word' id='word_1_882' title='bbox 2435 4800 2742 4869; x_wconf 85' lang='lat' dir='ltr'><strong>sententia,</strong></span> <span class='ocrx_word' id='word_1_883' title='bbox 2784 4798 3118 4855; x_wconf 89' lang='lat' dir='ltr'><strong>invenimus</strong></span> <span class='ocrx_word' id='word_1_884' title='bbox 3167 4809 3299 4850; x_wconf 88' lang='lat' dir='ltr'><strong>eum</strong></span> <span class='ocrx_word' id='word_1_885' title='bbox 3345 4790 3585 4854; x_wconf 78' lang='lat' dir='ltr'><strong>dixisse,</strong></span> <span class='ocrx_word' id='word_1_886' title='bbox 3621 4785 3680 4841; x_wconf 85' lang='lat' dir='ltr'><strong>Si</strong></span> <span class='ocrx_word' id='word_1_887' title='bbox 3727 4787 3846 4856; x_wconf 75' lang='lat' dir='ltr'><strong>quis</strong></span> 
     </span>
    </p>
   </div>
   <div class='ocr_carea' id='block_1_112' title="bbox 2143 4878 3843 4962">
    <p class='ocr_par' dir='ltr' id='par_1_112' title="bbox 2143 4878 3843 4962">
     <span class='ocr_line' id='line_1_113' title="bbox 2143 4878 3843 4962; baseline -0.013 -10"><span class='ocrx_word' id='word_1_888' title='bbox 2143 4895 2376 4952; x_wconf 75' lang='lat' dir='ltr'><strong>voluerit</strong></span> <span class='ocrx_word' id='word_1_889' title='bbox 2405 4897 2735 4952; x_wconf 76' lang='lat' dir='ltr'><strong>voluntatem</strong></span> <span class='ocrx_word' id='word_1_890' title='bbox 2765 4893 2884 4962; x_wconf 85' lang='lat' dir='ltr'><strong>ejus</strong></span> <span class='ocrx_word' id='word_1_891' title='bbox 2923 4890 3112 4962; x_wconf 83' lang='lat' dir='ltr'><strong>jacere</strong></span> <span class='ocrx_word' id='word_1_892' title='bbox 3145 4890 3421 4956; x_wconf 84' lang='lat' dir='ltr'><strong>cognoscet</strong></span> <span class='ocrx_word' id='word_1_893' title='bbox 3461 4881 3525 4934; x_wconf 87' lang='lat' dir='ltr'><strong>de</strong></span> <span class='ocrx_word' id='word_1_894' title='bbox 3582 4878 3843 4931; x_wconf 72' lang='lat' dir='ltr'><strong>doctrina.</strong></span> 
     </span>
    </p>
   </div>
   <div class='ocr_carea' id='block_1_113' title="bbox 2145 4968 3846 5054">
    <p class='ocr_par' dir='ltr' id='par_1_113' title="bbox 2145 4968 3846 5054">
     <span class='ocr_line' id='line_1_114' title="bbox 2145 4968 3846 5054; baseline -0.015 -15"><span class='ocrx_word' id='word_1_895' title='bbox 2145 4985 2292 5050; x_wconf 89' lang='lat' dir='ltr'><strong>Quid</strong></span> <span class='ocrx_word' id='word_1_896' title='bbox 2321 4989 2424 5051; x_wconf 86' lang='lat' dir='ltr'><strong>est,</strong></span> <span class='ocrx_word' id='word_1_897' title='bbox 2457 4985 2736 5054; x_wconf 80' lang='lat' dir='ltr'><strong>cegnoscct</strong></span> <span class='ocrx_word' id='word_1_898' title='bbox 2760 4988 2785 5034; x_wconf 72' lang='grc' dir='ltr'><em>Ρ</em></span> <span class='ocrx_word' id='word_1_899' title='bbox 2817 4980 2932 5035; x_wconf 84' lang='lat' dir='ltr'><strong>Hoc</strong></span> <span class='ocrx_word' id='word_1_900' title='bbox 2964 4983 3048 5033; x_wconf 88' lang='lat' dir='ltr'><strong>est</strong></span> <span class='ocrx_word' id='word_1_901' title='bbox 3079 4976 3384 5043; x_wconf 87' lang='lat' dir='ltr'><strong>intelliget.</strong></span> <span class='ocrx_word' id='word_1_902' title='bbox 3415 4968 3574 5034; x_wconf 87' lang='lat' dir='ltr'><strong>Quod</strong></span> <span class='ocrx_word' id='word_1_903' title='bbox 3602 4970 3690 5020; x_wconf 84' lang='lat' dir='ltr'><strong>est</strong></span> <span class='ocrx_word' id='word_1_904' title='bbox 3737 4978 3846 5016; x_wconf 74' lang='lat' dir='ltr'><strong>au~</strong></span> 
     </span>
    </p>
   </div>
   <div class='ocr_carea' id='block_1_114' title="bbox 2146 5054 3848 5145">
    <p class='ocr_par' dir='ltr' id='par_1_114' title="bbox 2146 5054 3848 5145">
     <span class='ocr_line' id='line_1_115' title="bbox 2146 5054 3848 5145; baseline -0.014 -16"><span class='ocrx_word' id='word_1_905' title='bbox 2146 5082 2284 5130; x_wconf 88' lang='lat' dir='ltr'><strong>tem.</strong></span> <span class='ocrx_word' id='word_1_906' title='bbox 2322 5074 2382 5130; x_wconf 86' lang='lat' dir='ltr'><strong>Si</strong></span> <span class='ocrx_word' id='word_1_907' title='bbox 2411 5073 2531 5145; x_wconf 79' lang='lat' dir='ltr'><strong>quis</strong></span> <span class='ocrx_word' id='word_1_908' title='bbox 2563 5072 2805 5129; x_wconf 81' lang='lat' dir='ltr'><strong>voluerit</strong></span> <span class='ocrx_word' id='word_1_909' title='bbox 2849 5070 3185 5125; x_wconf 83' lang='lat' dir='ltr'><strong>voluntatem</strong></span> <span class='ocrx_word' id='word_1_910' title='bbox 3235 5063 3351 5130; x_wconf 76' lang='lat' dir='ltr'><strong>eius</strong></span> <span class='ocrx_word' id='word_1_911' title='bbox 3379 5060 3579 5145; x_wconf 67' lang='lat' dir='ltr'><strong>limere,</strong></span> <span class='ocrx_word' id='word_1_912' title='bbox 3617 5054 3724 5107; x_wconf 82' lang='lat' dir='ltr'><strong>hoc</strong></span> <span class='ocrx_word' id='word_1_913' title='bbox 3759 5057 3848 5105; x_wconf 88' lang='lat' dir='ltr'><strong>est</strong></span> 
     </span>
    </p>
   </div>
   <div class='ocr_carea' id='block_1_115' title="bbox 2147 5143 3847 5232">
    <p class='ocr_par' dir='ltr' id='par_1_115' title="bbox 2147 5143 3847 5232">
     <span class='ocr_line' id='line_1_116' title="bbox 2147 5143 3847 5232; baseline -0.015 -12"><span class='ocrx_word' id='word_1_914' title='bbox 2147 5143 2552 5220; x_wconf 36' lang='lat' dir='ltr'><strong>crederm—Sed</strong></span> <span class='ocrx_word' id='word_1_915' title='bbox 2584 5160 2722 5232; x_wconf 90' lang='lat' dir='ltr'><strong>quia</strong></span> <span class='ocrx_word' id='word_1_916' title='bbox 2741 5162 3042 5228; x_wconf 77' lang='lat' dir='ltr'><strong>cognoscet,</strong></span> <span class='ocrx_word' id='word_1_917' title='bbox 3067 5155 3174 5209; x_wconf 90' lang='lat' dir='ltr'><strong>hoc</strong></span> <span class='ocrx_word' id='word_1_918' title='bbox 3197 5159 3283 5208; x_wconf 88' lang='lat' dir='ltr'><strong>est</strong></span> <span class='ocrx_word' id='word_1_919' title='bbox 3308 5143 3609 5215; x_wconf 81' lang='lat' dir='ltr'><strong>intelliget,</strong></span> <span class='ocrx_word' id='word_1_920' title='bbox 3643 5157 3847 5196; x_wconf 90' lang='lat' dir='ltr'><strong>omnes</strong></span> 
     </span>
    </p>
   </div>
   <div class='ocr_carea' id='block_1_116' title="bbox 2147 5232 3848 5328">
    <p class='ocr_par' dir='ltr' id='par_1_116' title="bbox 2147 5232 3848 5328">
     <span class='ocr_line' id='line_1_117' title="bbox 2147 5232 3848 5328; baseline -0.021 -10"><span class='ocrx_word' id='word_1_921' title='bbox 2147 5257 2484 5328; x_wconf 86' lang='lat' dir='ltr'><strong>intelligunt</strong></span> <span class='ocrx_word' id='word_1_922' title='bbox 2513 5271 2526 5312; x_wconf 90' lang='lat'><strong>:</strong></span> <span class='ocrx_word' id='word_1_923' title='bbox 2553 5252 2689 5326; x_wconf 89' lang='lat' dir='ltr'><strong>quia</strong></span> <span class='ocrx_word' id='word_1_924' title='bbox 2720 5266 2848 5306; x_wconf 90' lang='lat' dir='ltr'><strong>vero</strong></span> <span class='ocrx_word' id='word_1_925' title='bbox 2876 5247 3025 5319; x_wconf 90' lang='lat' dir='ltr'><strong>quod</strong></span> <span class='ocrx_word' id='word_1_926' title='bbox 3047 5245 3144 5310; x_wconf 88' lang='lat' dir='ltr'><strong>ait,</strong></span> <span class='ocrx_word' id='word_1_927' title='bbox 3179 5241 3234 5296; x_wconf 87' lang='lat' dir='ltr'><strong>Si</strong></span> <span class='ocrx_word' id='word_1_928' title='bbox 3256 5237 3377 5310; x_wconf 85' lang='lat' dir='ltr'><strong>quis</strong></span> <span class='ocrx_word' id='word_1_929' title='bbox 3399 5232 3644 5328; x_wconf 67' lang='lat' dir='ltr'><strong>voluerit</strong></span> <span class='ocrx_word' id='word_1_930' title='bbox 3659 5233 3848 5328; x_wconf 59' lang='lat' dir='ltr'><strong>uolun-</strong></span> 
     </span>
    </p>
   </div>
   <div class='ocr_carea' id='block_1_117' title="bbox 2153 5321 3848 5417">
    <p class='ocr_par' dir='ltr' id='par_1_117' title="bbox 2153 5321 3848 5417">
     <span class='ocr_line' id='line_1_118' title="bbox 2153 5321 3848 5417; baseline -0.015 -13"><span class='ocrx_word' id='word_1_931' title='bbox 2153 5355 2320 5405; x_wconf 88' lang='lat' dir='ltr'><strong>tatem</strong></span> <span class='ocrx_word' id='word_1_932' title='bbox 2341 5321 2455 5417; x_wconf 48' lang='grc' dir='ltr'><strong>ἣτις</strong></span> <span class='ocrx_word' id='word_1_933' title='bbox 2485 5321 2683 5414; x_wconf 71' lang='lat' dir='ltr'><strong>facere,</strong></span> <span class='ocrx_word' id='word_1_934' title='bbox 2717 5342 2823 5396; x_wconf 87' lang='lat' dir='ltr'><strong>hoc</strong></span> <span class='ocrx_word' id='word_1_935' title='bbox 2858 5335 3104 5410; x_wconf 88' lang='lat' dir='ltr'><strong>pertinet</strong></span> <span class='ocrx_word' id='word_1_936' title='bbox 3137 5331 3210 5387; x_wconf 90' lang='lat' dir='ltr'><strong>ad</strong></span> <span class='ocrx_word' id='word_1_937' title='bbox 3241 5329 3491 5390; x_wconf 89' lang='lat' dir='ltr'><strong>credere,</strong></span> <span class='ocrx_word' id='word_1_938' title='bbox 3520 5329 3584 5378; x_wconf 91' lang='lat' dir='ltr'><strong>ut</strong></span> <span class='ocrx_word' id='word_1_939' title='bbox 3615 5321 3848 5393; x_wconf 88' lang='lat' dir='ltr'><strong>diligen-</strong></span> 
     </span>
    </p>
   </div>
   <div class='ocr_carea' id='block_1_118' title="bbox 2153 5417 3846 5507">
    <p class='ocr_par' dir='ltr' id='par_1_118' title="bbox 2153 5417 3846 5507">
     <span class='ocr_line' id='line_1_119' title="bbox 2153 5417 3846 5507; baseline -0.015 -12"><span class='ocrx_word' id='word_1_940' title='bbox 2153 5442 2262 5496; x_wconf 90' lang='lat' dir='ltr'><strong>tius</strong></span> <span class='ocrx_word' id='word_1_941' title='bbox 2294 5438 2672 5507; x_wconf 87' lang='lat' dir='ltr'><strong>intelligatur,</strong></span> <span class='ocrx_word' id='word_1_942' title='bbox 2705 5449 2851 5504; x_wconf 91' lang='lat' dir='ltr'><strong>opus</strong></span> <span class='ocrx_word' id='word_1_943' title='bbox 2870 5436 2956 5484; x_wconf 90' lang='lat' dir='ltr'><strong>est</strong></span> <span class='ocrx_word' id='word_1_944' title='bbox 2988 5424 3154 5482; x_wconf 91' lang='lat' dir='ltr'><strong>nobis</strong></span> <span class='ocrx_word' id='word_1_945' title='bbox 3185 5423 3312 5495; x_wconf 76' lang='lat' dir='ltr'><strong>ipso</strong></span> <span class='ocrx_word' id='word_1_946' title='bbox 3343 5417 3588 5507; x_wconf 87' lang='lat' dir='ltr'><strong>Domino</strong></span> <span class='ocrx_word' id='word_1_947' title='bbox 3649 5421 3846 5507; x_wconf 79' lang='lat' dir='ltr'><strong>nostro</strong></span> 
     </span>
    </p>
   </div>
   <div class='ocr_carea' id='block_1_119' title="bbox 2151 5503 3847 5599">
    <p class='ocr_par' dir='ltr' id='par_1_119' title="bbox 2151 5503 3847 5599">
     <span class='ocr_line' id='line_1_120' title="bbox 2151 5503 3847 5599; baseline -0.018 -13"><span class='ocrx_word' id='word_1_948' title='bbox 2151 5503 2584 5599; x_wconf 55' lang='lat' dir='ltr'><strong>expositore,ut</strong></span> <span class='ocrx_word' id='word_1_949' title='bbox 2609 5503 2825 5580; x_wconf 85' lang='lat' dir='ltr'><strong>indicet</strong></span> <span class='ocrx_word' id='word_1_950' title='bbox 2855 5515 3024 5573; x_wconf 91' lang='lat' dir='ltr'><strong>nobis</strong></span> <span class='ocrx_word' id='word_1_951' title='bbox 3054 5521 3252 5570; x_wconf 89' lang='lat' dir='ltr'><strong>utrum</strong></span> <span class='ocrx_word' id='word_1_952' title='bbox 3284 5524 3478 5567; x_wconf 87' lang='lat' dir='ltr'><strong>revera</strong></span> <span class='ocrx_word' id='word_1_953' title='bbox 3503 5506 3573 5561; x_wconf 87' lang='lat' dir='ltr'><strong>ad</strong></span> <span class='ocrx_word' id='word_1_954' title='bbox 3615 5503 3847 5560; x_wconf 89' lang='lat' dir='ltr'><strong>credere</strong></span> 
     </span>
    </p>
   </div>
   <div class='ocr_carea' id='block_1_120' title="bbox 2148 5599 3846 5692">
    <p class='ocr_par' dir='ltr' id='par_1_120' title="bbox 2148 5599 3846 5692">
     <span class='ocr_line' id='line_1_121' title="bbox 2148 5599 3846 5692; baseline -0.017 -13"><span class='ocrx_word' id='word_1_955' title='bbox 2148 5620 2432 5692; x_wconf 89' lang='lat' dir='ltr'><strong>pertineat</strong></span> <span class='ocrx_word' id='word_1_956' title='bbox 2465 5620 2649 5677; x_wconf 86' lang='lat' dir='ltr'><strong>tacere</strong></span> <span class='ocrx_word' id='word_1_957' title='bbox 2671 5616 3023 5673; x_wconf 88' lang='lat' dir='ltr'><strong>voluntatem</strong></span> <span class='ocrx_word' id='word_1_958' title='bbox 3055 5607 3236 5682; x_wconf 88' lang='lat' dir='ltr'><strong>patris</strong></span> <span class='ocrx_word' id='word_1_959' title='bbox 3266 5605 3414 5674; x_wconf 89' lang='lat' dir='ltr'><strong>ejus.</strong></span> <span class='ocrx_word' id='word_1_960' title='bbox 3444 5599 3582 5665; x_wconf 86' lang='lat' dir='ltr'><strong>Quis</strong></span> <span class='ocrx_word' id='word_1_961' title='bbox 3628 5599 3846 5653; x_wconf 88' lang='lat' dir='ltr'><strong>nesciat</strong></span> 
     </span>
    </p>
   </div>
  </div>
