4146 6186
275 258 425 317 1631

274 389 381 446 hoc
406 404 533 445 esse
584 390 767 446 facere
797 388 1149 444 voluntatem
1194 390 1313 455 Dei,
1368 391 1590 461 operari
1650 407 1797 462 opus
1827 390 1975 460 ejus,

276 480 332 534 id
365 486 473 547 est,
507 482 661 551 quod
698 480 778 534 illi
812 480 1188 551 placet?lpse
1220 487 1413 536 autem
1457 482 1738 536 Dominus
1786 484 1978 549 aperte

277 570 386 643 alio
414 571 536 625 loco
577 570 717 624 dicit
750 588 761 625 :
797 571 898 624 [Ioc
920 574 993 625 est
1023 585 1155 639 Opus
1205 572 1316 636 Dei,
1362 574 1416 625 ut
1463 570 1701 625 credatis
1727 572 1801 640 :in
1856 586 1976 623 eum

276 677 433 731 quem
462 661 556 717 ille
578 659 727 715 misit
755 661 930 729 (toan.
962 677 1037 725 Vl,
1066 660 1180 727 29),
1206 662 1268 717 Ut
1289 663 1523 715 credatis
1547 664 1608 715 in
1630 676 1756 714 eum
1790 676 1804 728 ;
1836 675 1975 723 non,

278 754 343 803 ut
366 748 608 803 credatis
639 749 709 813 ei,
746 749 856 801 Sed
888 747 937 803 si
967 748 1206 802 creditis
1239 748 1295 802 in
1322 764 1481 815 eum,
1508 748 1739 803 creditis
1758 747 1837 813 ei;
1864 763 1976 801 non

279 844 472 893 autem
505 839 778 893 continuo
812 838 910 908 qui
942 838 1220 901 creditei,
1255 839 1436 893 credit
1467 838 1523 892 in
1556 854 1710 893 eum.
1744 836 1888 892 Nam
1923 841 1979 891 et

279 928 570 982 denmones
622 927 937 981 credebant
970 926 1041 993 ei,
1096 930 1151 981 et
1191 942 1304 981 non
1355 927 1666 982 credebant
1723 927 1779 981 in
1819 941 1974 981 eum.

282 1019 504 1072 Rursus
545 1018 720 1073 etiam
780 1018 849 1072 de
877 1017 1167 1087 Apostolis
1200 1018 1381 1088 ipsius
1425 1033 1735 1089 possumus
1766 1016 1975 1087 dicere,

279 1107 583 1161 Credimus
614 1107 791 1163 Paulo
827 1124 839 1173 ;
891 1108 991 1162 sed
1046 1124 1185 1174 non,
1225 1106 1528 1162 Credimus
1586 1106 1644 1161 in
1688 1104 1972 1161 Paulum:

278 1195 579 1249 Credimus
616 1196 815 1262 Petro;
849 1198 947 1251 sed
983 1213 1119 1261 non,
1153 1196 1453 1251 Credimus
1480 1196 1537 1250 in
1564 1194 1819 1252 Petrum.
1846 1196 1977 1250 Cre-

278 1282 429 1336 dcnti
450 1284 603 1337 enim
631 1287 683 1336 in
716 1300 831 1338 eum
858 1284 1233 1353 quijusti/icat
1255 1284 1502 1353 impium,
1524 1282 1820 1354 deputatur
1846 1282 1977 1352 ﬁdes

276 1374 392 1441 ejus
422 1378 497 1427 ad
520 1375 787 1441 iustitiam
821 1376 994 1437 (Item.
1026 1389 1100 1427 ιν.
1133 1374 1211 1443 5).
1246 1374 1391 1437 Quid
1438 1379 1523 1426 est
1570 1388 1702 1443 ergo
1744 1374 1974 1427 credere

277 1459 335 1513 in
368 1477 499 1515 eum
534 1462 559 1514 ’ἶ
598 1462 892 1515 Credendo
941 1478 1156 1527 amare,
1209 1461 1495 1516 credendo
1544 1460 1805 1531 diligere,
1855 1478 1973 1515 cre-

278 1550 463 1603 dendo
499 1549 555 1602 in
588 1565 718 1603 eum
755 1550 856 1617 ire,
889 1551 1091 1618 etejus
1126 1549 1402 1604 membris
1434 1550 1808 1620 incorporari.
1843 1549 1977 1619 Ipsa

278 1643 518 1706 estergo
554 1637 689 1692 ﬁdes
715 1656 889 1704 quam
916 1640 983 1692 de
1018 1638 1184 1693 nobis
1208 1639 1384 1710 exigit
1422 1640 1604 1694 Deus:
1656 1644 1712 1693 et
1746 1655 1860 1693 non
1893 1638 1977 1693 in-

276 1728 431 1781 venit
456 1727 607 1797 quod
642 1729 854 1797 exigat,
886 1728 997 1782 nisi
1023 1728 1318 1783 donaverit
1351 1729 1502 1798 quod
1538 1728 1814 1784 inveniat.
1841 1730 1974 1795 Quae

280 1820 440 1885 ﬁdes,
477 1821 586 1875 nisi
620 1837 794 1891 quam
831 1821 1090 1875 deﬁnivit
1122 1821 1235 1875 alio
1269 1820 1392 1875 loco
1425 1820 1729 1889 Apostolus
1761 1820 1975 1890 plenis-

278 1908 426 1963 sime
456 1909 697 1965 dicens:
751 1910 928 1979 Neque
976 1909 1315 1965 circumcisio
1360 1908 1571 1980 aliquid
1630 1909 1769 1963 valet
1810 1924 1982 1980 neque

274 2002 626 2068 prai’pulium,
686 1998 776 2054 sed
822 1999 953 2069 fides
1009 2014 1134 2069 qua?
1186 2014 1284 2068 per
1338 1998 1682 2053 dilectionem
1727 2006 1983 2069 aperatur

275 2088 626 2156 (Galeas-6,)
660 2088 685 2141 (ξ
712 2088 832 2143 Νοω
869 2087 1309 2158 qualiscumque
1350 2089 1513 2153 fides,
1546 2089 1641 2143 sed
1682 2088 1811 2155 ﬁdes
1858 2102 1984 2158 quae

272 2193 373 2249 per
393 2178 737 2233 dilectionem
767 2186 1026 2249 operatur
1046 2197 1063 2231 :
1092 2179 1211 2232 hmo
1232 2179 1287 2232 in
1321 2182 1376 2233 te
1398 2178 1494 2246 sit,
1527 2184 1581 2233 et
1604 2178 1892 2249 intelliges
1913 2180 1982 2233 de

278 2266 555 2322 doctrina.
584 2270 729 2333 Quid
756 2270 911 2323 enim
939 2268 1225 2335 intelliges
1244 2268 1271 2322 ?
1302 2269 1445 2334 Quia
1460 2269 1715 2323 doctrina
1739 2269 1852 2323 ista
1873 2285 1983 2325 non

279 2365 516 2425 estmea,
548 2358 636 2413 sed
665 2360 779 2425 eius
803 2360 896 2428 qui
925 2360 1054 2411 msit
1104 2375 1187 2411 me
1220 2376 1235 2411 :
1269 2358 1321 2413 id
1355 2365 1462 2425 est,
1512 2358 1798 2429 intelliges
1848 2359 1985 2429 quia

281 2446 542 2503 Christus
575 2448 751 2502 Filius
776 2448 897 2513 Dei,
928 2447 1026 2518 qui
1059 2453 1148 2501 est
1178 2447 1441 2504 doctrina
1472 2447 1681 2514 Patris,
1743 2464 1856 2502 non
1898 2459 1983 2505 est

280 2554 347 2593 ex
377 2536 584 2604 seipso,
609 2538 704 2591 sed
742 2536 919 2591 Filius
949 2542 1036 2591 est
1057 2537 1267 2591 Patris.

350 2628 404 2678 7.
456 2624 842 2679 Sabellianam
894 2626 1161 2680 haeresim
1212 2625 1501 2680 sententia
1540 2626 1653 2681 ista
1694 2625 1982 2681 dissolvit.

283 2713 593 2768 Sabelliani
628 2713 784 2767 enim
817 2714 1005 2768 dicere
1035 2712 1159 2768 ausi
1194 2718 1332 2768 sunt
1378 2715 1571 2785 ipsum
1605 2730 1727 2769 esse
1775 2714 1983 2769 Filium

282 2806 380 2873 qui
413 2807 498 2857 est
529 2807 584 2856 et
606 2804 773 2857 Pater
798 2820 809 2869 ;
835 2804 949 2857 duo
972 2820 1100 2858 esse
1133 2805 1387 2871 nomina,
1424 2806 1524 2860 sed
1551 2822 1723 2861 unam
1749 2823 1891 2862 rem.
1924 2793 1982 2860 Si

280 2893 394 2945 duo
417 2898 609 2947 essent
644 2892 899 2959 nomina,
934 2898 989 2947 et
1021 2909 1108 2948 res
1166 2911 1300 2961 una,
1352 2910 1468 2949 non
1514 2896 1824 2965 diceretur,
1871 2895 1981 2952 Mea

280 2981 533 3036 doctrina
568 2998 672 3036 non
706 2988 784 3036 est
817 2997 953 3039 mea.
985 2982 1197 3055 Utique
1234 2986 1280 3039 si
1316 2989 1412 3039 tua
1460 2986 1721 3041 doctrina
1752 3004 1865 3041 non
1897 2994 1984 3041 est

284 3077 403 3139 tua,
438 3088 469 3125 ο
502 3070 765 3136 Domine,
790 3073 1076 3142 cujusest,
1101 3074 1755 3145 nisialiussitcujussit
1776 3077 1982 3142 ?Quod

282 3160 499 3225 dixisti,
523 3158 837 3215 Sabelliani
871 3178 983 3216 non
1016 3163 1323 3235 intellgunt
1358 3181 1371 3219 :
1419 3182 1533 3220 non
1580 3166 1734 3220 enim
1791 3166 1982 3221 Trini-

282 3252 455 3303 tatem
480 3249 760 3314 viderunt,
787 3251 886 3304 sed
922 3251 1011 3305 sui
1045 3251 1238 3307 cordis
1278 3269 1531 3309 errorem
1585 3256 1769 3309 secuti
1818 3260 1978 3310 sunt.

280 3342 395 3393 Nos
428 3339 675 3393 cultores
706 3339 1011 3396 Trinitatis
1044 3346 1100 3397 et
1124 3343 1363 3397 unitatis
1412 3343 1596 3397 Patris
1637 3350 1693 3398 et
1744 3344 1870 3399 Filii
1930 3351 1985 3400 et

280 3428 533 3498 Spiritus
563 3429 765 3495 sancti,
790 3434 845 3484 et
868 3430 1039 3484 unius
1066 3430 1183 3499 Dei,
1209 3430 1604 3502 intelligamus
1628 3432 1697 3487 de
1720 3433 1985 3489 doctrina

280 3518 516 3586 Christi,
551 3519 827 3589 quoniam
864 3537 973 3574 non
998 3526 1087 3576 est
1110 3522 1236 3593 ejus
1274 3525 1309 3576 ί.
1342 3522 1409 3575 Et
1443 3522 1569 3577 ideo
1600 3522 1744 3577 dixit
1784 3540 1897 3578 non
1922 3541 1981 3580 se

280 3625 311 3660 a
342 3608 529 3678 seipso
554 3607 735 3678 loqui,
758 3610 1035 3678 quoniam
1068 3609 1337 3665 Christus
1361 3610 1554 3665 Datris
1587 3618 1672 3665 est
1699 3610 1897 3679 Filius,
1925 3619 1980 3669 et

282 3695 453 3749 Dater
485 3696 695 3751 Christi
729 3703 815 3751 est
853 3698 1040 3762 Fater,
1071 3703 1128 3752 et
1162 3699 1345 3753 Pilius
1380 3701 1450 3755 de
1482 3700 1597 3755 Deo
1621 3700 1784 3756 Patre
1833 3707 1980 3756 Peus

283 3789 370 3840 est
405 3802 417 3837 :
454 3785 619 3838 Pater
647 3791 833 3840 autem
874 3788 1042 3849 Deus,
1069 3805 1179 3841 non
1205 3790 1273 3843 de
1315 3789 1454 3843 Filio
1489 3788 1601 3843 Deo
1626 3790 1773 3844 Deus
1803 3796 1909 3849 est.

354 3874 405 3924 8‘
434 3874 533 3938 Qui
559 3876 885 3943 asemetipso
899 3875 1161 3945 loquitur,
1183 3876 1424 3944 gloriam
1444 3882 1727 3947 propriam
1753 3883 1981 3951 qumrit.

283 3966 401 4016 I-loc
424 3961 531 4015 erit
552 3960 647 4015 ille
670 3962 767 4030 qui
790 3969 1024 4018 vocatur
1043 3966 1458 4032 Antichristus,
1481 3968 1756 4023 extollens
1778 3987 1852 4036 se,
1877 3972 1983 4026 sic-

286 4055 347 4104 ut
378 4049 689 4119 Apostolus
724 4054 820 4117 ait,
871 4068 1035 4122 supra
1083 4071 1244 4109 omne
1289 4058 1429 4125 quod
1477 4057 1682 4112 dicitur
1728 4060 1889 4127 Deus,
1933 4069 1983 4115 et

284 4143 431 4211 quod
462 4141 743 4210 colitur(ll
771 4141 1023 4211 Theseu,
1057 4143 1126 4213 Δ).
1152 4144 1349 4215 Ipsum
1386 4146 1596 4216 quippe
1632 4151 1983 4205 annuntians

284 4230 563 4286 Dominus
582 4231 820 4301 gloriam
845 4249 1011 4287 suam
1036 4236 1443 4304 quaesiturum,
1473 4252 1585 4291 non
1615 4236 1855 4308 gloriam
1880 4245 1984 4294 Pa-

288 4322 389 4375 tris
412 4322 511 4387 ait,
538 4324 604 4376 ad
637 4322 869 4376 Judmos
902 4342 912 4376 :
951 4324 1059 4390 Ego
1081 4326 1203 4379 veni
1234 4327 1288 4379 in
1322 4326 1542 4381 nomine
1561 4328 1750 4382 Patris
1772 4331 1903 4394 mei,
1936 4338 1987 4385 et

284 4427 389 4465 non
418 4414 726 4481 suscepistis
777 4428 935 4467 men:
962 4414 1107 4467 alius
1148 4416 1304 4469 veliet
1328 4418 1384 4469 in
1424 4418 1648 4473 nomine
1676 4434 1795 4487 suo,
1842 4420 1987 4474 hunc

282 4501 590 4571 suscipielis
622 4502 797 4570 (Joan.
828 4520 879 4568 ν,
915 4504 1024 4573 43).
1061 4504 1419 4575 Significavit
1441 4522 1538 4561 eos
1560 4508 1984 4564 Antichristum

284 4594 679 4660 suscepturus,
712 4592 811 4660 qui
844 4593 1087 4663 gloriam
1107 4594 1363 4649 nominis
1394 4595 1481 4649 sui
1509 4598 1856 4667 quaesiturus
1879 4604 1983 4664 est,

286 4680 540 4747 inflatus,
578 4697 691 4733 non
716 4681 975 4747 solidus;
1013 4693 1065 4736 et
1090 4685 1344 4740 ideonon
1370 4686 1617 4752 stabilis,
1653 4690 1748 4742 sed
1786 4691 1986 4759 utique

285 4767 579 4821 ruinosus.
618 4768 895 4821 Dominus
927 4778 1115 4822 autem
1151 4778 1345 4825 noster
1374 4776 1545 4827 Jesus
1572 4776 1835 4828 Christus
1869 4793 1986 4831 ma-

284 4876 460 4931 gnum
495 4856 821 4928 exemplum
859 4858 1026 4911 nobis
1060 4859 1303 4927 preebuit
1334 4861 1725 4916 humilitatis:
1778 4882 1985 4936 nempe

283 4948 526 5021 aequalis
558 4952 643 5001 est
676 4946 853 5009 Patri,
876 4963 1085 5015 nempe
1116 4947 1175 5002 in
1194 4952 1472 5020 principio
1509 4951 1680 5017 Verat,
1704 4953 1916 5018 erbum,
1938 4963 1983 5009 et

288 5040 513 5095 Verbum
544 5042 661 5094 erat
683 5036 827 5108 apud
862 5038 1028 5091 Drum
1059 5043 1107 5093 et
1140 5039 1276 5093 Deus
1306 5047 1424 5094 erat
1466 5041 1699 5096 Verbum
1726 5061 1747 5107 ;
1779 5060 1985 5115 nempe

284 5134 403 5200 ipse
437 5131 674 5198 dixit,et
706 5128 1003 5183 verissime
1036 5128 1198 5195 dixit,
1234 5130 1398 5184 Tanto
1428 5140 1667 5201 tempOre
1718 5133 1989 5188 vobiscum

283 5236 425 5284 sum,
470 5224 649 5273 etnon
682 5217 1035 5286 cognosvistis
1081 5224 1207 5272 me?
1244 5218 1514 5288 Philippe,
1549 5222 1645 5289 qui
1692 5222 1827 5276 vidit
1880 5240 1987 5289 me,

290 5308 422 5360 vidit
445 5315 493 5360 et
524 5309 745 5361 Patrem
774 5307 873 5375 (Id.
898 5324 1012 5373 xiv,
1043 5307 1130 5377 9);
1165 5324 1369 5378 nempe
1392 5309 1516 5379 ipse
1536 5310 1702 5374 dixit,
1731 5320 1779 5363 et
1806 5313 1986 5365 veris-

288 5394 433 5448 sime
464 5394 629 5458 dixit,
662 5397 768 5465 Ego
797 5404 849 5449 et
878 5402 1045 5451 Pater
1074 5414 1244 5452 unum
1293 5415 1480 5453 sumus
1529 5399 1630 5468 (Id.
1666 5416 1718 5463 x,
1770 5400 1879 5470 30).
1930 5400 1989 5455 Si

287 5497 421 5550 ergo
454 5480 549 5534 ille
580 5498 707 5535 cum
756 5488 916 5539 Patre
969 5503 1169 5556 unum,
1235 5491 1465 5558 equalls
1504 5489 1669 5556 Patri,
1725 5489 1873 5545 Deus
1920 5493 1991 5546 de

352 5602 367 5634 ι
398 5596 556 5644 Juxta
588 5594 670 5643 Er.
706 5598 868 5657 Lugd.
892 5600 1026 5647 Ven.
1053 5604 1198 5655 Lov.,
1232 5604 1479 5666 quomodo
1508 5618 1605 5653 non
1642 5608 1717 5653 est
1747 5607 1874 5667 ejus.
1921 5607 1969 5655 M

1226 257 1315 317 IN
1359 256 1683 319 JOANNIS
1731 256 2271 329 EVANGELIUM,
2315 258 2377 317 S.
2426 256 2847 321 AUGUSTINI

3635 256 3789 317 1632

2093 391 2224 458 Deo,
2259 390 2408 445 Deus
2435 390 2589 460 apud
2620 391 2825 457 Deum,
2857 398 3195 457 coaaternus,
3230 390 3592 458 immortalis,
3638 391 3792 462 pari-

2089 483 2172 533 ter
2222 478 2738 547 incommutabilis,
2786 480 2994 550 pariter
3061 480 3188 535 sine
3234 486 3511 552 tempore,
3572 480 3790 551 pariter

2088 572 2316 622 creator
2345 578 2397 622 et
2429 568 2749 640 dispositor
2774 578 3096 641 temporum
3130 588 3141 637 ;
3181 578 3369 624 tamen
3396 570 3531 639 quia
3561 570 3789 624 venitin

2090 660 2364 726 tempore,
2397 663 2454 713 et
2488 659 2734 714 formam
2766 661 2919 714 servi
2944 660 3186 731 accepit,
3236 665 3292 715 et
3341 659 3536 714 habitu
3573 664 3661 714 est
3705 659 3789 714 in~

2086 750 2292 800 ventus
2322 754 2379 801 ut
2412 746 2584 803 homo
2614 748 2877 819 (Philipp.
2912 750 3064 819 11,7),
3090 748 3299 819 quierit
3320 747 3564 819 gloriam
3580 748 3789 813 Patris,

2088 853 2200 891 non
2233 853 2398 891 suam
2432 854 2445 891 :
2480 837 2618 908 quid
2643 841 2726 904 tu,
2760 837 2958 905 homo,
2982 838 3163 893 facere
3194 838 3389 905 debes,
3424 839 3523 908 qui
3556 838 3791 907 quando

2087 925 2304 996 aliquid
2331 927 2466 981 boni
2512 926 2669 991 facis,
2694 927 2935 998 gloriam
2962 931 3124 981 tuam
3146 927 3387 997 quaeris;
3421 926 3656 997 quando
3694 943 3793 981 au-

2088 1023 2198 1070 tem
2219 1015 2431 1086 aliquid
2451 1015 2585 1071 mali
2612 1016 2772 1083 facis,
2798 1017 2912 1072 Deo
2936 1011 3287 1071 calumniam
3316 1015 3616 1070 meditaris
3636 1018 3663 1069 ?
3686 1018 3750 1070 In
3767 1045 3787 1057 ο

2086 1105 2257 1161 tende
2288 1106 2431 1171 tibi;
2465 1109 2730 1161 creatura
2760 1122 2843 1171 es,
2877 1121 3126 1177 agnosce
3160 1107 3529 1161 Creatorem:
3582 1121 3786 1161 servus

2086 1212 2167 1261 es,
2194 1210 2263 1249 ne
2293 1199 2634 1249 contemnas
2666 1194 2981 1249 Dominum
3019 1195 3362 1265 :adoptatus
3400 1211 3479 1261 es,
3514 1194 3611 1250 sed
3655 1209 3768 1248 non

2088 1284 2310 1338 meritis
2345 1283 2453 1337 tuis
2487 1300 2500 1350 ;
2534 1300 2728 1354 qurere
2749 1286 2873 1353 ejus
2905 1283 3173 1354 gloriam,
3208 1302 3240 1338 a
3271 1300 3381 1354 quo
3419 1283 3598 1337 habes
3633 1283 3789 1337 hanc

2085 1372 2353 1442 gratiam,
2388 1371 2560 1427 homo
2592 1374 2924 1443 adoptatus,
2948 1374 3114 1443 cujus
3136 1372 3379 1443 gloriam
3404 1372 3671 1443 quaesivit
3691 1374 3791 1442 qui

2086 1466 2173 1516 est
2203 1461 2383 1516 abillo
2408 1462 2613 1517 unicus
2648 1467 2839 1517 natus.
2862 1462 2967 1529 Qui
2996 1471 3176 1517 autem
3199 1462 3401 1532 quaerit
3421 1462 3797 1532 gloriamejus

2086 1551 2343 1621 quimz’sit
2364 1551 3009 1618 illum,hicveraxest,et
3030 1552 3309 1621 iniustitia
3333 1554 3390 1607 in
3430 1552 3527 1606 itlo
3561 1568 3669 1607 non
3691 1560 3787 1605 est.

2087 1642 2149 1694 In
2174 1639 2530 1695 Antichristo
2563 1646 2759 1696 autem
2794 1640 3082 1711 injustitia
3111 1647 3217 1708 est,
3243 1646 3299 1696 et
3329 1657 3498 1697 verax
3520 1657 3635 1695 non
3659 1646 3785 1707 est;

2088 1730 2224 1799 quia
2255 1728 2499 1800 gloriam
2533 1747 2699 1785 suam
2735 1731 3087 1800 quaesiturus
3111 1736 3214 1797 est,
3252 1747 3365 1786 non
3414 1732 3542 1799 ejus
3592 1746 3625 1784 a
3673 1746 3787 1800 quo

2090 1818 2304 1874 missus
2324 1822 2412 1873 est
2444 1837 2456 1873 :
2494 1834 2608 1873 non
2642 1819 2795 1873 enim
2827 1825 2914 1874 est
2938 1818 3173 1886 missus,
3207 1820 3304 1874 sed
3328 1819 3523 1874 venire
3547 1818 3789 1890 permis-

2088 1924 2213 1963 sus.
2248 1908 2460 1962 Omnes
2491 1924 2625 1979 ergo
2658 1909 3013 1979 pertinentes
3052 1911 3124 1963 ad
3175 1925 3386 1980 corpus
3429 1908 3668 1973 Christi,
3718 1924 3791 1962 ne

2087 1998 2438 2052 inducamur
2468 1998 2526 2051 in
2548 1996 2782 2068 laqueos
2799 1997 3161 2059 Antichristi.
3182 2014 3295 2053 non
3320 2014 3573 2068 quaeram
3586 2015 3651 2051 us
3664 1996 3786 2067 glo-

2090 2087 2231 2141 riam
2264 2093 2540 2142 nostram.
2580 2087 2688 2141 Sed
2715 2087 2762 2141 si
2788 2088 2883 2142 ille
2923 2088 3187 2158 quaesivit
3220 2087 3456 2159 gloriam
3509 2089 3637 2157 ejus
3686 2085 3793 2157 qui

2088 2192 2218 2231 eum
2254 2176 2431 2243 misit,
2466 2181 2678 2247 quanto
2712 2176 2897 2247 magis
2926 2193 3031 2231 nos
3062 2178 3189 2247 ejus
3220 2178 3312 2248 qui
3346 2194 3449 2233 nos
3484 2177 3613 2231 fecit
3641 2179 3669 2231 ?

2614 2284 3040 2341 TRACTATUS
3080 2285 3238 2340 XXX

2093 2393 2174 2446 Ab
2196 2408 2259 2447 eo
2280 2392 2411 2458 loco,
2444 2390 2643 2446 Nonne
2665 2391 2890 2460 Moyses
2912 2392 3069 2447 dedit
3097 2393 3256 2447 vobis
3282 2393 3511 2461 Legem,
3542 2398 3599 2447 et
3623 2410 3798 2449 nemo

2164 2498 2232 2535 ex
2261 2482 2422 2537 vobis
2457 2481 2589 2537 facit
2625 2482 2826 2553 Legem
2852 2482 2878 2535 ?
2906 2499 3075 2553 usque
3102 2483 3171 2537 ad
3214 2483 3291 2548 id,
3316 2482 3501 2538 Nolite
3522 2484 3796 2553 judicare

2165 2572 2483 2626 secundum
2520 2571 2746 2635 faciem,
2799 2572 3142 2641 sedjustum
3184 2572 3477 2643 judicium
3513 2573 3795 2642 judicate.

2165 2661 2293 2731 Cap.
2321 2676 2419 2727 v11,
2453 2662 2506 2729 ᾖν.
2549 2660 2733 2713 19-24.

2165 2769 2215 2822 1.
2241 2767 2529 2839 Evangelii
2560 2770 2747 2823 sancti
2775 2768 3105 2837 lectionem,
3131 2770 3202 2823 de
3233 2786 3347 2840 qua
3378 2768 3600 2840 pridem
3646 2769 3803 2824 Cha-

2094 2858 2253 2912 ritati
2285 2864 2485 2913 vestrae
2516 2858 2691 2912 locuti
2724 2875 2950 2925 sumus,
2984 2858 3096 2913 ista
3128 2876 3253 2930 qua:
3286 2860 3456 2913 modo
3487 2859 3637 2915 lecta
3685 2865 3799 2926 est,

2096 2946 2780 3017 hodiernaconsequitur.
2804 2948 3111 3002 Dominum
3135 2950 3460 3020 loquentem
3482 2949 3807 3004 audiebant

2092 3042 2147 3092 et
2166 3036 2438 3107 discipuli
2462 3042 2516 3091 et
2534 3036 2717 3091 Judaei
2744 3056 2758 3105 ;
2783 3037 3075 3091 veritatem
3102 3037 3801 3108 loquentemaudiebant,

2091 3136 2142 3181 et
2173 3143 2401 3183 veraces
2430 3132 2486 3181 et
2506 3128 2809 3182 mendaces
2833 3146 2847 3194 ;
2874 3127 3215 3182 charitatem
3250 3128 3578 3199 loquentem
3594 3120 3801 3184 audie-

2092 3215 2233 3269 bant
2262 3214 2499 3269 etamici
2531 3214 2850 3281 etinimici;
2877 3215 3089 3270 bonum
3118 3215 3450 3285 loquentem
3475 3217 3799 3271 audiebant

2092 3307 2146 3357 et
2168 3302 2301 3357 boni
2330 3307 2386 3357 et
2415 3302 2569 3357 mali.
2604 3302 2688 3357 Illi
2711 3303 3047 3367 audiebant,
3072 3304 3171 3357 sed
3208 3302 3302 3358 ille
3321 3303 3717 3372 discernebat;
3741 3310 3803 3360 et

2092 3395 2309 3465 quibus
2342 3410 2532 3449 sermo
2564 3396 2867 3465 prodesset
2896 3404 2949 3450 et
2981 3396 3321 3465 profuturus
3360 3398 3800 3463 esset,videbat

2094 3490 2149 3539 et
2181 3486 2545 3555 prrevidebat.
2580 3487 2637 3540 In
2676 3485 2791 3540 illis
2820 3486 2973 3541 enim
3015 3486 3115 3556 qui
3148 3492 3285 3542 tunc
3332 3492 3497 3542 erant
3538 3488 3804 3556 videbat,

2094 3575 2151 3629 in
2186 3575 2353 3629 nobis
2379 3575 2473 3643 qui
2510 3576 2689 3629 futuri
2720 3590 2952 3631 eramus
2979 3575 3476 3645 prievidebat.Nos
3498 3578 3690 3648 itaque
3712 3577 3796 3633 sic

2094 3666 2400 3720 audiamus
2423 3664 2820 3735 Evangelium,
2866 3666 3031 3730 quasi
3075 3670 3417 3737 praesentem
3460 3666 3745 3721 Dominus
3784 3682 3799 3721 :

2096 3770 2197 3809 nec
2231 3755 2517 3819 dicamus,
2546 3752 2588 3807 Ο
2613 3753 2696 3808 illi
2726 3753 2916 3809 felices
2943 3754 3041 3825 qui
3074 3771 3208 3808 eum
3228 3756 3419 3810 videre
3452 3755 3797 3824 potuerunt!

2094 3845 2232 3914 quia
2256 3843 2421 3897 multi
2454 3843 2509 3896 in
2544 3842 2627 3897 eis
2660 3843 2758 3913 qui
2782 3844 3065 3907 viderunt,
3097 3854 3149 3899 et
3191 3845 3527 3899 occiderunt
3559 3865 3572 3911 ;
3628 3845 3801 3899 multi

2094 3943 2287 3991 autem
2308 3937 2367 3990 in
2392 3936 2558 3991 nobis
2584 3936 2679 4006 qui
2706 3954 2818 3990 non
2842 3936 3128 4000 viderunt,
3154 3942 3208 3990 et
3230 3936 3799 4003 crediderunt.Quod

2095 4025 2247 4081 enim
2297 4025 2612 4096 pretiosum
2638 4026 2883 4079 sonabat
2923 4026 2991 4079 de
3033 4041 3130 4080 ore
3166 4026 3418 4092 Domini,
3455 4030 3511 4080 et
3562 4034 3805 4097 prOpter

2097 4131 2201 4171 nos
2252 4114 2530 4182 scriptum
2587 4118 2693 4180 est,
2754 4120 2811 4169 et
2878 4114 3046 4169 nobis
3105 4120 3419 4181 servatum,
3470 4118 3525 4169 et
3572 4124 3805 4184 propter

2097 4220 2200 4258 nos
2233 4202 2604 4269 recitatum‘,
2630 4209 2683 4256 et
2708 4203 3044 4258 recitabitur
3072 4202 3248 4259 etiam
3276 4209 3504 4273 prOpter
3538 4214 3805 4273 posteros

2099 4298 2344 4361 nostros,
2370 4296 2425 4348 et
2446 4293 2628 4347 donec
2662 4292 2938 4347 smculum
2987 4292 3244 4347 finiatur.
3281 4293 3526 4347 Sursum
3550 4298 3637 4348 est
3681 4298 3803 4347 Do—

2097 4382 2453 4437 minuszsed
2488 4382 2662 4435 etiam
2706 4380 2799 4437 hic
2848 4386 2903 4436 et
2953 4383 3163 4437 veritas
3217 4381 3524 4437 Dominus.
3573 4382 3803 4451 Corpus

2095 4472 2251 4525 enim
2278 4470 2556 4525 Domini’
2588 4471 2643 4525 in
2678 4488 2791 4540 quo
2825 4471 3156 4535 resurrexit,
3193 4488 3307 4526 uno
3352 4473 3474 4525 loco
3514 4487 3639 4525 esse
3691 4488 3803 4541 po-

2097 4566 2208 4617 test
2243 4578 2255 4614 :
2284 4561 2493 4615 veritas
2523 4562 2653 4629 ejus
2687 4560 2903 4630 ubique
2934 4560 3147 4614 diffusa
3176 4566 3283 4615 est.
3319 4560 3627 4615 Dominum
3658 4576 3801 4631 ergo

2097 4653 2423 4713 audiamus,
2466 4655 2521 4703 et
2552 4651 2701 4719 quod
2737 4651 2859 4721 ipse
2891 4650 3191 4705 donaverit
3218 4651 3289 4705 de
3321 4650 3513 4707 verbis
3545 4652 3692 4720 ejus,
3746 4656 3812 4707 et,

2097 4756 2201 4794 nos
2233 4740 2520 4793 dicamus.

2164 4830 2218 4881 2.
2252 4830 2440 4884 Nonne
2464 4834 2690 4899 Moyses,
2721 4828 2933 4899 inquit,
2966 4828 3114 4883 dedit
3150 4828 3293 4884 vobis
3314 4832 3531 4897 Legem,
3562 4837 3613 4882 et
3643 4846 3802 4887 nemo

2094 4936 2163 4975 es:
2194 4919 2339 4974 vobis
2368 4922 2501 4987 [acit
2526 4922 2711 4989 Legem
2736 4920 2913 4986 γραῖά
2929 4935 3013 4974 me
3032 4923 3281 4989 quaeritis
3304 4923 3647 4990 inter/icere?
3665 4921 3802 4977 Ideo

2096 5006 2252 5061 enim
2286 5006 2545 5076 quaeritis
2580 5022 2669 5061 me
2712 5006 3055 5073 interficere,
3094 5010 3233 5078 quia
3291 5025 3459 5064 nemo
3517 5024 3584 5062 ex
3632 5010 3802 5065 vobis

2164 5173 2285 5221 1Er.
2322 5172 2485 5224 Luszd.
2521 5176 2572 5220 et
2606 5170 2741 5221 Ven.
2776 5172 2973 5229 ferunt,
3009 5174 3283 5221 recitatur.
3341 5173 3411 5221 M.

2161 5234 2181 5267 ‘3
2206 5235 2457 5283 Nonnulli
2482 5234 2689 5282 codices
2721 5236 3246 5290 omittunt,Domini:
3274 5240 3325 5284 at
3344 5240 3527 5297 postea
3549 5237 3599 5284 in
3622 5236 3817 5287 verbis:

2099 5296 2229 5367 istis,
2263 5312 2367 5367 uno
2400 5297 2510 5365 loco
2539 5311 2641 5343 esse
2674 5301 2857 5355 potest,
2889 5298 3014 5367 editi
3048 5304 3099 5345 et
3139 5298 3257 5345 Mss.
3293 5296 3427 5367 quos
3458 5300 3800 5367 cnonsiderare

2100 5361 2252 5423 nobis
2280 5360 2457 5423 licuit,
2492 5372 2676 5423 omnes
2695 5362 3031 5423 conveniunt
3060 5374 3071 5407 :
3110 5360 3317 5409 tametsi
3351 5362 3438 5407 lvo
3472 5362 3636 5415 Decr.,
3664 5377 3713 5423 p.
3750 5364 3800 5423 2,

2100 5437 2143 5468 ο.
2175 5421 2235 5480 8;
2267 5421 2571 5485 Gratianus,
2590 5422 2667 5485 de
2684 5421 2929 5485 Consecr.
2954 5423 3073 5470 dist.
3092 5423 3139 5477 2,
3165 5442 3207 5472 c.
3232 5424 3404 5469 Prima
3436 5423 3643 5485 quidem
3668 5421 3682 5473 ξε
3701 5425 3818 5474 Μαι.

2100 5486 2281 5547 gister,
2302 5486 2333 5547 4
2356 5484 2522 5547 Sent,
2548 5484 2667 5547 dist.
2691 5483 2767 5541 10,
2786 5484 2860 5533 c.l
2888 5499 2899 5541 ;
2925 5491 3146 5547 postque
3170 5486 3288 5533 illos
3304 5483 3815 5545 ThomasAquinas,

2097 5546 2127 5594 3
2150 5561 2220 5606 p.,
2244 5545 2394 5606 (1.75,
2415 5559 2461 5593 a.
2487 5544 2530 5603 1,
2556 5545 2629 5593 sic
2648 5544 2969 5595 sententiam
2996 5544 3131 5595 hanc
3155 5549 3400 5603 referant.
3425 5561 3523 5595 uno
3557 5544 3666 5595 loco
3696 5563 3822 5598 esse

2100 5611 2317 5671 oportet.
