4126 6194
311 254 456 313 1633

306 386 439 441 facit
472 387 679 459 Legem
715 403 729 441 :
765 403 899 442 nam
924 387 973 441 si
999 388 1208 459 Legem
1232 386 1521 450 faceretis,
1555 385 1612 439 in
1636 383 1781 454 ipsis
1804 380 2013 435 litteris

302 472 594 527 Christum
632 474 1045 543 agnosceretis,
1075 477 1132 528 et
1166 480 1503 543 praesentem
1528 487 1644 525 non
1660 467 2012 524 occideretis.

302 563 368 616 Et
390 561 471 616 illi
515 564 941 634 responderunt
976 566 991 598 ¹
1029 579 1041 617 :
1080 562 1369 632 Respondit
1398 563 1451 615 ei
1479 561 1659 615 turba.
1696 556 2016 627 Respondit

302 653 465 722 quasi
498 653 669 707 turba
704 669 817 709 non
853 654 1201 723 pertinentia
1231 654 1296 707 ad
1332 652 1616 713 ordinem,
1654 650 1751 704 sed
1791 647 1857 701 ad
1886 663 2013 716 per-

302 742 693 798 turbationem
729 743 1021 813 :denique
1062 744 1229 797 turba
1276 744 1509 798 turbata
1534 742 1725 795 videte
1756 739 1889 809 quid
1925 755 2015 792 re-

304 832 605 901 sponderit
648 850 659 887 :
696 833 1041 887 Dremonium
1072 832 1239 888 habes
1257 849 1277 892 ;
1311 831 1488 902 quise
1519 830 1720 902 quaerit
1746 830 2020 883 occidere?

306 922 479 988 Quasi
511 939 624 977 non
649 937 813 993 pejus
843 923 1017 977 fuerit
1040 923 1251 987 dicere,
1278 924 1614 977 Dremonium
1638 921 1824 984 habes,
1842 933 2015 989 quam

305 1026 436 1066 eum
469 1010 751 1066 occidere.
785 1011 853 1065 Et
883 1012 1099 1082 quippe
1129 1012 1345 1066 dictum
1370 1016 1455 1065 est
1484 1010 1635 1081 quod
1664 1006 2016 1063 daemonium

307 1100 562 1167 haberet,
595 1101 692 1170 qui
743 1101 1035 1156 daemones
1082 1102 1424 1172 expellebat.
1460 1101 1605 1163 Quid
1659 1098 1842 1170 possit
1863 1096 2018 1152 aliud

308 1191 500 1245 dicere
531 1191 701 1244 turba
723 1189 1110 1245 turbulenta?
1139 1190 1278 1261 quid
1314 1189 1499 1261 possit
1547 1189 1702 1244 aliud
1736 1188 1887 1242 olere
1918 1202 2022 1239 coe-

308 1297 447 1335 num
471 1285 826 1335 commotum
850 1280 1327 1336 '?'I‘urbaturbata
1351 1284 1437 1335 est
1460 1278 1739 1348 ;undc?A
1762 1279 2020 1332 veritate.

308 1370 954 1440 Turbamlippitudinis
981 1370 1226 1425 turbavit
1244 1370 1478 1425 claritas
1501 1369 1668 1423 lucis.
1687 1366 2020 1423 Oculienim

308 1475 427 1513 non
464 1459 739 1513 habentes
782 1459 1109 1523 sanitatem,
1147 1476 1263 1514 non
1316 1462 1562 1529 possunt
1611 1458 1755 1511 ferre
1784 1455 2023 1510 luminis

311 1547 653 1603 claritatem.

380 1638 432 1690 3.
468 1638 755 1692 Dominus
785 1644 977 1694 autem
1013 1655 1127 1692 non
1166 1637 1339 1709 plane
1372 1638 1660 1705 turbatus,
1695 1636 1793 1690 sed
1835 1635 1893 1689 in
1917 1652 2023 1689 sua

309 1726 549 1781 veritate
580 1726 961 1799 tranquillus,
986 1743 1099 1781 non
1143 1727 1398 1783 reddidit
1442 1726 1659 1781 malum
1711 1741 1813 1795 pro
1846 1723 2022 1789 malo,

313 1830 417 1870 nec
444 1814 820 1869 maledictum
856 1832 959 1886 pro
984 1815 1288 1871 maledicto
1321 1800 1368 1885 (Ῐ
1394 1817 1542 1870 Pelr.
1585 1830 1675 1881 ill,
1700 1814 1777 1883 9).
1803 1812 2023 1876 Quibus

312 1904 360 1958 si
391 1905 629 1970 diceret,
665 1903 1023 1959 Daemonium
1056 1904 1282 1959 habetis
1312 1921 1449 1966 vos;
1485 1920 1679 1958 verum
1705 1903 1901 1973 utique
1933 1902 2023 1956 di-

317 1999 487 2049 ceret.
522 1996 645 2049 Non
693 1994 847 2049 enim
899 1994 1039 2049 talia
1079 1994 1162 2048 illi
1198 1995 1418 2050 veritati
1462 1993 1741 2059 dicerent,
1774 1992 1887 2047 nisi
1926 2007 2023 2047 eos

317 2082 533 2137 diaboli
559 2083 783 2138 falsitas
807 2082 1081 2137 irritaret.
1114 2082 1260 2147 Quid
1284 2099 1419 2153 ergo
1448 2080 1792 2152 respondit?
1816 2080 2027 2134 Audia-

317 2188 450 2225 mus
480 2170 816 2243 tranquille,
850 2176 906 2225 et
926 2171 1309 2241 tranquillum
1333 2172 1605 2225 bibamus
1641 2186 1653 2224 :
1692 2170 1864 2225 Unum
1894 2184 2027 2237 opus

314 2259 444 2329 feci,
496 2268 550 2314 et
597 2275 781 2315 omnes
812 2261 1118 2315 miramini.
1142 2260 1446 2330 Tanquam
1499 2259 1718 2324 dicens,
1771 2256 1917 2323 Quid
1977 2256 2026 2310 si

318 2348 514 2403 omnia
547 2364 718 2419 Opera
751 2364 880 2403 mea
908 2347 1178 2403 videretis
1214 2348 1449 2418 ?Ipsius
1480 2348 1633 2402 enim
1667 2361 1841 2416 opera
1863 2348 2028 2399 erant

320 2454 443 2509 quae
468 2439 526 2492 in
564 2439 782 2493 mundo
804 2438 1103 2497 videbant,
1128 2438 1392 2508 etipsum
1411 2436 1509 2508 qui
1535 2436 1669 2491 fecit
1690 2435 1887 2491 omnia
1910 2451 2026 2491 non

318 2528 593 2582 videbant
630 2544 643 2581 :
672 2527 802 2582 fecit
826 2543 1010 2597 unam
1044 2542 1189 2592 rem,
1221 2532 1277 2581 et
1306 2526 1523 2580 turbati
1548 2530 1707 2594 sunt,
1740 2524 1879 2596 quia
1911 2523 2027 2579 sal-

318 2628 452 2667 vum
485 2610 941 2665 fecithominem
974 2609 1233 2666 sabbato.
1267 2609 1443 2672 Quasi
1484 2624 1618 2666 vero
1642 2609 1690 2665 si
1720 2609 2028 2678 quisquam

318 2708 567 2772 aegrotus
598 2700 837 2755 sabbato
865 2701 1172 2754 sinceraret
1196 2699 1238 2763 ε,
1257 2699 1406 2753 alius
1432 2696 1596 2752 illum
1631 2714 1840 2753 sanum
1865 2698 2029 2751 fecis-

319 2800 407 2844 set
435 2804 607 2858 quam
634 2788 752 2851 ille,
785 2787 880 2857 qui
904 2803 1001 2843 eos
1023 2786 1454 2853 scandalizavit,
1482 2786 1618 2855 quia
1635 2802 1819 2841 unum
1844 2784 2030 2842 homi-

321 2894 449 2933 nem
473 2876 699 2932 salvum
730 2876 1131 2931 fecitsabbato.
1158 2876 1298 2941 Quis
1320 2876 1476 2930 enim
1502 2875 1653 2931 alius
1676 2876 1820 2931 alios
1842 2875 2032 2931 salvos

320 2969 453 3023 fecit
484 2983 659 3037 quam
693 2967 818 3036 ipsa
842 2966 1024 3033 salus;
1051 2967 1150 3037 qui
1194 2966 1355 3020 illam
1394 2964 1639 3021 salutem
1676 2981 1851 3036 quam
1875 2964 2035 3020 dedit

319 3054 456 3110 huic
482 3052 727 3119 homini,
762 3055 856 3109 dat
887 3053 1238 3125 etjumentis
1264 3054 1291 3108 ‘2
1331 3052 1502 3109 Salus
1534 3052 1687 3109 enim
1721 3051 2034 3121 corporalis

316 3150 459 3203 erat.
495 3144 668 3201 Salus
708 3144 900 3201 carnis
933 3150 989 3201 et
1033 3148 1355 3217 reparatur,
1387 3150 1443 3200 et
1494 3144 1741 3200 moritur
1774 3164 1788 3213 ;
1822 3148 2035 3200 etcum

317 3240 645 3307 reparatur,
676 3252 831 3291 mors
872 3235 1161 3305 differtur,
1193 3252 1307 3291 non
1340 3236 1618 3291 aufertur.
1652 3239 1889 3301 Tamen,
1926 3234 2037 3287 fra-

316 3332 461 3391 tres,
486 3324 663 3379 etiam
713 3325 840 3396 ipsa
878 3324 1038 3380 salus
1086 3343 1118 3380 a
1166 3325 1411 3381 Domino
1435 3328 1539 3385 est.
1576 3340 1676 3395 per
1720 3324 2038 3396 quemlibet

316 3415 488 3468 detur
521 3428 921 3484 :quocumque
952 3418 1193 3468 curante
1236 3418 1292 3468 et
1338 3412 1706 3468 ministrante
1730 3413 2035 3485 impertia-

316 3508 439 3566 tur,
474 3503 544 3557 ab
578 3502 677 3557 illo
709 3502 881 3557 datur
911 3519 943 3556 a
964 3519 1073 3574 quo
1099 3508 1186 3558 est
1209 3503 1402 3558 omnis
1418 3502 1597 3570 salus,
1622 3504 1717 3558 cui
1744 3503 1956 3558 dicitur
1978 3503 2035 3558 in

319 3592 577 3659 Psalmo,
624 3591 876 3646 Homines
923 3597 972 3646 et
1031 3593 1280 3659 iumenta
1318 3594 1493 3647 salvos
1541 3592 1729 3657 facies,
1767 3593 1989 3647 Domine
2016 3608 2038 3655 ,°

318 3685 464 3737 sicut
481 3680 1328 3752 multiplicastimisericordiam
1348 3684 1696 3749 tuam,Deus.
1721 3684 1865 3747 Quia
1882 3683 2036 3737 enim

320 3772 480 3829 Deus
505 3787 589 3837 es,
614 3770 995 3841 multiplicata
1030 3771 1419 3827 misericordia
1450 3777 1551 3827 tua
1583 3773 1843 3843 pervenit
1863 3773 2039 3827 etiam

325 3865 396 3921 ad
422 3863 674 3919 salutem
698 3863 887 3918 carnis
913 3862 1206 3931 humanae,
1223 3864 1484 3935 pervenit
1506 3863 1676 3918 etiam
1699 3864 1768 3919 ad
1794 3862 2041 3919 salutem

329 3960 632 4011 mutorum
664 3954 1008 4010 animalium
1037 3971 1051 4010 :
1083 3956 1183 4011 sed
1216 3955 1438 4028 quidas
1460 3954 1705 4011 salutem
1724 3954 1915 4011 carnis
1938 3955 2043 4011 ho-

327 4044 1000 4116 minibusjumentisque
1017 4045 1696 4116 communem,uumquid
1715 4044 1873 4100 nulla
1886 4045 2043 4101 salus

331 4140 419 4191 est
445 4150 626 4205 quam
663 4150 863 4189 servas
896 4134 1233 4190 hominibus
1262 4136 1290 4190 ?
1321 4136 1420 4191 Est
1464 4140 1616 4191 certe
1647 4134 1759 4191 alia
1788 4151 1910 4205 quae
1931 4152 2045 4191 non

332 4223 524 4279 solum
558 4223 892 4279 communis
916 4240 1030 4279 non
1062 4228 1150 4279 est
1172 4224 1513 4281 hominibus
1543 4232 1596 4280 et
1619 4225 1927 4295 jumentis,
1952 4224 2045 4279 sed

333 4329 441 4368 nec
473 4311 616 4384 ipsis
674 4311 1011 4368 hominibus
1056 4315 1390 4370 communis
1438 4318 1529 4370 est
1558 4313 1729 4369 bonis
1768 4317 1827 4369 et
1856 4312 2047 4369 malis.

332 4402 597 4472 Denique
627 4415 761 4457 cum
795 4401 873 4456 ibi
907 4403 976 4458 de
1006 4402 1119 4458 ista
1164 4403 1351 4460 salute
1382 4404 1647 4471 dixisset,
1679 4419 1851 4473 quam
1886 4419 2050 4459 com-

338 4490 600 4546 muniter
629 4491 925 4561 accipiunt
955 4509 1157 4563 pecora
1188 4498 1244 4549 et
1286 4493 1593 4562 homines;
1630 4497 1864 4565 prepter
1888 4492 2050 4548 illam

336 4580 592 4636 salutem
624 4596 803 4651 quam
833 4597 1067 4652 sperare
1097 4582 1312 4639 debent
1341 4583 1626 4644 homines.
1663 4585 1759 4638 sed
1786 4582 1922 4638 boni
1944 4581 2052 4638 ho-

340 4671 551 4736 mines,
612 4675 847 4728 secutus
897 4673 1186 4743 adiunxit,
1234 4673 1364 4729 Filii
1416 4684 1602 4730 autem
1651 4672 2054 4730 hominumsub

338 4762 575 4831 tegmine
622 4761 840 4816 alarum
888 4772 1115 4818 tuarum
1158 4767 1501 4834 sperabunt:
1532 4765 1959 4820 inebriabuntur
1987 4765 2054 4818 ab

338 4852 587 4908 ubertate
628 4854 818 4909 domus
866 4860 1002 4921 tuae,
1032 4862 1086 4910 et
1112 4863 1356 4913 torrente
1384 4859 1679 4929 voluptatis
1711 4866 1815 4912 tusc
1844 4858 2057 4928 potabis

339 4959 458 5003 eos;
482 4944 746 5014 quoniam
776 4945 922 5016 apud
954 4952 1008 5000 te
1028 4950 1103 5001 est
1122 4948 1246 5015 fons
1279 4950 1425 5016 vitae,
1456 4953 1503 5003 et
1534 4952 1591 5003 in
1626 4950 1833 5003 lumine
1860 4952 1954 5003 tuo
1988 4950 2061 5002 vi-

338 5032 592 5087 debimus
618 5032 803 5088 lumen
854 5034 1028 5105 (Psal.
1078 5052 1244 5102 xxxv,
1263 5038 1438 5108 7-10).
1471 5038 1599 5093 Haec
1630 5042 1718 5094 est
1746 5037 1903 5093 salus
1935 5054 2056 5108 quae

409 5155 613 5228 {Apud
628 5158 712 5207 Er.
734 5158 901 5228 Lugd.
926 5161 1402 5228 Ven._omittuntur
1423 5162 1604 5228 verba,
1629 5171 1674 5228 et
1707 5177 1805 5228 non
1835 5161 2059 5228 hahent;

343 5218 689 5291 sed‘addittlr
724 5218 978 5291 continuo
1013 5237 1023 5270 :
1064 5224 1339 5291 Respondit
1369 5226 1508 5276 enim
1540 5225 1879 5291 turba._[_.ov._
1905 5218 2059 5272 lectio

341 5284 408 5332 ab
440 5281 533 5330 illa
554 5281 749 5350 differt
780 5284 946 5350 solum
1000 5299 1064 5335 eo
1114 5281 1256 5350 quod
1292 5288 1482 5349 ferant,
1518 5287 1791 5345 respondit
1830 5287 1899 5345 ei,
1943 5298 2057 5348 pro,

342 5343 621 5403 rexpondit
649 5345 807 5395 enim.
868 5346 937 5395 Μ.

405 5408 429 5441 3
454 5408 514 5455 In
545 5406 885 5473 tribu_s_Mss.,
907 5419 1157 5473 aegrotum
1185 5412 1388 5462 δτιὸαίιο
1420 5414 1707 5462 sinceras-et
1724 5427 1738 5458 :
1764 5410 2060 5471 iucmteris,

341 5467 824 5538 agrotussabbato
861 5467 1177 5538 sincer-aret;
1210 5476 1261 5524 id
1292 5480 1370 5526 est
1413 5475 1607 5538 seipse,
1655 5488 1829 5537 neque
1871 5467 2059 5522 medici

346 5532 641 5601 secedeth
673 5545 855 5601 opera,
886 5548 1050 5601 sanus
1083 5532 1247 5585 ﬁeret.
1273 5539 1434 5589 —Er.
1458 5532 1577 5598 fert,
1596 5532 1823 5601 aegrotus
1853 5550 2062 5585 sanare-

349 5612 456 5656 μιν,
490 5594 579 5643 ubi
613 5594 780 5656 Lugd.
810 5595 948 5646 Ven.
980 5598 1187 5662 legunt,
1207 5609 1455 5663 .egrotum
1486 5594 1710 5650 sanar'et.
1770 5600 1838 5648 M.

1477 245 1946 312 TRACTATUS
1990 244 2164 305 XXX.
2213 243 2463 306 CAPUT
2510 245 2641 305 VII.

3671 246 3825 307 1634
3852 284 3855 285 ν

2125 378 2191 432 ad
2222 379 2400 432 bonos
2432 378 2701 449 pertinet,
2754 396 2895 448 quos
2948 379 3258 450 appellavit
3288 381 3439 435 lilios
3473 381 3818 451 hominum;

2126 483 2255 521 cum
2290 484 2466 538 supra
2498 468 2760 534 dixisset,
2786 470 3036 523 Homines
3082 474 3133 523 et
3161 471 3403 533 iumenta
3431 472 3607 525 salvos
3636 472 3824 539 facies,

2125 559 2367 611 Domine.
2404 557 2547 622 Quid
2581 558 2734 613 enim
2758 559 2785 611 ?
2818 558 2899 613 illi
2934 559 3198 613 homines
3246 576 3358 613 non
3394 564 3558 613 erant
3591 559 3689 612 lilii
3724 561 3827 615 ho-

2128 646 2375 713 minum,
2402 654 2458 700 ut
2484 664 2615 701 cum
2639 648 2901 715 dixisset,
2930 650 3199 714 Homines,
3249 652 3587 719 sequeretur
3608 652 3664 701 et
3686 649 3830 703 dice-

2126 743 2231 803 rct,
2256 738 2385 791 Filii
2407 742 2588 791 autem
2609 739 2934 799 hominum;
2970 740 3130 809 quasi
3175 739 3333 793 aliud
3367 744 3531 793 erant
3561 738 3827 805 homines,

2126 830 2184 880 et
2214 826 2838 892 aliurlﬁliihominum?
2854 828 2973 882 Non
2994 834 3181 883 tamen
3203 829 3451 883 arbitror
3478 828 3601 881 sine
3634 826 3833 897 aliqua

2127 915 2553 985 significatione
2584 916 2969 971 distinctionis
3002 916 3109 972 hoc
3136 918 3351 972 dixisse
3385 916 3665 986 Spiritum
3697 933 3832 970 san-

2128 1008 2306 1059 ctum.
2340 1007 2601 1060 Homines
2659 1007 2726 1060 ad
2784 1006 3037 1077 primum
3071 1008 3276 1073 Adam,
3309 1006 3416 1075 ﬁlii
3446 1007 3729 1060 hominum
3761 1005 3832 1060 ad

2130 1092 2444 1147 Christum.
2482 1094 2646 1148 Forte
2669 1096 2825 1148 enim
2879 1094 3122 1149 homines
3154 1094 3443 1164 pertinent
3473 1097 3539 1148 ad
3578 1096 3831 1165 primum

2131 1181 2430 1236 hominem
2465 1199 2476 1235 :
2510 1182 2620 1251 filii
2652 1189 2845 1237 autem
2878 1184 3166 1238 hominum
3200 1184 3485 1254 pertinent
3520 1183 3587 1237 ad
3622 1182 3832 1236 Filium

2132 1270 2411 1326 hominis.

2204 1361 2256 1413 4.
2295 1362 2469 1417 Unum
2500 1378 2633 1432 Opus
2661 1364 2786 1430 feci,
2811 1372 2860 1417 et
2900 1378 3083 1417 omnes
3124 1363 3430 1416 miramini.
3466 1363 3531 1415 Et
3561 1362 3834 1416 continuo

2132 1449 2433 1521 subjungit
2466 1468 2479 1506 :
2516 1458 2809 1522 I’I'Optcrea
2852 1454 3056 1522 Moyses
3086 1450 3229 1505 dedit
3267 1452 3418 1505 vobis
3459 1452 3833 1505 circumcisio-

2132 1556 2273 1595 nem.
2310 1546 2455 1596 Bene
2488 1543 2698 1597 factum
2731 1548 2820 1596 est
2853 1561 2923 1597 un
2965 1542 3300 1613 acciperetis
3334 1541 3836 1596 circumcisionem

2132 1652 2166 1690 a
2196 1636 2403 1706 Moyse.
2442 1638 2556 1692 Non
2588 1639 2717 1708 quia
2739 1656 2809 1693 ea:
2835 1643 3023 1709 Moyse
3041 1642 3138 1705 est,
3158 1638 3249 1692 sed
3271 1654 3338 1691 ex
3361 1638 3634 1691 Patribus.
3660 1638 3842 1691 Abra-

2134 1725 2269 1779 ham
2294 1726 2506 1797 quippe
2525 1729 2748 1797 primus
2771 1730 2991 1800 accepit
3014 1727 3516 1783 circumcisionem
3542 1744 3573 1781 a
3597 1726 3840 1781 Domino

2133 1814 2285 1883 (Gen.
2319 1832 2454 1884 xvu,
2509 1818 2614 1887 10).
2648 1816 2712 1872 Et
2752 1821 2810 1871 in
2856 1819 3075 1872 sabbato
3130 1816 3537 1871 circumciditis.
3588 1816 3843 1871 Convicit

2134 1921 2238 1959 vos
2260 1908 2499 1975 Moyses,
2521 1906 2583 1960 In
2602 1906 2749 1977 Lege
2771 1906 3075 1977 accepistis
3101 1911 3163 1961 ut
3184 1905 3615 1960 circumcidatis
3647 1912 3843 1960 octavo

2136 1994 2227 2048 die
2253 1996 2443 2063 (Levii.
2477 2011 2575 2058 xu,
2609 1997 2699 2064 3);
2734 1995 3036 2067 accepistis
3060 1995 3117 2049 in
3152 1997 3296 2066 Lege
3329 1995 3625 2049 utvacetis
3671 1994 3844 2063 septi-

2136 2098 2231 2136 mo
2262 2084 2353 2137 die
2376 2086 2567 2151 (Exod.
2592 2101 2685 2151 xx,
2724 2086 2843 2156 10):
2874 2086 2920 2139 si
2954 2089 3191 2140 octavus
3214 2084 3335 2141 dies
3360 2083 3517 2138 illius
3541 2084 3641 2154 qui
3673 2087 3844 2138 natus

2134 2178 2224 2228 est
2254 2179 2511 2229 occurret
2541 2176 2608 2229 ad
2632 2175 2781 2230 diem
2806 2176 3119 2246 septimum
3143 2176 3392 2241 sabbati,
3418 2174 3555 2244 quid
3583 2173 3849 2229 facietis?

2134 2263 2442 2330 Vacahitis,
2478 2270 2539 2319 ut
2567 2266 2805 2321 servetis
2838 2265 3145 2320 sabbatum
3176 2306 3189 2333 ,
3210 2282 3281 2318 an
3305 2263 3756 2329 circumcidetis,
3784 2270 3847 2316 ut

2134 2353 2427 2425 impleatis
2449 2360 2876 2410 sacramentum
2908 2354 3020 2409 diei
3049 2355 3232 2408 octavi
3262 2353 3289 2406 ?
3319 2354 3428 2408 Sed
3447 2354 3597 2419 novi,
3629 2352 3845 2422 inquit,

2138 2444 2278 2515 quid
2304 2444 2548 2500 faciatis.
2575 2445 2975 2500 Circumciditis
2990 2444 3272 2499 hominem.
3296 2446 3476 2506 Quare
3497 2442 3523 2496 ‘I
3558 2441 3705 2508 Quia
3726 2442 3838 2497 cir-

2138 2533 2418 2589 cumcisio
2468 2535 2715 2603 pertinet
2764 2534 2832 2587 ad
2874 2532 3101 2602 aliquod
3130 2530 3492 2602 signaculum
3527 2530 3757 2595 salutis,
3791 2533 3848 2584 et

2140 2637 2252 2676 non
2287 2622 2499 2676 debent
2551 2621 2814 2677 homines
2866 2622 3108 2677 sabbato
3152 2636 3353 2676 vacare
3385 2635 3417 2674 a
3447 2617 3657 2675 salute.
3691 2619 3841 2688 Ergo

2140 2728 2244 2766 nec
2263 2711 2753 2777 mihiirascimini,
2786 2710 2919 2783 quia
2966 2712 3182 2765 salvum
3220 2710 3333 2781 feci
3362 2718 3533 2765 totum
3566 2709 3843 2763 hominem

2139 2804 2360 2857 sabbato
2392 2818 2410 2856 :
2443 2805 2488 2855 si
2515 2803 3003 2868 circumcisionem,
3057 2801 3266 2872 inquit,
3330 2800 3531 2868 accipit
3590 2800 3746 2854 homo
3790 2800 3847 2852 in

2138 2892 2382 2958 sabbato,
2416 2896 2473 2945 ut
2512 2908 2621 2946 non
2667 2891 2911 2945 solvatur
2957 2891 3047 2946 lea:
3092 2890 3260 2959 Mog/si
3291 2889 3535 2960 (aliquid
3568 2888 3723 2943 enim
3748 2902 3851 2957 per

2144 2980 2375 3048 Moysen
2409 2980 2467 3034 in
2500 2980 2599 3035 illa
2620 2979 3033 3035 constitutione
3055 2978 3518 3035 circumcisionis
3543 2977 3852 3033 salubriter

2145 3071 2479 3125 institutum
2513 3070 2645 3141 est),
2690 3070 2825 3125 mihi
2878 3071 3137 3141 operanti
3203 3069 3449 3126 salutem
3490 3068 3550 3123 in
3608 3067 3852 3124 sabbato

2147 3176 2325 3233 quare
2356 3160 2743 3232 indignemini
2764 3160 2792 3213 ?

2214 3252 2267 3305 5;
2304 3251 2470 3307 Forte
2493 3250 2642 3306 enim
2675 3249 2774 3305 illo
2797 3249 3162 3305 circumcisio
3194 3249 3385 3319 ipsum
3428 3248 3742 3305 Dominum
3776 3249 3856 3303 si-

2145 3341 2481 3413 gnificabat,
2516 3342 2608 3395 cui
2638 3340 2735 3395 isti
2775 3340 3000 3395 curanti
3023 3344 3079 3394 et
3108 3339 3337 3394 sananti
3372 3338 3854 3408 indignabantur.

2144 3430 2322 3485 Jussa
2379 3434 2467 3485 est
2505 3428 2657 3484 enim
2718 3428 2981 3484 adhiberi
3028 3433 3227 3484 octavo
3250 3428 3343 3482 die
3372 3426 3858 3482 circumcisiozet

2147 3519 2282 3590 quid
2303 3523 2393 3574 est
2418 3518 2918 3586 circumcisio,nisi
2947 3517 3136 3572 carnis
3157 3516 3539 3587 exspoliatio?
3560 3514 3861 3585 Significat

2147 3624 2283 3678 ergo
2306 3608 2414 3662 ista
2432 3607 2794 3663 circumcisio
2825 3605 3301 3677 exspoliationem
3326 3623 3359 3661 a
3379 3606 3548 3661 corde
3570 3602 3862 3673 cupidita-

2150 3704 2272 3752 tum
2303 3696 2649 3752 carnalium.
2678 3695 2800 3751 Non
2826 3712 2957 3764 ergo
2999 3695 3123 3750 sine
3158 3711 3329 3749 causa
3354 3694 3489 3748 data
3508 3696 3613 3753 est,
3633 3696 3689 3747 et
3710 3690 3767 3745 in
3793 3705 3858 3746 co

2150 3788 2412 3842 membro
2464 3787 2635 3855 jussa
2677 3784 2835 3853 fieri;
2871 3786 3145 3857 quoniam
3202 3800 3301 3854 per
3346 3782 3489 3838 illud
3531 3781 3860 3837 membrum

2150 3882 2485 3949 procreatur
2505 3880 2765 3931 creatura
2782 3874 3134 3931 mortalium.
3163 3874 3227 3927 Et
3246 3890 3347 3945 per
3369 3888 3545 3928 unum
3567 3870 3862 3927 hominem

2154 3982 2330 4031 mors,
2363 3965 2513 4021 sicut
2557 3980 2658 4036 per
2690 3981 2866 4020 unum
2903 3964 3195 4020 hominem
3225 3962 3573 4018 resurrectio
3603 3966 3861 4017 mortuo-

2155 4055 2365 4120 rum‘u
2388 4056 2507 4110 Cor.
2542 4071 2635 4123 xv,
2666 4055 2756 4125 2t)
2791 4064 2883 4110 :et
2914 4070 3012 4125 per
3043 4069 3226 4108 unum
3242 4052 3540 4109 hominem
3566 4055 3867 4121 peccatum

2158 4146 2395 4202 intravit
2427 4146 2485 4201 in
2522 4147 2833 4216 mundum,
2864 4150 2920 4202 et
2968 4162 3068 4217 per
3100 4146 3401 4216 peccatum
3437 4140 3778 4208 mors(Rom.
3810 4155 3865 4206 v,

2164 4236 2272 4307 12).
2306 4237 2434 4292 Ideo
2467 4236 2717 4307 quisque
2738 4252 2872 4292 cum
2897 4234 3175 4306 prceputio
3209 4231 3488 4297 nascitur,
3514 4228 3651 4300 quia
3678 4228 3869 4282 omnis

2166 4326 2336 4382 homo
2368 4341 2500 4381 cum
2526 4324 2661 4379 vitio
2696 4323 3029 4395 propaginis
3064 4322 3355 4375 nascitur:
3391 4322 3447 4372 et
3478 4332 3594 4370 non
3627 4316 3869 4369 mundat

2164 4416 2319 4471 Deus
2343 4416 2463 4470 sive
2486 4431 2519 4468 a
2548 4413 2687 4468 vitio
2718 4428 2846 4467 cum
2880 4429 2995 4482 quo
3030 4410 3346 4476 nascimur,
3378 4408 3497 4460 sive
3522 4423 3553 4460 a
3575 4404 3728 4459 vitiis
3746 4420 3869 4473 qua

2166 4505 2314 4561 male
2344 4503 2587 4559 vivendo
2640 4502 2932 4569 addimus,
2965 4500 3079 4555 nisi
3112 4516 3213 4571 per
3242 4493 3869 4565 cultellumpetrinum,

2169 4594 2478 4650 Dominum
2515 4591 2829 4648 Christum.
2856 4589 3023 4645 Petra
3060 4587 3216 4643 enim
3252 4589 3375 4641 erat
3396 4584 3657 4639 Christus
3678 4582 3731 4655 (I
3751 4584 3872 4638 Cor.

2165 4701 2217 4750 x,
2251 4685 2322 4753 4).
2350 4680 2610 4737 Cultellis
2641 4680 2796 4736 enim
2822 4679 3065 4752 petrinis
3088 4675 3673 4741 circumcidebant,et
3705 4680 3873 4746 petrae

2164 4772 2400 4829 nomine
2422 4770 2715 4826 Christum
2742 4768 3069 4840 ﬁgurabant
3092 4774 3163 4823 :et
3188 4770 3532 4838 praesentem
3556 4780 3669 4819 non
3695 4779 3877 4835 agno-

2167 4864 2424 4931 scebant,
2460 4864 2558 4918 sed
2594 4862 2831 4933 insuper
2861 4876 2992 4916 eum
3024 4859 3285 4915 occidere
3335 4856 3662 4927 cupiebant.
3696 4854 3879 4915 Quare

2169 4959 2357 5009 autem
2401 4957 2596 5009 octavo
2629 4952 2739 5021 die,
2776 4951 2886 5006 nisi
2938 4950 3078 5022 quia
3125 4952 3252 5020 post
3305 4946 3622 5016 septimum
3654 4941 3882 4998 sabbati

2171 5044 2448 5100 Dominus
2489 5044 2581 5099 die
2626 5042 2918 5099 dominico
2968 5037 3328 5096 resurrexit?
3358 5037 3506 5106 Ergo
3538 5032 3879 5089 resurrectio

2170 5133 2407 5202 Christi,
2431 5149 2554 5203 quaa
2580 5133 2728 5189 facta
2748 5137 2837 5187 est
2861 5132 3031 5187 tertio
3059 5129 3293 5201 quidem
3316 5125 3407 5180 die
3430 5122 3745 5194 passionis,
3778 5123 3880 5177 sed

2171 5233 2366 5281 octavo
2400 5224 2493 5280 die
2524 5225 2580 5279 in
2621 5224 2822 5278 diebus
2856 5219 3257 5288 hebdomadis,
3290 5216 3415 5287 ipsa
3437 5230 3543 5270 nos
3574 5212 3887 5268 circumci-

2170 5315 2272 5373 dit.
2304 5316 2446 5370 Αυᾱὶ
2483 5314 3005 5370 circumcisosvera
3028 5305 3486 5383 petra,Apostolo
3507 5304 3884 5359 admonente:

2172 5407 2230 5460 Si
2259 5422 2382 5476 ergo
2432 5406 2829 5460 resurremistis
2877 5418 3003 5457 cum
3052 5401 3315 5461 Christo;
3347 5411 3474 5469 quae
3510 5410 3729 5449 sursum
3759 5401 3889 5449 sunt

2171 5496 2420 5567 quaerite,
2454 5494 2549 5549 ubi
2608 5492 2858 5547 Christus
2908 5498 2985 5547 est
3015 5490 3077 5545 in
3107 5490 3335 5545 dextera
3367 5488 3466 5543 Dei
3499 5482 3732 5548 sedens;
3763 5498 3887 5553 qua

2168 5601 2391 5641 sursum
2456 5589 2583 5640 sunt
2622 5585 2818 5653 sapite,
2852 5597 2957 5637 non
2991 5594 3117 5652 quae
3142 5593 3305 5648 super
3334 5581 3546 5633 terram
3568 5573 3796 5643 (Coloss.
3827 5588 3889 5627 ιιι
