4126 6194
286 279 438 335 1635

296 418 344 480 1,
375 408 841 483 2).Circumcisis
873 406 1167 478 loquitur:
1196 398 1529 458 Resurrexit
1550 396 1840 459 Christus,
1864 393 1996 447 abs-

289 502 424 558 tulit
453 500 617 557 vobis
662 498 943 554 desideria
992 494 1267 559 carnalia,
1304 488 1543 546 abstulit
1574 484 1996 556 concupiscen-

298 592 409 647 tiae
438 590 643 656 malas,
677 585 919 643 abstulit
952 584 1316 655 superﬂuum
1350 595 1479 635 cum
1508 592 1621 647 quo
1654 575 1772 629 nati
1800 571 1998 627 eratis.

291 686 348 737 et
378 680 563 736 multo
597 680 762 751 pejus
805 676 958 747 quod
1001 673 1152 729 male
1198 671 1435 725 vivendo
1467 660 2001 751 addideratis;_cir-

296 770 537 826 cumcisi
562 749 662 840 per
721 771 942 837 petram
987 779 1164 834 quare
1195 760 1387 815 adhuc
1409 756 1613 828 sapitis
1643 759 1853 807 terram
1875 749 1902 804 Ἰ
1932 749 1998 803 Et

291 864 362 919 ad
395 837 713 916 extremum
741 856 879 927 quia
913 855 1117 923 Legem
1149 851 1307 906 dedit
1338 849 1583 918 Moyses,
1608 848 1663 899 et
1694 837 1996 895 circumci-

293 951 432 1007 ditis
463 950 758 1005 hominem
784 938 1365 1009 sabbato,intelligite
1380 936 1486 992 hoc
1510 930 1825 1006 signiﬁcari
1849 943 1997 1009 opus

293 1037 536 1100 bonum,
596 1031 746 1102 quod
781 1044 884 1099 ego
932 1008 1037 1079 feci
1067 1008 1577 1078 totumihominem
1610 1014 1835 1071 salvum
1860 1008 1997 1065 sab-

292 1128 466 1190 bato;
500 1121 639 1194 quia
682 1124 738 1174 et
782 1124 1018 1171 curatus
1039 1115 1556 1169 estutsanusesset
1586 1107 1642 1162 in
1667 1102 1998 1174 corpore,et

296 1213 539 1271 credidit
571 1215 632 1266 ut
661 1224 841 1265 sanus
871 1210 1025 1262 esset
1048 1206 1102 1258 in
1128 1201 1344 1257 anima.

366 1306 418 1357 6.
453 1302 631 1359 Nolite
649 1299 908 1370 judicare
952 1292 1343 1368 personaliter,
1374 1289 1465 1344 sed
1506 1290 1709 1344 rectum
1732 1284 1997 1348 iudicium

288 1392 566 1465 judicate.
594 1389 741 1458 Quid
773 1393 857 1443 est
889 1388 992 1442 hoc
1012 1387 1039 1439 ?
1060 1384 1227 1439 Modo
1247 1379 1657 1453 quiperlegem
1689 1373 1863 1444 Moysi
1886 1373 1996 1428 cir-

299 1482 633 1539 cumciditis
659 1479 1038 1543 sabbato,non
1062 1468 1619 1536 irasciminiMoysi;
1653 1470 1709 1521 et
1740 1465 1874 1534 quia
1894 1478 1998 1534 ego

301 1573 393 1628 die
442 1570 667 1627 sabbati
702 1567 929 1624 salvum
982 1563 1087 1619 feci
1128 1561 1448 1625 hominem,
1478 1554 1798 1612 irascimini
1832 1551 1998 1608 mihi.

300 1660 688 1719 Personaliter
729 1657 1031 1727 judicetis,
1063 1653 1360 1708 veritatem
1404 1647 1697 1703 attendite.
1738 1648 1853 1714 Ego
1884 1659 1999 1697 non

301 1769 392 1811 me
423 1753 662 1824 praefero
715 1748 912 1819 Moysi,
946 1746 1022 1801 ait
1076 1743 1379 1808 Dominus,
1404 1738 1503 1810 qui
1562 1741 1686 1792 erat
1733 1741 1789 1790 et
1819 1733 2003 1805 ipsius

304 1823 485 1912 Moysi
516 1839 817 1897 Dominus.
843 1837 936 1891 Sic
965 1832 1243 1889 attendite
1274 1827 1563 1901 quomodo
1597 1823 1865 1879 homines
1897 1838 2003 1877 nos

306 1934 473 1998 duos,
506 1935 781 2000 tanquam
829 1925 1032 1981 ambos
1078 1922 1382 1977 homines:
1410 1917 1668 1988 judicate
1701 1915 1853 1968 inter
1878 1929 2005 1979 nos,

304 2023 403 2078 sed
435 2036 632 2077 verum
668 2017 953 2089 judicium
998 2013 1247 2085 iudicate
1273 2028 1286 2078 ;
1312 2008 1485 2064 nolite
1516 2023 1606 2061 me
1628 2005 1906 2059 honorato
1941 2001 2006 2055 il-

304 2110 424 2167 lum
494 2111 794 2172 damnare,
828 2106 927 2161 sed
978 2102 1075 2158 illo
1108 2098 1396 2155 intellecto
1429 2113 1521 2151 me
1554 2096 1855 2149 honorate.
1886 2094 2007 2145 Hoc

306 2200 460 2257 enim
484 2201 566 2255 eis
597 2197 709 2253 alio
731 2196 854 2252 loco
880 2193 1023 2249 dixit
1049 2210 1061 2247 :
1086 2192 1146 2247 Si
1175 2188 1462 2244 crederetis
1500 2185 1692 2255 Moysi,
1718 2180 2008 2238 crederetis

306 2292 496 2362 utique
520 2294 571 2343 et
600 2286 782 2352 mihi;
811 2285 878 2340 de
910 2299 993 2338 me
1020 2283 1167 2337 enim
1214 2278 1307 2334 ille
1344 2275 1560 2347 scripsit
1583 2274 1774 2345 (Joan.
1810 2288 1861 2338 v,
1896 2272 2005 2337 116).

306 2382 416 2437 Sed
449 2379 555 2435 hoc
586 2378 710 2432 loco
742 2374 927 2431 noluit
956 2373 1064 2428 hoc
1086 2371 1297 2436 dicere,
1329 2372 1606 2438 tanquam
1638 2381 1697 2420 se
1728 2367 1784 2417 et
1816 2362 2011 2432 Moyse

309 2474 439 2526 ante
470 2468 601 2524 illos
626 2463 983 2522 constitutis.
1019 2462 1257 2531 Propter
1289 2458 1473 2529 legem
1508 2450 2011 2525 Moysirircumci-

311 2560 469 2629 ditis,
504 2556 738 2630 quando
761 2554 937 2609 etiam
960 2551 1271 2607 sabbatum
1295 2543 1609 2603 occurrerit
1634 2559 1646 2607 ;
1672 2546 1843 2611 etego
1865 2537 2018 2594 sani-

311 2627 494 2705 tatum
522 2627 921 2702 faciendarum
954 2636 1393 2694 beneficentiam
1428 2651 1540 2689 non
1572 2631 1750 2686 vultis
1774 2634 1834 2684 ut
1855 2627 2014 2684 exhi-

315 2741 478 2795 beam
502 2752 602 2807 per
632 2733 939 2788 sabbatum
955 2729 982 2782 ?
1004 2725 1146 2791 Quia
1176 2724 1458 2779 Dominus
1480 2717 1942 2776 circumcisionis
1961 2720 2018 2772 et

316 2806 596 2884 Dominus
637 2819 888 2886 sabbati,
914 2816 1121 2872 salutis
1143 2817 1232 2869 est
1264 2815 1493 2866 auctor:
1526 2813 1582 2864 et
1600 2806 1825 2863 servilia
1845 2820 2019 2877 opera

317 2913 591 2987 prohibiti
618 2910 756 2967 estis
789 2910 972 2963 facere
1004 2902 1279 2970 sabbato;
1304 2900 1353 2955 si
1386 2915 1515 2957 vere
1538 2895 1873 2967 intelligetis
1903 2910 2021 2950 ser-

318 3008 454 3065 vilia
501 3019 839 3077 opera,non
890 2998 1162 3071 peccatis.
1216 2994 1322 3059 Qui
1354 2991 1511 3047 enim
1537 2989 1672 3045 facit
1700 2990 2017 3059 peccatum,

319 3113 523 3157 servus
552 3098 641 3151 est
679 3090 901 3164 peccati
934 3090 1041 3155 (Id.
1064 3101 1183 3152 vm,
1203 3084 1313 3149 34).
1338 3080 1633 3151 Numquid
1655 3077 2020 3147 servileopus

318 3193 428 3255 est,
464 3184 757 3241 hominem
787 3195 989 3236 sanare
1024 3193 1125 3249 per
1176 3173 1487 3230 sabbatum
1516 3170 1544 3224 ‘2
1575 3166 1935 3224 Manducatis
1964 3168 2021 3221 et

319 3254 519 3337 bibitis
535 3279 623 3349 (ut
646 3273 865 3343 aliquid
884 3271 1072 3327 dicam
1101 3284 1168 3323 ex
1181 3261 1577 3320 admonitione
1592 3258 1823 3315 Domini
1840 3254 2019 3313 nostri

317 3371 451 3427 Jesu
485 3346 719 3434 Christi,
743 3367 798 3419 et
827 3378 895 3417 ex
924 3358 1113 3415 verbis
1138 3356 1285 3425 ejus)
1309 3369 1323 3421 ;
1345 3350 1542 3422 utique
1573 3364 1749 3420 quare
1771 3346 2021 3402 mandu-

319 3460 463 3517 catis
486 3461 541 3514 et
571 3456 769 3512 bibitis
799 3453 861 3509 in
884 3451 1147 3515 sabbato,
1182 3445 1295 3501 nisi
1326 3443 1459 3513 quia
1490 3441 1739 3513 pertinet
1769 3438 1837 3493 ad
1857 3436 2018 3492 salu-

322 3560 432 3607 tem
467 3548 618 3621 quod
650 3543 839 3602 facitis
862 3542 888 3596 ‘l
902 3547 1006 3597 Per
1023 3540 1129 3595 hoc
1151 3532 1459 3593 ostenditis
1482 3547 1657 3602 opera
1679 3526 1887 3585 salutis
1906 3542 2019 3580 non

319 3657 443 3696 esse
474 3616 593 3694 ullo
614 3636 783 3692 modo
815 3632 906 3687 die
921 3628 1147 3685 sabbati
1168 3622 1510 3681 omittenda.
1537 3620 1685 3689 Ergo
1716 3616 1884 3673 nolite
1904 3630 2023 3686 per-

318 3730 582 3787 sonaliter
596 3725 881 3796 judicare,
895 3720 995 3776 sed
1008 3722 1219 3774 rectum
1232 3714 1514 3785 judicium
1543 3710 1806 3781 iudicate.
1831 3708 2027 3760 Atten-

325 3821 443 3876 dite
473 3833 565 3873 me
596 3812 887 3885 quomodo
935 3807 1254 3874 hominem,
1301 3801 1580 3858 attendite
1628 3799 1859 3885 Moysen
1895 3811 2028 3862 quo-

326 3905 497 3961 modo
554 3882 848 3957 hominem
881 3897 964 3952 :si
1023 3892 1340 3949 secundum
1391 3889 1688 3943 veritatem
1730 3882 2025 3956 judicetis,

326 4006 511 4062 neque
550 3994 803 4060 Moysen,
845 4000 1033 4055 neque
1060 3998 1152 4037 me
1200 3976 1769 4044 condemnabitis;et
1789 3973 2031 4029 veritate

329 4060 563 4153 cognita
618 4094 710 4132 me
768 4072 1149 4147 cognoscetis,
1202 4068 1339 4139 quia
1380 4083 1484 4137 ego
1533 4080 1661 4120 sum
1701 4060 2028 4131 veritas(1d.

326 4190 439 4241 xxv,
470 4173 547 4243 6).

396 4264 452 4316 7.
486 4241 602 4316 Hoc
623 4257 854 4324 vitium,
890 4253 1117 4318 fratres,
1152 4247 1307 4320 quod
1351 4244 1632 4301 Dominus
1678 4241 1897 4298 notavit
1926 4241 2033 4296 hoc

329 4354 475 4419 loco,
509 4349 749 4407 evadere
791 4346 850 4401 in
881 4344 989 4399 hoc
1028 4339 1239 4396 saeculo
1285 4334 1481 4407 magni
1531 4332 1742 4389 laboris
1774 4336 1882 4396 est,
1919 4347 2032 4386 non

328 4439 708 4516 personaliter
730 4434 1012 4509 judicare,
1047 4430 1147 4485 sed
1186 4432 1411 4483 rectum
1449 4422 1729 4494 judicium
1764 4419 2031 4478 retinere.

328 4511 646 4590 ltdmonuit
675 4526 911 4601 quidem
956 4519 1240 4577 Dominus
1289 4516 1546 4583 Judteos,
1589 4514 1688 4570 sed
1724 4511 1951 4568 monuit
1978 4513 2036 4566 et

331 4638 473 4679 nos:
507 4620 640 4676 illos
668 4615 936 4678 convicit,
972 4628 1075 4668 nos
1106 4607 1384 4664 instruxit
1409 4604 1568 4673 ;illos
1592 4601 1910 4674 redarguit,
1934 4616 2038 4655 nos

333 4710 575 4767 exacuit.
609 4712 735 4762 Non
750 4708 1023 4777 putemus
1044 4700 1153 4755 hoc
1171 4698 1340 4754 nobis
1362 4711 1476 4751 non
1503 4694 1631 4749 ideo
1644 4693 1888 4758 dictum,
1905 4690 2038 4760 quia

330 4807 471 4860 tunc
502 4799 581 4855 ibi
605 4814 720 4855 non
744 4796 976 4851 fuimus.
1008 4790 1300 4860 Scriptum
1333 4791 1438 4851 est,
1469 4784 1699 4855 legitur,
1722 4798 1855 4839 cum
1888 4780 2040 4836 reci-

334 4896 555 4952 taretur
586 4887 915 4946 audivimus
940 4900 953 4949 ;
978 4882 1075 4936 sed
1090 4885 1369 4950 tanquam
1394 4874 1607 4932 Judeais
1633 4874 1852 4928 dictum
1875 4870 2038 4926 audi-

335 4986 557 5042 vimus:
577 4996 692 5037 non
707 4994 813 5035 nos
840 4987 1125 5046 ponamus
1143 4972 1272 5039 post
1290 4982 1418 5035 nos,
1445 4968 1501 5020 et
1522 4963 1692 5036 quasi
1708 4962 2042 5017 intueamur

338 5072 607 5133 inimicos
638 5063 1077 5138 reprehendere,
1102 5063 1157 5115 et
1188 5056 1301 5129 ipsi
1344 5070 1451 5110 nos
1493 5052 1774 5108 faciamus
1805 5050 1959 5123 quod
1981 5050 2039 5106 in

340 5164 511 5222 nobis
531 5160 739 5218 veritas
772 5158 897 5229 ipsa
928 5144 1327 5221 reprehendat.
1359 5142 1545 5199 Judmi
1577 5142 1815 5213 quidem
1850 5156 2042 5211 perso-

344 5253 555 5309 naliter
577 5248 941 5323 judicabant,
984 5242 1079 5300 sed
1114 5240 1242 5295 ideo
1281 5252 1394 5292 non
1426 5233 1720 5306 pertinent
1739 5232 1805 5288 ad
1826 5231 2044 5287 Novum

344 5346 797 5409 Testamentum,
838 5336 968 5393 ideo
1008 5348 1125 5390 non
1173 5328 1388 5386 habent
1430 5325 1487 5380 in
1529 5324 1756 5381 Christo
1810 5336 2046 5395 regnum

349 5433 652 5499 caelorum,
705 5431 833 5485 ideo
890 5442 1006 5482 non
1041 5423 1378 5495 junguntur
1432 5419 1765 5473 sanctorum
1790 5411 2053 5469 societati

352 5518 746 5591 Angelorum:
799 5522 1031 5573 terrena
1087 5509 1420 5585 qua'rebant
1475 5526 1509 5563 a
1573 5506 1858 5568 Domino;
1902 5507 2057 5559 terra

352 5613 508 5671 enim
547 5607 969 5681 promissionis,
1000 5603 1239 5661 victoria
1282 5602 1354 5657 ab
1400 5598 1677 5667 inimicis,
1740 5594 2060 5653 fecunditas

1232 244 1317 326 IN
1362 260 1681 325 JOANNIS
1726 257 2267 341 EVANGELIUM,
2314 257 2377 317 s.
2426 258 2846 319 AUGUS'I‘INI

3656 258 3813 317 1636

2109 391 2386 461 pariendi,
2412 390 3102 462 multiplicatioﬁ'iorum,
3128 389 3482 445 abundantia
3506 391 3816 456 fructuum,

2110 499 2235 552 qua:
2269 482 2385 538 illis
2417 483 2614 537 omnia
2637 499 2669 537 a
2699 482 2816 538 Deo
2847 482 3084 553 quidem
3111 497 3243 536 vero
3261 486 3317 535 et
3347 480 3519 544 bono,
3546 486 3739 534 tamen
3759 483 3821 534 ut

2110 571 2437 626 carnalibus
2488 572 2774 644 promissa
2824 574 2979 637 sunt,
3014 570 3209 625 omnia
3267 570 3387 624 haec
3412 571 3670 625 fecerunt
3700 568 3818 623 illis

2108 661 2286 716 Vetus
2319 662 2783 718 Testamentum.
2814 661 2957 726 Quid
2998 664 3087 716 est
3130 660 3304 715 Vetus
3333 661 3767 714 Testamentum
3792 657 3820 711 ‘l

2109 751 2283 817 Quasi
2317 750 2625 806 haereditas
2652 751 2948 822 pertinens
2970 751 3039 805 ad
3072 749 3364 804 hominem
3398 751 3675 803 veterem.
3702 751 3819 801 Nos

2108 840 2363 895 innovati
2397 855 2626 905 sumus,
2651 840 2824 895 homo
2856 855 3037 895 novus
3072 837 3204 893 facti
3235 853 3478 905 sumus;
3503 836 3822 909 quiaetille

2109 928 2283 984 homo
2318 945 2501 985 novus
2542 931 2716 986 venit.
2750 929 2895 993 Quid
2929 933 3046 984 tam
3081 944 3293 982 novum
3328 943 3503 997 quam
3554 927 3717 981 nasci
3750 926 3821 981 de

2070 1080 2078 1086 ,
2108 1018 2543 1090 virgine?Quia
2573 1035 2711 1090 ergo
2755 1035 2869 1074 non
2907 1023 3028 1074 erat
3077 1017 3216 1089 quid
3251 1018 3265 1051 ¹
3300 1016 3357 1071 in
3393 1015 3487 1071 illo
3521 1016 3826 1072 innovaret

2110 1115 2487 1180 praeceptum,
2524 1111 2661 1181 quia
2706 1109 2931 1165 nullum
2982 1108 3235 1164 habebat
3274 1110 3603 1180 peccatum;
3638 1122 3824 1161 novus

2115 1203 2320 1268 partus
2355 1200 2656 1255 estdatus.
2692 1199 2753 1253 In
2788 1198 2886 1254 illo
2918 1200 3122 1269 partus
3152 1196 3436 1262 novus,in
3470 1196 3823 1251 nobishomo

2110 1305 2318 1345 novus.
2352 1289 2500 1352 Quid
2532 1293 2621 1344 est
2652 1288 2818 1343 homo
2850 1287 3079 1342 novus?
3106 1288 3149 1341 A
3177 1290 3457 1341 vetustate
3486 1284 3823 1339 innovatus.

2108 1381 2192 1436 Ad
2225 1395 2401 1450 quam
2438 1394 2557 1433 rem
2583 1380 2895 1434 innovatus
2922 1377 2949 1431 ‘l
2978 1376 3060 1432 Ad
3114 1375 3501 1432 desideranda
3549 1372 3823 1439 caelestia,

2112 1471 2182 1525 ad
2200 1468 2661 1540 concupiscenda
2686 1467 3061 1539 sempiterna,
3087 1466 3156 1521 ad
3183 1463 3427 1536 patriam
3447 1479 3573 1534 qua:
3589 1476 3826 1517 sursum

2111 1566 2199 1615 est
2229 1562 2285 1613 et
2313 1559 2540 1613 hostem
2578 1574 2691 1612 non
2718 1558 2904 1624 timet,
2925 1555 3389 1623 desiderandam,
3418 1553 3513 1609 ubi
3549 1568 3661 1607 non
3690 1568 3819 1621 per-

2112 1650 2305 1705 dimus
2336 1648 2610 1716 amicum,
2644 1664 2757 1702 non
2788 1647 3060 1701 timemus
3092 1645 3398 1700 inimicum
3426 1643 3556 1711 ;ubi
3576 1642 3827 1697 vivimus

2112 1756 2243 1796 cum
2268 1740 2419 1793 bono
2449 1738 2681 1802 alfectu,
2715 1737 2839 1792 sine
2872 1735 2990 1791 ullo
3022 1737 3246 1792 defectu
3274 1735 3408 1801 ;ubi
3430 1749 3602 1788 nemo
3636 1732 3830 1785 nasci-

2113 1832 2228 1892 tur,
2264 1828 2402 1899 quia
2461 1843 2628 1882 nemo
2671 1825 2945 1891 moritur;
2985 1825 3083 1880 ubi
3128 1840 3303 1879 nemo
3336 1823 3457 1893 jam
3496 1820 3741 1891 proﬁcit,
3775 1824 3832 1873 et

2118 1934 2287 1974 nemo
2312 1918 2542 1985 deﬁcit;
2576 1917 2675 1972 ubi
2712 1933 2823 1972 non
2851 1916 3125 1985 esuritur,
3149 1922 3201 1970 et
3232 1931 3348 1969 non
3374 1913 3589 1977 sititur,
3617 1910 3709 1965 sed
3738 1926 3828 1963 sa~

2116 2010 2284 2064 tietas
2315 2015 2400 2064 est
2432 2005 2858 2072 immortalitas,
2883 2010 2940 2060 et
2982 2005 3155 2060 cibus
3188 2005 3422 2060 veritas.
3457 2001 3586 2056 Haec
3611 2000 3831 2053 haben-

2117 2109 2200 2155 tes
2233 2099 2535 2170 promissa,
2550 2106 2603 2153 et
2626 2096 2700 2153 ad
2728 2096 2949 2151 Novum
2975 2096 3417 2151 Testamentum
3443 2091 3827 2163 pertinentes,

2116 2196 2171 2246 et
2203 2205 2359 2245 novae
2410 2186 2761 2243 hmreditatis
2803 2186 2934 2241 facti
2975 2185 3253 2253 hmredes,
3286 2187 3343 2239 et
3372 2183 3557 2252 ipsius
3597 2178 3834 2245 Domini

2118 2279 2463 2343 cohaeredes,
2488 2278 2661 2332 aliam
2682 2292 2843 2348 spem
2861 2275 3023 2330 valde
3044 2272 3329 2329 habemus
3359 2289 3371 2326 :
3406 2288 3517 2326 non
3556 2284 3835 2341 persona-

2119 2371 2250 2426 liter
2273 2370 2633 2441 judicemus,
2666 2370 2762 2424 sed
2796 2372 3019 2423 rectum
3047 2365 3339 2436 judicium
3372 2366 3697 2418 teneamus.

2190 2455 2243 2506 8.
2277 2451 2414 2515 Quis
2444 2455 2532 2505 est
2562 2449 2787 2521 quinon
2821 2449 3039 2518 iudicat
3063 2447 3437 2514 personaliter
3458 2446 3484 2499 ?
3504 2444 3608 2508 Qui
3631 2446 3823 2513 diligit

2124 2541 2443 2615 aequaliter.
2481 2541 2693 2596 Dilecto
2725 2539 2966 2612 aequalis
3000 2537 3129 2593 facit
3162 2553 3274 2591 non
3308 2534 3588 2606 acceptari
3623 2551 3829 2606 perso-

2125 2649 2249 2689 nas.
2277 2636 2400 2687 Non
2433 2647 2563 2686 cum
2600 2630 2863 2685 homines
2897 2629 3123 2683 diverso
3157 2626 3321 2681 modo
3350 2643 3449 2697 pro
3491 2626 3614 2680 suis
3645 2626 3846 2695 gradi-

2126 2723 2235 2777 bus
2267 2722 2646 2786 honoramus,
2664 2724 2801 2773 tunc
2824 2717 3153 2773 timendum
3171 2720 3350 2771 estne
3375 2731 3656 2785 personas
3696 2714 3849 2769 acci-

2130 2813 2379 2884 piamus.
2439 2812 2549 2867 Sed
2620 2811 2849 2881 quando
2908 2809 3060 2864 inter
3084 2808 3229 2862 duos
3270 2805 3626 2876 judicemus,
3653 2809 3707 2860 et
3740 2803 3848 2858 ali-

2128 2901 2531 2973 quandointer
2564 2898 2941 2962 necessarios,
2977 2897 3040 2951 fit
3087 2910 3505 2966 nonnunquam
3556 2893 3845 2963 judicium

2127 2993 2280 3049 inter
2310 2997 2529 3063 patrem
2570 2995 2626 3047 et
2665 2989 2889 3055 filium;
2925 2987 3188 3059 queritur
3215 2988 3375 3058 pater
3410 2985 3477 3039 de
3512 2983 3662 3039 malo
3696 2982 3839 3049 lilio,

2131 3087 2231 3137 aut
2264 3081 2527 3153 queritur
2557 3080 2710 3135 illius
2737 3079 2807 3133 de
2838 3078 2983 3132 duro
3015 3084 3171 3148 patre
3199 3092 3211 3130 :
3259 3090 3558 3130 servamus
3602 3073 3842 3128 honori-

2132 3173 2419 3229 licentiam
2455 3170 2624 3242 patri,
2657 3185 2781 3239 quae
2844 3167 3083 3223 debetur
3115 3183 3147 3220 a
3193 3165 3310 3220 lilio
3338 3183 3351 3233 ;
3380 3181 3493 3219 non
3529 3178 3855 3233 aequemus

2132 3261 2313 3318 filium
2348 3260 2579 3334 patriin
2607 3259 2826 3314 honore
2860 3258 3000 3325 ;sed
3049 3255 3463 3329 praeponimus,
3525 3255 3570 3311 si
3625 3254 3840 3308 bonam

2131 3368 2363 3409 causam
2389 3351 2562 3406 habet
2595 3366 2607 3405 :
2643 3348 2827 3404 tilium
2862 3362 3158 3418 aequemus
3209 3346 3357 3417 patri
3392 3346 3448 3401 in
3472 3344 3750 3410 veritate;
3786 3346 3847 3397 et

2131 3445 2214 3500 sic
2241 3443 2565 3500 tribuemus
2586 3440 2864 3495 honorem
2897 3437 3177 3506 debitum,
3209 3441 3271 3491 ut
3300 3452 3415 3491 non
3441 3436 3639 3508 perdat
3666 3432 3846 3503 aequi-

2129 3542 2221 3593 tas
2252 3533 2545 3589 meritum.
2584 3530 2671 3586 Ita
2697 3528 2887 3584 verbis
2917 3527 3145 3583 Domini
3170 3527 3597 3598 proﬂcimus,et
3620 3530 3680 3579 ut
3702 3539 3847 3596 pro-

2135 3624 2402 3681 ﬁciamus
2435 3619 2616 3692 gratia
2650 3617 2808 3673 illius
2832 3618 3198 3688 adjuvamur.

2654 3750 3082 3808 TRACTATUS
3122 3749 3332 3805 XXXI.

2140 3867 2213 3922 Ab
2272 3881 2330 3922 eo
2384 3866 2517 3931 loco,
2556 3862 2988 3933 Dicebantergo
3037 3860 3269 3928 quidam
3320 3874 3386 3913 ex
3434 3855 3843 3927 Jerosolymis,

2210 3958 2410 4011 Nonne
2434 3952 2529 4007 hic
2562 3956 2651 4007 est
2680 3967 2852 4022 quem
2886 3949 3223 4019 quaerebant
3252 3946 3439 4001 Judei
3470 3944 3796 4000 interficere
3824 3963 3841 4011 ;

2211 4045 2467 4117 usquead
2497 4042 2573 4109 id,
2597 4041 2874 4105 Quaretis
2922 4055 3038 4105 me,
3069 4042 3126 4092 et
3147 4054 3261 4092 non
3294 4034 3631 4099 invenietis;
3657 4038 3714 4088 et
3746 4034 3849 4088 ubi

2215 4151 2344 4191 sum
2376 4150 2500 4206 ego,
2531 4149 2631 4188 vos
2655 4148 2768 4187 non
2803 4130 3037 4202 potestis
3056 4129 3269 4184 venire.
3307 4127 3443 4199 Cap.
3476 4144 3576 4193 vn,
3599 4125 3851 4193 i.25-36.

2214 4227 2269 4283 1.
2302 4224 2568 4282 Meminit
2590 4221 2851 4277 Charitas
2878 4224 3062 4274 vestra
3094 4217 3355 4289 pristinis
3392 4214 3763 4272 sermonibus
3792 4217 3855 4268 et

2146 4318 2359 4371 lectum
2412 4329 2538 4370 esse
2587 4312 2648 4366 in
2696 4308 3027 4380 Evangelio,
3051 4311 3108 4363 et
3164 4325 3197 4361 a
3248 4306 3411 4362 nobis
3460 4309 3523 4359 ut
3554 4304 3855 4376 potuimus

2147 4407 2536 4479 disputatum,
2561 4401 2712 4473 quod
2755 4399 3033 4455 Dominus
3062 4399 3232 4453 Jesus
3272 4395 3400 4451 ideo
3439 4395 3595 4449 velut
3626 4391 3855 4448 occulte

2148 4494 2408 4553 ascendit
2439 4494 2509 4547 ad
2534 4491 2686 4546 diem
2713 4489 2946 4555 festum,
2984 4504 3095 4542 non
3112 4486 3247 4557 quia
3267 4484 3510 4540 timebat
3531 4500 3602 4538 ne
3623 4487 3857 4537 tenere-

2148 4594 2262 4652 tur,
2295 4585 2463 4655 cujus
2480 4584 2733 4655 potestas
2754 4584 2876 4634 erat
2899 4582 3271 4636 neteneretur
3295 4593 3308 4643 ;
3333 4575 3432 4631 sed
3466 4579 3531 4629 ut
3553 4572 3858 4645 significa-

2150 4681 2237 4733 ret
2262 4676 2439 4731 etiam
2469 4674 2527 4728 in
2560 4673 2683 4743 ipso
2705 4671 2797 4726 die
2830 4670 2971 4725 fasto
3003 4668 3101 4739 qui
3135 4664 3535 4722 celebrabatur
3556 4681 3589 4719 a
3608 4663 3857 4730 Judais,

2148 4782 2211 4823 se
2241 4763 2536 4830 occultari,
2568 4767 2626 4817 et
2654 4775 2821 4815 suum
2851 4773 2979 4814 esse
3010 4755 3351 4828 mysterium
3380 4753 3696 4810 :hodierna
3717 4767 3861 4823 ergo

2151 4854 2394 4911 lectione
2414 4851 2684 4924 apparuit
2714 4851 2991 4920 potestas,
3023 4862 3151 4916 quae
3182 4844 3493 4916 putabatur
3522 4842 3808 4897 timiditas
3841 4859 3860 4909 ;

2149 4943 2498 5016 loquebatur
2527 4941 2679 4997 enim
2714 4936 2899 5008 palam
2926 4938 2985 4991 in
3003 4936 3096 4990 die
3128 4935 3291 5001 festo,
3322 4934 3403 4988 ita
3423 4936 3486 4987 ut
3506 4931 3863 4986 mirarentur

2153 5037 2359 5101 turbae,
2393 5040 2445 5088 et
2498 5030 2755 5087 dicerent
2810 5028 2961 5099 quod
2994 5025 3343 5091 audivimus,
3376 5039 3506 5078 cum
3540 5021 3685 5078 lecto
3707 5021 3865 5092 lege-

2155 5130 2333 5193 retur,
2365 5122 2549 5177 Nonne
2598 5118 2687 5173 hic
2715 5122 2792 5174 est
2833 5133 2989 5188 quem
3028 5114 3349 5187 quaerebant
3398 5112 3745 5179 interﬁcere?
3792 5110 3864 5164 Et

2154 5230 2271 5271 ecce
2299 5212 2482 5285 palam
2508 5211 2771 5281 loquitur,
2802 5216 2850 5264 et
2870 5206 3015 5262 nihil
3045 5204 3131 5261 illi
3160 5205 3397 5260 dicunt:
3420 5201 3704 5271 numquid
3733 5215 3864 5255 vere

2152 5309 2519 5374 cognoverunt
2544 5300 2821 5372 principe:
2843 5299 2978 5369 quia
3008 5297 3187 5352 hicest
3216 5293 3465 5350 Christus
3484 5293 3510 5344 .’
3536 5290 3643 5353 Qui
3679 5304 3867 5344 nove-

2155 5402 2283 5451 rant
2304 5407 2417 5464 qua
2438 5390 2654 5447 saevitia
2674 5388 3063 5459 quaerebatur,
3085 5383 3451 5439 mirabantur
3472 5397 3587 5453 qua
3600 5376 3864 5451 potentia

2157 5501 2273 5543 non
2304 5480 2634 5539 tenebatur.
2664 5478 2885 5535 Deinde
2916 5492 3031 5531 non
3080 5474 3249 5546 plene
3278 5471 3679 5543 intelligentes
3700 5468 3863 5524 illius

2223 5608 2241 5641 ι
2264 5605 2430 5653 Juxta
2448 5602 2532 5653 Er.
2556 5597 2727 5662 Lugd.
2759 5597 2890 5646 Ven.
2925 5595 3045 5644 Lov.
3083 5588 3237 5653 quod.
3292 5590 3360 5641 Μ.
