4126 6194
292 188 445 246 1637

281 324 625 393 potentiam,
647 326 994 394 putaverunt
1015 321 1335 393 principum
1351 337 1478 375 esse
1493 321 1820 390 scientiam,
1836 323 1990 393 quod

280 414 391 483 ipsi
423 419 810 483 cognoverant
858 412 1127 469 eumdem
1179 426 1306 467 esse
1354 410 1642 465 Christum
1676 428 1688 465 :
1720 413 1847 466 ideo
1890 428 1997 482 pe-

280 512 591 572 percerunt
613 502 685 570 ei,
705 518 877 573 quem
898 506 1192 571 tantopere
1214 500 1595 555 occidendum
1614 501 1992 571 quaesierunt.

355 596 406 647 '2.
455 593 674 647 Deinde
724 591 807 646 illi
866 591 978 663 ipsi
1025 591 1175 659 apud
1250 591 1491 661 seipsos,
1544 592 1639 660 qui
1706 592 1992 656 dixerant,

278 682 558 753 Numquid
596 687 962 752 cognoverunt
988 682 1267 750 principes
1313 682 1438 751 quia
1471 680 1559 734 hic
1588 687 1668 734 est
1704 680 1945 734 Christus
1968 680 1996 733 ?

280 770 548 825 fecerunt
579 770 690 825 sibi
731 770 1108 840 quaestionem
1143 785 1260 838 qua
1289 769 1373 823 eis
1404 768 1691 823 videretur
1725 786 1836 824 non
1871 770 1993 840 ipse

279 875 413 915 esse
443 859 711 916 Christus
742 860 1169 931 :adjungentes
1192 858 1345 912 enim
1380 858 1667 925 dixerunt,
1694 858 1795 913 Sed
1827 860 1993 914 istum

278 952 536 1004 novimus
583 950 722 1005 unde
751 953 862 1015 sit;
896 949 1145 1005 Christus
1187 955 1373 1003 autem
1403 965 1523 1003 cum
1572 951 1803 1018 venerit,
1836 966 1991 1004 nemo

275 1042 380 1094 scit
414 1038 561 1094 unde
589 1042 681 1094 sit.
707 1038 833 1094 Hth
865 1038 1062 1109 opinio
1084 1039 1239 1109 apud
1270 1039 1501 1093 Judmos
1526 1041 1677 1093 unde
1709 1046 1846 1094 nata
1879 1039 1993 1093 fue-

276 1129 375 1194 rit,
401 1130 555 1199 quod
592 1129 836 1183 Christus
866 1146 990 1183 cum
1021 1131 1248 1196 venerit,
1272 1144 1429 1183 nemo
1460 1128 1559 1183 scit
1586 1129 1725 1184 unde
1755 1132 1823 1183 sit
1850 1129 1991 1198 (non

271 1218 434 1273 enim
452 1218 702 1274 inaniter
723 1224 855 1273 nata
869 1221 973 1287 est)
991 1237 1005 1287 ;
1021 1219 1068 1273 si
1094 1218 1530 1274 consideremus
1551 1218 1895 1289 Scripturas,
1915 1218 1993 1271 iu-

272 1308 569 1374 venimus,
596 1309 824 1375 fratres,
849 1308 1121 1378 quoniam
1147 1312 1361 1363 sancta!
1387 1309 1697 1379 Scriptura:
1720 1308 1993 1362 dixerunt

268 1397 345 1451 de
390 1396 641 1464 Christo,
680 1399 938 1469 quoniam
969 1396 1266 1452 Natura-us
1314 1398 1602 1451 vocabitur
1645 1396 1873 1465 (Matth.
1927 1412 1989 1464 II,

273 1486 392 1553 23).
422 1488 564 1557 Ergo
598 1486 987 1557 pra-dixerunt
1021 1486 1174 1541 unde
1204 1485 1300 1540 sit.
1336 1486 1559 1541 Rursus
1589 1486 1637 1540 si
1671 1484 1859 1541 locum
1896 1502 1993 1539 na-

274 1575 521 1631 tivitatis
559 1579 683 1645 ejus
714 1592 1066 1646 quaeramus,
1102 1579 1380 1646 tanquam
1415 1576 1549 1629 inde
1580 1575 1654 1629 sit
1686 1574 1784 1629 ubi
1818 1579 1990 1629 natus

274 1670 405 1731 est;
442 1681 545 1719 nec
580 1664 684 1719 hoc
712 1666 929 1719 latebat
957 1665 1207 1731 Judazos,
1244 1669 1476 1735 propter
1503 1665 1830 1735 Scripturas
1861 1681 1987 1735 quas

277 1755 395 1808 ista
428 1755 830 1825 praedixerant.
856 1755 1001 1809 Nam
1027 1771 1156 1811 cum
1179 1770 1310 1810 eum
1334 1754 1456 1809 visa
1478 1754 1645 1808 stella
1670 1753 1818 1825 Magi
1842 1771 1990 1824 quas-

273 1848 476 1899 rerent
520 1844 781 1911 adorare,
832 1848 1114 1899 venerunt
1152 1844 1222 1899 ad
1274 1842 1581 1911 Herodem,
1616 1852 1667 1899 et
1718 1844 1989 1898 dixerunt

272 1934 413 2003 quid
451 1939 773 2005 quaererent
794 1939 849 1988 et
870 1935 1005 2004 quid
1039 1934 1287 1989 vellent:
1318 1934 1413 1989 ille
1445 1938 1639 1990 autem
1666 1934 1987 1991 convocatis

271 2023 364 2078 eis
396 2023 494 2094 qui
520 2023 727 2094 Legem
762 2024 1048 2088 sciebant,
1070 2024 1337 2095 quaesivit
1369 2024 1438 2078 ab
1470 2024 1552 2080 eis
1586 2024 1682 2078 ubi
1716 2024 1985 2079 Christus

272 2117 612 2168 nasceretur
645 2128 659 2167 :
693 2113 775 2167 illi
801 2114 1091 2180 dixerunt,
1127 2116 1187 2168 In
1219 2113 1535 2169 Bethtehem
1581 2114 1739 2170 Judw
1768 2131 1785 2168 :
1818 2122 1869 2168 et
1902 2118 1984 2169 te-

271 2204 623 2259 stimonium
648 2204 822 2259 etiam
860 2204 1256 2273 prepheticum
1285 2204 1649 2275 protulerunt
1679 2205 1890 2275 (Matth.
1920 2221 1981 2268 ιι,

277 2295 294 2347 l
342 2294 420 2363 6).
455 2295 511 2347 Si
544 2310 676 2363 ergo
731 2295 1024 2365 Propheta:
1058 2296 1439 2365 praedixerant
1491 2299 1545 2349 et
1594 2294 1782 2350 locum
1831 2296 1984 2349 unde

273 2388 401 2436 erat
429 2384 593 2455 origo
624 2384 816 2439 carnis
840 2384 985 2453 eius,
1010 2388 1064 2438 et
1097 2385 1283 2439 locum
1321 2384 1417 2438 ubi
1449 2400 1579 2440 eum
1616 2385 1839 2455 peperit
1870 2401 1987 2439 ma-

274 2476 365 2526 ter
404 2473 573 2542 ejus;
611 2474 765 2527 unde
810 2481 943 2528 nata
994 2478 1081 2529 est
1124 2474 1237 2528 ista
1282 2476 1476 2544 opinio
1526 2476 1678 2545 apud
1727 2475 1985 2542 Judteos,

276 2578 456 2633 quam
482 2563 651 2617 modo
674 2564 1025 2629 audivimus,
1052 2563 1295 2618 Christus
1315 2581 1439 2619 cum
1462 2567 1685 2631 venerit,
1710 2581 1865 2620 nemo
1886 2566 1985 2619 scit

274 2654 423 2708 unde
451 2655 535 2713 sit,
573 2653 684 2709 nisi
734 2654 868 2723 quia
917 2663 1230 2725 utrumque
1271 2656 1724 2725 przedicaverant
1755 2660 1811 2710 et
1844 2673 1986 2727 prte-

278 2745 689 2799 nuntiaverant
730 2744 1081 2816 Scriptura?
1114 2746 1447 2802 Secundum
1500 2746 1793 2802 hominem
1846 2763 1985 2817 pra-

276 2835 551 2890 dixerant
572 2835 883 2906 Scriptura
909 2836 1059 2892 unde
1080 2840 1235 2891 esset
1259 2853 1271 2891 :
1306 2837 1624 2892 secundum
1660 2838 1836 2893 Deum
1860 2836 1989 2892 late-

277 2927 379 2979 bat
432 2926 666 2996 impios,
703 2930 759 2980 et
790 2926 1083 2997 quaerebat
1128 2928 1273 2997 pios.
1308 2928 1388 2982 Ad
1438 2927 1545 2983 hoc
1595 2928 1748 2982 enim
1800 2931 1856 2982 et
1894 2927 1987 2983 isti

266 3014 565 3081 dixerunt,
592 3015 840 3069 Christus
857 3031 978 3070 cum
1001 3019 1232 3083 venerit,
1258 3033 1415 3072 nemo
1436 3018 1533 3072 scit
1557 3016 1701 3072 unde
1718 3016 1788 3071 sit
1808 3034 1828 3078 ,ο
1851 3018 1991 3088 quia

268 3103 423 3158 hanc
446 3104 566 3159 illis
588 3104 923 3174 Opinionem
949 3110 1323 3175 generaverat
1346 3109 1491 3177 quod
1529 3122 1629 3177 per
1663 3107 1875 3162 Isaiam
1907 3107 1990 3161 di-

264 3202 426 3249 ctum
463 3199 568 3262 est,
594 3194 1007 3251 Generationem
1030 3203 1220 3251 autem
1244 3198 1356 3265 eius
1381 3199 1501 3267 quis
1523 3198 1807 3253 enarrabit
1829 3197 1985 3269 (Isai.

265 3299 384 3349 Ltll,
401 3286 494 3352 8)?
518 3284 776 3354 Denique
798 3290 854 3340 et
873 3284 1000 3357 ipse
1024 3286 1303 3342 Dominus
1327 3286 1400 3342 ad
1426 3291 1737 3359 utrumque
1760 3304 1993 3358 respon-

264 3376 374 3438 dit,
397 3380 453 3429 et
484 3376 620 3445 quia
643 3381 924 3431 noverant
953 3393 1087 3431 eum
1114 3377 1268 3432 unde
1299 3385 1473 3445 esset,
1496 3382 1551 3433 et
1582 3378 1719 3449 quia
1742 3395 1855 3433 non
1890 3396 1989 3435 no-

264 3467 520 3531 verant;
554 3469 615 3517 ut
646 3468 1019 3519 attestaretur
1050 3465 1368 3537 prophetiae
1390 3471 1603 3522 sanctis
1632 3484 1757 3538 quae
1790 3468 1862 3524 de
1893 3468 1988 3524 illo

267 3560 401 3607 ante
434 3551 707 3622 praedicta
736 3558 844 3619 est,
871 3558 927 3609 et
949 3556 1276 3610 secundum
1312 3557 1728 3611 humanitatem
1753 3557 1992 3613 infirmi-

272 3642 431 3706 tatis,
464 3647 521 3697 et
554 3643 874 3699 secundum
910 3644 1271 3700 divinitatem
1307 3646 1651 3715 majestatis.

346 3733 399 3785 3.
424 3731 630 3787 Audite
660 3748 797 3804 ergo
820 3734 1074 3789 Verbum
1110 3733 1364 3799 Domini,
1390 3734 1618 3802 fratres,
1640 3735 1829 3789 videte
1860 3752 1989 3806 que—

270 3822 660 3877 madmodum
684 3823 1047 3878 confirmavit
1077 3824 1160 3879 eis
1181 3828 1237 3878 et
1264 3825 1416 3895 quod
1441 3824 1732 3891 dixerunt,
1763 3827 1990 3882 «Istum

270 3911 549 3967 novimus
600 3912 753 3967 unde
802 3912 917 3979 sit;
954 3935 981 3962 »
1013 3917 1068 3968 et
1119 3918 1268 3983 quod
1323 3914 1615 3982 dixerunt,
1653 3937 1679 3964 «
1727 3914 1988 3971 Christus

269 4016 403 4057 cum
440 4001 681 4070 venerit,
716 4018 884 4057 nemo
936 4004 1048 4058 scit
1081 4004 1234 4058 unde
1265 4004 1354 4059 sit.
1388 4002 1690 4060 Clamabat
1721 4020 1853 4076 ergo
1885 4006 1983 4060 do-

265 4106 405 4145 cens
441 4090 500 4144 in
533 4090 749 4161 templo
780 4091 985 4146 Jesus:
1023 4092 1088 4147 Et
1123 4107 1213 4146 me
1246 4093 1427 4161 scitis,
1451 4098 1507 4148 et
1541 4095 1693 4148 unde
1728 4096 1839 4150 sim
1874 4096 1983 4149 sci-

264 4180 376 4245 tis;
410 4183 472 4233 et
501 4196 533 4235 a
564 4179 787 4250 meipso
822 4197 933 4235 non
963 4181 1114 4250 veni,
1149 4183 1252 4237 sed
1285 4190 1370 4238 est
1428 4199 1597 4239 verus
1629 4183 1719 4253 qui
1752 4199 1845 4238 me
1876 4184 1982 4238 mi-

261 4270 363 4333 sit,
400 4285 572 4341 quem
609 4286 708 4325 vos
760 4270 1019 4327 nescitis.
1048 4292 1074 4321 »
1108 4276 1225 4327 Hoc
1256 4277 1346 4328 est
1400 4273 1610 4339 dicere,
1646 4275 1708 4327 Et
1743 4288 1834 4329 me
1865 4275 1980 4329 sci-

259 4359 355 4426 tis,
390 4364 451 4413 et
478 4376 575 4415 me
605 4360 841 4415 nescitis
874 4376 886 4415 :
917 4360 1025 4417 hoc
1057 4367 1141 4416 est
1189 4364 1403 4431 dicere,
1437 4364 1503 4418 Et
1537 4364 1689 4418 unde
1720 4364 1829 4418 sim
1866 4365 1981 4419 sci-

262 4449 362 4515 tis,
385 4456 443 4506 et
472 4452 627 4505 unde
651 4450 761 4505 sim
796 4452 1053 4507 nescitis.
1084 4455 1242 4507 Unde
1276 4453 1379 4507 sim
1412 4454 1590 4512 scitis,
1616 4454 1792 4510 Jesus
1822 4471 1854 4508 a
1883 4455 1984 4511 Na-

262 4538 488 4605 zaretb,
521 4540 691 4609 cujus
740 4541 914 4595 etiam
959 4546 1227 4611 parentes
1278 4541 1484 4597 nostis.
1519 4541 1692 4598 Solus
1733 4543 1888 4597 enim
1922 4543 1981 4598 in

265 4627 378 4680 hac
400 4644 581 4682 causa
604 4627 817 4684 latebat
836 4630 1076 4701 virginis
1099 4638 1319 4699 partus,
1344 4632 1434 4687 cui
1459 4636 1653 4688 tamen
1678 4631 1841 4687 testis
1862 4637 1983 4688 erat

265 4722 518 4775 maritus
545 4736 558 4774 :
596 4720 718 4791 ipse
738 4722 892 4776 enim
928 4721 1034 4776 hoc
1063 4726 1285 4790 poterat
1307 4720 1553 4777 fideliter
1584 4723 1860 4788 indicare,
1881 4723 1981 4793 qui

267 4815 469 4882 posset
503 4811 844 4868 maritaliter
865 4816 921 4867 et
950 4812 1136 4868 zelare
1171 4816 1209 4868 ¹.
1233 4816 1345 4868 Hoc
1372 4830 1507 4886 ergo
1532 4819 1768 4885 excepto
1798 4816 1981 4888 virgi-

266 4901 362 4955 nis
394 4904 589 4971 partu,
617 4906 795 4956 totum
829 4908 1105 4956 noverant
1137 4904 1191 4956 in
1223 4902 1362 4957 Jesu
1392 4903 1545 4973 quod
1578 4903 1648 4958 ad
1683 4903 1980 4960 hominem

264 4991 519 5060 pertinet
552 5007 565 5044 :
601 4992 775 5047 facies
806 4991 994 5063 ipsius
1045 4996 1179 5047 nota
1208 4997 1351 5055 erat,
1386 4993 1573 5064 patria
1616 4994 1806 5064 ipsius
1853 5000 1982 5051 nota

261 5083 410 5146 erat,
435 5094 622 5150 genus
641 5080 825 5151 ipsius
849 5087 1051 5137 notum
1076 5086 1221 5147 erat,
1248 5082 1343 5137 ubi
1369 5087 1543 5139 natus
1560 5088 1649 5139 est
1669 5085 1978 5141 sciebatur.

264 5171 436 5226 Recte
465 5187 603 5242 ergo
635 5172 798 5243 dixit,
834 5174 895 5227 Et
927 5190 1014 5229 me
1058 5176 1250 5239 nostis,
1279 5180 1329 5227 et
1362 5176 1501 5229 unde
1553 5176 1658 5230 sim
1687 5176 1857 5241 scitis,
1887 5193 1979 5231 se-

255 5260 523 5315 cundum
557 5276 789 5320 carnem
823 5270 875 5319 et
907 5264 1159 5333 efﬁgiem
1195 5263 1451 5319 hominis
1484 5281 1659 5335 quam
1692 5266 1929 5336 gerebat
1964 5284 1976 5323 :

260 5349 587 5406 secundum
619 5356 812 5407 autem
856 5351 1242 5419 divinitatem,
1276 5354 1335 5407 Et
1368 5369 1400 5408 a
1430 5369 1513 5407 me
1548 5354 1663 5425 ipso
1693 5368 1801 5410 non
1832 5357 1977 5422 veni,

327 5489 341 5520 ³
366 5486 453 5535 Sic
484 5486 609 5535 Mss.
638 5502 755 5536 cum
780 5488 932 5538 editis
959 5489 1073 5539 Am.
1092 5492 1143 5538 et
1173 5488 1295 5539 Bad.
1321 5489 1402 5538 At.
1435 5488 1519 5537 Er.
1546 5492 1595 5537 et
1616 5485 1976 5539 Lov.babent-

262 5550 355 5611 qui
388 5550 566 5611 potuit
592 5551 920 5603 maritaliter
949 5555 997 5600 et
1027 5552 1211 5601 celare.

1448 188 1915 248 THACTATUS
1958 186 2164 245 XXXI.
2213 184 2470 247 CAPUT
2520 188 2647 247 VII.

3661 210 3817 270 1638

2102 322 2202 377 sed
2229 327 2303 376 est
2336 338 2490 378 verus
2538 328 2640 395 qui
2669 342 2757 381 me
2787 327 2959 395 misit,
2992 347 3149 401 quem
3196 351 3281 389 vos
3324 342 3581 402 nescitis;
3615 348 3714 401 sed
3750 354 3813 404 ut

2104 428 2239 465 eum
2271 412 2489 475 sciatis,
2526 415 2742 469 credite
2791 416 2848 471 in
2882 434 3015 473 eum
3069 438 3236 490 quem
3277 428 3451 496 misit,
3488 437 3542 484 cf.
3590 436 3809 493 scietis.

2105 502 2271 555 Deum
2302 504 2453 557 enim
2490 519 2642 559 nemo
2676 505 2807 561 vidit
2844 525 3109 579 unquam,
3144 515 3255 568 nisi
3294 520 3611 583 unigenitus
3642 526 3817 582 Filius

2103 594 2295 661 quiest
2330 596 2386 646 in
2420 596 2545 647 sinu
2581 599 2777 662 Putris,
2814 600 2925 667 ipse
2966 604 3249 658 enarravit
3280 608 3457 672 (Joun.
3497 627 3530 673 ι,
3568 612 3654 679 18)
3691 629 3702 666 :
3737 620 3813 681 et,

2103 682 2326 736 Patrem
2360 700 2465 736 non
2496 690 2764 753 cognoscit
2810 688 2920 742 nisi
2950 690 3138 757 Filius,
3174 697 3223 747 et
3254 696 3345 749 rui
3376 700 3606 755 voluerit
3639 704 3813 760 Filius

2104 770 2347 825 revelare
2377 771 2583 841 (Matth.
2620 790 2695 833 χι,
2722 776 2835 845 27).

2177 862 2226 914 4.
2263 862 2519 933 Denique
2570 879 2699 918 cum
2744 866 3005 936 dixisset,
3040 872 3141 925 Sed
3190 882 3267 927 est
3316 892 3474 931 verus
3517 882 3615 951 qui
3662 886 3813 939 misit

2102 966 2206 1017 me,
2226 967 2383 1021 quem
2417 969 2502 1008 vos
2534 956 2797 1019 nescitis;
2832 966 2887 1009 ut
2920 961 3249 1016 ostenderet
3280 964 3361 1018 eis
3398 970 3549 1022 unde
3580 977 3816 1039 possent

2103 1040 2249 1094 scire
2281 1042 2434 1112 quod
2472 1046 2829 1109 nesciebant,
2857 1048 3125 1117 subjecit,
3153 1052 3255 1121 Ego
3285 1057 3397 1108 scio
3422 1074 3565 1112 eum.
3606 1061 3751 1131 Ergo
3785 1080 3817 1116 a

2107 1146 2195 1183 me
2227 1133 2488 1200 quierite,
2520 1138 2583 1188 ut
2616 1134 2810 1189 sciatis
2844 1152 2999 1193 eum.
3035 1141 3219 1204 Quare
3253 1152 3443 1201 autem
3479 1149 3598 1203 scio
3632 1152 3815 1205 eum?

2106 1220 2242 1285 Quia
2264 1221 2331 1273 ab
2356 1220 2470 1290 ipso
2494 1239 2633 1283 sum,
2660 1231 2711 1276 et
2734 1225 2847 1294 ipse
2868 1242 2950 1280 me
2974 1228 3144 1283 misit.
3172 1231 3475 1301 Magnifice
3500 1243 3810 1310 utrumque

2104 1310 2470 1364 monstravit.
2504 1312 2576 1363 Ah
2626 1315 2759 1382 ipso,
2798 1316 3001 1385 inquit,
3034 1334 3197 1381 sum;
3229 1322 3362 1391 quia
3395 1324 3567 1381 Filius
3600 1330 3667 1383 de
3701 1331 3810 1385 Pa-

2102 1400 2203 1461 tre,
2238 1402 2292 1451 et
2340 1398 2622 1470 quidquid
2677 1408 2765 1457 est
2798 1403 2996 1474 Filius,
3026 1408 3092 1461 de
3125 1406 3220 1463 illo
3264 1415 3350 1465 est
3382 1415 3550 1483 cujus
3598 1423 3688 1472 est
3718 1420 3813 1473 Fi-

2102 1487 2233 1541 lius.
2255 1487 2382 1542 Ideo
2406 1491 2717 1544 Dominum
2743 1496 2942 1548 Jesum
2969 1496 3219 1552 dicimus
3245 1500 3425 1556 Deum
3452 1505 3519 1558 de
3542 1505 3685 1573 Deo;
3714 1510 3816 1563 Pa-

2101 1581 2245 1631 trem
2281 1595 2390 1631 non
2425 1580 2676 1635 dicimus
2710 1582 2890 1637 Deum
2924 1586 2993 1639 de
3025 1585 3157 1656 Deo,
3193 1592 3293 1643 sed
3324 1596 3545 1647 tantum
3583 1596 3805 1655 Deum:

2099 1672 2153 1719 et
2184 1667 2425 1723 dicimus
2462 1669 2769 1725 Dominum
2812 1673 3002 1728 losum
3036 1676 3251 1733 Lumen
3286 1681 3351 1735 de
3387 1683 3666 1754 Lumine;
3696 1686 3807 1741 Pa-

2097 1759 2244 1809 trem
2283 1773 2393 1811 non
2420 1758 2667 1812 dicimus
2689 1760 2904 1816 Lumen
2932 1764 3001 1817 de
3037 1768 3295 1835 Lumine,
3323 1772 3417 1824 sed
3446 1777 3674 1829 tantum
3698 1776 3807 1831 Lu-

2100 1860 2253 1899 men.
2298 1848 2380 1899 Ad
2413 1846 2517 1901 hoc
2551 1864 2684 1919 ergo
2726 1851 2990 1919 pertinet,
3026 1857 3175 1924 quod
3209 1858 3367 1927 dixit,
3406 1862 3477 1915 ΑΙ)
3520 1865 3630 1933 ipso
3659 1881 3803 1920 sum.

2097 1933 2253 1994 Quod
2291 1939 2481 1989 autem
2526 1936 2729 1991 videtis
2766 1954 2854 1992 me
2903 1940 2959 1994 in
2994 1958 3185 2009 carne,
3221 1948 3332 2016 ipse
3380 1965 3462 2004 me
3493 1954 3662 2006 misit.
3698 1953 3809 2009 Ubi

2096 2022 2286 2088 audis,
2312 2027 2426 2095 ipse
2456 2042 2541 2080 me
2564 2027 2736 2087 misit,
2763 2030 2874 2084 noli
2909 2030 3223 2103 intelligere
3258 2042 3476 2094 natura:
3510 2042 3808 2098 dissimili-

2096 2114 2382 2181 tudinem,
2419 2116 2519 2170 sed
2551 2119 2881 2187 generantis
2914 2123 3334 2181 auctoritatem.

2166 2202 2217 2255 5.
2259 2202 2583 2268 Quarebant
2611 2222 2739 2274 ergo
2769 2223 2893 2261 eum
2923 2211 3350 2280 apprehendere,
3384 2225 3434 2271 et
3464 2234 3619 2275 nemo
3651 2221 3805 2278 misit

2096 2292 2153 2345 in
2188 2292 2347 2346 illum
2376 2310 2592 2354 manus,
2627 2298 2757 2366 quia
2792 2300 3037 2353 nondum
3072 2312 3293 2357 venerat
3326 2305 3461 2360 liora
3494 2310 3610 2378 ejus
3642 2328 3661 2365 :
3694 2311 3802 2367 hoc

2096 2389 2203 2447 est,
2231 2383 2365 2451 quia
2397 2383 2646 2439 nolebat.
2675 2386 2819 2448 Quid
2845 2392 2932 2443 est
2953 2390 3129 2461 enim,
3156 2394 3396 2449 nondum
3422 2406 3639 2453 venerat
3661 2401 3800 2457 hora

2095 2473 2255 2543 ejus?
2286 2472 2408 2528 Non
2441 2476 2595 2529 enim
2628 2475 2908 2533 Dominus
2940 2481 3047 2534 sub
3077 2482 3191 2537 fato
3216 2490 3381 2540 natus
3412 2492 3518 2543 est.
3544 2491 3662 2545 Hoc
3700 2508 3804 2546 nec

2097 2562 2165 2615 de
2198 2566 2250 2617 te
2282 2562 2632 2619 credendum
2680 2571 2791 2633 est,
2828 2568 3036 2623 nedum
3072 2572 3141 2626 de
3177 2572 3275 2627 illo
3311 2576 3323 2609 ¹
3363 2592 3458 2645 per
3506 2595 3679 2647 quem
3716 2583 3803 2635 fa-

2098 2656 2226 2707 ctus
2248 2669 2329 2708 es.
2355 2654 2409 2707 Si
2438 2663 2527 2707 tua
2554 2655 2692 2709 hora
2715 2656 2978 2713 voluntas
3004 2664 3089 2715 est
3113 2661 3273 2717 illius
3301 2683 3314 2731 ;
3342 2665 3499 2721 illius
3521 2666 3660 2723 hora
3683 2685 3806 2739 qua

2097 2744 2203 2805 est,
2224 2742 2333 2796 nisi
2367 2743 2633 2799 voluntas
2667 2761 2774 2799 sua
2794 2744 2821 2798 ?
2852 2746 2974 2801 Non
2998 2764 3134 2819 ergo
3166 2750 3368 2807 horam
3401 2753 3545 2810 dixit
3574 2772 3684 2826 qua
3711 2773 3806 2814 co-

2097 2832 2329 2897 geretur
2378 2830 2544 2895 mori,
2594 2831 2691 2885 sed
2738 2848 2853 2901 qua
2902 2834 3235 2906 dignaretur
3292 2841 3496 2895 occidi.
3551 2844 3806 2914 Tempus

2099 2918 2252 2971 enim
2303 2919 2835 2991 exspectabatque
2898 2931 3238 2997 moreretur,
3286 2930 3424 2999 quia
3474 2937 3529 2988 et
3578 2938 3805 3006 tempus

2098 3009 2453 3077 exspectavit
2483 3025 2591 3079 quo
2624 3018 2978 3069 nasceretur.
3018 3016 3090 3069 De
3121 3015 3229 3073 hoc
3265 3024 3525 3092 tempore
3558 3029 3805 3095 Aposto-

2101 3096 2191 3151 lus
2221 3097 2485 3167 loquens,
2511 3099 2591 3153 ait
2616 3116 2628 3153 :
2659 3100 2790 3154 Cum
2820 3108 3003 3157 autem
3035 3108 3184 3160 venit
3210 3109 3491 3177 plenitudo
3522 3118 3807 3185 temporis,

2099 3185 2259 3238 misit
2290 3185 2428 3239 Deus
2479 3187 2684 3241 Filium
2727 3204 2887 3242 suum
2917 3188 3114 3259 (Calai.
3149 3209 3225 3258 ιν,
3251 3195 3323 3265 4).
3352 3196 3482 3253 ldeo
3516 3200 3686 3255 multi
3718 3203 3809 3256 di-

2099 3280 2285 3329 cunt:
2320 3277 2503 3339 Quare
2551 3292 2664 3331 non
2716 3282 2849 3331 ante
2898 3280 3053 3335 venit
3099 3281 3410 3340 Christus?
3440 3288 3661 3351 Quibus
3712 3307 3809 3346 re-

2099 3365 2505 3434 spondendum
2528 3367 2784 3437 est,quia
2808 3370 3064 3423 nondum
3089 3377 3322 3428 venerat
3344 3376 3643 3445 plenitudo
3666 3388 3803 3435 tem-

2100 3455 2276 3525 poris,
2312 3455 2646 3511 moderante
2680 3457 2776 3512 illo
2809 3474 2909 3527 per
2940 3476 3109 3530 quem
3146 3461 3295 3517 facta
3327 3470 3465 3520 sunt
3494 3470 3751 3539 tempora
3789 3487 3802 3526 :

2097 3544 2318 3600 sciebat
2343 3545 2495 3600 enim
2528 3547 2761 3616 quando
2792 3548 2987 3603 venire
3018 3550 3268 3606 deberet.
3299 3552 3488 3609 Primo
3521 3572 3623 3626 per
3654 3558 3805 3613 mul-

2100 3643 2213 3690 tam
2248 3634 2452 3690 seriem
2479 3640 2805 3707 temporum
2831 3642 2887 3693 et
2908 3655 3193 3695 annorum
3230 3644 3631 3711 praedicendus
3655 3648 3796 3716 fuit;

2099 3740 2213 3780 non
2246 3725 2397 3780 enim
2430 3724 2651 3795 aliquid
2688 3742 2928 3796 parvum
2960 3734 3270 3785 venturum
3305 3732 3410 3787 fuit
3445 3750 3459 3789 :
3489 3736 3587 3791 diu
3622 3739 3806 3794 fuerat

2098 3814 2524 3884 praedicendus,
2557 3831 2789 3886 semper
2818 3819 3123 3873 tenendus.
3157 3820 3385 3883 Quanto
3419 3826 3602 3895 major
3624 3829 3802 3897 judex

2095 3905 2383 3973 veniebat,
2408 3909 2564 3961 tanto
2598 3922 2930 3977 praeconum
2960 3908 3184 3981 longior
3206 3912 3387 3969 series
3418 3918 3799 3983 praecedebat.

2094 3995 2346 4065 Denique
2396 3996 2489 4051 ubi
2542 3998 2697 4052 venit
2747 3997 3042 4067 plenitudo
3084 4004 3386 4074 temporis,
3422 4008 3577 4061 venit
3605 4014 3659 4063 et
3704 4008 3800 4065 ille

2097 4085 2197 4157 qui
2220 4101 2323 4141 nos
2355 4085 2621 4141 liberaret
2643 4103 2677 4141 a
2699 4090 2976 4159 tempore.
3005 4089 3251 4147 Liberati
3281 4095 3434 4149 enim
3461 4114 3493 4151 a
3518 4099 3799 4168 tempore,

2097 4176 2313 4231 venturi
2338 4192 2547 4231 sumus
2571 4178 2640 4232 ad
2672 4178 3053 4234 aeternitatem
3083 4180 3265 4251 illam,
3284 4183 3377 4237 ubi
3405 4201 3518 4238 non
3542 4190 3629 4239 est
3650 4190 3803 4241 tem-

2095 4284 2202 4338 pus
2233 4284 2245 4323 :
2281 4284 2385 4324 nec
2435 4268 2649 4323 dicitur
2679 4267 2779 4334 ibi,
2815 4271 3056 4334 Quando
3107 4272 3297 4325 veniet
3347 4273 3528 4341 hora;
3561 4274 3682 4329 dies
3715 4280 3802 4331 est

2091 4356 2245 4412 enim
2271 4357 2687 4428 sempiternus,
2718 4358 2817 4425 qui
2854 4373 2957 4411 nec
2989 4360 3337 4427 praeceditur
3371 4360 3659 4430 hesterno,
3695 4379 3799 4419 nec

2090 4448 2415 4503 excluditur
2462 4446 2739 4501 crastino.
2774 4449 2835 4501 In
2870 4448 2977 4501 hoc
3004 4452 3198 4503 autem
3250 4450 3461 4505 saeculo
3494 4450 3801 4509 volvuntur

2089 4536 2234 4602 dies,
2255 4540 2309 4588 et
2339 4534 2437 4589 alii
2462 4538 2785 4601 transeunt,
2812 4539 2869 4589 et
2899 4534 2995 4589 alii
3022 4536 3299 4604 veniunt;
3333 4539 3531 4595 nullus
3566 4548 3797 4600 manet:

2089 4632 2143 4681 et
2175 4634 2466 4680 momenta
2496 4625 2711 4695 quibus
2758 4624 3073 4695 loquimur,
3108 4627 3351 4684 invicem
3387 4647 3448 4687 se
3477 4632 3799 4704 expellunt,

2089 4732 2194 4771 nec
2226 4720 2341 4771 stat
2365 4716 2552 4787 prima
2586 4716 2827 4788 syllaba,
2864 4721 2925 4771 ut
2964 4734 3174 4776 sonare
3200 4722 3382 4791 possit
3412 4727 3689 4782 secunda.
3728 4728 3803 4783 Ex

2089 4822 2205 4876 quo
2229 4804 2527 4877 loquimur
2548 4807 2912 4878 aliquantum
2939 4809 3254 4879 senuimus,
3273 4816 3329 4867 et
3349 4813 3474 4869 sine
3500 4815 3613 4870 ulla
3639 4817 3801 4871 dubi-

2089 4895 2306 4951 tatione
2336 4896 2531 4952 senior
2560 4914 2692 4953 sum
2729 4899 2896 4953 modo
2929 4915 3103 4970 quam
3136 4916 3305 4957 mane
3336 4918 3347 4955 :
3374 4902 3453 4957 ita
3484 4904 3626 4958 nihil
3663 4908 3798 4972 stat,

2091 4984 2429 5041 nihiltixum
2466 4988 2735 5043 manetin
2768 4992 3047 5059 tempore.
3072 4990 3275 5045 Amare
3298 4990 3491 5061 itaque
3512 4992 3793 5049 debemus

2090 5090 2190 5147 per
2212 5092 2381 5145 quem
2405 5077 2550 5133 facta
2573 5080 2715 5132 sunt
2735 5080 3015 5147 tempora,
3041 5084 3104 5132 ut
3127 5076 3436 5140 liberemur
3457 5098 3489 5136 a
3510 5084 3793 5152 tempore,

2088 5169 2145 5219 et
2176 5164 2423 5234 figamur
2452 5166 2510 5220 in
2539 5165 2878 5230 aeternitate,
2912 5166 3010 5220 ubi
3038 5166 3159 5236 jam
3190 5166 3348 5221 nulla
3380 5172 3464 5223 est
3497 5171 3795 5228 mutabili-

2088 5258 2175 5309 tas
2204 5263 2553 5325 temporum.
2580 5255 2789 5325 Magna
2815 5255 2993 5326 igitur
3015 5254 3417 5312 misericordia
3439 5258 3668 5317 Domini
3692 5279 3792 5319 no-

2085 5344 2188 5400 stri
2210 5345 2349 5400 Jesu
2372 5344 2608 5411 Christi,
2634 5342 2846 5398 factum
2871 5356 2998 5398 esse
3019 5358 3146 5398 eum
3176 5349 3408 5416 propter
3429 5364 3534 5405 nos
3561 5350 3621 5407 in
3646 5358 3785 5407 tem-

2088 5450 2244 5506 pore,
2279 5448 2381 5505 per
2409 5448 2577 5504 quem
2610 5433 2763 5488 facta
2793 5437 2929 5488 sunt
2962 5437 3259 5506 tempora;
3296 5435 3509 5494 factum
3537 5457 3665 5497 esse
3695 5445 3785 5497 in-

2152 5549 2268 5600 ‘Er.
2291 5550 2456 5612 Lugd.
2483 5552 2610 5600 Ven.
2646 5554 2697 5599 et
2730 5551 2854 5600 Lov.
2888 5548 2980 5610 sic,
3018 5560 3212 5613 quanto
3250 5554 3417 5606 minus
3446 5557 3508 5609 de
3536 5559 3651 5612 illo.
3716 5560 3788 5611 M.
