  <div class='ocr_page' id='page_1' title='image "/cluster/home/n/w/nwhite01/storage/ocr_20150623/35/hvd.32044054170956/169.png"; bbox 0 0 4126 6194; ppageno 0'>
   <div class='ocr_carea' id='block_1_1' title="bbox 358 222 512 281">
    <p class='ocr_par' dir='ltr' id='par_1_1' title="bbox 358 222 512 281">
     <span class='ocr_line' id='line_1_1' title="bbox 358 222 512 281; baseline -0.019 0"><span class='ocrx_word' id='word_1_1' title='bbox 358 222 512 281; x_wconf 87' lang='grc'><strong>1639</strong></span> 
     </span>
    </p>
   </div>
   <div class='ocr_carea' id='block_1_2' title="bbox 348 347 2052 423">
    <p class='ocr_par' dir='ltr' id='par_1_2' title="bbox 348 347 2052 423">
     <span class='ocr_line' id='line_1_2' title="bbox 348 347 2052 423; baseline -0.008 -13"><span class='ocrx_word' id='word_1_2' title='bbox 348 360 436 412; x_wconf 89' lang='lat' dir='ltr'>ter</span> <span class='ocrx_word' id='word_1_3' title='bbox 466 354 684 421; x_wconf 93' lang='lat' dir='ltr'>omnia,</span> <span class='ocrx_word' id='word_1_4' title='bbox 718 369 818 423; x_wconf 88' lang='lat' dir='ltr'>per</span> <span class='ocrx_word' id='word_1_5' title='bbox 842 366 1013 423; x_wconf 88' lang='lat' dir='ltr'>quem</span> <span class='ocrx_word' id='word_1_6' title='bbox 1049 350 1195 403; x_wconf 85' lang='lat' dir='ltr'>facta</span> <span class='ocrx_word' id='word_1_7' title='bbox 1227 351 1365 403; x_wconf 87' lang='lat' dir='ltr'>sunt</span> <span class='ocrx_word' id='word_1_8' title='bbox 1403 347 1642 403; x_wconf 88' lang='lat' dir='ltr'>omnia:</span> <span class='ocrx_word' id='word_1_9' title='bbox 1674 347 1890 401; x_wconf 88' lang='lat' dir='ltr'>factum</span> <span class='ocrx_word' id='word_1_10' title='bbox 1923 359 2052 399; x_wconf 90' lang='lat' dir='ltr'>esse</span> 
     </span>
    </p>
   </div>
   <div class='ocr_carea' id='block_1_3' title="bbox 351 437 2055 517">
    <p class='ocr_par' dir='ltr' id='par_1_3' title="bbox 351 437 2055 517">
     <span class='ocr_line' id='line_1_3' title="bbox 351 437 2055 517; baseline -0.008 -16"><span class='ocrx_word' id='word_1_11' title='bbox 351 446 508 517; x_wconf 91' lang='lat' dir='ltr'>quod</span> <span class='ocrx_word' id='word_1_12' title='bbox 542 446 691 500; x_wconf 90' lang='lat' dir='ltr'>fecit.</span> <span class='ocrx_word' id='word_1_13' title='bbox 726 443 934 497; x_wconf 83' lang='lat' dir='ltr'>Factus</span> <span class='ocrx_word' id='word_1_14' title='bbox 965 448 1051 495; x_wconf 86' lang='lat' dir='ltr'>est</span> <span class='ocrx_word' id='word_1_15' title='bbox 1082 439 1234 495; x_wconf 90' lang='lat' dir='ltr'>enim</span> <span class='ocrx_word' id='word_1_16' title='bbox 1268 439 1419 509; x_wconf 92' lang='lat' dir='ltr'>quod</span> <span class='ocrx_word' id='word_1_17' title='bbox 1470 437 1719 502; x_wconf 82' lang='lat' dir='ltr'>fecerat;</span> <span class='ocrx_word' id='word_1_18' title='bbox 1754 437 1937 491; x_wconf 83' lang='lat' dir='ltr'>factus</span> <span class='ocrx_word' id='word_1_19' title='bbox 1969 437 2055 489; x_wconf 90' lang='lat' dir='ltr'>est</span> 
     </span>
    </p>
   </div>
   <div class='ocr_carea' id='block_1_4' title="bbox 351 525 2056 604">
    <p class='ocr_par' dir='ltr' id='par_1_4' title="bbox 351 525 2056 604">
     <span class='ocr_line' id='line_1_4' title="bbox 351 525 2056 604; baseline -0.007 -13"><span class='ocrx_word' id='word_1_20' title='bbox 351 536 501 591; x_wconf 90' lang='lat' dir='ltr'>enim</span> <span class='ocrx_word' id='word_1_21' title='bbox 538 537 709 590; x_wconf 90' lang='lat' dir='ltr'>homo</span> <span class='ocrx_word' id='word_1_22' title='bbox 742 534 841 604; x_wconf 87' lang='lat' dir='ltr'>qui</span> <span class='ocrx_word' id='word_1_23' title='bbox 877 532 1167 587; x_wconf 86' lang='lat' dir='ltr'>hominem</span> <span class='ocrx_word' id='word_1_24' title='bbox 1205 530 1523 596; x_wconf 85' lang='lat' dir='ltr'>fecerat,ne</span> <span class='ocrx_word' id='word_1_25' title='bbox 1562 526 1772 598; x_wconf 75' lang='lat' dir='ltr'>periret</span> <span class='ocrx_word' id='word_1_26' title='bbox 1798 526 1948 596; x_wconf 89' lang='lat' dir='ltr'>quod</span> <span class='ocrx_word' id='word_1_27' title='bbox 1985 525 2056 579; x_wconf 88' lang='lat' dir='ltr'>fe-</span> 
     </span>
    </p>
   </div>
   <div class='ocr_carea' id='block_1_5' title="bbox 352 616 2058 690">
    <p class='ocr_par' dir='ltr' id='par_1_5' title="bbox 352 616 2058 690">
     <span class='ocr_line' id='line_1_5' title="bbox 352 616 2058 690; baseline -0.008 -10"><span class='ocrx_word' id='word_1_28' title='bbox 352 634 525 680; x_wconf 85' lang='lat' dir='ltr'>cerat.</span> <span class='ocrx_word' id='word_1_29' title='bbox 556 624 888 681; x_wconf 87' lang='lat' dir='ltr'>Secundum</span> <span class='ocrx_word' id='word_1_30' title='bbox 934 622 1083 677; x_wconf 91' lang='lat' dir='ltr'>hanc</span> <span class='ocrx_word' id='word_1_31' title='bbox 1134 619 1627 690; x_wconf 82' lang='lat' dir='ltr'>dispensationem</span> <span class='ocrx_word' id='word_1_32' title='bbox 1661 616 1783 686; x_wconf 89' lang='lat' dir='ltr'>jam</span> <span class='ocrx_word' id='word_1_33' title='bbox 1825 621 2058 671; x_wconf 90' lang='lat' dir='ltr'>venerat</span> 
     </span>
    </p>
   </div>
   <div class='ocr_carea' id='block_1_6' title="bbox 353 705 2061 777">
    <p class='ocr_par' dir='ltr' id='par_1_6' title="bbox 353 705 2061 777">
     <span class='ocr_line' id='line_1_6' title="bbox 353 705 2061 777; baseline -0.007 -8"><span class='ocrx_word' id='word_1_34' title='bbox 353 715 493 769; x_wconf 84' lang='lat' dir='ltr'>hora</span> <span class='ocrx_word' id='word_1_35' title='bbox 531 712 869 777; x_wconf 79' lang='lat' dir='ltr'>nativitatis,</span> <span class='ocrx_word' id='word_1_36' title='bbox 902 715 958 765; x_wconf 90' lang='lat' dir='ltr'>et</span> <span class='ocrx_word' id='word_1_37' title='bbox 991 714 1159 765; x_wconf 89' lang='lat' dir='ltr'>natus</span> <span class='ocrx_word' id='word_1_38' title='bbox 1190 712 1314 764; x_wconf 88' lang='lat' dir='ltr'>erat</span> <span class='ocrx_word' id='word_1_39' title='bbox 1346 724 1359 762; x_wconf 86' lang='lat'>:</span> <span class='ocrx_word' id='word_1_40' title='bbox 1394 708 1492 762; x_wconf 90' lang='lat' dir='ltr'>sed</span> <span class='ocrx_word' id='word_1_41' title='bbox 1528 705 1787 761; x_wconf 91' lang='lat' dir='ltr'>nondum</span> <span class='ocrx_word' id='word_1_42' title='bbox 1828 707 2061 759; x_wconf 82' lang='lat' dir='ltr'>venerat</span> 
     </span>
    </p>
   </div>
   <div class='ocr_carea' id='block_1_7' title="bbox 354 798 1755 874">
    <p class='ocr_par' dir='ltr' id='par_1_7' title="bbox 354 798 1755 874">
     <span class='ocr_line' id='line_1_7' title="bbox 354 798 1755 874; baseline -0.006 -17"><span class='ocrx_word' id='word_1_43' title='bbox 354 804 495 859; x_wconf 86' lang='lat' dir='ltr'>hora</span> <span class='ocrx_word' id='word_1_44' title='bbox 529 802 837 874; x_wconf 74' lang='lat' dir='ltr'>passionis,</span> <span class='ocrx_word' id='word_1_45' title='bbox 872 802 998 856; x_wconf 84' lang='lat' dir='ltr'>ideo</span> <span class='ocrx_word' id='word_1_46' title='bbox 1030 799 1288 854; x_wconf 92' lang='lat' dir='ltr'>nondum</span> <span class='ocrx_word' id='word_1_47' title='bbox 1323 814 1533 867; x_wconf 90' lang='lat' dir='ltr'>passus</span> <span class='ocrx_word' id='word_1_48' title='bbox 1571 799 1693 851; x_wconf 88' lang='lat' dir='ltr'>erat</span> <span class='ocrx_word' id='word_1_49' title='bbox 1716 798 1755 849; x_wconf 81' lang='grc' dir='ltr'><strong>ι.</strong></span> 
     </span>
    </p>
   </div>
   <div class='ocr_carea' id='block_1_8' title="bbox 423 882 2061 962">
    <p class='ocr_par' dir='ltr' id='par_1_8' title="bbox 423 882 2061 962">
     <span class='ocr_line' id='line_1_8' title="bbox 423 882 2061 962; baseline -0.006 -16"><span class='ocrx_word' id='word_1_50' title='bbox 423 896 475 946; x_wconf 80' lang='lat'>6.</span> <span class='ocrx_word' id='word_1_51' title='bbox 516 892 767 962; x_wconf 86' lang='lat' dir='ltr'>Denique</span> <span class='ocrx_word' id='word_1_52' title='bbox 801 894 864 944; x_wconf 89' lang='lat' dir='ltr'>ut</span> <span class='ocrx_word' id='word_1_53' title='bbox 913 887 1186 943; x_wconf 83' lang='lat' dir='ltr'>noveritis</span> <span class='ocrx_word' id='word_1_54' title='bbox 1221 903 1330 942; x_wconf 91' lang='lat' dir='ltr'>non</span> <span class='ocrx_word' id='word_1_55' title='bbox 1366 886 1790 952; x_wconf 76' lang='lat' dir='ltr'>necessitatem,</span> <span class='ocrx_word' id='word_1_56' title='bbox 1825 882 1924 939; x_wconf 88' lang='lat' dir='ltr'>sed</span> <span class='ocrx_word' id='word_1_57' title='bbox 1956 898 2061 954; x_wconf 89' lang='lat' dir='ltr'>po—</span> 
     </span>
    </p>
   </div>
   <div class='ocr_carea' id='block_1_9' title="bbox 352 972 2061 1048">
    <p class='ocr_par' dir='ltr' id='par_1_9' title="bbox 352 972 2061 1048">
     <span class='ocr_line' id='line_1_9' title="bbox 352 972 2061 1048; baseline -0.006 -11"><span class='ocrx_word' id='word_1_58' title='bbox 352 987 617 1037; x_wconf 83' lang='lat' dir='ltr'>testatem</span> <span class='ocrx_word' id='word_1_59' title='bbox 668 979 968 1035; x_wconf 90' lang='lat' dir='ltr'>morientis</span> <span class='ocrx_word' id='word_1_60' title='bbox 1017 979 1089 1048; x_wconf 88' lang='lat' dir='ltr'>(a)</span> <span class='ocrx_word' id='word_1_61' title='bbox 1127 993 1139 1031; x_wconf 90' lang='lat'><strong>:</strong></span> <span class='ocrx_word' id='word_1_62' title='bbox 1174 980 1408 1048; x_wconf 85' lang='lat' dir='ltr'>propter</span> <span class='ocrx_word' id='word_1_63' title='bbox 1456 973 1770 1031; x_wconf 89' lang='lat' dir='ltr'>nonnullos</span> <span class='ocrx_word' id='word_1_64' title='bbox 1822 973 1926 1028; x_wconf 92' lang='lat' dir='ltr'>hoc</span> <span class='ocrx_word' id='word_1_65' title='bbox 1970 972 2061 1027; x_wconf 92' lang='lat' dir='ltr'>lo-</span> 
     </span>
    </p>
   </div>
   <div class='ocr_carea' id='block_1_10' title="bbox 351 1064 2059 1142">
    <p class='ocr_par' dir='ltr' id='par_1_10' title="bbox 351 1064 2059 1142">
     <span class='ocr_line' id='line_1_10' title="bbox 351 1064 2059 1142; baseline -0.006 -16"><span class='ocrx_word' id='word_1_66' title='bbox 351 1088 514 1142; x_wconf 89' lang='lat' dir='ltr'>quor,</span> <span class='ocrx_word' id='word_1_67' title='bbox 550 1070 645 1140; x_wconf 93' lang='lat' dir='ltr'>qui</span> <span class='ocrx_word' id='word_1_68' title='bbox 697 1085 829 1123; x_wconf 89' lang='lat' dir='ltr'>cum</span> <span class='ocrx_word' id='word_1_69' title='bbox 878 1067 1192 1135; x_wconf 83' lang='lat' dir='ltr'>audierint,</span> <span class='ocrx_word' id='word_1_70' title='bbox 1233 1067 1479 1121; x_wconf 88' lang='lat' dir='ltr'>nondum</span> <span class='ocrx_word' id='word_1_71' title='bbox 1539 1065 1689 1119; x_wconf 80' lang='lat' dir='ltr'>venit</span> <span class='ocrx_word' id='word_1_72' title='bbox 1733 1065 1871 1120; x_wconf 83' lang='lat' dir='ltr'>hora</span> <span class='ocrx_word' id='word_1_73' title='bbox 1921 1064 2059 1131; x_wconf 72' lang='lat' dir='ltr'>eius,</span> 
     </span>
    </p>
   </div>
   <div class='ocr_carea' id='block_1_11' title="bbox 349 1154 2059 1221">
    <p class='ocr_par' dir='ltr' id='par_1_11' title="bbox 349 1154 2059 1221">
     <span class='ocr_line' id='line_1_11' title="bbox 349 1154 2059 1221; baseline -0.004 -8"><span class='ocrx_word' id='word_1_74' title='bbox 349 1160 716 1213; x_wconf 73' lang='lat' dir='ltr'>aeditidantur</span> <span class='ocrx_word' id='word_1_75' title='bbox 757 1159 827 1211; x_wconf 86' lang='lat' dir='ltr'>ad</span> <span class='ocrx_word' id='word_1_76' title='bbox 881 1158 1173 1213; x_wconf 83' lang='lat' dir='ltr'>credenda</span> <span class='ocrx_word' id='word_1_77' title='bbox 1224 1157 1359 1221; x_wconf 88' lang='lat' dir='ltr'>fata,</span> <span class='ocrx_word' id='word_1_78' title='bbox 1392 1160 1447 1211; x_wconf 92' lang='lat' dir='ltr'>et</span> <span class='ocrx_word' id='word_1_79' title='bbox 1477 1155 1626 1209; x_wconf 85' lang='lat' dir='ltr'>fiunt</span> <span class='ocrx_word' id='word_1_80' title='bbox 1655 1154 1829 1209; x_wconf 91' lang='lat' dir='ltr'>corda</span> <span class='ocrx_word' id='word_1_81' title='bbox 1857 1168 2059 1208; x_wconf 90' lang='lat' dir='ltr'>eorum</span> 
     </span>
    </p>
   </div>
   <div class='ocr_carea' id='block_1_12' title="bbox 348 1244 2060 1318">
    <p class='ocr_par' dir='ltr' id='par_1_12' title="bbox 348 1244 2060 1318">
     <span class='ocr_line' id='line_1_12' title="bbox 348 1244 2060 1318; baseline -0.004 -16"><span class='ocrx_word' id='word_1_82' title='bbox 348 1250 545 1304; x_wconf 86' lang='lat' dir='ltr'>fatua:</span> <span class='ocrx_word' id='word_1_83' title='bbox 583 1256 641 1302; x_wconf 87' lang='lat' dir='ltr'>ut</span> <span class='ocrx_word' id='word_1_84' title='bbox 673 1264 808 1318; x_wconf 86' lang='lat' dir='ltr'>ergo</span> <span class='ocrx_word' id='word_1_85' title='bbox 844 1248 1116 1303; x_wconf 84' lang='lat' dir='ltr'>noveritis</span> <span class='ocrx_word' id='word_1_86' title='bbox 1149 1250 1494 1317; x_wconf 87' lang='lat' dir='ltr'>potestatem</span> <span class='ocrx_word' id='word_1_87' title='bbox 1528 1244 1851 1312; x_wconf 89' lang='lat' dir='ltr'>morientis,</span> <span class='ocrx_word' id='word_1_88' title='bbox 1873 1244 2060 1313; x_wconf 84' lang='lat' dir='ltr'>ipsam</span> 
     </span>
    </p>
   </div>
   <div class='ocr_carea' id='block_1_13' title="bbox 350 1331 2062 1408">
    <p class='ocr_par' dir='ltr' id='par_1_13' title="bbox 350 1331 2062 1408">
     <span class='ocr_line' id='line_1_13' title="bbox 350 1331 2062 1408; baseline -0.004 -16"><span class='ocrx_word' id='word_1_89' title='bbox 350 1338 685 1408; x_wconf 81' lang='lat' dir='ltr'>passionem</span> <span class='ocrx_word' id='word_1_90' title='bbox 737 1336 999 1403; x_wconf 89' lang='lat' dir='ltr'>recolite,</span> <span class='ocrx_word' id='word_1_91' title='bbox 1048 1336 1390 1390; x_wconf 84' lang='lat' dir='ltr'>crucifixum</span> <span class='ocrx_word' id='word_1_92' title='bbox 1442 1333 1765 1388; x_wconf 87' lang='lat' dir='ltr'>intuemini.</span> <span class='ocrx_word' id='word_1_93' title='bbox 1799 1332 1954 1386; x_wconf 85' lang='lat' dir='ltr'>Dixit</span> <span class='ocrx_word' id='word_1_94' title='bbox 2004 1331 2062 1386; x_wconf 88' lang='lat' dir='ltr'>in</span> 
     </span>
    </p>
   </div>
   <div class='ocr_carea' id='block_1_14' title="bbox 346 1419 2065 1495">
    <p class='ocr_par' dir='ltr' id='par_1_14' title="bbox 346 1419 2065 1495">
     <span class='ocr_line' id='line_1_14' title="bbox 346 1419 2065 1495; baseline -0.003 -18"><span class='ocrx_word' id='word_1_95' title='bbox 346 1424 506 1495; x_wconf 83' lang='lat' dir='ltr'>ligno</span> <span class='ocrx_word' id='word_1_96' title='bbox 541 1426 825 1494; x_wconf 78' lang='lat' dir='ltr'>pendens,</span> <span class='ocrx_word' id='word_1_97' title='bbox 852 1422 1007 1477; x_wconf 85' lang='lat' dir='ltr'>Silio.</span> <span class='ocrx_word' id='word_1_98' title='bbox 1037 1421 1121 1476; x_wconf 88' lang='lat' dir='ltr'>Illi</span> <span class='ocrx_word' id='word_1_99' title='bbox 1156 1422 1263 1476; x_wconf 94' lang='lat' dir='ltr'>hoc</span> <span class='ocrx_word' id='word_1_100' title='bbox 1293 1420 1530 1484; x_wconf 84' lang='lat' dir='ltr'>auditio,</span> <span class='ocrx_word' id='word_1_101' title='bbox 1552 1421 1611 1473; x_wconf 86' lang='lat' dir='ltr'>in</span> <span class='ocrx_word' id='word_1_102' title='bbox 1662 1419 1945 1474; x_wconf 86' lang='lat' dir='ltr'>arundine</span> <span class='ocrx_word' id='word_1_103' title='bbox 1967 1433 2065 1487; x_wconf 89' lang='lat' dir='ltr'>per</span> 
     </span>
    </p>
   </div>
   <div class='ocr_carea' id='block_1_15' title="bbox 346 1510 2066 1584">
    <p class='ocr_par' dir='ltr' id='par_1_15' title="bbox 346 1510 2066 1584">
     <span class='ocr_line' id='line_1_15' title="bbox 346 1510 2066 1584; baseline -0.003 -16"><span class='ocrx_word' id='word_1_104' title='bbox 346 1516 653 1584; x_wconf 83' lang='lat' dir='ltr'>spongiam</span> <span class='ocrx_word' id='word_1_105' title='bbox 690 1512 1032 1568; x_wconf 90' lang='lat' dir='ltr'>obtulerunt</span> <span class='ocrx_word' id='word_1_106' title='bbox 1065 1511 1114 1566; x_wconf 91' lang='lat' dir='ltr'>ei</span> <span class='ocrx_word' id='word_1_107' title='bbox 1148 1515 1377 1567; x_wconf 89' lang='lat' dir='ltr'>acetum</span> <span class='ocrx_word' id='word_1_108' title='bbox 1410 1511 1468 1565; x_wconf 91' lang='lat' dir='ltr'>in</span> <span class='ocrx_word' id='word_1_109' title='bbox 1500 1525 1709 1565; x_wconf 86' lang='lat' dir='ltr'>cruce:</span> <span class='ocrx_word' id='word_1_110' title='bbox 1744 1510 1986 1578; x_wconf 89' lang='lat' dir='ltr'>accepit,</span> <span class='ocrx_word' id='word_1_111' title='bbox 2009 1512 2066 1562; x_wconf 89' lang='lat' dir='ltr'>et</span> 
     </span>
    </p>
   </div>
   <div class='ocr_carea' id='block_1_16' title="bbox 347 1596 2064 1673">
    <p class='ocr_par' dir='ltr' id='par_1_16' title="bbox 347 1596 2064 1673">
     <span class='ocr_line' id='line_1_16' title="bbox 347 1596 2064 1673; baseline -0.003 -16"><span class='ocrx_word' id='word_1_112' title='bbox 347 1606 447 1669; x_wconf 86' lang='lat' dir='ltr'>ait,</span> <span class='ocrx_word' id='word_1_113' title='bbox 480 1606 790 1673; x_wconf 79' lang='lat' dir='ltr'>Perfectum</span> <span class='ocrx_word' id='word_1_114' title='bbox 822 1611 939 1668; x_wconf 82' lang='lat' dir='ltr'>est;</span> <span class='ocrx_word' id='word_1_115' title='bbox 971 1606 1027 1657; x_wconf 87' lang='lat' dir='ltr'>et</span> <span class='ocrx_word' id='word_1_116' title='bbox 1057 1601 1334 1658; x_wconf 88' lang='lat' dir='ltr'>inclinato</span> <span class='ocrx_word' id='word_1_117' title='bbox 1365 1600 1568 1669; x_wconf 87' lang='lat' dir='ltr'>capite,</span> <span class='ocrx_word' id='word_1_118' title='bbox 1602 1598 1856 1655; x_wconf 86' lang='lat' dir='ltr'>reddidit</span> <span class='ocrx_word' id='word_1_119' title='bbox 1887 1596 2064 1669; x_wconf 89' lang='lat' dir='ltr'>spiri-</span> 
     </span>
    </p>
   </div>
   <div class='ocr_carea' id='block_1_17' title="bbox 352 1689 2063 1765">
    <p class='ocr_par' dir='ltr' id='par_1_17' title="bbox 352 1689 2063 1765">
     <span class='ocr_line' id='line_1_17' title="bbox 352 1689 2063 1765; baseline -0.004 -18"><span class='ocrx_word' id='word_1_120' title='bbox 352 1698 497 1749; x_wconf 88' lang='lat' dir='ltr'>tum.</span> <span class='ocrx_word' id='word_1_121' title='bbox 530 1694 749 1749; x_wconf 83' lang='lat' dir='ltr'>Videtis</span> <span class='ocrx_word' id='word_1_122' title='bbox 781 1697 1124 1765; x_wconf 89' lang='lat' dir='ltr'>potestatem</span> <span class='ocrx_word' id='word_1_123' title='bbox 1178 1690 1500 1757; x_wconf 86' lang='lat' dir='ltr'>morientis,</span> <span class='ocrx_word' id='word_1_124' title='bbox 1534 1689 1672 1760; x_wconf 85' lang='lat' dir='ltr'>quia</span> <span class='ocrx_word' id='word_1_125' title='bbox 1720 1689 1828 1743; x_wconf 91' lang='lat' dir='ltr'>hoc</span> <span class='ocrx_word' id='word_1_126' title='bbox 1856 1703 2063 1759; x_wconf 87' lang='lat' dir='ltr'>exspe-</span> 
     </span>
    </p>
   </div>
   <div class='ocr_carea' id='block_1_18' title="bbox 352 1777 2063 1851">
    <p class='ocr_par' dir='ltr' id='par_1_18' title="bbox 352 1777 2063 1851">
     <span class='ocr_line' id='line_1_18' title="bbox 352 1777 2063 1851; baseline -0.005 -12"><span class='ocrx_word' id='word_1_127' title='bbox 352 1784 559 1847; x_wconf 82' lang='lat' dir='ltr'>ctabat.</span> <span class='ocrx_word' id='word_1_128' title='bbox 594 1785 776 1839; x_wconf 75' lang='lat' dir='ltr'>donec</span> <span class='ocrx_word' id='word_1_129' title='bbox 807 1782 998 1838; x_wconf 88' lang='lat' dir='ltr'>omnia</span> <span class='ocrx_word' id='word_1_130' title='bbox 1032 1781 1462 1851; x_wconf 88' lang='lat' dir='ltr'>complerentur</span> <span class='ocrx_word' id='word_1_131' title='bbox 1511 1796 1637 1850; x_wconf 83' lang='lat' dir='ltr'>quae</span> <span class='ocrx_word' id='word_1_132' title='bbox 1671 1779 1739 1832; x_wconf 89' lang='lat' dir='ltr'>de</span> <span class='ocrx_word' id='word_1_133' title='bbox 1778 1777 1878 1833; x_wconf 90' lang='lat' dir='ltr'>illo</span> <span class='ocrx_word' id='word_1_134' title='bbox 1910 1793 2063 1847; x_wconf 70' lang='lat' dir='ltr'>prm-</span> 
     </span>
    </p>
   </div>
   <div class='ocr_carea' id='block_1_19' title="bbox 342 1867 2055 1937">
    <p class='ocr_par' dir='ltr' id='par_1_19' title="bbox 342 1867 2055 1937">
     <span class='ocr_line' id='line_1_19' title="bbox 342 1867 2055 1937; baseline -0.003 -12"><span class='ocrx_word' id='word_1_135' title='bbox 342 1872 507 1928; x_wconf 87' lang='lat' dir='ltr'>dicta</span> <span class='ocrx_word' id='word_1_136' title='bbox 538 1872 767 1927; x_wconf 83' lang='lat' dir='ltr'>fuerant</span> <span class='ocrx_word' id='word_1_137' title='bbox 794 1876 924 1927; x_wconf 85' lang='lat' dir='ltr'>ante</span> <span class='ocrx_word' id='word_1_138' title='bbox 957 1874 1201 1927; x_wconf 89' lang='lat' dir='ltr'>mortem</span> <span class='ocrx_word' id='word_1_139' title='bbox 1240 1870 1450 1923; x_wconf 90' lang='lat' dir='ltr'>futura.</span> <span class='ocrx_word' id='word_1_140' title='bbox 1478 1868 1703 1923; x_wconf 84' lang='lat' dir='ltr'>Dixerat</span> <span class='ocrx_word' id='word_1_141' title='bbox 1734 1867 1891 1923; x_wconf 88' lang='lat' dir='ltr'>enim</span> <span class='ocrx_word' id='word_1_142' title='bbox 1925 1882 2055 1937; x_wconf 88' lang='lat' dir='ltr'>pro-</span> 
     </span>
    </p>
   </div>
   <div class='ocr_carea' id='block_1_20' title="bbox 352 1957 2060 2032">
    <p class='ocr_par' dir='ltr' id='par_1_20' title="bbox 352 1957 2060 2032">
     <span class='ocr_line' id='line_1_20' title="bbox 352 1957 2060 2032; baseline -0.004 -17"><span class='ocrx_word' id='word_1_143' title='bbox 352 1961 527 2032; x_wconf 89' lang='lat' dir='ltr'>pheta</span> <span class='ocrx_word' id='word_1_144' title='bbox 552 1978 565 2014; x_wconf 90' lang='lat'>:</span> <span class='ocrx_word' id='word_1_145' title='bbox 603 1961 881 2016; x_wconf 84' lang='lat' dir='ltr'>Dederunt</span> <span class='ocrx_word' id='word_1_146' title='bbox 914 1963 971 2015; x_wconf 87' lang='lat' dir='ltr'>in</span> <span class='ocrx_word' id='word_1_147' title='bbox 999 1976 1178 2015; x_wconf 88' lang='lat' dir='ltr'>eseam</span> <span class='ocrx_word' id='word_1_148' title='bbox 1206 1975 1385 2015; x_wconf 84' lang='lat' dir='ltr'>meam</span> <span class='ocrx_word' id='word_1_149' title='bbox 1411 1959 1508 2030; x_wconf 72' lang='lat' dir='ltr'>fel,</span> <span class='ocrx_word' id='word_1_150' title='bbox 1532 1965 1584 2013; x_wconf 86' lang='lat' dir='ltr'>ct</span> <span class='ocrx_word' id='word_1_151' title='bbox 1616 1957 1675 2012; x_wconf 88' lang='lat' dir='ltr'>in</span> <span class='ocrx_word' id='word_1_152' title='bbox 1704 1957 1802 2011; x_wconf 88' lang='lat' dir='ltr'>siti</span> <span class='ocrx_word' id='word_1_153' title='bbox 1822 1972 1943 2011; x_wconf 86' lang='lat' dir='ltr'>mea</span> <span class='ocrx_word' id='word_1_154' title='bbox 1968 1970 2060 2027; x_wconf 89' lang='lat' dir='ltr'>po-</span> 
     </span>
    </p>
   </div>
   <div class='ocr_carea' id='block_1_21' title="bbox 352 2044 2059 2119">
    <p class='ocr_par' dir='ltr' id='par_1_21' title="bbox 352 2044 2059 2119">
     <span class='ocr_line' id='line_1_21' title="bbox 352 2044 2059 2119; baseline -0.004 -16"><span class='ocrx_word' id='word_1_155' title='bbox 352 2056 610 2105; x_wconf 81' lang='lat' dir='ltr'>tavcrunt</span> <span class='ocrx_word' id='word_1_156' title='bbox 656 2066 742 2105; x_wconf 88' lang='lat' dir='ltr'>me</span> <span class='ocrx_word' id='word_1_157' title='bbox 786 2058 933 2105; x_wconf 85' lang='lat' dir='ltr'>aceto</span> <span class='ocrx_word' id='word_1_158' title='bbox 979 2050 1155 2119; x_wconf 85' lang='lat' dir='ltr'>(Psal.</span> <span class='ocrx_word' id='word_1_159' title='bbox 1194 2065 1381 2114; x_wconf 77' lang='lat' dir='ltr'>LXVIII,</span> <span class='ocrx_word' id='word_1_160' title='bbox 1421 2049 1531 2115; x_wconf 84' lang='lat'>2&#39;2).</span> <span class='ocrx_word' id='word_1_161' title='bbox 1565 2044 1948 2117; x_wconf 86' lang='lat' dir='ltr'>Exspectahat</span> <span class='ocrx_word' id='word_1_162' title='bbox 1997 2047 2059 2097; x_wconf 88' lang='lat' dir='ltr'>ut</span> 
     </span>
    </p>
   </div>
   <div class='ocr_carea' id='block_1_22' title="bbox 351 2134 2059 2211">
    <p class='ocr_par' dir='ltr' id='par_1_22' title="bbox 351 2134 2059 2211">
     <span class='ocr_line' id='line_1_22' title="bbox 351 2134 2059 2211; baseline -0.005 -16"><span class='ocrx_word' id='word_1_163' title='bbox 351 2140 467 2195; x_wconf 59' lang='lat' dir='ltr'>haec</span> <span class='ocrx_word' id='word_1_164' title='bbox 523 2140 721 2195; x_wconf 88' lang='lat' dir='ltr'>omnia</span> <span class='ocrx_word' id='word_1_165' title='bbox 773 2139 1207 2211; x_wconf 86' lang='lat' dir='ltr'>complerentur</span> <span class='ocrx_word' id='word_1_166' title='bbox 1257 2155 1270 2192; x_wconf 93' lang='lat'>:</span> <span class='ocrx_word' id='word_1_167' title='bbox 1334 2144 1712 2210; x_wconf 80' lang='lat' dir='ltr'>posteaquam</span> <span class='ocrx_word' id='word_1_168' title='bbox 1771 2134 2059 2205; x_wconf 88' lang='lat' dir='ltr'>completa</span> 
     </span>
    </p>
   </div>
   <div class='ocr_carea' id='block_1_23' title="bbox 347 2224 2061 2298">
    <p class='ocr_par' dir='ltr' id='par_1_23' title="bbox 347 2224 2061 2298">
     <span class='ocr_line' id='line_1_23' title="bbox 347 2224 2061 2298; baseline -0.003 -14"><span class='ocrx_word' id='word_1_169' title='bbox 347 2238 505 2297; x_wconf 90' lang='lat' dir='ltr'>sunt,</span> <span class='ocrx_word' id='word_1_170' title='bbox 528 2230 692 2295; x_wconf 85' lang='lat' dir='ltr'>dixit,</span> <span class='ocrx_word' id='word_1_171' title='bbox 717 2230 1021 2298; x_wconf 75' lang='lat' dir='ltr'>Perfectum</span> <span class='ocrx_word' id='word_1_172' title='bbox 1053 2236 1165 2289; x_wconf 87' lang='lat' dir='ltr'>est;</span> <span class='ocrx_word' id='word_1_173' title='bbox 1197 2231 1253 2283; x_wconf 90' lang='lat' dir='ltr'>et</span> <span class='ocrx_word' id='word_1_174' title='bbox 1282 2227 1568 2283; x_wconf 87' lang='lat' dir='ltr'>abscessit</span> <span class='ocrx_word' id='word_1_175' title='bbox 1597 2230 1895 2296; x_wconf 86' lang='lat' dir='ltr'>potestate,</span> <span class='ocrx_word' id='word_1_176' title='bbox 1921 2224 2061 2294; x_wconf 89' lang='lat' dir='ltr'>quia</span> 
     </span>
    </p>
   </div>
   <div class='ocr_carea' id='block_1_24' title="bbox 347 2315 2059 2388">
    <p class='ocr_par' dir='ltr' id='par_1_24' title="bbox 347 2315 2059 2388">
     <span class='ocr_line' id='line_1_24' title="bbox 347 2315 2059 2388; baseline -0.002 -14"><span class='ocrx_word' id='word_1_177' title='bbox 347 2335 461 2374; x_wconf 90' lang='lat' dir='ltr'>non</span> <span class='ocrx_word' id='word_1_178' title='bbox 487 2323 721 2375; x_wconf 85' lang='lat' dir='ltr'>venerat</span> <span class='ocrx_word' id='word_1_179' title='bbox 751 2320 1112 2375; x_wconf 82' lang='lat' dir='ltr'>necessitate.</span> <span class='ocrx_word' id='word_1_180' title='bbox 1139 2319 1271 2373; x_wconf 91' lang='lat' dir='ltr'>Ideo</span> <span class='ocrx_word' id='word_1_181' title='bbox 1294 2318 1524 2387; x_wconf 85' lang='lat' dir='ltr'>quidam</span> <span class='ocrx_word' id='word_1_182' title='bbox 1550 2317 1681 2388; x_wconf 92' lang='lat' dir='ltr'>plus</span> <span class='ocrx_word' id='word_1_183' title='bbox 1702 2315 1898 2372; x_wconf 92' lang='lat' dir='ltr'>mirati</span> <span class='ocrx_word' id='word_1_184' title='bbox 1921 2319 2059 2371; x_wconf 89' lang='lat' dir='ltr'>sunt</span> 
     </span>
    </p>
   </div>
   <div class='ocr_carea' id='block_1_25' title="bbox 343 2405 2061 2479">
    <p class='ocr_par' dir='ltr' id='par_1_25' title="bbox 343 2405 2061 2479">
     <span class='ocr_line' id='line_1_25' title="bbox 343 2405 2061 2479; baseline -0.002 -18"><span class='ocrx_word' id='word_1_185' title='bbox 343 2406 517 2463; x_wconf 88' lang='lat' dir='ltr'>istam</span> <span class='ocrx_word' id='word_1_186' title='bbox 551 2411 895 2479; x_wconf 89' lang='lat' dir='ltr'>potestatem</span> <span class='ocrx_word' id='word_1_187' title='bbox 946 2406 1268 2472; x_wconf 89' lang='lat' dir='ltr'>morientis,</span> <span class='ocrx_word' id='word_1_188' title='bbox 1303 2423 1473 2477; x_wconf 85' lang='lat' dir='ltr'>quam</span> <span class='ocrx_word' id='word_1_189' title='bbox 1512 2405 1828 2477; x_wconf 84' lang='lat' dir='ltr'>potentiam</span> <span class='ocrx_word' id='word_1_190' title='bbox 1883 2406 2061 2459; x_wconf 90' lang='lat' dir='ltr'>mira-</span> 
     </span>
    </p>
   </div>
   <div class='ocr_carea' id='block_1_26' title="bbox 350 2496 2062 2561">
    <p class='ocr_par' dir='ltr' id='par_1_26' title="bbox 350 2496 2062 2561">
     <span class='ocr_line' id='line_1_26' title="bbox 350 2496 2062 2561; baseline -0.003 -8"><span class='ocrx_word' id='word_1_191' title='bbox 350 2498 482 2553; x_wconf 88' lang='lat' dir='ltr'>cula</span> <span class='ocrx_word' id='word_1_192' title='bbox 513 2498 795 2552; x_wconf 84' lang='lat' dir='ltr'>facientis.</span> <span class='ocrx_word' id='word_1_193' title='bbox 829 2498 1083 2551; x_wconf 84' lang='lat' dir='ltr'>Ventum</span> <span class='ocrx_word' id='word_1_194' title='bbox 1116 2501 1203 2551; x_wconf 88' lang='lat' dir='ltr'>est</span> <span class='ocrx_word' id='word_1_195' title='bbox 1250 2498 1404 2551; x_wconf 90' lang='lat' dir='ltr'>enim</span> <span class='ocrx_word' id='word_1_196' title='bbox 1437 2496 1507 2551; x_wconf 89' lang='lat' dir='ltr'>ad</span> <span class='ocrx_word' id='word_1_197' title='bbox 1541 2510 1794 2561; x_wconf 90' lang='lat' dir='ltr'>crucem,</span> <span class='ocrx_word' id='word_1_198' title='bbox 1838 2498 1903 2549; x_wconf 91' lang='lat' dir='ltr'>ut</span> <span class='ocrx_word' id='word_1_199' title='bbox 1933 2509 2062 2549; x_wconf 92' lang='lat' dir='ltr'>cor-</span> 
     </span>
    </p>
   </div>
   <div class='ocr_carea' id='block_1_27' title="bbox 352 2579 2062 2654">
    <p class='ocr_par' dir='ltr' id='par_1_27' title="bbox 352 2579 2062 2654">
     <span class='ocr_line' id='line_1_27' title="bbox 352 2579 2062 2654; baseline -0.003 -16"><span class='ocrx_word' id='word_1_200' title='bbox 352 2600 495 2653; x_wconf 87' lang='lat' dir='ltr'>pora</span> <span class='ocrx_word' id='word_1_201' title='bbox 524 2585 950 2654; x_wconf 87' lang='lat' dir='ltr'>deponerentur</span> <span class='ocrx_word' id='word_1_202' title='bbox 980 2585 1048 2637; x_wconf 90' lang='lat' dir='ltr'>de</span> <span class='ocrx_word' id='word_1_203' title='bbox 1081 2583 1259 2654; x_wconf 87' lang='lat' dir='ltr'>ligno,</span> <span class='ocrx_word' id='word_1_204' title='bbox 1286 2583 1560 2654; x_wconf 90' lang='lat' dir='ltr'>quoniam</span> <span class='ocrx_word' id='word_1_205' title='bbox 1596 2581 1904 2636; x_wconf 84' lang='lat' dir='ltr'>sabbatum</span> <span class='ocrx_word' id='word_1_206' title='bbox 1930 2579 2062 2634; x_wconf 85' lang='lat' dir='ltr'>illu-</span> 
     </span>
    </p>
   </div>
   <div class='ocr_carea' id='block_1_28' title="bbox 346 2668 2059 2741">
    <p class='ocr_par' dir='ltr' id='par_1_28' title="bbox 346 2668 2059 2741">
     <span class='ocr_line' id='line_1_28' title="bbox 346 2668 2059 2741; baseline -0.002 -15"><span class='ocrx_word' id='word_1_207' title='bbox 346 2672 612 2728; x_wconf 89' lang='lat' dir='ltr'>cescebat</span> <span class='ocrx_word' id='word_1_208' title='bbox 628 2689 642 2741; x_wconf 90' lang='lat'><strong>;</strong></span> <span class='ocrx_word' id='word_1_209' title='bbox 658 2672 943 2727; x_wconf 88' lang='lat' dir='ltr'>etinventi</span> <span class='ocrx_word' id='word_1_210' title='bbox 962 2679 1092 2725; x_wconf 88' lang='lat' dir='ltr'>sunt</span> <span class='ocrx_word' id='word_1_211' title='bbox 1116 2672 1369 2726; x_wconf 86' lang='lat' dir='ltr'>latrones</span> <span class='ocrx_word' id='word_1_212' title='bbox 1389 2672 1665 2727; x_wconf 88' lang='lat' dir='ltr'>viventes.</span> <span class='ocrx_word' id='word_1_213' title='bbox 1690 2668 2059 2739; x_wconf 58' lang='lat' dir='ltr'>Supplicium</span> 
     </span>
    </p>
   </div>
   <div class='ocr_carea' id='block_1_29' title="bbox 346 2757 2058 2833">
    <p class='ocr_par' dir='ltr' id='par_1_29' title="bbox 346 2757 2058 2833">
     <span class='ocr_line' id='line_1_29' title="bbox 346 2757 2058 2833; baseline -0.002 -18"><span class='ocrx_word' id='word_1_214' title='bbox 346 2761 560 2833; x_wconf 89' lang='lat' dir='ltr'>quippe</span> <span class='ocrx_word' id='word_1_215' title='bbox 581 2761 768 2816; x_wconf 88' lang='lat' dir='ltr'>crucis</span> <span class='ocrx_word' id='word_1_216' title='bbox 791 2761 917 2816; x_wconf 92' lang='lat' dir='ltr'>ideo</span> <span class='ocrx_word' id='word_1_217' title='bbox 943 2759 1145 2814; x_wconf 90' lang='lat' dir='ltr'>durius</span> <span class='ocrx_word' id='word_1_218' title='bbox 1167 2767 1305 2827; x_wconf 85' lang='lat' dir='ltr'>erat,</span> <span class='ocrx_word' id='word_1_219' title='bbox 1332 2759 1468 2829; x_wconf 88' lang='lat' dir='ltr'>quia</span> <span class='ocrx_word' id='word_1_220' title='bbox 1498 2758 1721 2814; x_wconf 82' lang='lat' dir='ltr'>diutius</span> <span class='ocrx_word' id='word_1_221' title='bbox 1743 2757 2058 2827; x_wconf 87' lang='lat' dir='ltr'>cruciabat,</span> 
     </span>
    </p>
   </div>
   <div class='ocr_carea' id='block_1_30' title="bbox 343 2846 2058 2921">
    <p class='ocr_par' dir='ltr' id='par_1_30' title="bbox 343 2846 2058 2921">
     <span class='ocr_line' id='line_1_30' title="bbox 343 2846 2058 2921; baseline -0.002 -16"><span class='ocrx_word' id='word_1_222' title='bbox 343 2854 398 2905; x_wconf 89' lang='lat' dir='ltr'>et</span> <span class='ocrx_word' id='word_1_223' title='bbox 420 2866 621 2906; x_wconf 89' lang='lat' dir='ltr'>omnes</span> <span class='ocrx_word' id='word_1_224' title='bbox 644 2849 905 2905; x_wconf 88' lang='lat' dir='ltr'>crucifixi</span> <span class='ocrx_word' id='word_1_225' title='bbox 925 2848 1101 2921; x_wconf 87' lang='lat' dir='ltr'>longa</span> <span class='ocrx_word' id='word_1_226' title='bbox 1126 2853 1304 2904; x_wconf 89' lang='lat' dir='ltr'>morte</span> <span class='ocrx_word' id='word_1_227' title='bbox 1328 2849 1706 2904; x_wconf 85' lang='lat' dir='ltr'>necabantur.</span> <span class='ocrx_word' id='word_1_228' title='bbox 1733 2846 1820 2902; x_wconf 91' lang='lat' dir='ltr'>Illi</span> <span class='ocrx_word' id='word_1_229' title='bbox 1842 2851 2058 2912; x_wconf 89' lang='lat' dir='ltr'>autem,</span> 
     </span>
    </p>
   </div>
   <div class='ocr_carea' id='block_1_31' title="bbox 348 2938 2061 3011">
    <p class='ocr_par' dir='ltr' id='par_1_31' title="bbox 348 2938 2061 3011">
     <span class='ocr_line' id='line_1_31' title="bbox 348 2938 2061 3011; baseline -0.002 -16"><span class='ocrx_word' id='word_1_230' title='bbox 348 2957 418 2996; x_wconf 88' lang='lat' dir='ltr'>ne</span> <span class='ocrx_word' id='word_1_231' title='bbox 451 2944 816 2996; x_wconf 87' lang='lat' dir='ltr'>remanerent</span> <span class='ocrx_word' id='word_1_232' title='bbox 846 2939 905 2995; x_wconf 94' lang='lat' dir='ltr'>in</span> <span class='ocrx_word' id='word_1_233' title='bbox 940 2940 1118 3011; x_wconf 90' lang='lat' dir='ltr'>ligno,</span> <span class='ocrx_word' id='word_1_234' title='bbox 1153 2938 1423 2995; x_wconf 88' lang='lat' dir='ltr'>cruribus</span> <span class='ocrx_word' id='word_1_235' title='bbox 1456 2939 1657 2994; x_wconf 88' lang='lat' dir='ltr'>fractis</span> <span class='ocrx_word' id='word_1_236' title='bbox 1700 2938 1883 2995; x_wconf 87' lang='lat' dir='ltr'>coacti</span> <span class='ocrx_word' id='word_1_237' title='bbox 1920 2940 2061 2993; x_wconf 89' lang='lat' dir='ltr'>sunt</span> 
     </span>
    </p>
   </div>
   <div class='ocr_carea' id='block_1_32' title="bbox 345 3026 2062 3100">
    <p class='ocr_par' dir='ltr' id='par_1_32' title="bbox 345 3026 2062 3100">
     <span class='ocr_line' id='line_1_32' title="bbox 345 3026 2062 3100; baseline -0.001 -16"><span class='ocrx_word' id='word_1_238' title='bbox 345 3029 516 3096; x_wconf 90' lang='lat' dir='ltr'>mori,</span> <span class='ocrx_word' id='word_1_239' title='bbox 541 3036 601 3084; x_wconf 88' lang='lat' dir='ltr'>ut</span> <span class='ocrx_word' id='word_1_240' title='bbox 632 3033 869 3100; x_wconf 90' lang='lat' dir='ltr'>possent</span> <span class='ocrx_word' id='word_1_241' title='bbox 901 3028 1037 3085; x_wconf 92' lang='lat' dir='ltr'>inde</span> <span class='ocrx_word' id='word_1_242' title='bbox 1069 3028 1301 3100; x_wconf 89' lang='lat' dir='ltr'>deponi.</span> <span class='ocrx_word' id='word_1_243' title='bbox 1326 3026 1610 3084; x_wconf 90' lang='lat' dir='ltr'>Dominus</span> <span class='ocrx_word' id='word_1_244' title='bbox 1641 3036 1831 3083; x_wconf 88' lang='lat' dir='ltr'>autem</span> <span class='ocrx_word' id='word_1_245' title='bbox 1865 3027 2062 3083; x_wconf 86' lang='lat' dir='ltr'>inven-</span> 
     </span>
    </p>
   </div>
   <div class='ocr_carea' id='block_1_33' title="bbox 348 3117 2062 3189">
    <p class='ocr_par' dir='ltr' id='par_1_33' title="bbox 348 3117 2062 3189">
     <span class='ocr_line' id='line_1_33' title="bbox 348 3117 2062 3189; baseline -0.002 -14"><span class='ocrx_word' id='word_1_246' title='bbox 348 3128 439 3175; x_wconf 90' lang='lat' dir='ltr'>tus</span> <span class='ocrx_word' id='word_1_247' title='bbox 471 3124 559 3175; x_wconf 87' lang='lat' dir='ltr'>est</span> <span class='ocrx_word' id='word_1_248' title='bbox 588 3124 854 3175; x_wconf 90' lang='lat' dir='ltr'>mortuus</span> <span class='ocrx_word' id='word_1_249' title='bbox 894 3121 1068 3189; x_wconf 86' lang='lat' dir='ltr'>(Joan.</span> <span class='ocrx_word' id='word_1_250' title='bbox 1104 3136 1219 3185; x_wconf 81' lang='lat' dir='ltr'>xIx,</span> <span class='ocrx_word' id='word_1_251' title='bbox 1251 3118 1462 3188; x_wconf 84' lang='lat'>28-33),</span> <span class='ocrx_word' id='word_1_252' title='bbox 1495 3122 1552 3173; x_wconf 87' lang='lat' dir='ltr'>et</span> <span class='ocrx_word' id='word_1_253' title='bbox 1599 3117 1873 3174; x_wconf 84' lang='lat' dir='ltr'>admirati</span> <span class='ocrx_word' id='word_1_254' title='bbox 1920 3120 2062 3173; x_wconf 89' lang='lat' dir='ltr'>sunt</span> 
     </span>
    </p>
   </div>
   <div class='ocr_carea' id='block_1_34' title="bbox 344 3207 2062 3280">
    <p class='ocr_par' dir='ltr' id='par_1_34' title="bbox 344 3207 2062 3280">
     <span class='ocr_line' id='line_1_34' title="bbox 344 3207 2062 3280; baseline -0.001 -17"><span class='ocrx_word' id='word_1_255' title='bbox 344 3207 659 3265; x_wconf 89' lang='lat' dir='ltr'>homines:</span> <span class='ocrx_word' id='word_1_256' title='bbox 693 3214 749 3264; x_wconf 88' lang='lat' dir='ltr'>et</span> <span class='ocrx_word' id='word_1_257' title='bbox 800 3212 897 3280; x_wconf 91' lang='lat' dir='ltr'>qui</span> <span class='ocrx_word' id='word_1_258' title='bbox 949 3225 1083 3265; x_wconf 91' lang='lat' dir='ltr'>eum</span> <span class='ocrx_word' id='word_1_259' title='bbox 1132 3208 1326 3263; x_wconf 86' lang='lat' dir='ltr'>vivum</span> <span class='ocrx_word' id='word_1_260' title='bbox 1368 3212 1869 3279; x_wconf 89' lang='lat' dir='ltr'>contempserunt,</span> <span class='ocrx_word' id='word_1_261' title='bbox 1903 3223 2062 3263; x_wconf 89' lang='lat' dir='ltr'>mor-</span> 
     </span>
    </p>
   </div>
   <div class='ocr_carea' id='block_1_35' title="bbox 346 3296 2061 3369">
    <p class='ocr_par' dir='ltr' id='par_1_35' title="bbox 346 3296 2061 3369">
     <span class='ocr_line' id='line_1_35' title="bbox 346 3296 2061 3369; baseline -0.001 -16"><span class='ocrx_word' id='word_1_262' title='bbox 346 3307 515 3354; x_wconf 89' lang='lat' dir='ltr'>tuum</span> <span class='ocrx_word' id='word_1_263' title='bbox 538 3299 620 3355; x_wconf 90' lang='lat' dir='ltr'>sic</span> <span class='ocrx_word' id='word_1_264' title='bbox 650 3298 922 3354; x_wconf 88' lang='lat' dir='ltr'>admirati</span> <span class='ocrx_word' id='word_1_265' title='bbox 955 3302 1112 3366; x_wconf 89' lang='lat' dir='ltr'>sunt,</span> <span class='ocrx_word' id='word_1_266' title='bbox 1137 3303 1202 3352; x_wconf 93' lang='lat' dir='ltr'>ut</span> <span class='ocrx_word' id='word_1_267' title='bbox 1230 3298 1487 3353; x_wconf 89' lang='lat' dir='ltr'>dicerent</span> <span class='ocrx_word' id='word_1_268' title='bbox 1509 3298 1775 3369; x_wconf 90' lang='lat' dir='ltr'>quidam,</span> <span class='ocrx_word' id='word_1_269' title='bbox 1802 3299 1945 3353; x_wconf 83' lang='lat' dir='ltr'>Vere</span> <span class='ocrx_word' id='word_1_270' title='bbox 1974 3296 2061 3351; x_wconf 82' lang='lat' dir='ltr'>Fi-</span> 
     </span>
    </p>
   </div>
   <div class='ocr_carea' id='block_1_36' title="bbox 344 3386 2057 3459">
    <p class='ocr_par' dir='ltr' id='par_1_36' title="bbox 344 3386 2057 3459">
     <span class='ocr_line' id='line_1_36' title="bbox 344 3386 2057 3459; baseline -0.001 -16"><span class='ocrx_word' id='word_1_271' title='bbox 344 3389 453 3444; x_wconf 87' lang='lat' dir='ltr'>lius</span> <span class='ocrx_word' id='word_1_272' title='bbox 493 3388 589 3444; x_wconf 84' lang='lat' dir='ltr'>Dei</span> <span class='ocrx_word' id='word_1_273' title='bbox 618 3395 697 3443; x_wconf 90' lang='lat' dir='ltr'>est</span> <span class='ocrx_word' id='word_1_274' title='bbox 729 3388 819 3443; x_wconf 85' lang='lat' dir='ltr'>hic</span> <span class='ocrx_word' id='word_1_275' title='bbox 864 3388 1066 3459; x_wconf 82' lang='lat' dir='ltr'>(Matth.</span> <span class='ocrx_word' id='word_1_276' title='bbox 1100 3404 1272 3454; x_wconf 85' lang='lat' dir='ltr'>xxvn,</span> <span class='ocrx_word' id='word_1_277' title='bbox 1305 3387 1421 3459; x_wconf 69' lang='lat'>54).</span> <span class='ocrx_word' id='word_1_278' title='bbox 1444 3387 1609 3443; x_wconf 91' lang='lat' dir='ltr'>Unde</span> <span class='ocrx_word' id='word_1_279' title='bbox 1659 3395 1745 3442; x_wconf 90' lang='lat' dir='ltr'>est</span> <span class='ocrx_word' id='word_1_280' title='bbox 1791 3391 1848 3443; x_wconf 91' lang='lat' dir='ltr'>et</span> <span class='ocrx_word' id='word_1_281' title='bbox 1888 3386 2057 3455; x_wconf 91' lang='lat' dir='ltr'>illud,</span> 
     </span>
    </p>
   </div>
   <div class='ocr_carea' id='block_1_37' title="bbox 344 3476 2060 3550">
    <p class='ocr_par' dir='ltr' id='par_1_37' title="bbox 344 3476 2060 3550">
     <span class='ocr_line' id='line_1_37' title="bbox 344 3476 2060 3550; baseline -0.002 -16"><span class='ocrx_word' id='word_1_282' title='bbox 344 3481 575 3547; x_wconf 83' lang='lat' dir='ltr'>fratres,</span> <span class='ocrx_word' id='word_1_283' title='bbox 600 3478 697 3533; x_wconf 91' lang='lat' dir='ltr'>ubi</span> <span class='ocrx_word' id='word_1_284' title='bbox 730 3478 812 3533; x_wconf 90' lang='lat' dir='ltr'>ait</span> <span class='ocrx_word' id='word_1_285' title='bbox 837 3478 1229 3549; x_wconf 62' lang='lat' dir='ltr'>quaerentibus</span> <span class='ocrx_word' id='word_1_286' title='bbox 1261 3493 1344 3545; x_wconf 90' lang='lat' dir='ltr'>se,</span> <span class='ocrx_word' id='word_1_287' title='bbox 1378 3479 1492 3550; x_wconf 87' lang='lat' dir='ltr'>Ego</span> <span class='ocrx_word' id='word_1_288' title='bbox 1521 3493 1641 3532; x_wconf 89' lang='lat' dir='ltr'>sum</span> <span class='ocrx_word' id='word_1_289' title='bbox 1662 3493 1683 3539; x_wconf 86' lang='lat'><strong><em>;</em></strong></span> <span class='ocrx_word' id='word_1_290' title='bbox 1704 3481 1761 3533; x_wconf 86' lang='lat' dir='ltr'>et</span> <span class='ocrx_word' id='word_1_291' title='bbox 1791 3476 1873 3531; x_wconf 90' lang='lat' dir='ltr'>illi</span> <span class='ocrx_word' id='word_1_292' title='bbox 1907 3480 2060 3532; x_wconf 88' lang='lat' dir='ltr'>retro</span> 
     </span>
    </p>
   </div>
   <div class='ocr_carea' id='block_1_38' title="bbox 339 3566 2061 3638">
    <p class='ocr_par' dir='ltr' id='par_1_38' title="bbox 339 3566 2061 3638">
     <span class='ocr_line' id='line_1_38' title="bbox 339 3566 2061 3638; baseline -0.002 -14"><span class='ocrx_word' id='word_1_293' title='bbox 339 3570 651 3625; x_wconf 89' lang='lat' dir='ltr'>redeuntes</span> <span class='ocrx_word' id='word_1_294' title='bbox 700 3584 901 3623; x_wconf 83' lang='lat' dir='ltr'>omnes</span> <span class='ocrx_word' id='word_1_295' title='bbox 961 3568 1296 3623; x_wconf 91' lang='lat' dir='ltr'>ceciderunt</span> <span class='ocrx_word' id='word_1_296' title='bbox 1353 3568 1535 3638; x_wconf 86' lang='lat' dir='ltr'>(Joan.</span> <span class='ocrx_word' id='word_1_297' title='bbox 1586 3584 1748 3634; x_wconf 85' lang='lat' dir='ltr'>xvm,</span> <span class='ocrx_word' id='word_1_298' title='bbox 1799 3566 1875 3637; x_wconf 88' lang='lat'>6).</span> <span class='ocrx_word' id='word_1_299' title='bbox 1926 3566 2061 3621; x_wconf 84' lang='lat' dir='ltr'>Erat</span> 
     </span>
    </p>
   </div>
   <div class='ocr_carea' id='block_1_39' title="bbox 344 3656 2061 3729">
    <p class='ocr_par' dir='ltr' id='par_1_39' title="bbox 344 3656 2061 3729">
     <span class='ocr_line' id='line_1_39' title="bbox 344 3656 2061 3729; baseline -0.003 -14"><span class='ocrx_word' id='word_1_300' title='bbox 344 3675 479 3729; x_wconf 86' lang='lat' dir='ltr'>ergo</span> <span class='ocrx_word' id='word_1_301' title='bbox 528 3660 588 3712; x_wconf 91' lang='lat' dir='ltr'>in</span> <span class='ocrx_word' id='word_1_302' title='bbox 638 3659 736 3713; x_wconf 91' lang='lat' dir='ltr'>illo</span> <span class='ocrx_word' id='word_1_303' title='bbox 790 3662 1041 3728; x_wconf 87' lang='lat' dir='ltr'>potestas</span> <span class='ocrx_word' id='word_1_304' title='bbox 1089 3674 1342 3713; x_wconf 89' lang='lat' dir='ltr'>summa.</span> <span class='ocrx_word' id='word_1_305' title='bbox 1396 3658 1509 3713; x_wconf 86' lang='lat' dir='ltr'>Nec</span> <span class='ocrx_word' id='word_1_306' title='bbox 1557 3658 1700 3714; x_wconf 88' lang='lat' dir='ltr'>hora</span> <span class='ocrx_word' id='word_1_307' title='bbox 1746 3656 2061 3727; x_wconf 85' lang='lat' dir='ltr'>cogebatur</span> 
     </span>
    </p>
   </div>
   <div class='ocr_carea' id='block_1_40' title="bbox 346 3744 2061 3817">
    <p class='ocr_par' dir='ltr' id='par_1_40' title="bbox 346 3744 2061 3817">
     <span class='ocr_line' id='line_1_40' title="bbox 346 3744 2061 3817; baseline -0.001 -16"><span class='ocrx_word' id='word_1_308' title='bbox 346 3746 533 3812; x_wconf 86' lang='lat' dir='ltr'>mori;</span> <span class='ocrx_word' id='word_1_309' title='bbox 568 3746 667 3800; x_wconf 87' lang='lat' dir='ltr'>sed</span> <span class='ocrx_word' id='word_1_310' title='bbox 704 3746 902 3800; x_wconf 89' lang='lat' dir='ltr'>horam</span> <span class='ocrx_word' id='word_1_311' title='bbox 950 3747 1341 3816; x_wconf 82' lang='lat' dir='ltr'>exspectabat,</span> <span class='ocrx_word' id='word_1_312' title='bbox 1373 3763 1490 3817; x_wconf 87' lang='lat' dir='ltr'>qua</span> <span class='ocrx_word' id='word_1_313' title='bbox 1540 3748 1863 3817; x_wconf 88' lang='lat' dir='ltr'>opportune</span> <span class='ocrx_word' id='word_1_314' title='bbox 1896 3744 2061 3800; x_wconf 82' lang='lat' dir='ltr'>fieret</span> 
     </span>
    </p>
   </div>
   <div class='ocr_carea' id='block_1_41' title="bbox 342 3836 1869 3909">
    <p class='ocr_par' dir='ltr' id='par_1_41' title="bbox 342 3836 1869 3909">
     <span class='ocr_line' id='line_1_41' title="bbox 342 3836 1869 3909; baseline 0 -19"><span class='ocrx_word' id='word_1_315' title='bbox 342 3838 635 3902; x_wconf 87' lang='lat' dir='ltr'>voluntas,</span> <span class='ocrx_word' id='word_1_316' title='bbox 669 3852 783 3889; x_wconf 90' lang='lat' dir='ltr'>non</span> <span class='ocrx_word' id='word_1_317' title='bbox 817 3852 933 3907; x_wconf 90' lang='lat' dir='ltr'>qua</span> <span class='ocrx_word' id='word_1_318' title='bbox 965 3836 1127 3891; x_wconf 87' lang='lat' dir='ltr'>inviti</span> <span class='ocrx_word' id='word_1_319' title='bbox 1158 3836 1500 3909; x_wconf 86' lang='lat' dir='ltr'>impleretur</span> <span class='ocrx_word' id='word_1_320' title='bbox 1530 3836 1869 3892; x_wconf 87' lang='lat' dir='ltr'>necessitas.</span> 
     </span>
    </p>
   </div>
   <div class='ocr_carea' id='block_1_42' title="bbox 411 3924 2060 3981">
    <p class='ocr_par' dir='ltr' id='par_1_42' title="bbox 411 3924 2060 3981">
     <span class='ocr_line' id='line_1_42' title="bbox 411 3924 2060 3981; baseline 0.002 -6"><span class='ocrx_word' id='word_1_321' title='bbox 411 3926 443 3975; x_wconf 86' lang='lat'><strong>7</strong></span> <span class='ocrx_word' id='word_1_322' title='bbox 454 3966 463 3976; x_wconf 93' lang='lat'>.</span> <span class='ocrx_word' id='word_1_323' title='bbox 491 3926 564 3978; x_wconf 89' lang='lat' dir='ltr'>De</span> <span class='ocrx_word' id='word_1_324' title='bbox 593 3924 755 3978; x_wconf 85' lang='lat' dir='ltr'>turba</span> <span class='ocrx_word' id='word_1_325' title='bbox 785 3934 965 3978; x_wconf 88' lang='lat' dir='ltr'>autem</span> <span class='ocrx_word' id='word_1_326' title='bbox 995 3926 1155 3979; x_wconf 84' lang='lat' dir='ltr'>multi</span> <span class='ocrx_word' id='word_1_327' title='bbox 1196 3925 1545 3981; x_wconf 85' lang='lat' dir='ltr'>crediderunt</span> <span class='ocrx_word' id='word_1_328' title='bbox 1576 3928 1635 3979; x_wconf 87' lang='lat' dir='ltr'>in</span> <span class='ocrx_word' id='word_1_329' title='bbox 1675 3941 1819 3981; x_wconf 90' lang='lat' dir='ltr'>eum.</span> <span class='ocrx_word' id='word_1_330' title='bbox 1853 3924 2060 3980; x_wconf 89' lang='lat' dir='ltr'>Humi-</span> 
     </span>
    </p>
   </div>
   <div class='ocr_carea' id='block_1_43' title="bbox 339 4012 2061 4085">
    <p class='ocr_par' dir='ltr' id='par_1_43' title="bbox 339 4012 2061 4085">
     <span class='ocr_line' id='line_1_43' title="bbox 339 4012 2061 4085; baseline 0.002 -17"><span class='ocrx_word' id='word_1_331' title='bbox 339 4013 423 4068; x_wconf 89' lang='lat' dir='ltr'>les</span> <span class='ocrx_word' id='word_1_332' title='bbox 468 4018 524 4068; x_wconf 89' lang='lat' dir='ltr'>et</span> <span class='ocrx_word' id='word_1_333' title='bbox 574 4029 856 4085; x_wconf 88' lang='lat' dir='ltr'>pauperes</span> <span class='ocrx_word' id='word_1_334' title='bbox 911 4012 1100 4069; x_wconf 86' lang='lat' dir='ltr'>salvos</span> <span class='ocrx_word' id='word_1_335' title='bbox 1132 4013 1378 4069; x_wconf 86' lang='lat' dir='ltr'>faciebat</span> <span class='ocrx_word' id='word_1_336' title='bbox 1427 4014 1734 4070; x_wconf 89' lang='lat' dir='ltr'>Dominus.</span> <span class='ocrx_word' id='word_1_337' title='bbox 1768 4014 2061 4084; x_wconf 88' lang='lat' dir='ltr'>Principes</span> 
     </span>
    </p>
   </div>
   <div class='ocr_carea' id='block_1_44' title="bbox 342 4103 2061 4176">
    <p class='ocr_par' dir='ltr' id='par_1_44' title="bbox 342 4103 2061 4176">
     <span class='ocr_line' id='line_1_44' title="bbox 342 4103 2061 4176; baseline 0.001 -19"><span class='ocrx_word' id='word_1_338' title='bbox 342 4104 718 4159; x_wconf 89' lang='lat' dir='ltr'>insaniebant</span> <span class='ocrx_word' id='word_1_339' title='bbox 735 4121 750 4171; x_wconf 90' lang='lat'><strong>;</strong></span> <span class='ocrx_word' id='word_1_340' title='bbox 770 4111 823 4157; x_wconf 90' lang='lat' dir='ltr'>et</span> <span class='ocrx_word' id='word_1_341' title='bbox 844 4103 974 4158; x_wconf 90' lang='lat' dir='ltr'>ideo</span> <span class='ocrx_word' id='word_1_342' title='bbox 1000 4104 1289 4158; x_wconf 91' lang='lat' dir='ltr'>medicum</span> <span class='ocrx_word' id='word_1_343' title='bbox 1308 4119 1424 4159; x_wconf 89' lang='lat' dir='ltr'>non</span> <span class='ocrx_word' id='word_1_344' title='bbox 1449 4104 1633 4159; x_wconf 91' lang='lat' dir='ltr'>solum</span> <span class='ocrx_word' id='word_1_345' title='bbox 1652 4121 1762 4160; x_wconf 92' lang='lat' dir='ltr'>non</span> <span class='ocrx_word' id='word_1_346' title='bbox 1787 4120 2061 4176; x_wconf 88' lang='lat' dir='ltr'>agnosce-</span> 
     </span>
    </p>
   </div>
   <div class='ocr_carea' id='block_1_45' title="bbox 344 4192 2058 4265">
    <p class='ocr_par' dir='ltr' id='par_1_45' title="bbox 344 4192 2058 4265">
     <span class='ocr_line' id='line_1_45' title="bbox 344 4192 2058 4265; baseline 0 -16"><span class='ocrx_word' id='word_1_347' title='bbox 344 4196 508 4262; x_wconf 89' lang='lat' dir='ltr'>bant,</span> <span class='ocrx_word' id='word_1_348' title='bbox 562 4195 661 4250; x_wconf 91' lang='lat' dir='ltr'>sed</span> <span class='ocrx_word' id='word_1_349' title='bbox 712 4194 885 4249; x_wconf 87' lang='lat' dir='ltr'>etiam</span> <span class='ocrx_word' id='word_1_350' title='bbox 935 4192 1197 4249; x_wconf 89' lang='lat' dir='ltr'>occidere</span> <span class='ocrx_word' id='word_1_351' title='bbox 1241 4193 1573 4265; x_wconf 86' lang='lat' dir='ltr'>cupiebant.</span> <span class='ocrx_word' id='word_1_352' title='bbox 1607 4194 1740 4249; x_wconf 90' lang='lat' dir='ltr'>Erat</span> <span class='ocrx_word' id='word_1_353' title='bbox 1789 4194 2058 4265; x_wconf 74' lang='lat' dir='ltr'>quaedam</span> 
     </span>
    </p>
   </div>
   <div class='ocr_carea' id='block_1_46' title="bbox 345 4281 2061 4357">
    <p class='ocr_par' dir='ltr' id='par_1_46' title="bbox 345 4281 2061 4357">
     <span class='ocr_line' id='line_1_46' title="bbox 345 4281 2061 4357; baseline -0.001 -17"><span class='ocrx_word' id='word_1_354' title='bbox 345 4286 517 4341; x_wconf 92' lang='lat' dir='ltr'>turba</span> <span class='ocrx_word' id='word_1_355' title='bbox 549 4302 674 4357; x_wconf 84' lang='lat' dir='ltr'>quae</span> <span class='ocrx_word' id='word_1_356' title='bbox 708 4300 873 4339; x_wconf 89' lang='lat' dir='ltr'>suam</span> <span class='ocrx_word' id='word_1_357' title='bbox 907 4283 1311 4355; x_wconf 69' lang='lat' dir='ltr'>aegritudinem</span> <span class='ocrx_word' id='word_1_358' title='bbox 1344 4282 1457 4339; x_wconf 90' lang='lat' dir='ltr'>cito</span> <span class='ocrx_word' id='word_1_359' title='bbox 1489 4281 1652 4349; x_wconf 91' lang='lat' dir='ltr'>vidit,</span> <span class='ocrx_word' id='word_1_360' title='bbox 1673 4287 1729 4338; x_wconf 91' lang='lat' dir='ltr'>et</span> <span class='ocrx_word' id='word_1_361' title='bbox 1756 4282 1915 4338; x_wconf 89' lang='lat' dir='ltr'>illius</span> <span class='ocrx_word' id='word_1_362' title='bbox 1944 4299 2061 4338; x_wconf 88' lang='lat' dir='ltr'>me-</span> 
     </span>
    </p>
   </div>
   <div class='ocr_carea' id='block_1_47' title="bbox 344 4371 2059 4445">
    <p class='ocr_par' dir='ltr' id='par_1_47' title="bbox 344 4371 2059 4445">
     <span class='ocr_line' id='line_1_47' title="bbox 344 4371 2059 4445; baseline -0.003 -14"><span class='ocrx_word' id='word_1_363' title='bbox 344 4376 598 4431; x_wconf 88' lang='lat' dir='ltr'>dicinam</span> <span class='ocrx_word' id='word_1_364' title='bbox 651 4376 777 4430; x_wconf 87' lang='lat' dir='ltr'>sine</span> <span class='ocrx_word' id='word_1_365' title='bbox 822 4373 1098 4429; x_wconf 89' lang='lat' dir='ltr'>dilatione</span> <span class='ocrx_word' id='word_1_366' title='bbox 1150 4372 1442 4445; x_wconf 90' lang='lat' dir='ltr'>cognovit.</span> <span class='ocrx_word' id='word_1_367' title='bbox 1494 4371 1700 4427; x_wconf 89' lang='lat' dir='ltr'>Videte</span> <span class='ocrx_word' id='word_1_368' title='bbox 1758 4372 1895 4443; x_wconf 89' lang='lat' dir='ltr'>quid</span> <span class='ocrx_word' id='word_1_369' title='bbox 1946 4371 2059 4427; x_wconf 87' lang='lat' dir='ltr'>sibi</span> 
     </span>
    </p>
   </div>
   <div class='ocr_carea' id='block_1_48' title="bbox 342 4462 2061 4536">
    <p class='ocr_par' dir='ltr' id='par_1_48' title="bbox 342 4462 2061 4536">
     <span class='ocr_line' id='line_1_48' title="bbox 342 4462 2061 4536; baseline -0.003 -14"><span class='ocrx_word' id='word_1_370' title='bbox 342 4466 553 4522; x_wconf 87' lang='lat' dir='ltr'>dixerit</span> <span class='ocrx_word' id='word_1_371' title='bbox 602 4465 770 4520; x_wconf 86' lang='lat' dir='ltr'>turba</span> <span class='ocrx_word' id='word_1_372' title='bbox 839 4464 965 4536; x_wconf 90' lang='lat' dir='ltr'>ipsa</span> <span class='ocrx_word' id='word_1_373' title='bbox 1021 4467 1310 4519; x_wconf 88' lang='lat' dir='ltr'>commota</span> <span class='ocrx_word' id='word_1_374' title='bbox 1377 4463 1680 4519; x_wconf 88' lang='lat' dir='ltr'>miraculis</span> <span class='ocrx_word' id='word_1_375' title='bbox 1723 4479 1736 4517; x_wconf 89' lang='lat'><strong>:</strong></span> <span class='ocrx_word' id='word_1_376' title='bbox 1784 4462 2061 4533; x_wconf 82' lang='lat' dir='ltr'>Numquid</span> 
     </span>
    </p>
   </div>
   <div class='ocr_carea' id='block_1_49' title="bbox 342 4552 2060 4625">
    <p class='ocr_par' dir='ltr' id='par_1_49' title="bbox 342 4552 2060 4625">
     <span class='ocr_line' id='line_1_49' title="bbox 342 4552 2060 4625; baseline -0.002 -14"><span class='ocrx_word' id='word_1_377' title='bbox 342 4558 595 4612; x_wconf 81' lang='lat' dir='ltr'>Christus</span> <span class='ocrx_word' id='word_1_378' title='bbox 625 4574 747 4613; x_wconf 89' lang='lat' dir='ltr'>cum</span> <span class='ocrx_word' id='word_1_379' title='bbox 776 4553 1007 4620; x_wconf 83' lang='lat' dir='ltr'>venerit,</span> <span class='ocrx_word' id='word_1_380' title='bbox 1031 4555 1194 4625; x_wconf 87' lang='lat' dir='ltr'>plura</span> <span class='ocrx_word' id='word_1_381' title='bbox 1225 4552 1391 4624; x_wconf 78' lang='lat' dir='ltr'>signa</span> <span class='ocrx_word' id='word_1_382' title='bbox 1418 4556 1672 4623; x_wconf 79' lang='lat' dir='ltr'>facturus</span> <span class='ocrx_word' id='word_1_383' title='bbox 1701 4557 1824 4610; x_wconf 88' lang='lat' dir='ltr'>est?</span> <span class='ocrx_word' id='word_1_384' title='bbox 1853 4552 2060 4624; x_wconf 87' lang='lat' dir='ltr'>Utique</span> 
     </span>
    </p>
   </div>
   <div class='ocr_carea' id='block_1_50' title="bbox 341 4642 2057 4715">
    <p class='ocr_par' dir='ltr' id='par_1_50' title="bbox 341 4642 2057 4715">
     <span class='ocr_line' id='line_1_50' title="bbox 341 4642 2057 4715; baseline -0.002 -16"><span class='ocrx_word' id='word_1_385' title='bbox 341 4645 390 4699; x_wconf 90' lang='lat' dir='ltr'>si</span> <span class='ocrx_word' id='word_1_386' title='bbox 423 4645 538 4700; x_wconf 89' lang='lat' dir='ltr'>duo</span> <span class='ocrx_word' id='word_1_387' title='bbox 572 4662 683 4700; x_wconf 90' lang='lat' dir='ltr'>non</span> <span class='ocrx_word' id='word_1_388' title='bbox 734 4648 929 4711; x_wconf 89' lang='lat' dir='ltr'>erunt,</span> <span class='ocrx_word' id='word_1_389' title='bbox 965 4642 1054 4698; x_wconf 90' lang='lat' dir='ltr'>hic</span> <span class='ocrx_word' id='word_1_390' title='bbox 1094 4646 1205 4697; x_wconf 89' lang='lat' dir='ltr'>est.</span> <span class='ocrx_word' id='word_1_391' title='bbox 1239 4643 1621 4699; x_wconf 87' lang='lat' dir='ltr'>Crediderunt</span> <span class='ocrx_word' id='word_1_392' title='bbox 1649 4658 1786 4715; x_wconf 89' lang='lat' dir='ltr'>ergo</span> <span class='ocrx_word' id='word_1_393' title='bbox 1835 4642 1892 4696; x_wconf 90' lang='lat' dir='ltr'>in</span> <span class='ocrx_word' id='word_1_394' title='bbox 1924 4657 2057 4697; x_wconf 90' lang='lat' dir='ltr'>eum</span> 
     </span>
    </p>
   </div>
   <div class='ocr_carea' id='block_1_51' title="bbox 339 4735 771 4791">
    <p class='ocr_par' dir='ltr' id='par_1_51' title="bbox 339 4735 771 4791">
     <span class='ocr_line' id='line_1_51' title="bbox 339 4735 771 4791; baseline -0.005 -1"><span class='ocrx_word' id='word_1_395' title='bbox 339 4735 603 4791; x_wconf 89' lang='lat' dir='ltr'>dicentes</span> <span class='ocrx_word' id='word_1_396' title='bbox 637 4735 771 4789; x_wconf 89' lang='lat' dir='ltr'>ista.</span> 
     </span>
    </p>
   </div>
   <div class='ocr_carea' id='block_1_52' title="bbox 415 4819 2058 4895">
    <p class='ocr_par' dir='ltr' id='par_1_52' title="bbox 415 4819 2058 4895">
     <span class='ocr_line' id='line_1_52' title="bbox 415 4819 2058 4895; baseline -0.001 -16"><span class='ocrx_word' id='word_1_397' title='bbox 415 4828 469 4879; x_wconf 90' lang='lat'>8.</span> <span class='ocrx_word' id='word_1_398' title='bbox 496 4823 796 4895; x_wconf 91' lang='lat' dir='ltr'>Principes</span> <span class='ocrx_word' id='word_1_399' title='bbox 818 4838 950 4878; x_wconf 87' lang='lat' dir='ltr'>vero</span> <span class='ocrx_word' id='word_1_400' title='bbox 982 4820 1065 4876; x_wconf 88' lang='lat' dir='ltr'>illi</span> <span class='ocrx_word' id='word_1_401' title='bbox 1100 4821 1302 4877; x_wconf 89' lang='lat' dir='ltr'>audita</span> <span class='ocrx_word' id='word_1_402' title='bbox 1333 4819 1724 4878; x_wconf 89' lang='lat' dir='ltr'>multitudinis</span> <span class='ocrx_word' id='word_1_403' title='bbox 1755 4821 1890 4889; x_wconf 82' lang='lat' dir='ltr'>ﬁde,</span> <span class='ocrx_word' id='word_1_404' title='bbox 1915 4825 1971 4877; x_wconf 91' lang='lat' dir='ltr'>et</span> <span class='ocrx_word' id='word_1_405' title='bbox 1992 4838 2058 4878; x_wconf 91' lang='lat' dir='ltr'>eo</span> 
     </span>
    </p>
   </div>
   <div class='ocr_carea' id='block_1_53' title="bbox 346 4910 2058 4984">
    <p class='ocr_par' dir='ltr' id='par_1_53' title="bbox 346 4910 2058 4984">
     <span class='ocr_line' id='line_1_53' title="bbox 346 4910 2058 4984; baseline -0.003 -13"><span class='ocrx_word' id='word_1_406' title='bbox 346 4930 646 4972; x_wconf 88' lang='lat' dir='ltr'>murmure</span> <span class='ocrx_word' id='word_1_407' title='bbox 696 4928 811 4984; x_wconf 91' lang='lat' dir='ltr'>quo</span> <span class='ocrx_word' id='word_1_408' title='bbox 841 4910 1110 4967; x_wconf 89' lang='lat' dir='ltr'>Christus</span> <span class='ocrx_word' id='word_1_409' title='bbox 1160 4910 1619 4983; x_wconf 79' lang='lat' dir='ltr'>gloriﬁcabatur,</span> <span class='ocrx_word' id='word_1_410' title='bbox 1649 4911 1917 4967; x_wconf 84' lang='lat' dir='ltr'>miserunt</span> <span class='ocrx_word' id='word_1_411' title='bbox 1952 4913 2058 4966; x_wconf 80' lang='lat' dir='ltr'>mi-</span> 
     </span>
    </p>
   </div>
   <div class='ocr_carea' id='block_1_54' title="bbox 342 4996 2059 5070">
    <p class='ocr_par' dir='ltr' id='par_1_54' title="bbox 342 4996 2059 5070">
     <span class='ocr_line' id='line_1_54' title="bbox 342 4996 2059 5070; baseline -0.002 -14"><span class='ocrx_word' id='word_1_412' title='bbox 342 5006 566 5066; x_wconf 85' lang='lat' dir='ltr'>nistros,</span> <span class='ocrx_word' id='word_1_413' title='bbox 614 5002 675 5054; x_wconf 87' lang='lat' dir='ltr'>ut</span> <span class='ocrx_word' id='word_1_414' title='bbox 722 4996 1193 5070; x_wconf 85' lang='lat' dir='ltr'>apprehenderent</span> <span class='ocrx_word' id='word_1_415' title='bbox 1243 5011 1387 5051; x_wconf 83' lang='lat' dir='ltr'>eum.</span> <span class='ocrx_word' id='word_1_416' title='bbox 1429 4998 1611 5062; x_wconf 90' lang='lat' dir='ltr'>Quem</span> <span class='ocrx_word' id='word_1_417' title='bbox 1662 4996 2059 5068; x_wconf 87' lang='lat' dir='ltr'>apprehende-</span> 
     </span>
    </p>
   </div>
   <div class='ocr_carea' id='block_1_55' title="bbox 342 5084 2058 5157">
    <p class='ocr_par' dir='ltr' id='par_1_55' title="bbox 342 5084 2058 5157">
     <span class='ocr_line' id='line_1_55' title="bbox 342 5084 2058 5157; baseline -0.004 -10"><span class='ocrx_word' id='word_1_418' title='bbox 342 5096 469 5147; x_wconf 91' lang='lat' dir='ltr'>rent</span> <span class='ocrx_word' id='word_1_419' title='bbox 494 5092 520 5143; x_wconf 76' lang='lat'>‘?</span> <span class='ocrx_word' id='word_1_420' title='bbox 550 5089 757 5144; x_wconf 86' lang='lat' dir='ltr'>Adhuc</span> <span class='ocrx_word' id='word_1_421' title='bbox 790 5086 1083 5144; x_wconf 89' lang='lat' dir='ltr'>nolentem</span> <span class='ocrx_word' id='word_1_422' title='bbox 1104 5084 1132 5141; x_wconf 81' lang='lat'><strong>?</strong></span> <span class='ocrx_word' id='word_1_423' title='bbox 1162 5084 1310 5150; x_wconf 87' lang='lat' dir='ltr'>Quia</span> <span class='ocrx_word' id='word_1_424' title='bbox 1340 5100 1474 5157; x_wconf 88' lang='lat' dir='ltr'>ergo</span> <span class='ocrx_word' id='word_1_425' title='bbox 1506 5101 1621 5141; x_wconf 89' lang='lat' dir='ltr'>non</span> <span class='ocrx_word' id='word_1_426' title='bbox 1656 5088 1927 5157; x_wconf 90' lang='lat' dir='ltr'>poterant</span> <span class='ocrx_word' id='word_1_427' title='bbox 1960 5102 2058 5156; x_wconf 85' lang='lat' dir='ltr'>ap-</span> 
     </span>
    </p>
   </div>
   <div class='ocr_carea' id='block_1_56' title="bbox 343 5174 2061 5250">
    <p class='ocr_par' dir='ltr' id='par_1_56' title="bbox 343 5174 2061 5250">
     <span class='ocr_line' id='line_1_56' title="bbox 343 5174 2061 5250; baseline -0.005 -15"><span class='ocrx_word' id='word_1_428' title='bbox 343 5179 697 5250; x_wconf 89' lang='lat' dir='ltr'>prehendere</span> <span class='ocrx_word' id='word_1_429' title='bbox 729 5177 1047 5245; x_wconf 88' lang='lat' dir='ltr'>nolentem,</span> <span class='ocrx_word' id='word_1_430' title='bbox 1088 5174 1250 5231; x_wconf 86' lang='lat' dir='ltr'>missi</span> <span class='ocrx_word' id='word_1_431' title='bbox 1283 5177 1421 5230; x_wconf 85' lang='lat' dir='ltr'>sunt</span> <span class='ocrx_word' id='word_1_432' title='bbox 1460 5177 1526 5229; x_wconf 90' lang='lat' dir='ltr'>ut</span> <span class='ocrx_word' id='word_1_433' title='bbox 1555 5174 1814 5230; x_wconf 88' lang='lat' dir='ltr'>audirent</span> <span class='ocrx_word' id='word_1_434' title='bbox 1845 5175 2061 5228; x_wconf 91' lang='lat' dir='ltr'>docen-</span> 
     </span>
    </p>
   </div>
   <div class='ocr_carea' id='block_1_57' title="bbox 343 5262 2058 5334">
    <p class='ocr_par' dir='ltr' id='par_1_57' title="bbox 343 5262 2058 5334">
     <span class='ocr_line' id='line_1_57' title="bbox 343 5262 2058 5334; baseline -0.002 -13"><span class='ocrx_word' id='word_1_435' title='bbox 343 5272 479 5322; x_wconf 82' lang='lat' dir='ltr'>tem.</span> <span class='ocrx_word' id='word_1_436' title='bbox 512 5268 651 5330; x_wconf 89' lang='lat' dir='ltr'>Quid</span> <span class='ocrx_word' id='word_1_437' title='bbox 707 5266 1057 5324; x_wconf 81' lang='lat' dir='ltr'>docentem?</span> <span class='ocrx_word' id='word_1_438' title='bbox 1088 5265 1236 5321; x_wconf 84' lang='lat' dir='ltr'>Dicit</span> <span class='ocrx_word' id='word_1_439' title='bbox 1281 5280 1408 5334; x_wconf 85' lang='lat' dir='ltr'>ergo</span> <span class='ocrx_word' id='word_1_440' title='bbox 1455 5266 1579 5319; x_wconf 87' lang='lat' dir='ltr'>Jesu</span> <span class='ocrx_word' id='word_1_441' title='bbox 1606 5281 1625 5319; x_wconf 88' lang='lat'><em>:</em></span> <span class='ocrx_word' id='word_1_442' title='bbox 1656 5263 1848 5319; x_wconf 81' lang='lat' dir='ltr'>Adhuc</span> <span class='ocrx_word' id='word_1_443' title='bbox 1884 5262 2058 5317; x_wconf 85' lang='lat' dir='ltr'>modi-</span> 
     </span>
    </p>
   </div>
   <div class='ocr_carea' id='block_1_58' title="bbox 352 5352 2058 5425">
    <p class='ocr_par' dir='ltr' id='par_1_58' title="bbox 352 5352 2058 5425">
     <span class='ocr_line' id='line_1_58' title="bbox 352 5352 2058 5425; baseline -0.001 -16"><span class='ocrx_word' id='word_1_444' title='bbox 352 5372 475 5409; x_wconf 89' lang='lat' dir='ltr'>cum</span> <span class='ocrx_word' id='word_1_445' title='bbox 507 5364 714 5425; x_wconf 83' lang='lat' dir='ltr'>tempus</span> <span class='ocrx_word' id='word_1_446' title='bbox 762 5359 1035 5413; x_wconf 85' lang='lat' dir='ltr'>vobiscum</span> <span class='ocrx_word' id='word_1_447' title='bbox 1064 5373 1209 5413; x_wconf 85' lang='lat' dir='ltr'>sum.</span> <span class='ocrx_word' id='word_1_448' title='bbox 1244 5355 1407 5421; x_wconf 89' lang='lat' dir='ltr'>Quod</span> <span class='ocrx_word' id='word_1_449' title='bbox 1442 5354 1614 5410; x_wconf 90' lang='lat' dir='ltr'>modo</span> <span class='ocrx_word' id='word_1_450' title='bbox 1644 5352 1819 5409; x_wconf 88' lang='lat' dir='ltr'>vultis</span> <span class='ocrx_word' id='word_1_451' title='bbox 1852 5352 2058 5418; x_wconf 88' lang='lat' dir='ltr'>facere,</span> 
     </span>
    </p>
   </div>
   <div class='ocr_carea' id='block_1_59' title="bbox 426 5479 1842 5545">
    <p class='ocr_par' dir='ltr' id='par_1_59' title="bbox 426 5479 1842 5545">
     <span class='ocr_line' id='line_1_59' title="bbox 426 5479 1842 5545; baseline 0.001 -18"><span class='ocrx_word' id='word_1_452' title='bbox 426 5481 439 5513; x_wconf 78' lang='grc'><strong>1</strong></span> <span class='ocrx_word' id='word_1_453' title='bbox 466 5479 602 5528; x_wconf 89' lang='lat' dir='ltr'>Editi</span> <span class='ocrx_word' id='word_1_454' title='bbox 626 5496 636 5525; x_wconf 93' lang='lat'>:</span> <span class='ocrx_word' id='word_1_455' title='bbox 670 5481 783 5530; x_wconf 84' lang='lat' dir='ltr'>ideo</span> <span class='ocrx_word' id='word_1_456' title='bbox 811 5496 917 5533; x_wconf 84' lang='lat' dir='ltr'>non</span> <span class='ocrx_word' id='word_1_457' title='bbox 942 5496 1191 5544; x_wconf 79' lang='lat' dir='ltr'>passurus</span> <span class='ocrx_word' id='word_1_458' title='bbox 1212 5483 1343 5531; x_wconf 82' lang='lat' dir='ltr'>erat.</span> <span class='ocrx_word' id='word_1_459' title='bbox 1372 5482 1438 5532; x_wconf 81' lang='lat' dir='ltr'>At</span> <span class='ocrx_word' id='word_1_460' title='bbox 1467 5482 1614 5545; x_wconf 84' lang='lat' dir='ltr'>Mss.,</span> <span class='ocrx_word' id='word_1_461' title='bbox 1639 5492 1842 5545; x_wconf 76' lang='lat' dir='ltr'>passus.</span> 
     </span>
    </p>
   </div>
   <div class='ocr_carea' id='block_1_60' title="bbox 425 5559 1284 5622">
    <p class='ocr_par' dir='ltr' id='par_1_60' title="bbox 425 5559 1284 5622">
     <span class='ocr_line' id='line_1_60' title="bbox 425 5559 1284 5622; baseline 0.008 -18"><span class='ocrx_word' id='word_1_462' title='bbox 425 5560 497 5622; x_wconf 80' lang='grc' dir='ltr'><strong>(ιι)</strong></span> <span class='ocrx_word' id='word_1_463' title='bbox 524 5559 718 5608; x_wconf 86' lang='lat' dir='ltr'>Confer</span> <span class='ocrx_word' id='word_1_464' title='bbox 749 5560 917 5610; x_wconf 85' lang='lat' dir='ltr'>Tract.</span> <span class='ocrx_word' id='word_1_465' title='bbox 955 5561 1033 5622; x_wconf 73' lang='lat'>37,</span> <span class='ocrx_word' id='word_1_466' title='bbox 1066 5576 1117 5611; x_wconf 90' lang='lat' dir='ltr'>n.</span> <span class='ocrx_word' id='word_1_467' title='bbox 1148 5562 1284 5611; x_wconf 85' lang='grc'>8-10.</span> 
     </span>
    </p>
   </div>
   <div class='ocr_carea' id='block_1_61' title="bbox 1304 207 2934 285">
    <p class='ocr_par' dir='ltr' id='par_1_61' title="bbox 1304 207 2934 285">
     <span class='ocr_line' id='line_1_61' title="bbox 1304 207 2934 285; baseline 0.001 -13"><span class='ocrx_word' id='word_1_468' title='bbox 1304 214 1382 272; x_wconf 91' lang='grc' dir='ltr'>ΙΝ</span> <span class='ocrx_word' id='word_1_469' title='bbox 1428 207 1759 272; x_wconf 85' lang='lat' dir='ltr'>JOANNIS</span> <span class='ocrx_word' id='word_1_470' title='bbox 1802 208 2349 285; x_wconf 84' lang='lat' dir='ltr'>EVANGELIUM,</span> <span class='ocrx_word' id='word_1_471' title='bbox 2399 215 2463 272; x_wconf 90' lang='lat' dir='ltr'>S.</span> <span class='ocrx_word' id='word_1_472' title='bbox 2512 212 2934 277; x_wconf 82' lang='lat' dir='ltr'>AUGUSTINI</span> 
     </span>
    </p>
   </div>
   <div class='ocr_carea' id='block_1_62' title="bbox 3722 212 3877 274">
    <p class='ocr_par' dir='ltr' id='par_1_62' title="bbox 3722 212 3877 274">
     <span class='ocr_line' id='line_1_62' title="bbox 3722 212 3877 274; baseline -0.026 0"><span class='ocrx_word' id='word_1_473' title='bbox 3722 212 3877 274; x_wconf 73' lang='grc'>1640</span> 
     </span>
    </p>
   </div>
   <div class='ocr_carea' id='block_1_63' title="bbox 2165 346 3882 420">
    <p class='ocr_par' dir='ltr' id='par_1_63' title="bbox 2165 346 3882 420">
     <span class='ocr_line' id='line_1_63' title="bbox 2165 346 3882 420; baseline 0.002 -20"><span class='ocrx_word' id='word_1_474' title='bbox 2165 346 2375 402; x_wconf 78' lang='lat' dir='ltr'>factum</span> <span class='ocrx_word' id='word_1_475' title='bbox 2404 348 2567 418; x_wconf 89' lang='lat' dir='ltr'>estis,</span> <span class='ocrx_word' id='word_1_476' title='bbox 2603 350 2702 404; x_wconf 90' lang='lat' dir='ltr'>sed</span> <span class='ocrx_word' id='word_1_477' title='bbox 2734 366 2848 405; x_wconf 91' lang='lat' dir='ltr'>non</span> <span class='ocrx_word' id='word_1_478' title='bbox 2884 350 3053 405; x_wconf 87' lang='lat' dir='ltr'>modo</span> <span class='ocrx_word' id='word_1_479' title='bbox 3080 369 3093 417; x_wconf 84' lang='lat'><strong>;</strong></span> <span class='ocrx_word' id='word_1_480' title='bbox 3120 349 3257 420; x_wconf 89' lang='lat' dir='ltr'>quia</span> <span class='ocrx_word' id='word_1_481' title='bbox 3286 350 3455 405; x_wconf 88' lang='lat' dir='ltr'>modo</span> <span class='ocrx_word' id='word_1_482' title='bbox 3504 350 3655 405; x_wconf 92' lang='lat' dir='ltr'>nolo.</span> <span class='ocrx_word' id='word_1_483' title='bbox 3692 352 3882 415; x_wconf 86' lang='lat' dir='ltr'>Quare</span> 
     </span>
    </p>
   </div>
   <div class='ocr_carea' id='block_1_64' title="bbox 2163 433 3883 510">
    <p class='ocr_par' dir='ltr' id='par_1_64' title="bbox 2163 433 3883 510">
     <span class='ocr_line' id='line_1_64' title="bbox 2163 433 3883 510; baseline 0.002 -22"><span class='ocrx_word' id='word_1_484' title='bbox 2163 433 2356 489; x_wconf 90' lang='lat' dir='ltr'>adhuc</span> <span class='ocrx_word' id='word_1_485' title='bbox 2390 437 2560 491; x_wconf 91' lang='lat' dir='ltr'>modo</span> <span class='ocrx_word' id='word_1_486' title='bbox 2592 436 2722 492; x_wconf 90' lang='lat' dir='ltr'>nolo</span> <span class='ocrx_word' id='word_1_487' title='bbox 2742 437 2769 491; x_wconf 83' lang='lat'><strong>?</strong></span> <span class='ocrx_word' id='word_1_488' title='bbox 2799 438 2940 502; x_wconf 87' lang='lat' dir='ltr'>Quia</span> <span class='ocrx_word' id='word_1_489' title='bbox 2961 436 3138 491; x_wconf 87' lang='lat' dir='ltr'>adhuc</span> <span class='ocrx_word' id='word_1_490' title='bbox 3157 436 3428 492; x_wconf 86' lang='lat' dir='ltr'>modicum</span> <span class='ocrx_word' id='word_1_491' title='bbox 3462 444 3678 510; x_wconf 78' lang='lat' dir='ltr'>tempus</span> <span class='ocrx_word' id='word_1_492' title='bbox 3706 437 3883 492; x_wconf 88' lang='lat' dir='ltr'>vobis-</span> 
     </span>
    </p>
   </div>
   <div class='ocr_carea' id='block_1_65' title="bbox 2162 526 3870 599">
    <p class='ocr_par' dir='ltr' id='par_1_65' title="bbox 2162 526 3870 599">
     <span class='ocr_line' id='line_1_65' title="bbox 2162 526 3870 599; baseline 0.004 -22"><span class='ocrx_word' id='word_1_493' title='bbox 2162 540 2284 578; x_wconf 82' lang='lat' dir='ltr'>cum</span> <span class='ocrx_word' id='word_1_494' title='bbox 2316 541 2473 580; x_wconf 78' lang='lat' dir='ltr'>sum:</span> <span class='ocrx_word' id='word_1_495' title='bbox 2501 534 2551 581; x_wconf 90' lang='lat' dir='ltr'>et</span> <span class='ocrx_word' id='word_1_496' title='bbox 2582 534 2711 582; x_wconf 86' lang='lat' dir='ltr'>tunc</span> <span class='ocrx_word' id='word_1_497' title='bbox 2740 526 2872 582; x_wconf 82' lang='lat' dir='ltr'>vado</span> <span class='ocrx_word' id='word_1_498' title='bbox 2922 527 2991 581; x_wconf 84' lang='lat' dir='ltr'>ad</span> <span class='ocrx_word' id='word_1_499' title='bbox 3021 543 3146 582; x_wconf 88' lang='lat' dir='ltr'>eum</span> <span class='ocrx_word' id='word_1_500' title='bbox 3175 530 3271 599; x_wconf 84' lang='lat' dir='ltr'>qui</span> <span class='ocrx_word' id='word_1_501' title='bbox 3300 543 3383 582; x_wconf 89' lang='lat' dir='ltr'>me</span> <span class='ocrx_word' id='word_1_502' title='bbox 3414 530 3585 583; x_wconf 80' lang='lat' dir='ltr'>misit.</span> <span class='ocrx_word' id='word_1_503' title='bbox 3618 527 3870 599; x_wconf 85' lang='lat' dir='ltr'>Implere</span> 
     </span>
    </p>
   </div>
   <div class='ocr_carea' id='block_1_66' title="bbox 2164 613 3873 688">
    <p class='ocr_par' dir='ltr' id='par_1_66' title="bbox 2164 613 3873 688">
     <span class='ocr_line' id='line_1_66' title="bbox 2164 613 3873 688; baseline 0.002 -21"><span class='ocrx_word' id='word_1_504' title='bbox 2164 613 2344 669; x_wconf 89' lang='lat' dir='ltr'>debeo</span> <span class='ocrx_word' id='word_1_505' title='bbox 2385 614 2876 687; x_wconf 85' lang='lat' dir='ltr'>dispensationem</span> <span class='ocrx_word' id='word_1_506' title='bbox 2944 632 3159 686; x_wconf 88' lang='lat' dir='ltr'>meam,</span> <span class='ocrx_word' id='word_1_507' title='bbox 3206 622 3262 671; x_wconf 91' lang='lat' dir='ltr'>et</span> <span class='ocrx_word' id='word_1_508' title='bbox 3306 616 3390 671; x_wconf 92' lang='lat' dir='ltr'>sic</span> <span class='ocrx_word' id='word_1_509' title='bbox 3456 619 3749 688; x_wconf 86' lang='lat' dir='ltr'>pervenire</span> <span class='ocrx_word' id='word_1_510' title='bbox 3801 617 3873 671; x_wconf 86' lang='lat' dir='ltr'>ad</span> 
     </span>
    </p>
   </div>
   <div class='ocr_carea' id='block_1_67' title="bbox 2167 704 2739 776">
    <p class='ocr_par' dir='ltr' id='par_1_67' title="bbox 2167 704 2739 776">
     <span class='ocr_line' id='line_1_67' title="bbox 2167 704 2739 776; baseline 0.005 -15"><span class='ocrx_word' id='word_1_511' title='bbox 2167 704 2495 776; x_wconf 86' lang='lat' dir='ltr'>passionem</span> <span class='ocrx_word' id='word_1_512' title='bbox 2528 723 2739 765; x_wconf 87' lang='lat' dir='ltr'>meam.</span> 
     </span>
    </p>
   </div>
   <div class='ocr_carea' id='block_1_68' title="bbox 2237 797 3881 875">
    <p class='ocr_par' dir='ltr' id='par_1_68' title="bbox 2237 797 3881 875">
     <span class='ocr_line' id='line_1_68' title="bbox 2237 797 3881 875; baseline 0.001 -25"><span class='ocrx_word' id='word_1_513' title='bbox 2237 799 2288 850; x_wconf 88' lang='lat'>9.</span> <span class='ocrx_word' id='word_1_514' title='bbox 2324 797 2594 865; x_wconf 64' lang='lat' dir='ltr'>Quaeretis</span> <span class='ocrx_word' id='word_1_515' title='bbox 2639 814 2745 863; x_wconf 86' lang='lat' dir='ltr'>me,</span> <span class='ocrx_word' id='word_1_516' title='bbox 2766 805 2819 852; x_wconf 90' lang='lat' dir='ltr'>et</span> <span class='ocrx_word' id='word_1_517' title='bbox 2867 814 2976 853; x_wconf 86' lang='lat' dir='ltr'>non</span> <span class='ocrx_word' id='word_1_518' title='bbox 3026 799 3317 854; x_wconf 79' lang='lat' dir='ltr'>invenietis</span> <span class='ocrx_word' id='word_1_519' title='bbox 3338 815 3359 859; x_wconf 85' lang='grc'><em>;</em></span> <span class='ocrx_word' id='word_1_520' title='bbox 3390 808 3440 855; x_wconf 90' lang='lat' dir='ltr'>et</span> <span class='ocrx_word' id='word_1_521' title='bbox 3470 800 3565 853; x_wconf 84' lang='lat' dir='ltr'>ubi</span> <span class='ocrx_word' id='word_1_522' title='bbox 3596 814 3721 853; x_wconf 85' lang='lat' dir='ltr'>sum</span> <span class='ocrx_word' id='word_1_523' title='bbox 3763 814 3881 875; x_wconf 62' lang='lat' dir='ltr'>ego,</span> 
     </span>
    </p>
   </div>
   <div class='ocr_carea' id='block_1_69' title="bbox 2167 888 3879 959">
    <p class='ocr_par' dir='ltr' id='par_1_69' title="bbox 2167 888 3879 959">
     <span class='ocr_line' id='line_1_69' title="bbox 2167 888 3879 959; baseline 0.002 -21"><span class='ocrx_word' id='word_1_524' title='bbox 2167 900 2256 940; x_wconf 75' lang='lat' dir='ltr'>vos</span> <span class='ocrx_word' id='word_1_525' title='bbox 2284 901 2391 941; x_wconf 87' lang='lat' dir='ltr'>non</span> <span class='ocrx_word' id='word_1_526' title='bbox 2423 889 2645 956; x_wconf 80' lang='lat' dir='ltr'>potestis</span> <span class='ocrx_word' id='word_1_527' title='bbox 2673 889 2878 943; x_wconf 85' lang='lat' dir='ltr'>venire.</span> <span class='ocrx_word' id='word_1_528' title='bbox 2903 888 3004 942; x_wconf 88' lang='lat' dir='ltr'>Hic</span> <span class='ocrx_word' id='word_1_529' title='bbox 3030 889 3152 959; x_wconf 90' lang='lat' dir='ltr'>jam</span> <span class='ocrx_word' id='word_1_530' title='bbox 3186 888 3675 944; x_wconf 90' lang='lat' dir='ltr'>resurrectionem</span> <span class='ocrx_word' id='word_1_531' title='bbox 3710 903 3879 942; x_wconf 90' lang='lat' dir='ltr'>suam</span> 
     </span>
    </p>
   </div>
   <div class='ocr_carea' id='block_1_70' title="bbox 2168 975 3884 1048">
    <p class='ocr_par' dir='ltr' id='par_1_70' title="bbox 2168 975 3884 1048">
     <span class='ocr_line' id='line_1_70' title="bbox 2168 975 3884 1048; baseline 0.001 -20"><span class='ocrx_word' id='word_1_532' title='bbox 2168 975 2433 1045; x_wconf 57' lang='lat' dir='ltr'>praedixit</span> <span class='ocrx_word' id='word_1_533' title='bbox 2468 993 2480 1031; x_wconf 92' lang='lat'><strong>:</strong></span> <span class='ocrx_word' id='word_1_534' title='bbox 2516 976 2829 1032; x_wconf 87' lang='lat' dir='ltr'>noluerunt</span> <span class='ocrx_word' id='word_1_535' title='bbox 2858 976 3014 1032; x_wconf 90' lang='lat' dir='ltr'>enim</span> <span class='ocrx_word' id='word_1_536' title='bbox 3061 992 3372 1048; x_wconf 85' lang='lat' dir='ltr'>agnoscere</span> <span class='ocrx_word' id='word_1_537' title='bbox 3422 981 3792 1047; x_wconf 86' lang='lat' dir='ltr'>praesentem,</span> <span class='ocrx_word' id='word_1_538' title='bbox 3827 978 3884 1031; x_wconf 87' lang='lat' dir='ltr'>et.</span> 
     </span>
    </p>
   </div>
   <div class='ocr_carea' id='block_1_71' title="bbox 2168 1066 3880 1135">
    <p class='ocr_par' dir='ltr' id='par_1_71' title="bbox 2168 1066 3880 1135">
     <span class='ocr_line' id='line_1_71' title="bbox 2168 1066 3880 1135; baseline 0.001 -17"><span class='ocrx_word' id='word_1_539' title='bbox 2168 1068 2366 1134; x_wconf 88' lang='lat' dir='ltr'>postea</span> <span class='ocrx_word' id='word_1_540' title='bbox 2381 1066 2905 1135; x_wconf 70' lang='lat' dir='ltr'>quaesierunt,cum</span> <span class='ocrx_word' id='word_1_541' title='bbox 2931 1067 3190 1124; x_wconf 89' lang='lat' dir='ltr'>viderunt</span> <span class='ocrx_word' id='word_1_542' title='bbox 3214 1066 3269 1121; x_wconf 89' lang='lat' dir='ltr'>in</span> <span class='ocrx_word' id='word_1_543' title='bbox 3286 1083 3418 1123; x_wconf 90' lang='lat' dir='ltr'>eum</span> <span class='ocrx_word' id='word_1_544' title='bbox 3444 1066 3880 1121; x_wconf 89' lang='lat' dir='ltr'>multitudinem</span> 
     </span>
    </p>
   </div>
   <div class='ocr_carea' id='block_1_72' title="bbox 2162 1153 3881 1237">
    <p class='ocr_par' dir='ltr' id='par_1_72' title="bbox 2162 1153 3881 1237">
     <span class='ocr_line' id='line_1_72' title="bbox 2162 1153 3881 1237; baseline 0.002 -31"><span class='ocrx_word' id='word_1_545' title='bbox 2162 1168 2285 1237; x_wconf 71' lang='lat' dir='ltr'>jam</span> <span class='ocrx_word' id='word_1_546' title='bbox 2318 1153 2669 1209; x_wconf 89' lang='lat' dir='ltr'>credentem.</span> <span class='ocrx_word' id='word_1_547' title='bbox 2713 1154 2924 1226; x_wconf 87' lang='lat' dir='ltr'>Magna</span> <span class='ocrx_word' id='word_1_548' title='bbox 2953 1155 3108 1211; x_wconf 90' lang='lat' dir='ltr'>enim</span> <span class='ocrx_word' id='word_1_549' title='bbox 3140 1156 3306 1228; x_wconf 86' lang='lat' dir='ltr'>signa</span> <span class='ocrx_word' id='word_1_550' title='bbox 3337 1156 3487 1211; x_wconf 87' lang='lat' dir='ltr'>facta</span> <span class='ocrx_word' id='word_1_551' title='bbox 3516 1159 3670 1213; x_wconf 87' lang='lat' dir='ltr'>sunt.</span> <span class='ocrx_word' id='word_1_552' title='bbox 3705 1157 3881 1210; x_wconf 88' lang='lat' dir='ltr'>etiam</span> 
     </span>
    </p>
   </div>
   <div class='ocr_carea' id='block_1_73' title="bbox 2171 1244 3883 1314">
    <p class='ocr_par' dir='ltr' id='par_1_73' title="bbox 2171 1244 3883 1314">
     <span class='ocr_line' id='line_1_73' title="bbox 2171 1244 3883 1314; baseline 0.002 -19"><span class='ocrx_word' id='word_1_553' title='bbox 2171 1258 2299 1296; x_wconf 90' lang='lat' dir='ltr'>cum</span> <span class='ocrx_word' id='word_1_554' title='bbox 2337 1244 2614 1299; x_wconf 85' lang='lat' dir='ltr'>Dominus</span> <span class='ocrx_word' id='word_1_555' title='bbox 2647 1245 2984 1314; x_wconf 86' lang='lat' dir='ltr'>resurrexit,</span> <span class='ocrx_word' id='word_1_556' title='bbox 3006 1251 3062 1300; x_wconf 90' lang='lat' dir='ltr'>et</span> <span class='ocrx_word' id='word_1_557' title='bbox 3092 1246 3435 1302; x_wconf 87' lang='lat' dir='ltr'>ascenditin</span> <span class='ocrx_word' id='word_1_558' title='bbox 3465 1244 3695 1301; x_wconf 76' lang='lat' dir='ltr'>ccelum.</span> <span class='ocrx_word' id='word_1_559' title='bbox 3718 1248 3883 1299; x_wconf 86' lang='lat' dir='ltr'>Tunc</span> 
     </span>
    </p>
   </div>
   <div class='ocr_carea' id='block_1_74' title="bbox 2172 1330 3886 1405">
    <p class='ocr_par' dir='ltr' id='par_1_74' title="bbox 2172 1330 3886 1405">
     <span class='ocr_line' id='line_1_74' title="bbox 2172 1330 3886 1405; baseline 0 -19"><span class='ocrx_word' id='word_1_560' title='bbox 2172 1348 2271 1402; x_wconf 91' lang='lat' dir='ltr'>per</span> <span class='ocrx_word' id='word_1_561' title='bbox 2292 1330 2614 1405; x_wconf 85' lang='lat' dir='ltr'>discipulos</span> <span class='ocrx_word' id='word_1_562' title='bbox 2642 1334 2788 1389; x_wconf 87' lang='lat' dir='ltr'>facta</span> <span class='ocrx_word' id='word_1_563' title='bbox 2811 1339 2949 1390; x_wconf 89' lang='lat' dir='ltr'>sunt</span> <span class='ocrx_word' id='word_1_564' title='bbox 2979 1350 3221 1405; x_wconf 83' lang='lat' dir='ltr'>magna;</span> <span class='ocrx_word' id='word_1_565' title='bbox 3243 1334 3343 1389; x_wconf 90' lang='lat' dir='ltr'>sed</span> <span class='ocrx_word' id='word_1_566' title='bbox 3368 1333 3464 1388; x_wconf 87' lang='lat' dir='ltr'>ille</span> <span class='ocrx_word' id='word_1_567' title='bbox 3483 1350 3583 1404; x_wconf 89' lang='lat' dir='ltr'>per</span> <span class='ocrx_word' id='word_1_568' title='bbox 3605 1333 3757 1399; x_wconf 91' lang='lat' dir='ltr'>illos,</span> <span class='ocrx_word' id='word_1_569' title='bbox 3786 1332 3886 1402; x_wconf 86' lang='lat' dir='ltr'>qui</span> 
     </span>
    </p>
   </div>
   <div class='ocr_carea' id='block_1_75' title="bbox 2171 1420 3885 1494">
    <p class='ocr_par' dir='ltr' id='par_1_75' title="bbox 2171 1420 3885 1494">
     <span class='ocr_line' id='line_1_75' title="bbox 2171 1420 3885 1494; baseline -0.001 -18"><span class='ocrx_word' id='word_1_570' title='bbox 2171 1424 2227 1476; x_wconf 89' lang='lat' dir='ltr'>et</span> <span class='ocrx_word' id='word_1_571' title='bbox 2257 1437 2359 1490; x_wconf 90' lang='lat' dir='ltr'>per</span> <span class='ocrx_word' id='word_1_572' title='bbox 2399 1420 2653 1492; x_wconf 89' lang='lat' dir='ltr'>scipsum</span> <span class='ocrx_word' id='word_1_573' title='bbox 2689 1439 2700 1477; x_wconf 94' lang='lat'>:</span> <span class='ocrx_word' id='word_1_574' title='bbox 2736 1423 2860 1493; x_wconf 89' lang='lat' dir='ltr'>ipse</span> <span class='ocrx_word' id='word_1_575' title='bbox 2911 1424 3126 1494; x_wconf 89' lang='lat' dir='ltr'>quippe</span> <span class='ocrx_word' id='word_1_576' title='bbox 3168 1422 3285 1478; x_wconf 87' lang='lat' dir='ltr'>illis</span> <span class='ocrx_word' id='word_1_577' title='bbox 3334 1423 3579 1489; x_wconf 85' lang='lat' dir='ltr'>dixerat,</span> <span class='ocrx_word' id='word_1_578' title='bbox 3611 1423 3750 1478; x_wconf 83' lang='lat' dir='ltr'>Sine</span> <span class='ocrx_word' id='word_1_579' title='bbox 3797 1436 3885 1475; x_wconf 84' lang='lat' dir='ltr'>me</span> 
     </span>
    </p>
   </div>
   <div class='ocr_carea' id='block_1_76' title="bbox 2172 1509 3887 1582">
    <p class='ocr_par' dir='ltr' id='par_1_76' title="bbox 2172 1509 3887 1582">
     <span class='ocr_line' id='line_1_76' title="bbox 2172 1509 3887 1582; baseline 0.001 -19"><span class='ocrx_word' id='word_1_580' title='bbox 2172 1510 2315 1563; x_wconf 86' lang='lat' dir='ltr'>nihil</span> <span class='ocrx_word' id='word_1_581' title='bbox 2358 1513 2579 1579; x_wconf 79' lang='lat' dir='ltr'>potestis</span> <span class='ocrx_word' id='word_1_582' title='bbox 2625 1514 2807 1580; x_wconf 80' lang='lat' dir='ltr'>[acere</span> <span class='ocrx_word' id='word_1_583' title='bbox 2854 1513 3033 1582; x_wconf 84' lang='lat' dir='ltr'>(Joan.</span> <span class='ocrx_word' id='word_1_584' title='bbox 3080 1529 3172 1572; x_wconf 88' lang='lat' dir='ltr'>xv,</span> <span class='ocrx_word' id='word_1_585' title='bbox 3216 1513 3294 1576; x_wconf 89' lang='lat'>5).</span> <span class='ocrx_word' id='word_1_586' title='bbox 3345 1512 3585 1577; x_wconf 87' lang='lat' dir='ltr'>Quando</span> <span class='ocrx_word' id='word_1_587' title='bbox 3635 1509 3887 1566; x_wconf 89' lang='lat' dir='ltr'>claudus</span> 
     </span>
    </p>
   </div>
   <div class='ocr_carea' id='block_1_77' title="bbox 2174 1599 3888 1675">
    <p class='ocr_par' dir='ltr' id='par_1_77' title="bbox 2174 1599 3888 1675">
     <span class='ocr_line' id='line_1_77' title="bbox 2174 1599 3888 1675; baseline 0.001 -22"><span class='ocrx_word' id='word_1_588' title='bbox 2174 1599 2271 1654; x_wconf 93' lang='lat' dir='ltr'>ille</span> <span class='ocrx_word' id='word_1_589' title='bbox 2300 1602 2400 1670; x_wconf 92' lang='lat' dir='ltr'>qui</span> <span class='ocrx_word' id='word_1_590' title='bbox 2433 1602 2672 1656; x_wconf 88' lang='lat' dir='ltr'>sedebat</span> <span class='ocrx_word' id='word_1_591' title='bbox 2697 1604 2767 1657; x_wconf 92' lang='lat' dir='ltr'>ad</span> <span class='ocrx_word' id='word_1_592' title='bbox 2804 1608 3047 1675; x_wconf 86' lang='lat' dir='ltr'>portam,</span> <span class='ocrx_word' id='word_1_593' title='bbox 3083 1604 3154 1657; x_wconf 90' lang='lat' dir='ltr'>ad</span> <span class='ocrx_word' id='word_1_594' title='bbox 3187 1618 3384 1659; x_wconf 85' lang='lat' dir='ltr'>vocem</span> <span class='ocrx_word' id='word_1_595' title='bbox 3418 1602 3574 1657; x_wconf 87' lang='lat' dir='ltr'>Petri</span> <span class='ocrx_word' id='word_1_596' title='bbox 3607 1602 3888 1671; x_wconf 86' lang='lat' dir='ltr'>surrexit,</span> 
     </span>
    </p>
   </div>
   <div class='ocr_carea' id='block_1_78' title="bbox 2173 1689 3885 1760">
    <p class='ocr_par' dir='ltr' id='par_1_78' title="bbox 2173 1689 3885 1760">
     <span class='ocr_line' id='line_1_78' title="bbox 2173 1689 3885 1760; baseline 0.001 -19"><span class='ocrx_word' id='word_1_597' title='bbox 2173 1689 2377 1743; x_wconf 91' lang='lat' dir='ltr'>etsuis</span> <span class='ocrx_word' id='word_1_598' title='bbox 2400 1689 2646 1760; x_wconf 91' lang='lat' dir='ltr'>pedibus</span> <span class='ocrx_word' id='word_1_599' title='bbox 2670 1690 3008 1759; x_wconf 80' lang='lat' dir='ltr'>ambulavit,</span> <span class='ocrx_word' id='word_1_600' title='bbox 3033 1691 3110 1747; x_wconf 88' lang='lat' dir='ltr'>ita</span> <span class='ocrx_word' id='word_1_601' title='bbox 3131 1695 3196 1746; x_wconf 90' lang='lat' dir='ltr'>ut</span> <span class='ocrx_word' id='word_1_602' title='bbox 3213 1690 3481 1746; x_wconf 88' lang='lat' dir='ltr'>homines</span> <span class='ocrx_word' id='word_1_603' title='bbox 3505 1690 3885 1754; x_wconf 87' lang='lat' dir='ltr'>mirarentur,</span> 
     </span>
    </p>
   </div>
   <div class='ocr_carea' id='block_1_79' title="bbox 2173 1776 3889 1851">
    <p class='ocr_par' dir='ltr' id='par_1_79' title="bbox 2173 1776 3889 1851">
     <span class='ocr_line' id='line_1_79' title="bbox 2173 1776 3889 1851; baseline 0.001 -21"><span class='ocrx_word' id='word_1_604' title='bbox 2173 1776 2257 1830; x_wconf 90' lang='lat' dir='ltr'>sic</span> <span class='ocrx_word' id='word_1_605' title='bbox 2279 1793 2377 1832; x_wconf 90' lang='lat' dir='ltr'>eos</span> <span class='ocrx_word' id='word_1_606' title='bbox 2402 1778 2693 1836; x_wconf 87' lang='lat' dir='ltr'>allocutus</span> <span class='ocrx_word' id='word_1_607' title='bbox 2714 1786 2801 1836; x_wconf 88' lang='lat' dir='ltr'>est</span> <span class='ocrx_word' id='word_1_608' title='bbox 2832 1781 3050 1847; x_wconf 84' lang='lat' dir='ltr'>Petrus,</span> <span class='ocrx_word' id='word_1_609' title='bbox 3076 1780 3216 1851; x_wconf 90' lang='lat' dir='ltr'>quia</span> <span class='ocrx_word' id='word_1_610' title='bbox 3248 1796 3359 1836; x_wconf 89' lang='lat' dir='ltr'>non</span> <span class='ocrx_word' id='word_1_611' title='bbox 3384 1780 3441 1833; x_wconf 89' lang='lat' dir='ltr'>in</span> <span class='ocrx_word' id='word_1_612' title='bbox 3476 1796 3578 1835; x_wconf 88' lang='lat' dir='ltr'>sua</span> <span class='ocrx_word' id='word_1_613' title='bbox 3604 1781 3889 1848; x_wconf 81' lang='lat' dir='ltr'>potestate</span> 
     </span>
    </p>
   </div>
   <div class='ocr_carea' id='block_1_80' title="bbox 2170 1866 3891 1941">
    <p class='ocr_par' dir='ltr' id='par_1_80' title="bbox 2170 1866 3891 1941">
     <span class='ocr_line' id='line_1_80' title="bbox 2170 1866 3891 1941; baseline -0.002 -17"><span class='ocrx_word' id='word_1_614' title='bbox 2170 1870 2281 1924; x_wconf 87' lang='lat' dir='ltr'>ista</span> <span class='ocrx_word' id='word_1_615' title='bbox 2313 1866 2467 1935; x_wconf 90' lang='lat' dir='ltr'>fecit,</span> <span class='ocrx_word' id='word_1_616' title='bbox 2499 1871 2595 1924; x_wconf 88' lang='lat' dir='ltr'>sed</span> <span class='ocrx_word' id='word_1_617' title='bbox 2628 1870 2685 1924; x_wconf 92' lang='lat' dir='ltr'>in</span> <span class='ocrx_word' id='word_1_618' title='bbox 2735 1870 2944 1926; x_wconf 90' lang='lat' dir='ltr'>virtute</span> <span class='ocrx_word' id='word_1_619' title='bbox 2974 1870 3134 1925; x_wconf 87' lang='lat' dir='ltr'>illius</span> <span class='ocrx_word' id='word_1_620' title='bbox 3184 1885 3360 1941; x_wconf 87' lang='lat' dir='ltr'>quem</span> <span class='ocrx_word' id='word_1_621' title='bbox 3390 1868 3503 1938; x_wconf 91' lang='lat' dir='ltr'>ipsi</span> <span class='ocrx_word' id='word_1_622' title='bbox 3543 1868 3891 1923; x_wconf 88' lang='lat' dir='ltr'>occiderunt</span> 
     </span>
    </p>
   </div>
   <div class='ocr_carea' id='block_1_81' title="bbox 2171 1950 3892 2031">
    <p class='ocr_par' dir='ltr' id='par_1_81' title="bbox 2171 1950 3892 2031">
     <span class='ocr_line' id='line_1_81' title="bbox 2171 1950 3892 2031; baseline 0.001 -21"><span class='ocrx_word' id='word_1_623' title='bbox 2171 1950 2305 2010; x_wconf 82' lang='lat' dir='ltr'>(Act.</span> <span class='ocrx_word' id='word_1_624' title='bbox 2330 1973 2412 2023; x_wconf 89' lang='lat' dir='ltr'><strong>III,</strong></span> <span class='ocrx_word' id='word_1_625' title='bbox 2435 1960 2490 2025; x_wconf 86' lang='lat'>2,</span> <span class='ocrx_word' id='word_1_626' title='bbox 2519 1959 2625 2027; x_wconf 87' lang='grc'>16).</span> <span class='ocrx_word' id='word_1_627' title='bbox 2651 1958 2816 2013; x_wconf 91' lang='lat' dir='ltr'>Multi</span> <span class='ocrx_word' id='word_1_628' title='bbox 2848 1958 3186 2031; x_wconf 90' lang='lat' dir='ltr'>compuncti</span> <span class='ocrx_word' id='word_1_629' title='bbox 3219 1958 3491 2013; x_wconf 87' lang='lat' dir='ltr'>dixerunt</span> <span class='ocrx_word' id='word_1_630' title='bbox 3516 1973 3529 2010; x_wconf 90' lang='lat'>:</span> <span class='ocrx_word' id='word_1_631' title='bbox 3557 1956 3698 2023; x_wconf 85' lang='lat' dir='ltr'>Quid</span> <span class='ocrx_word' id='word_1_632' title='bbox 3716 1959 3892 2026; x_wconf 80' lang='lat' dir='ltr'>facie-</span> 
     </span>
    </p>
   </div>
   <div class='ocr_carea' id='block_1_82' title="bbox 2166 2046 3893 2119">
    <p class='ocr_par' dir='ltr' id='par_1_82' title="bbox 2166 2046 3893 2119">
     <span class='ocr_line' id='line_1_82' title="bbox 2166 2046 3893 2119; baseline 0 -20"><span class='ocrx_word' id='word_1_633' title='bbox 2166 2061 2289 2100; x_wconf 79' lang='lat' dir='ltr'>mus</span> <span class='ocrx_word' id='word_1_634' title='bbox 2318 2046 2420 2114; x_wconf 86' lang='lat' dir='ltr'>(Id.</span> <span class='ocrx_word' id='word_1_635' title='bbox 2456 2064 2515 2114; x_wconf 86' lang='grc' dir='ltr'><strong>ιι,</strong></span> <span class='ocrx_word' id='word_1_636' title='bbox 2548 2047 2645 2117; x_wconf 87' lang='lat'>37)</span> <span class='ocrx_word' id='word_1_637' title='bbox 2664 2048 2691 2101; x_wconf 73' lang='lat' dir='ltr'>‘t</span> <span class='ocrx_word' id='word_1_638' title='bbox 2720 2047 3005 2103; x_wconf 87' lang='lat' dir='ltr'>Viderunt</span> <span class='ocrx_word' id='word_1_639' title='bbox 3049 2048 3206 2103; x_wconf 91' lang='lat' dir='ltr'>enim</span> <span class='ocrx_word' id='word_1_640' title='bbox 3256 2064 3318 2103; x_wconf 89' lang='lat' dir='ltr'>se</span> <span class='ocrx_word' id='word_1_641' title='bbox 3367 2047 3592 2119; x_wconf 85' lang='lat' dir='ltr'>ingenti</span> <span class='ocrx_word' id='word_1_642' title='bbox 3640 2046 3893 2100; x_wconf 89' lang='lat' dir='ltr'>crimine</span> 
     </span>
    </p>
   </div>
   <div class='ocr_carea' id='block_1_83' title="bbox 2170 2133 3893 2207">
    <p class='ocr_par' dir='ltr' id='par_1_83' title="bbox 2170 2133 3893 2207">
     <span class='ocr_line' id='line_1_83' title="bbox 2170 2133 3893 2207; baseline 0.001 -20"><span class='ocrx_word' id='word_1_643' title='bbox 2170 2133 2474 2204; x_wconf 86' lang='lat' dir='ltr'>impietatis</span> <span class='ocrx_word' id='word_1_644' title='bbox 2522 2137 2810 2203; x_wconf 83' lang='lat' dir='ltr'>astrictos,</span> <span class='ocrx_word' id='word_1_645' title='bbox 2844 2137 3071 2207; x_wconf 86' lang='lat' dir='ltr'>quando</span> <span class='ocrx_word' id='word_1_646' title='bbox 3101 2136 3269 2192; x_wconf 90' lang='lat' dir='ltr'>illum</span> <span class='ocrx_word' id='word_1_647' title='bbox 3314 2135 3675 2202; x_wconf 90' lang='lat' dir='ltr'>occiderunt,</span> <span class='ocrx_word' id='word_1_648' title='bbox 3708 2150 3893 2205; x_wconf 87' lang='lat' dir='ltr'>quem</span> 
     </span>
    </p>
   </div>
   <div class='ocr_carea' id='block_1_84' title="bbox 2170 2224 3893 2297">
    <p class='ocr_par' dir='ltr' id='par_1_84' title="bbox 2170 2224 3893 2297">
     <span class='ocr_line' id='line_1_84' title="bbox 2170 2224 3893 2297; baseline 0 -18"><span class='ocrx_word' id='word_1_649' title='bbox 2170 2224 2427 2279; x_wconf 88' lang='lat' dir='ltr'>venerari</span> <span class='ocrx_word' id='word_1_650' title='bbox 2460 2232 2513 2280; x_wconf 89' lang='lat' dir='ltr'>et</span> <span class='ocrx_word' id='word_1_651' title='bbox 2544 2227 2781 2282; x_wconf 88' lang='lat' dir='ltr'>adorare</span> <span class='ocrx_word' id='word_1_652' title='bbox 2813 2226 3176 2282; x_wconf 89' lang='lat' dir='ltr'>debuerunt:</span> <span class='ocrx_word' id='word_1_653' title='bbox 3209 2231 3264 2281; x_wconf 89' lang='lat' dir='ltr'>et</span> <span class='ocrx_word' id='word_1_654' title='bbox 3304 2226 3407 2281; x_wconf 90' lang='lat' dir='ltr'>hoc</span> <span class='ocrx_word' id='word_1_655' title='bbox 3441 2226 3726 2297; x_wconf 84' lang='lat' dir='ltr'>putabant</span> <span class='ocrx_word' id='word_1_656' title='bbox 3757 2240 3893 2280; x_wconf 88' lang='lat' dir='ltr'>esse</span> 
     </span>
    </p>
   </div>
   <div class='ocr_carea' id='block_1_85' title="bbox 2171 2314 3895 2387">
    <p class='ocr_par' dir='ltr' id='par_1_85' title="bbox 2171 2314 3895 2387">
     <span class='ocr_line' id='line_1_85' title="bbox 2171 2314 3895 2387; baseline 0.001 -19"><span class='ocrx_word' id='word_1_657' title='bbox 2171 2314 2542 2387; x_wconf 89' lang='lat' dir='ltr'>inexpiabile.</span> <span class='ocrx_word' id='word_1_658' title='bbox 2568 2316 2846 2387; x_wconf 87' lang='lat' dir='ltr'>Magnum</span> <span class='ocrx_word' id='word_1_659' title='bbox 2878 2318 3034 2374; x_wconf 92' lang='lat' dir='ltr'>enim</span> <span class='ocrx_word' id='word_1_660' title='bbox 3059 2316 3283 2372; x_wconf 86' lang='lat' dir='ltr'>facinus</span> <span class='ocrx_word' id='word_1_661' title='bbox 3316 2320 3459 2378; x_wconf 86' lang='lat' dir='ltr'>erat,</span> <span class='ocrx_word' id='word_1_662' title='bbox 3487 2316 3655 2386; x_wconf 84' lang='lat' dir='ltr'>cujus</span> <span class='ocrx_word' id='word_1_663' title='bbox 3698 2314 3895 2370; x_wconf 83' lang='lat' dir='ltr'>consi-</span> 
     </span>
    </p>
   </div>
   <div class='ocr_carea' id='block_1_86' title="bbox 2172 2406 3892 2479">
    <p class='ocr_par' dir='ltr' id='par_1_86' title="bbox 2172 2406 3892 2479">
     <span class='ocr_line' id='line_1_86' title="bbox 2172 2406 3892 2479; baseline -0.001 -17"><span class='ocrx_word' id='word_1_664' title='bbox 2172 2407 2393 2463; x_wconf 89' lang='lat' dir='ltr'>deratio</span> <span class='ocrx_word' id='word_1_665' title='bbox 2424 2407 2556 2463; x_wconf 91' lang='lat' dir='ltr'>illos</span> <span class='ocrx_word' id='word_1_666' title='bbox 2579 2408 2791 2465; x_wconf 88' lang='lat' dir='ltr'>faceret</span> <span class='ocrx_word' id='word_1_667' title='bbox 2820 2408 3164 2479; x_wconf 88' lang='lat' dir='ltr'>desperare:</span> <span class='ocrx_word' id='word_1_668' title='bbox 3192 2408 3292 2463; x_wconf 90' lang='lat' dir='ltr'>sed</span> <span class='ocrx_word' id='word_1_669' title='bbox 3327 2424 3442 2463; x_wconf 90' lang='lat' dir='ltr'>non</span> <span class='ocrx_word' id='word_1_670' title='bbox 3465 2406 3755 2461; x_wconf 85' lang='lat' dir='ltr'>debebant</span> <span class='ocrx_word' id='word_1_671' title='bbox 3790 2406 3892 2460; x_wconf 90' lang='lat' dir='ltr'>de-</span> 
     </span>
    </p>
   </div>
   <div class='ocr_carea' id='block_1_87' title="bbox 2171 2496 3897 2569">
    <p class='ocr_par' dir='ltr' id='par_1_87' title="bbox 2171 2496 3897 2569">
     <span class='ocr_line' id='line_1_87' title="bbox 2171 2496 3897 2569; baseline -0.001 -17"><span class='ocrx_word' id='word_1_672' title='bbox 2171 2514 2423 2568; x_wconf 88' lang='lat' dir='ltr'>sperare,</span> <span class='ocrx_word' id='word_1_673' title='bbox 2459 2514 2561 2569; x_wconf 93' lang='lat' dir='ltr'>pro</span> <span class='ocrx_word' id='word_1_674' title='bbox 2612 2498 2826 2569; x_wconf 90' lang='lat' dir='ltr'>quibus</span> <span class='ocrx_word' id='word_1_675' title='bbox 2858 2498 2917 2553; x_wconf 90' lang='lat' dir='ltr'>in</span> <span class='ocrx_word' id='word_1_676' title='bbox 2966 2515 3135 2554; x_wconf 89' lang='lat' dir='ltr'>cruce</span> <span class='ocrx_word' id='word_1_677' title='bbox 3176 2498 3437 2569; x_wconf 90' lang='lat' dir='ltr'>pendens</span> <span class='ocrx_word' id='word_1_678' title='bbox 3489 2496 3763 2551; x_wconf 89' lang='lat' dir='ltr'>Dominus</span> <span class='ocrx_word' id='word_1_679' title='bbox 3796 2501 3897 2551; x_wconf 87' lang='lat' dir='ltr'>est</span> 
     </span>
    </p>
   </div>
   <div class='ocr_carea' id='block_1_88' title="bbox 2173 2584 3891 2659">
    <p class='ocr_par' dir='ltr' id='par_1_88' title="bbox 2173 2584 3891 2659">
     <span class='ocr_line' id='line_1_88' title="bbox 2173 2584 3891 2659; baseline -0.003 -19"><span class='ocrx_word' id='word_1_680' title='bbox 2173 2587 2447 2659; x_wconf 87' lang='lat' dir='ltr'>dignatus</span> <span class='ocrx_word' id='word_1_681' title='bbox 2495 2603 2680 2643; x_wconf 90' lang='lat' dir='ltr'>orare.</span> <span class='ocrx_word' id='word_1_682' title='bbox 2730 2587 2961 2643; x_wconf 85' lang='lat' dir='ltr'>Dixerat</span> <span class='ocrx_word' id='word_1_683' title='bbox 3004 2587 3159 2644; x_wconf 90' lang='lat' dir='ltr'>enim</span> <span class='ocrx_word' id='word_1_684' title='bbox 3195 2604 3208 2641; x_wconf 88' lang='lat'><strong>:</strong></span> <span class='ocrx_word' id='word_1_685' title='bbox 3245 2589 3427 2657; x_wconf 86' lang='lat' dir='ltr'>Pater,</span> <span class='ocrx_word' id='word_1_686' title='bbox 3471 2585 3696 2658; x_wconf 81' lang='lat' dir='ltr'>ignosce</span> <span class='ocrx_word' id='word_1_687' title='bbox 3745 2584 3891 2651; x_wconf 74' lang='lat' dir='ltr'>illis,</span> 
     </span>
    </p>
   </div>
   <div class='ocr_carea' id='block_1_89' title="bbox 2172 2675 3897 2749">
    <p class='ocr_par' dir='ltr' id='par_1_89' title="bbox 2172 2675 3897 2749">
     <span class='ocr_line' id='line_1_89' title="bbox 2172 2675 3897 2749; baseline -0.001 -18"><span class='ocrx_word' id='word_1_688' title='bbox 2172 2679 2299 2747; x_wconf 86' lang='lat' dir='ltr'>quia</span> <span class='ocrx_word' id='word_1_689' title='bbox 2349 2677 2599 2733; x_wconf 85' lang='lat' dir='ltr'>nesciunt</span> <span class='ocrx_word' id='word_1_690' title='bbox 2642 2678 2775 2749; x_wconf 87' lang='lat' dir='ltr'>quid</span> <span class='ocrx_word' id='word_1_691' title='bbox 2819 2681 3039 2749; x_wconf 85' lang='lat' dir='ltr'>faciunt</span> <span class='ocrx_word' id='word_1_692' title='bbox 3083 2678 3234 2749; x_wconf 87' lang='lat' dir='ltr'>(Luc.</span> <span class='ocrx_word' id='word_1_693' title='bbox 3288 2693 3447 2744; x_wconf 86' lang='lat' dir='ltr'><strong>xxIII,</strong></span> <span class='ocrx_word' id='word_1_694' title='bbox 3480 2676 3591 2748; x_wconf 78' lang='grc'>34).</span> <span class='ocrx_word' id='word_1_695' title='bbox 3641 2675 3897 2730; x_wconf 87' lang='lat' dir='ltr'>Videbat</span> 
     </span>
    </p>
   </div>
   <div class='ocr_carea' id='block_1_90' title="bbox 2172 2764 3893 2837">
    <p class='ocr_par' dir='ltr' id='par_1_90' title="bbox 2172 2764 3893 2837">
     <span class='ocr_line' id='line_1_90' title="bbox 2172 2764 3893 2837; baseline -0.001 -16"><span class='ocrx_word' id='word_1_696' title='bbox 2172 2767 2454 2837; x_wconf 87' lang='lat' dir='ltr'>quosdam</span> <span class='ocrx_word' id='word_1_697' title='bbox 2485 2783 2623 2823; x_wconf 90' lang='lat' dir='ltr'>suos</span> <span class='ocrx_word' id='word_1_698' title='bbox 2643 2766 2794 2823; x_wconf 89' lang='lat' dir='ltr'>inter</span> <span class='ocrx_word' id='word_1_699' title='bbox 2826 2767 3041 2822; x_wconf 89' lang='lat' dir='ltr'>multos</span> <span class='ocrx_word' id='word_1_700' title='bbox 3063 2766 3321 2833; x_wconf 80' lang='lat' dir='ltr'>alienos;</span> <span class='ocrx_word' id='word_1_701' title='bbox 3356 2764 3472 2820; x_wconf 90' lang='lat' dir='ltr'>illis</span> <span class='ocrx_word' id='word_1_702' title='bbox 3495 2766 3617 2836; x_wconf 86' lang='lat' dir='ltr'>jam</span> <span class='ocrx_word' id='word_1_703' title='bbox 3648 2764 3893 2836; x_wconf 87' lang='lat' dir='ltr'>petebat</span> 
     </span>
    </p>
   </div>
   <div class='ocr_carea' id='block_1_91' title="bbox 2170 2855 3894 2929">
    <p class='ocr_par' dir='ltr' id='par_1_91' title="bbox 2170 2855 3894 2929">
     <span class='ocr_line' id='line_1_91' title="bbox 2170 2855 3894 2929; baseline -0.002 -15"><span class='ocrx_word' id='word_1_704' title='bbox 2170 2858 2419 2927; x_wconf 79' lang='lat' dir='ltr'>veniam,</span> <span class='ocrx_word' id='word_1_705' title='bbox 2434 2876 2467 2913; x_wconf 90' lang='lat' dir='ltr'>a</span> <span class='ocrx_word' id='word_1_706' title='bbox 2486 2858 2698 2929; x_wconf 87' lang='lat' dir='ltr'>quibus</span> <span class='ocrx_word' id='word_1_707' title='bbox 2720 2858 2911 2914; x_wconf 88' lang='lat' dir='ltr'>adhuc</span> <span class='ocrx_word' id='word_1_708' title='bbox 2932 2857 3251 2929; x_wconf 84' lang='lat' dir='ltr'>accipiebat</span> <span class='ocrx_word' id='word_1_709' title='bbox 3270 2856 3565 2927; x_wconf 88' lang='lat' dir='ltr'>injuriam.</span> <span class='ocrx_word' id='word_1_710' title='bbox 3586 2855 3706 2911; x_wconf 90' lang='lat' dir='ltr'>Non</span> <span class='ocrx_word' id='word_1_711' title='bbox 3725 2856 3894 2911; x_wconf 88' lang='lat' dir='ltr'>enim</span> 
     </span>
    </p>
   </div>
   <div class='ocr_carea' id='block_1_92' title="bbox 2172 2944 3896 3019">
    <p class='ocr_par' dir='ltr' id='par_1_92' title="bbox 2172 2944 3896 3019">
     <span class='ocr_line' id='line_1_92' title="bbox 2172 2944 3896 3019; baseline -0.002 -16"><span class='ocrx_word' id='word_1_712' title='bbox 2172 2947 2506 3004; x_wconf 87' lang='lat' dir='ltr'>attendebat</span> <span class='ocrx_word' id='word_1_713' title='bbox 2526 2949 2676 3019; x_wconf 89' lang='lat' dir='ltr'>quod</span> <span class='ocrx_word' id='word_1_714' title='bbox 2702 2949 2772 3003; x_wconf 89' lang='lat' dir='ltr'>ab</span> <span class='ocrx_word' id='word_1_715' title='bbox 2787 2947 2931 3018; x_wconf 90' lang='lat' dir='ltr'>ipsis</span> <span class='ocrx_word' id='word_1_716' title='bbox 2946 2947 3325 3016; x_wconf 89' lang='lat' dir='ltr'>moriebatur,</span> <span class='ocrx_word' id='word_1_717' title='bbox 3342 2947 3439 3002; x_wconf 90' lang='lat' dir='ltr'>sed</span> <span class='ocrx_word' id='word_1_718' title='bbox 3466 2946 3603 3017; x_wconf 89' lang='lat' dir='ltr'>quia</span> <span class='ocrx_word' id='word_1_719' title='bbox 3619 2961 3716 3016; x_wconf 92' lang='lat' dir='ltr'>pro</span> <span class='ocrx_word' id='word_1_720' title='bbox 3738 2944 3896 3014; x_wconf 87' lang='lat' dir='ltr'>ipsis</span> 
     </span>
    </p>
   </div>
   <div class='ocr_carea' id='block_1_93' title="bbox 2172 3035 3892 3109">
    <p class='ocr_par' dir='ltr' id='par_1_93' title="bbox 2172 3035 3892 3109">
     <span class='ocr_line' id='line_1_93' title="bbox 2172 3035 3892 3109; baseline -0.002 -16"><span class='ocrx_word' id='word_1_721' title='bbox 2172 3037 2802 3093; x_wconf 87' lang='lat' dir='ltr'>moriebatur.Multum</span> <span class='ocrx_word' id='word_1_722' title='bbox 2826 3038 3080 3109; x_wconf 90' lang='lat' dir='ltr'>estquod</span> <span class='ocrx_word' id='word_1_723' title='bbox 3107 3035 3222 3092; x_wconf 89' lang='lat' dir='ltr'>illis</span> <span class='ocrx_word' id='word_1_724' title='bbox 3237 3051 3583 3092; x_wconf 88' lang='lat' dir='ltr'>concessum</span> <span class='ocrx_word' id='word_1_725' title='bbox 3607 3039 3717 3099; x_wconf 89' lang='lat' dir='ltr'>est,</span> <span class='ocrx_word' id='word_1_726' title='bbox 3735 3036 3892 3090; x_wconf 79' lang='lat' dir='ltr'>etab</span> 
     </span>
    </p>
   </div>
   <div class='ocr_carea' id='block_1_94' title="bbox 2168 3124 3896 3199">
    <p class='ocr_par' dir='ltr' id='par_1_94' title="bbox 2168 3124 3896 3199">
     <span class='ocr_line' id='line_1_94' title="bbox 2168 3124 3896 3199; baseline -0.003 -16"><span class='ocrx_word' id='word_1_727' title='bbox 2168 3127 2333 3199; x_wconf 86' lang='lat' dir='ltr'>ipsis,</span> <span class='ocrx_word' id='word_1_728' title='bbox 2351 3134 2404 3182; x_wconf 91' lang='lat' dir='ltr'>et</span> <span class='ocrx_word' id='word_1_729' title='bbox 2426 3144 2528 3199; x_wconf 89' lang='lat' dir='ltr'>pro</span> <span class='ocrx_word' id='word_1_730' title='bbox 2543 3127 2713 3197; x_wconf 87' lang='lat' dir='ltr'>ipsis;</span> <span class='ocrx_word' id='word_1_731' title='bbox 2740 3131 2803 3182; x_wconf 92' lang='lat' dir='ltr'>ut</span> <span class='ocrx_word' id='word_1_732' title='bbox 2817 3142 2987 3182; x_wconf 89' lang='lat' dir='ltr'>nemo</span> <span class='ocrx_word' id='word_1_733' title='bbox 3010 3126 3080 3183; x_wconf 93' lang='lat' dir='ltr'>de</span> <span class='ocrx_word' id='word_1_734' title='bbox 3095 3125 3185 3182; x_wconf 90' lang='lat' dir='ltr'>sui</span> <span class='ocrx_word' id='word_1_735' title='bbox 3202 3124 3418 3197; x_wconf 87' lang='lat' dir='ltr'>peccati</span> <span class='ocrx_word' id='word_1_736' title='bbox 3433 3124 3770 3180; x_wconf 90' lang='lat' dir='ltr'>dimissione</span> <span class='ocrx_word' id='word_1_737' title='bbox 3795 3124 3896 3179; x_wconf 89' lang='lat' dir='ltr'>de-</span> 
     </span>
    </p>
   </div>
   <div class='ocr_carea' id='block_1_95' title="bbox 2170 3212 3897 3288">
    <p class='ocr_par' dir='ltr' id='par_1_95' title="bbox 2170 3212 3897 3288">
     <span class='ocr_line' id='line_1_95' title="bbox 2170 3212 3897 3288; baseline -0.002 -16"><span class='ocrx_word' id='word_1_738' title='bbox 2170 3220 2378 3285; x_wconf 86' lang='lat' dir='ltr'>speret,</span> <span class='ocrx_word' id='word_1_739' title='bbox 2396 3216 2630 3288; x_wconf 89' lang='lat' dir='ltr'>quando</span> <span class='ocrx_word' id='word_1_740' title='bbox 2647 3214 2731 3270; x_wconf 88' lang='lat' dir='ltr'>illi</span> <span class='ocrx_word' id='word_1_741' title='bbox 2745 3215 2974 3271; x_wconf 88' lang='lat' dir='ltr'>veniam</span> <span class='ocrx_word' id='word_1_742' title='bbox 2992 3220 3353 3274; x_wconf 87' lang='lat' dir='ltr'>meruerunt,</span> <span class='ocrx_word' id='word_1_743' title='bbox 3370 3213 3465 3284; x_wconf 89' lang='lat' dir='ltr'>qui</span> <span class='ocrx_word' id='word_1_744' title='bbox 3479 3212 3776 3267; x_wconf 85' lang='lat' dir='ltr'>Christum</span> <span class='ocrx_word' id='word_1_745' title='bbox 3794 3228 3897 3268; x_wconf 88' lang='lat' dir='ltr'>oc-</span> 
     </span>
    </p>
   </div>
   <div class='ocr_carea' id='block_1_96' title="bbox 2168 3301 3895 3375">
    <p class='ocr_par' dir='ltr' id='par_1_96' title="bbox 2168 3301 3895 3375">
     <span class='ocr_line' id='line_1_96' title="bbox 2168 3301 3895 3375; baseline -0.002 -15"><span class='ocrx_word' id='word_1_746' title='bbox 2168 3304 2459 3360; x_wconf 88' lang='lat' dir='ltr'>ciderunt.</span> <span class='ocrx_word' id='word_1_747' title='bbox 2481 3305 2742 3360; x_wconf 90' lang='lat' dir='ltr'>Mortuus</span> <span class='ocrx_word' id='word_1_748' title='bbox 2755 3308 2842 3360; x_wconf 89' lang='lat' dir='ltr'>est</span> <span class='ocrx_word' id='word_1_749' title='bbox 2858 3304 3123 3359; x_wconf 88' lang='lat' dir='ltr'>Christus</span> <span class='ocrx_word' id='word_1_750' title='bbox 3138 3320 3240 3375; x_wconf 92' lang='lat' dir='ltr'>pro</span> <span class='ocrx_word' id='word_1_751' title='bbox 3258 3302 3456 3371; x_wconf 91' lang='lat' dir='ltr'>nobis;</span> <span class='ocrx_word' id='word_1_752' title='bbox 3474 3302 3577 3358; x_wconf 89' lang='lat' dir='ltr'>sed</span> <span class='ocrx_word' id='word_1_753' title='bbox 3598 3301 3895 3371; x_wconf 87' lang='lat' dir='ltr'>numquid</span> 
     </span>
    </p>
   </div>
   <div class='ocr_carea' id='block_1_97' title="bbox 2168 3391 3897 3451">
    <p class='ocr_par' dir='ltr' id='par_1_97' title="bbox 2168 3391 3897 3451">
     <span class='ocr_line' id='line_1_97' title="bbox 2168 3391 3897 3451; baseline -0.001 0"><span class='ocrx_word' id='word_1_754' title='bbox 2168 3412 2203 3451; x_wconf 86' lang='lat' dir='ltr'>a</span> <span class='ocrx_word' id='word_1_755' title='bbox 2225 3395 2431 3451; x_wconf 86' lang='lat' dir='ltr'>nobis?</span> <span class='ocrx_word' id='word_1_756' title='bbox 2452 3398 2526 3450; x_wconf 83' lang='lat' dir='ltr'>At</span> <span class='ocrx_word' id='word_1_757' title='bbox 2545 3412 2676 3451; x_wconf 90' lang='lat' dir='ltr'>vero</span> <span class='ocrx_word' id='word_1_758' title='bbox 2700 3393 2783 3449; x_wconf 89' lang='lat' dir='ltr'>illi</span> <span class='ocrx_word' id='word_1_759' title='bbox 2804 3393 3072 3450; x_wconf 89' lang='lat' dir='ltr'>viderunt</span> <span class='ocrx_word' id='word_1_760' title='bbox 3088 3394 3384 3449; x_wconf 90' lang='lat' dir='ltr'>Christum</span> <span class='ocrx_word' id='word_1_761' title='bbox 3406 3409 3512 3449; x_wconf 88' lang='lat' dir='ltr'>suo</span> <span class='ocrx_word' id='word_1_762' title='bbox 3535 3391 3750 3448; x_wconf 88' lang='lat' dir='ltr'>scelere</span> <span class='ocrx_word' id='word_1_763' title='bbox 3764 3406 3897 3449; x_wconf 86' lang='lat' dir='ltr'>mo—</span> 
     </span>
    </p>
   </div>
   <div class='ocr_carea' id='block_1_98' title="bbox 2170 3479 3887 3553">
    <p class='ocr_par' dir='ltr' id='par_1_98' title="bbox 2170 3479 3887 3553">
     <span class='ocr_line' id='line_1_98' title="bbox 2170 3479 3887 3553; baseline -0.001 -14"><span class='ocrx_word' id='word_1_764' title='bbox 2170 3483 2415 3539; x_wconf 88' lang='lat' dir='ltr'>rientem</span> <span class='ocrx_word' id='word_1_765' title='bbox 2441 3502 2456 3553; x_wconf 93' lang='lat'><strong>;</strong></span> <span class='ocrx_word' id='word_1_766' title='bbox 2490 3491 2543 3540; x_wconf 91' lang='lat' dir='ltr'>et</span> <span class='ocrx_word' id='word_1_767' title='bbox 2573 3484 2947 3540; x_wconf 89' lang='lat' dir='ltr'>crediderunt</span> <span class='ocrx_word' id='word_1_768' title='bbox 2976 3483 3035 3539; x_wconf 91' lang='lat' dir='ltr'>in</span> <span class='ocrx_word' id='word_1_769' title='bbox 3064 3483 3360 3538; x_wconf 88' lang='lat' dir='ltr'>Christum</span> <span class='ocrx_word' id='word_1_770' title='bbox 3392 3482 3512 3538; x_wconf 89' lang='lat' dir='ltr'>suis</span> <span class='ocrx_word' id='word_1_771' title='bbox 3557 3479 3887 3538; x_wconf 85' lang='lat' dir='ltr'>sceleribus</span> 
     </span>
    </p>
   </div>
   <div class='ocr_carea' id='block_1_99' title="bbox 2167 3571 3887 3645">
    <p class='ocr_par' dir='ltr' id='par_1_99' title="bbox 2167 3571 3887 3645">
     <span class='ocr_line' id='line_1_99' title="bbox 2167 3571 3887 3645; baseline -0.001 -18"><span class='ocrx_word' id='word_1_772' title='bbox 2167 3573 2586 3645; x_wconf 89' lang='lat' dir='ltr'>ignoscentem.</span> <span class='ocrx_word' id='word_1_773' title='bbox 2640 3577 2946 3645; x_wconf 88' lang='lat' dir='ltr'>Quousque</span> <span class='ocrx_word' id='word_1_774' title='bbox 2994 3573 3259 3628; x_wconf 89' lang='lat' dir='ltr'>biberent</span> <span class='ocrx_word' id='word_1_775' title='bbox 3302 3571 3645 3643; x_wconf 87' lang='lat' dir='ltr'>sanguinem</span> <span class='ocrx_word' id='word_1_776' title='bbox 3694 3587 3887 3641; x_wconf 84' lang='lat' dir='ltr'>quem</span> 
     </span>
    </p>
   </div>
   <div class='ocr_carea' id='block_1_100' title="bbox 2170 3660 3889 3733">
    <p class='ocr_par' dir='ltr' id='par_1_100' title="bbox 2170 3660 3889 3733">
     <span class='ocr_line' id='line_1_100' title="bbox 2170 3660 3889 3733; baseline -0.002 -15"><span class='ocrx_word' id='word_1_777' title='bbox 2170 3664 2461 3733; x_wconf 89' lang='lat' dir='ltr'>fuderant,</span> <span class='ocrx_word' id='word_1_778' title='bbox 2484 3665 2553 3719; x_wconf 90' lang='lat' dir='ltr'>de</span> <span class='ocrx_word' id='word_1_779' title='bbox 2572 3681 2679 3720; x_wconf 89' lang='lat' dir='ltr'>sua</span> <span class='ocrx_word' id='word_1_780' title='bbox 2700 3662 2889 3720; x_wconf 88' lang='lat' dir='ltr'>salute</span> <span class='ocrx_word' id='word_1_781' title='bbox 2911 3664 3379 3732; x_wconf 88' lang='lat' dir='ltr'>desperaverunt.</span> <span class='ocrx_word' id='word_1_782' title='bbox 3406 3662 3552 3733; x_wconf 87' lang='lat' dir='ltr'>Ergo</span> <span class='ocrx_word' id='word_1_783' title='bbox 3572 3660 3677 3715; x_wconf 90' lang='lat' dir='ltr'>hoc</span> <span class='ocrx_word' id='word_1_784' title='bbox 3700 3660 3889 3726; x_wconf 84' lang='lat' dir='ltr'>dixit,</span> 
     </span>
    </p>
   </div>
   <div class='ocr_carea' id='block_1_101' title="bbox 2170 3754 3894 3825">
    <p class='ocr_par' dir='ltr' id='par_1_101' title="bbox 2170 3754 3894 3825">
     <span class='ocr_line' id='line_1_101' title="bbox 2170 3754 3894 3825; baseline -0.002 -14"><span class='ocrx_word' id='word_1_785' title='bbox 2170 3756 2436 3823; x_wconf 68' lang='lat' dir='ltr'>Quaeretis</span> <span class='ocrx_word' id='word_1_786' title='bbox 2455 3771 2564 3825; x_wconf 85' lang='lat' dir='ltr'>me,</span> <span class='ocrx_word' id='word_1_787' title='bbox 2586 3763 2641 3810; x_wconf 88' lang='lat' dir='ltr'>et</span> <span class='ocrx_word' id='word_1_788' title='bbox 2668 3771 2776 3811; x_wconf 85' lang='lat' dir='ltr'>non</span> <span class='ocrx_word' id='word_1_789' title='bbox 2799 3754 3092 3810; x_wconf 84' lang='lat' dir='ltr'>invenietis</span> <span class='ocrx_word' id='word_1_790' title='bbox 3110 3770 3131 3814; x_wconf 86' lang='grc'><strong>,·</strong></span> <span class='ocrx_word' id='word_1_791' title='bbox 3161 3760 3213 3809; x_wconf 87' lang='lat' dir='ltr'>et</span> <span class='ocrx_word' id='word_1_792' title='bbox 3246 3754 3343 3808; x_wconf 83' lang='lat' dir='ltr'>ubi</span> <span class='ocrx_word' id='word_1_793' title='bbox 3361 3768 3481 3808; x_wconf 87' lang='lat' dir='ltr'>sum</span> <span class='ocrx_word' id='word_1_794' title='bbox 3510 3767 3632 3821; x_wconf 83' lang='lat' dir='ltr'>ego,</span> <span class='ocrx_word' id='word_1_795' title='bbox 3655 3766 3743 3807; x_wconf 86' lang='lat' dir='ltr'>vos</span> <span class='ocrx_word' id='word_1_796' title='bbox 3765 3768 3894 3807; x_wconf 78' lang='lat' dir='ltr'>non</span> 
     </span>
    </p>
   </div>
   <div class='ocr_carea' id='block_1_102' title="bbox 2166 3842 3896 3917">
    <p class='ocr_par' dir='ltr' id='par_1_102' title="bbox 2166 3842 3896 3917">
     <span class='ocr_line' id='line_1_102' title="bbox 2166 3842 3896 3917; baseline -0.002 -16"><span class='ocrx_word' id='word_1_797' title='bbox 2166 3846 2390 3917; x_wconf 83' lang='lat' dir='ltr'>potestis</span> <span class='ocrx_word' id='word_1_798' title='bbox 2410 3847 2597 3902; x_wconf 87' lang='lat' dir='ltr'>venire</span> <span class='ocrx_word' id='word_1_799' title='bbox 2618 3862 2635 3898; x_wconf 86' lang='lat'><em>:</em></span> <span class='ocrx_word' id='word_1_800' title='bbox 2655 3843 2793 3915; x_wconf 90' lang='lat' dir='ltr'>quia</span> <span class='ocrx_word' id='word_1_801' title='bbox 2824 3843 3128 3915; x_wconf 68' lang='lat' dir='ltr'>quaasituri</span> <span class='ocrx_word' id='word_1_802' title='bbox 3150 3842 3316 3898; x_wconf 90' lang='lat' dir='ltr'>illum</span> <span class='ocrx_word' id='word_1_803' title='bbox 3347 3846 3511 3898; x_wconf 89' lang='lat' dir='ltr'>erant</span> <span class='ocrx_word' id='word_1_804' title='bbox 3536 3847 3666 3912; x_wconf 90' lang='lat' dir='ltr'>post</span> <span class='ocrx_word' id='word_1_805' title='bbox 3694 3857 3896 3898; x_wconf 86' lang='lat' dir='ltr'>resur-</span> 
     </span>
    </p>
   </div>
   <div class='ocr_carea' id='block_1_103' title="bbox 2168 3933 3899 4006">
    <p class='ocr_par' dir='ltr' id='par_1_103' title="bbox 2168 3933 3899 4006">
     <span class='ocr_line' id='line_1_103' title="bbox 2168 3933 3899 4006; baseline -0.002 -16"><span class='ocrx_word' id='word_1_806' title='bbox 2168 3938 2484 3992; x_wconf 87' lang='lat' dir='ltr'>rectionem</span> <span class='ocrx_word' id='word_1_807' title='bbox 2534 3936 2891 4006; x_wconf 90' lang='lat' dir='ltr'>compuncti.</span> <span class='ocrx_word' id='word_1_808' title='bbox 2940 3936 3053 3990; x_wconf 89' lang='lat' dir='ltr'>Nec</span> <span class='ocrx_word' id='word_1_809' title='bbox 3102 3934 3268 3999; x_wconf 88' lang='lat' dir='ltr'>dixit,</span> <span class='ocrx_word' id='word_1_810' title='bbox 3314 3933 3412 3988; x_wconf 92' lang='lat' dir='ltr'>ubi</span> <span class='ocrx_word' id='word_1_811' title='bbox 3465 3950 3597 4000; x_wconf 88' lang='lat' dir='ltr'>ero;</span> <span class='ocrx_word' id='word_1_812' title='bbox 3631 3933 3753 3996; x_wconf 87' lang='lat' dir='ltr'>sed,</span> <span class='ocrx_word' id='word_1_813' title='bbox 3788 3936 3899 3989; x_wconf 78' lang='lat' dir='ltr'>ubi</span> 
     </span>
    </p>
   </div>
   <div class='ocr_carea' id='block_1_104' title="bbox 2167 4022 3900 4097">
    <p class='ocr_par' dir='ltr' id='par_1_104' title="bbox 2167 4022 3900 4097">
     <span class='ocr_line' id='line_1_104' title="bbox 2167 4022 3900 4097; baseline 0 -18"><span class='ocrx_word' id='word_1_814' title='bbox 2167 4041 2309 4080; x_wconf 89' lang='lat' dir='ltr'>sum.</span> <span class='ocrx_word' id='word_1_815' title='bbox 2343 4026 2585 4097; x_wconf 90' lang='lat' dir='ltr'>Semper</span> <span class='ocrx_word' id='word_1_816' title='bbox 2612 4025 2767 4080; x_wconf 90' lang='lat' dir='ltr'>enim</span> <span class='ocrx_word' id='word_1_817' title='bbox 2801 4023 2877 4079; x_wconf 89' lang='lat' dir='ltr'>ibi</span> <span class='ocrx_word' id='word_1_818' title='bbox 2911 4027 3036 4079; x_wconf 90' lang='lat' dir='ltr'>erat</span> <span class='ocrx_word' id='word_1_819' title='bbox 3063 4023 3350 4088; x_wconf 86' lang='lat' dir='ltr'>Christus,</span> <span class='ocrx_word' id='word_1_820' title='bbox 3392 4038 3505 4093; x_wconf 91' lang='lat' dir='ltr'>quo</span> <span class='ocrx_word' id='word_1_821' title='bbox 3538 4022 3726 4077; x_wconf 84' lang='lat' dir='ltr'>fuerat</span> <span class='ocrx_word' id='word_1_822' title='bbox 3757 4024 3900 4079; x_wconf 88' lang='lat' dir='ltr'>red-</span> 
     </span>
    </p>
   </div>
   <div class='ocr_carea' id='block_1_105' title="bbox 2168 4111 3897 4179">
    <p class='ocr_par' dir='ltr' id='par_1_105' title="bbox 2168 4111 3897 4179">
     <span class='ocr_line' id='line_1_105' title="bbox 2168 4111 3897 4179; baseline 0 -10"><span class='ocrx_word' id='word_1_823' title='bbox 2168 4116 2393 4172; x_wconf 87' lang='lat' dir='ltr'>diturus</span> <span class='ocrx_word' id='word_1_824' title='bbox 2427 4132 2440 4170; x_wconf 88' lang='lat'><strong>:</strong></span> <span class='ocrx_word' id='word_1_825' title='bbox 2479 4114 2564 4170; x_wconf 91' lang='lat' dir='ltr'>sic</span> <span class='ocrx_word' id='word_1_826' title='bbox 2592 4115 2748 4170; x_wconf 89' lang='lat' dir='ltr'>enim</span> <span class='ocrx_word' id='word_1_827' title='bbox 2778 4113 2954 4179; x_wconf 91' lang='lat' dir='ltr'>venit,</span> <span class='ocrx_word' id='word_1_828' title='bbox 2986 4117 3047 4168; x_wconf 91' lang='lat' dir='ltr'>ut</span> <span class='ocrx_word' id='word_1_829' title='bbox 3072 4130 3186 4168; x_wconf 80' lang='lat' dir='ltr'>non</span> <span class='ocrx_word' id='word_1_830' title='bbox 3229 4112 3537 4169; x_wconf 88' lang='lat' dir='ltr'>recederet.</span> <span class='ocrx_word' id='word_1_831' title='bbox 3572 4111 3734 4167; x_wconf 89' lang='lat' dir='ltr'>Unde</span> <span class='ocrx_word' id='word_1_832' title='bbox 3765 4113 3897 4169; x_wconf 81' lang='lat' dir='ltr'>alio</span> 
     </span>
    </p>
   </div>
   <div class='ocr_carea' id='block_1_106' title="bbox 2168 4201 3901 4273">
    <p class='ocr_par' dir='ltr' id='par_1_106' title="bbox 2168 4201 3901 4273">
     <span class='ocr_line' id='line_1_106' title="bbox 2168 4201 3901 4273; baseline -0.003 -13"><span class='ocrx_word' id='word_1_833' title='bbox 2168 4205 2293 4261; x_wconf 89' lang='lat' dir='ltr'>loco</span> <span class='ocrx_word' id='word_1_834' title='bbox 2325 4206 2426 4273; x_wconf 89' lang='lat' dir='ltr'>ait,</span> <span class='ocrx_word' id='word_1_835' title='bbox 2458 4204 2622 4259; x_wconf 84' lang='lat' dir='ltr'>Nemo</span> <span class='ocrx_word' id='word_1_836' title='bbox 2653 4202 2901 4259; x_wconf 84' lang='lat' dir='ltr'>ascendit</span> <span class='ocrx_word' id='word_1_837' title='bbox 2931 4206 2987 4257; x_wconf 86' lang='lat' dir='ltr'>in</span> <span class='ocrx_word' id='word_1_838' title='bbox 3017 4204 3231 4269; x_wconf 67' lang='lat' dir='ltr'>malum,</span> <span class='ocrx_word' id='word_1_839' title='bbox 3262 4204 3372 4258; x_wconf 84' lang='lat' dir='ltr'>nisi</span> <span class='ocrx_word' id='word_1_840' title='bbox 3398 4203 3493 4273; x_wconf 87' lang='lat' dir='ltr'>qui</span> <span class='ocrx_word' id='word_1_841' title='bbox 3520 4201 3805 4257; x_wconf 80' lang='lat' dir='ltr'>descendit</span> <span class='ocrx_word' id='word_1_842' title='bbox 3832 4203 3901 4256; x_wconf 82' lang='lat' dir='ltr'>de</span> 
     </span>
    </p>
   </div>
   <div class='ocr_carea' id='block_1_107' title="bbox 2167 4293 3897 4366">
    <p class='ocr_par' dir='ltr' id='par_1_107' title="bbox 2167 4293 3897 4366">
     <span class='ocr_line' id='line_1_107' title="bbox 2167 4293 3897 4366; baseline -0.004 -13"><span class='ocrx_word' id='word_1_843' title='bbox 2167 4297 2317 4365; x_wconf 66' lang='lat' dir='ltr'>calo,</span> <span class='ocrx_word' id='word_1_844' title='bbox 2349 4294 2521 4351; x_wconf 78' lang='lat' dir='ltr'>Filius</span> <span class='ocrx_word' id='word_1_845' title='bbox 2564 4295 2817 4360; x_wconf 83' lang='lat' dir='ltr'>hominis,</span> <span class='ocrx_word' id='word_1_846' title='bbox 2868 4296 2963 4366; x_wconf 87' lang='lat' dir='ltr'>qui</span> <span class='ocrx_word' id='word_1_847' title='bbox 3009 4302 3085 4350; x_wconf 87' lang='lat' dir='ltr'>est</span> <span class='ocrx_word' id='word_1_848' title='bbox 3135 4297 3193 4349; x_wconf 82' lang='lat' dir='ltr'>in</span> <span class='ocrx_word' id='word_1_849' title='bbox 3231 4294 3361 4349; x_wconf 73' lang='lat' dir='ltr'>cwlo</span> <span class='ocrx_word' id='word_1_850' title='bbox 3410 4293 3590 4363; x_wconf 84' lang='lat' dir='ltr'>(Joan.</span> <span class='ocrx_word' id='word_1_851' title='bbox 3624 4309 3707 4356; x_wconf 84' lang='lat' dir='ltr'><strong>III,</strong></span> <span class='ocrx_word' id='word_1_852' title='bbox 3744 4294 3897 4365; x_wconf 79' lang='lat' dir='ltr'>i3):</span> 
     </span>
    </p>
   </div>
   <div class='ocr_carea' id='block_1_108' title="bbox 2168 4381 3899 4456">
    <p class='ocr_par' dir='ltr' id='par_1_108' title="bbox 2168 4381 3899 4456">
     <span class='ocr_line' id='line_1_108' title="bbox 2168 4381 3899 4456; baseline -0.002 -15"><span class='ocrx_word' id='word_1_853' title='bbox 2168 4401 2284 4441; x_wconf 91' lang='lat' dir='ltr'>non</span> <span class='ocrx_word' id='word_1_854' title='bbox 2315 4384 2482 4450; x_wconf 88' lang='lat' dir='ltr'>dixit,</span> <span class='ocrx_word' id='word_1_855' title='bbox 2510 4385 2610 4456; x_wconf 90' lang='lat' dir='ltr'>qui</span> <span class='ocrx_word' id='word_1_856' title='bbox 2646 4384 2753 4438; x_wconf 90' lang='lat' dir='ltr'>fuit</span> <span class='ocrx_word' id='word_1_857' title='bbox 2785 4382 2840 4437; x_wconf 90' lang='lat' dir='ltr'>in</span> <span class='ocrx_word' id='word_1_858' title='bbox 2872 4383 3034 4438; x_wconf 90' lang='lat' dir='ltr'>coelo.</span> <span class='ocrx_word' id='word_1_859' title='bbox 3062 4384 3122 4439; x_wconf 91' lang='lat' dir='ltr'>In</span> <span class='ocrx_word' id='word_1_860' title='bbox 3155 4389 3307 4438; x_wconf 88' lang='lat' dir='ltr'>terra</span> <span class='ocrx_word' id='word_1_861' title='bbox 3337 4381 3699 4453; x_wconf 88' lang='lat' dir='ltr'>loquebatur,</span> <span class='ocrx_word' id='word_1_862' title='bbox 3732 4385 3797 4436; x_wconf 87' lang='lat' dir='ltr'>et</span> <span class='ocrx_word' id='word_1_863' title='bbox 3834 4385 3899 4438; x_wconf 89' lang='lat' dir='ltr'>in</span> 
     </span>
    </p>
   </div>
   <div class='ocr_carea' id='block_1_109' title="bbox 2169 4470 3901 4541">
    <p class='ocr_par' dir='ltr' id='par_1_109' title="bbox 2169 4470 3901 4541">
     <span class='ocr_line' id='line_1_109' title="bbox 2169 4470 3901 4541; baseline -0.001 -12"><span class='ocrx_word' id='word_1_864' title='bbox 2169 4473 2312 4530; x_wconf 90' lang='lat' dir='ltr'>ccelo</span> <span class='ocrx_word' id='word_1_865' title='bbox 2343 4488 2405 4529; x_wconf 88' lang='lat' dir='ltr'>se</span> <span class='ocrx_word' id='word_1_866' title='bbox 2436 4489 2561 4529; x_wconf 89' lang='lat' dir='ltr'>esse</span> <span class='ocrx_word' id='word_1_867' title='bbox 2592 4474 2837 4528; x_wconf 91' lang='lat' dir='ltr'>dicebat.</span> <span class='ocrx_word' id='word_1_868' title='bbox 2872 4473 2966 4527; x_wconf 90' lang='lat' dir='ltr'>Sic</span> <span class='ocrx_word' id='word_1_869' title='bbox 2996 4472 3172 4541; x_wconf 89' lang='lat' dir='ltr'>venit,</span> <span class='ocrx_word' id='word_1_870' title='bbox 3196 4480 3259 4526; x_wconf 88' lang='lat' dir='ltr'>ut</span> <span class='ocrx_word' id='word_1_871' title='bbox 3288 4471 3421 4527; x_wconf 89' lang='lat' dir='ltr'>inde</span> <span class='ocrx_word' id='word_1_872' title='bbox 3454 4487 3569 4525; x_wconf 91' lang='lat' dir='ltr'>non</span> <span class='ocrx_word' id='word_1_873' title='bbox 3602 4470 3901 4527; x_wconf 84' lang='lat' dir='ltr'>abscede-</span> 
     </span>
    </p>
   </div>
   <div class='ocr_carea' id='block_1_110' title="bbox 2168 4559 3901 4632">
    <p class='ocr_par' dir='ltr' id='par_1_110' title="bbox 2168 4559 3901 4632">
     <span class='ocr_line' id='line_1_110' title="bbox 2168 4559 3901 4632; baseline -0.002 -13"><span class='ocrx_word' id='word_1_874' title='bbox 2168 4567 2256 4619; x_wconf 89' lang='lat' dir='ltr'>ret</span> <span class='ocrx_word' id='word_1_875' title='bbox 2287 4578 2301 4618; x_wconf 90' lang='lat'><strong>:</strong></span> <span class='ocrx_word' id='word_1_876' title='bbox 2334 4562 2415 4617; x_wconf 86' lang='lat' dir='ltr'>sic</span> <span class='ocrx_word' id='word_1_877' title='bbox 2450 4562 2640 4629; x_wconf 90' lang='lat' dir='ltr'>rediit,</span> <span class='ocrx_word' id='word_1_878' title='bbox 2661 4568 2724 4618; x_wconf 90' lang='lat' dir='ltr'>ut</span> <span class='ocrx_word' id='word_1_879' title='bbox 2757 4578 2864 4618; x_wconf 89' lang='lat' dir='ltr'>nos</span> <span class='ocrx_word' id='word_1_880' title='bbox 2896 4578 3009 4617; x_wconf 89' lang='lat' dir='ltr'>non</span> <span class='ocrx_word' id='word_1_881' title='bbox 3041 4560 3492 4632; x_wconf 87' lang='lat' dir='ltr'>derelinqueret.</span> <span class='ocrx_word' id='word_1_882' title='bbox 3520 4559 3665 4625; x_wconf 90' lang='lat' dir='ltr'>Quid</span> <span class='ocrx_word' id='word_1_883' title='bbox 3699 4559 3901 4616; x_wconf 87' lang='lat' dir='ltr'>mira-</span> 
     </span>
    </p>
   </div>
   <div class='ocr_carea' id='block_1_111' title="bbox 2169 4650 3902 4720">
    <p class='ocr_par' dir='ltr' id='par_1_111' title="bbox 2169 4650 3902 4720">
     <span class='ocr_line' id='line_1_111' title="bbox 2169 4650 3902 4720; baseline -0.002 -12"><span class='ocrx_word' id='word_1_884' title='bbox 2169 4652 2363 4709; x_wconf 86' lang='lat' dir='ltr'>mini?</span> <span class='ocrx_word' id='word_1_885' title='bbox 2392 4658 2539 4709; x_wconf 87' lang='lat' dir='ltr'>Deus</span> <span class='ocrx_word' id='word_1_886' title='bbox 2568 4653 2677 4709; x_wconf 90' lang='lat' dir='ltr'>boc</span> <span class='ocrx_word' id='word_1_887' title='bbox 2710 4651 2865 4707; x_wconf 87' lang='lat' dir='ltr'>facit.</span> <span class='ocrx_word' id='word_1_888' title='bbox 2900 4651 3082 4707; x_wconf 87' lang='lat' dir='ltr'>Homo</span> <span class='ocrx_word' id='word_1_889' title='bbox 3114 4651 3272 4707; x_wconf 90' lang='lat' dir='ltr'>enim</span> <span class='ocrx_word' id='word_1_890' title='bbox 3305 4650 3629 4707; x_wconf 81' lang='lat' dir='ltr'>secundum</span> <span class='ocrx_word' id='word_1_891' title='bbox 3665 4665 3902 4720; x_wconf 85' lang='lat' dir='ltr'>corpus</span> 
     </span>
    </p>
   </div>
   <div class='ocr_carea' id='block_1_112' title="bbox 2168 4738 3903 4810">
    <p class='ocr_par' dir='ltr' id='par_1_112' title="bbox 2168 4738 3903 4810">
     <span class='ocr_line' id='line_1_112' title="bbox 2168 4738 3903 4810; baseline -0.001 -13"><span class='ocrx_word' id='word_1_892' title='bbox 2168 4743 2227 4797; x_wconf 90' lang='lat' dir='ltr'>in</span> <span class='ocrx_word' id='word_1_893' title='bbox 2257 4743 2382 4799; x_wconf 92' lang='lat' dir='ltr'>loco</span> <span class='ocrx_word' id='word_1_894' title='bbox 2426 4746 2534 4808; x_wconf 91' lang='lat' dir='ltr'>est,</span> <span class='ocrx_word' id='word_1_895' title='bbox 2564 4746 2622 4797; x_wconf 88' lang='lat' dir='ltr'>et</span> <span class='ocrx_word' id='word_1_896' title='bbox 2651 4742 2722 4796; x_wconf 93' lang='lat' dir='ltr'>de</span> <span class='ocrx_word' id='word_1_897' title='bbox 2768 4742 2892 4797; x_wconf 89' lang='lat' dir='ltr'>loco</span> <span class='ocrx_word' id='word_1_898' title='bbox 2942 4741 3171 4810; x_wconf 83' lang='lat' dir='ltr'>migrat,</span> <span class='ocrx_word' id='word_1_899' title='bbox 3197 4748 3249 4795; x_wconf 90' lang='lat' dir='ltr'>et</span> <span class='ocrx_word' id='word_1_900' title='bbox 3291 4756 3425 4795; x_wconf 89' lang='lat' dir='ltr'>cum</span> <span class='ocrx_word' id='word_1_901' title='bbox 3456 4740 3524 4794; x_wconf 86' lang='lat' dir='ltr'>ad</span> <span class='ocrx_word' id='word_1_902' title='bbox 3577 4738 3760 4795; x_wconf 87' lang='lat' dir='ltr'>alium</span> <span class='ocrx_word' id='word_1_903' title='bbox 3801 4741 3903 4797; x_wconf 85' lang='lat' dir='ltr'>lo—</span> 
     </span>
    </p>
   </div>
   <div class='ocr_carea' id='block_1_113' title="bbox 2170 4825 3903 4897">
    <p class='ocr_par' dir='ltr' id='par_1_113' title="bbox 2170 4825 3903 4897">
     <span class='ocr_line' id='line_1_113' title="bbox 2170 4825 3903 4897; baseline -0.003 -9"><span class='ocrx_word' id='word_1_904' title='bbox 2170 4848 2300 4888; x_wconf 91' lang='lat' dir='ltr'>cum</span> <span class='ocrx_word' id='word_1_905' title='bbox 2330 4829 2575 4897; x_wconf 90' lang='lat' dir='ltr'>venerit,</span> <span class='ocrx_word' id='word_1_906' title='bbox 2608 4830 2667 4887; x_wconf 92' lang='lat' dir='ltr'>in</span> <span class='ocrx_word' id='word_1_907' title='bbox 2712 4846 2778 4886; x_wconf 87' lang='lat' dir='ltr'>eo</span> <span class='ocrx_word' id='word_1_908' title='bbox 2813 4829 2937 4884; x_wconf 91' lang='lat' dir='ltr'>loco</span> <span class='ocrx_word' id='word_1_909' title='bbox 2988 4827 3143 4882; x_wconf 90' lang='lat' dir='ltr'>unde</span> <span class='ocrx_word' id='word_1_910' title='bbox 3192 4826 3345 4882; x_wconf 86' lang='lat' dir='ltr'>venit</span> <span class='ocrx_word' id='word_1_911' title='bbox 3376 4843 3490 4882; x_wconf 88' lang='lat' dir='ltr'>non</span> <span class='ocrx_word' id='word_1_912' title='bbox 3537 4825 3647 4881; x_wconf 91' lang='lat' dir='ltr'>erit</span> <span class='ocrx_word' id='word_1_913' title='bbox 3680 4841 3693 4881; x_wconf 87' lang='lat'><strong>:</strong></span> <span class='ocrx_word' id='word_1_914' title='bbox 3734 4826 3903 4883; x_wconf 89' lang='lat' dir='ltr'>Deus</span> 
     </span>
    </p>
   </div>
   <div class='ocr_carea' id='block_1_114' title="bbox 2170 4917 3902 4990">
    <p class='ocr_par' dir='ltr' id='par_1_114' title="bbox 2170 4917 3902 4990">
     <span class='ocr_line' id='line_1_114' title="bbox 2170 4917 3902 4990; baseline -0.002 -12"><span class='ocrx_word' id='word_1_915' title='bbox 2170 4927 2363 4978; x_wconf 89' lang='lat' dir='ltr'>autem</span> <span class='ocrx_word' id='word_1_916' title='bbox 2390 4920 2591 4990; x_wconf 91' lang='lat' dir='ltr'>implet</span> <span class='ocrx_word' id='word_1_917' title='bbox 2614 4920 2829 4986; x_wconf 89' lang='lat' dir='ltr'>omnia,</span> <span class='ocrx_word' id='word_1_918' title='bbox 2856 4922 2912 4973; x_wconf 94' lang='lat' dir='ltr'>et</span> <span class='ocrx_word' id='word_1_919' title='bbox 2943 4917 3155 4987; x_wconf 88' lang='lat' dir='ltr'>ubique</span> <span class='ocrx_word' id='word_1_920' title='bbox 3177 4920 3336 4973; x_wconf 87' lang='lat' dir='ltr'>totus</span> <span class='ocrx_word' id='word_1_921' title='bbox 3364 4924 3489 4983; x_wconf 87' lang='lat' dir='ltr'>est;</span> <span class='ocrx_word' id='word_1_922' title='bbox 3527 4931 3639 4971; x_wconf 89' lang='lat' dir='ltr'>non</span> <span class='ocrx_word' id='word_1_923' title='bbox 3674 4931 3902 4974; x_wconf 84' lang='lat' dir='ltr'>secun-</span> 
     </span>
    </p>
   </div>
   <div class='ocr_carea' id='block_1_115' title="bbox 2170 5003 3903 5080">
    <p class='ocr_par' dir='ltr' id='par_1_115' title="bbox 2170 5003 3903 5080">
     <span class='ocr_line' id='line_1_115' title="bbox 2170 5003 3903 5080; baseline -0.004 -15"><span class='ocrx_word' id='word_1_924' title='bbox 2170 5011 2311 5065; x_wconf 90' lang='lat' dir='ltr'>dum</span> <span class='ocrx_word' id='word_1_925' title='bbox 2345 5010 2534 5080; x_wconf 89' lang='lat' dir='ltr'>spatia</span> <span class='ocrx_word' id='word_1_926' title='bbox 2563 5013 2796 5064; x_wconf 90' lang='lat' dir='ltr'>tenetur</span> <span class='ocrx_word' id='word_1_927' title='bbox 2824 5008 2987 5063; x_wconf 89' lang='lat' dir='ltr'>locis.</span> <span class='ocrx_word' id='word_1_928' title='bbox 3009 5007 3143 5062; x_wconf 79' lang='lat' dir='ltr'>Erat</span> <span class='ocrx_word' id='word_1_929' title='bbox 3170 5011 3364 5060; x_wconf 89' lang='lat' dir='ltr'>tamen</span> <span class='ocrx_word' id='word_1_930' title='bbox 3403 5003 3683 5059; x_wconf 90' lang='lat' dir='ltr'>Dominus</span> <span class='ocrx_word' id='word_1_931' title='bbox 3714 5005 3903 5060; x_wconf 82' lang='lat' dir='ltr'>Chri-</span> 
     </span>
    </p>
   </div>
   <div class='ocr_carea' id='block_1_116' title="bbox 2168 5095 3899 5160">
    <p class='ocr_par' dir='ltr' id='par_1_116' title="bbox 2168 5095 3899 5160">
     <span class='ocr_line' id='line_1_116' title="bbox 2168 5095 3899 5160; baseline -0.001 -7"><span class='ocrx_word' id='word_1_932' title='bbox 2168 5102 2294 5153; x_wconf 91' lang='lat' dir='ltr'>stus</span> <span class='ocrx_word' id='word_1_933' title='bbox 2325 5099 2647 5153; x_wconf 90' lang='lat' dir='ltr'>secundum</span> <span class='ocrx_word' id='word_1_934' title='bbox 2670 5097 2960 5153; x_wconf 88' lang='lat' dir='ltr'>visibilem</span> <span class='ocrx_word' id='word_1_935' title='bbox 2992 5112 3225 5152; x_wconf 90' lang='lat' dir='ltr'>carnem</span> <span class='ocrx_word' id='word_1_936' title='bbox 3257 5095 3316 5149; x_wconf 91' lang='lat' dir='ltr'>in</span> <span class='ocrx_word' id='word_1_937' title='bbox 3344 5100 3518 5160; x_wconf 85' lang='lat' dir='ltr'>terra,</span> <span class='ocrx_word' id='word_1_938' title='bbox 3547 5095 3899 5151; x_wconf 88' lang='lat' dir='ltr'>secundum</span> 
     </span>
    </p>
   </div>
   <div class='ocr_carea' id='block_1_117' title="bbox 2170 5184 3902 5258">
    <p class='ocr_par' dir='ltr' id='par_1_117' title="bbox 2170 5184 3902 5258">
     <span class='ocr_line' id='line_1_117' title="bbox 2170 5184 3902 5258; baseline -0.003 -15"><span class='ocrx_word' id='word_1_939' title='bbox 2170 5187 2521 5243; x_wconf 88' lang='lat' dir='ltr'>invisibilem</span> <span class='ocrx_word' id='word_1_940' title='bbox 2570 5188 2929 5258; x_wconf 86' lang='lat' dir='ltr'>majestatem</span> <span class='ocrx_word' id='word_1_941' title='bbox 2958 5186 3016 5241; x_wconf 92' lang='lat' dir='ltr'>in</span> <span class='ocrx_word' id='word_1_942' title='bbox 3048 5186 3191 5241; x_wconf 78' lang='lat' dir='ltr'>cmlo</span> <span class='ocrx_word' id='word_1_943' title='bbox 3222 5193 3274 5239; x_wconf 91' lang='lat' dir='ltr'>et</span> <span class='ocrx_word' id='word_1_944' title='bbox 3301 5184 3359 5239; x_wconf 89' lang='lat' dir='ltr'>in</span> <span class='ocrx_word' id='word_1_945' title='bbox 3392 5188 3580 5240; x_wconf 90' lang='lat' dir='ltr'>terra:</span> <span class='ocrx_word' id='word_1_946' title='bbox 3616 5184 3745 5239; x_wconf 90' lang='lat' dir='ltr'>ideo</span> <span class='ocrx_word' id='word_1_947' title='bbox 3776 5185 3902 5240; x_wconf 68' lang='lat' dir='ltr'>ait.</span> 
     </span>
    </p>
   </div>
   <div class='ocr_carea' id='block_1_118' title="bbox 2174 5272 3905 5348">
    <p class='ocr_par' dir='ltr' id='par_1_118' title="bbox 2174 5272 3905 5348">
     <span class='ocr_line' id='line_1_118' title="bbox 2174 5272 3905 5348; baseline -0.002 -14"><span class='ocrx_word' id='word_1_948' title='bbox 2174 5278 2272 5334; x_wconf 85' lang='lat' dir='ltr'>Ubi</span> <span class='ocrx_word' id='word_1_949' title='bbox 2300 5292 2393 5347; x_wconf 87' lang='lat' dir='ltr'>ego</span> <span class='ocrx_word' id='word_1_950' title='bbox 2440 5294 2583 5343; x_wconf 89' lang='lat' dir='ltr'>sum,</span> <span class='ocrx_word' id='word_1_951' title='bbox 2616 5293 2706 5333; x_wconf 85' lang='lat' dir='ltr'>vos</span> <span class='ocrx_word' id='word_1_952' title='bbox 2752 5292 2861 5332; x_wconf 86' lang='lat' dir='ltr'>non</span> <span class='ocrx_word' id='word_1_953' title='bbox 2908 5276 3132 5348; x_wconf 83' lang='lat' dir='ltr'>potestis</span> <span class='ocrx_word' id='word_1_954' title='bbox 3179 5276 3385 5331; x_wconf 82' lang='lat' dir='ltr'>venire.</span> <span class='ocrx_word' id='word_1_955' title='bbox 3422 5275 3534 5329; x_wconf 88' lang='lat' dir='ltr'>Nec</span> <span class='ocrx_word' id='word_1_956' title='bbox 3564 5272 3730 5338; x_wconf 84' lang='lat' dir='ltr'>dixit,</span> <span class='ocrx_word' id='word_1_957' title='bbox 3764 5292 3905 5331; x_wconf 85' lang='lat' dir='ltr'>non</span> 
     </span>
    </p>
   </div>
   <div class='ocr_carea' id='block_1_119' title="bbox 2170 5364 3902 5437">
    <p class='ocr_par' dir='ltr' id='par_1_119' title="bbox 2170 5364 3902 5437">
     <span class='ocr_line' id='line_1_119' title="bbox 2170 5364 3902 5437; baseline -0.001 -16"><span class='ocrx_word' id='word_1_958' title='bbox 2170 5366 2429 5427; x_wconf 84' lang='lat' dir='ltr'>poteritis</span> <span class='ocrx_word' id='word_1_959' title='bbox 2454 5385 2469 5435; x_wconf 89' lang='lat'><strong>;</strong></span> <span class='ocrx_word' id='word_1_960' title='bbox 2501 5367 2621 5431; x_wconf 89' lang='lat' dir='ltr'>sed,</span> <span class='ocrx_word' id='word_1_961' title='bbox 2645 5383 2755 5421; x_wconf 85' lang='lat' dir='ltr'>non</span> <span class='ocrx_word' id='word_1_962' title='bbox 2774 5366 3038 5437; x_wconf 85' lang='lat' dir='ltr'>potestis:</span> <span class='ocrx_word' id='word_1_963' title='bbox 3071 5364 3218 5421; x_wconf 84' lang='lat' dir='ltr'>tales</span> <span class='ocrx_word' id='word_1_964' title='bbox 3244 5364 3401 5419; x_wconf 90' lang='lat' dir='ltr'>enim</span> <span class='ocrx_word' id='word_1_965' title='bbox 3435 5371 3571 5419; x_wconf 91' lang='lat' dir='ltr'>tunc</span> <span class='ocrx_word' id='word_1_966' title='bbox 3591 5367 3757 5417; x_wconf 85' lang='lat' dir='ltr'>erant</span> <span class='ocrx_word' id='word_1_967' title='bbox 3781 5365 3902 5434; x_wconf 85' lang='lat' dir='ltr'>qui</span> 
     </span>
    </p>
   </div>
   <div class='ocr_carea' id='block_1_120' title="bbox 2171 5452 3903 5527">
    <p class='ocr_par' dir='ltr' id='par_1_120' title="bbox 2171 5452 3903 5527">
     <span class='ocr_line' id='line_1_120' title="bbox 2171 5452 3903 5527; baseline -0.002 -16"><span class='ocrx_word' id='word_1_968' title='bbox 2171 5470 2289 5511; x_wconf 88' lang='lat' dir='ltr'>non</span> <span class='ocrx_word' id='word_1_969' title='bbox 2321 5460 2581 5527; x_wconf 89' lang='lat' dir='ltr'>possent.</span> <span class='ocrx_word' id='word_1_970' title='bbox 2613 5455 2760 5511; x_wconf 89' lang='lat' dir='ltr'>Nam</span> <span class='ocrx_word' id='word_1_971' title='bbox 2794 5460 2857 5511; x_wconf 90' lang='lat' dir='ltr'>ut</span> <span class='ocrx_word' id='word_1_972' title='bbox 2882 5456 3077 5512; x_wconf 88' lang='lat' dir='ltr'>sciatis</span> <span class='ocrx_word' id='word_1_973' title='bbox 3110 5471 3227 5511; x_wconf 89' lang='lat' dir='ltr'>non</span> <span class='ocrx_word' id='word_1_974' title='bbox 3260 5455 3365 5509; x_wconf 92' lang='lat' dir='ltr'>hoc</span> <span class='ocrx_word' id='word_1_975' title='bbox 3399 5453 3469 5507; x_wconf 89' lang='lat' dir='ltr'>ad</span> <span class='ocrx_word' id='word_1_976' title='bbox 3519 5452 3903 5523; x_wconf 86' lang='lat' dir='ltr'>desperatio-</span> 
     </span>
    </p>
   </div>
   <div class='ocr_carea' id='block_1_121' title="bbox 2174 5540 3906 5617">
    <p class='ocr_par' dir='ltr' id='par_1_121' title="bbox 2174 5540 3906 5617">
     <span class='ocr_line' id='line_1_121' title="bbox 2174 5540 3906 5617; baseline 0.001 -19"><span class='ocrx_word' id='word_1_977' title='bbox 2174 5558 2308 5599; x_wconf 89' lang='lat' dir='ltr'>nem</span> <span class='ocrx_word' id='word_1_978' title='bbox 2340 5546 2582 5617; x_wconf 90' lang='lat' dir='ltr'>dictum,</span> <span class='ocrx_word' id='word_1_979' title='bbox 2614 5548 2671 5602; x_wconf 87' lang='lat' dir='ltr'>et</span> <span class='ocrx_word' id='word_1_980' title='bbox 2697 5543 3002 5617; x_wconf 90' lang='lat' dir='ltr'>discipulis</span> <span class='ocrx_word' id='word_1_981' title='bbox 3035 5543 3158 5600; x_wconf 89' lang='lat' dir='ltr'>suis</span> <span class='ocrx_word' id='word_1_982' title='bbox 3188 5542 3333 5599; x_wconf 84' lang='lat' dir='ltr'>dixit</span> <span class='ocrx_word' id='word_1_983' title='bbox 3361 5540 3471 5598; x_wconf 87' lang='lat' dir='ltr'>tale</span> <span class='ocrx_word' id='word_1_984' title='bbox 3498 5540 3737 5612; x_wconf 90' lang='lat' dir='ltr'>aliquid,</span> <span class='ocrx_word' id='word_1_985' title='bbox 3762 5540 3906 5608; x_wconf 77' lang='lat' dir='ltr'>Quo</span> 
     </span>
    </p>
   </div>
  </div>
