4146 6186
259 239 407 298 1641

256 391 351 445 ego
384 378 542 443 vado,
584 392 674 431 vos
706 392 814 431 non
839 378 1061 447 potestis
1094 381 1275 433 venire
1303 380 1480 450 (.Ioan.
1514 397 1636 447 xm,
1670 381 1795 451 33);
1832 397 1966 437 cum

260 481 365 537 pro
393 465 515 522 illis
546 482 725 523 orans
752 466 982 534 dixerit,
1013 468 1203 535 Pater,
1246 469 1364 525 voto
1393 473 1451 524 ut
1482 471 1576 526 ubi
1603 486 1700 539 ego
1736 487 1878 538 sum,
1914 476 1967 526 et

259 557 374 626 ipsi
401 556 516 610 sint
545 569 762 612 mecum
798 554 902 626 (td.
933 571 1070 617 xvu.
1100 555 1215 629 24).
1256 556 1509 630 Denique
1542 560 1648 616 hoc
1678 564 1841 616 Petro
1867 573 1967 614 ex-

257 645 476 717 posuit,
506 649 564 701 et
591 646 677 701 ait
705 644 831 701 illi:
860 645 976 714 Quo
1023 660 1120 715 ego
1164 647 1323 709 vado.
1367 663 1475 703 non
1518 657 1670 719 potes
1706 646 1969 720 mesequi

255 734 457 798 modo:
488 736 730 807 sequeris
759 744 945 792 autem
969 741 1155 809 postea
1182 735 1284 808 (Id.
1317 752 1440 801 xm,
1472 737 1585 810 36).

330 826 419 879 10.
469 826 748 882 Dixerunt
793 840 924 894 ergo
962 827 1157 897 Judasi,
1209 843 1326 885 non
1370 828 1445 885 ad
1465 828 1662 900 ipsum
1697 843 1712 895 ;
1745 828 1872 896 sed,
1896 827 1972 884 ad

253 918 463 988 seipse:
481 932 503 975 :
540 917 655 987 Quo
683 918 775 973 hic
800 919 981 973 iturus
1008 926 1105 986 est,
1136 918 1270 991 quia
1297 934 1408 975 non
1436 919 1781 976 inveniemus
1805 920 1972 976 eum?

255 1008 538 1078 numquid
568 1008 627 1062 in
657 1005 1056 1078 dispersionent
1086 1007 1341 1065 Gentium
1371 1010 1553 1065 iturus
1582 1015 1680 1078 est,
1710 1016 1761 1064 et
1787 1008 1975 1064 doctu-

256 1111 356 1151 rus
387 1096 638 1154 Gentes?
662 1095 789 1154 Non
819 1097 977 1153 enim
1021 1097 1283 1154 sciebant
1328 1100 1480 1170 quod
1525 1098 1836 1166 dixerunt;
1868 1097 1971 1155 sed

259 1184 405 1257 quia
449 1185 550 1242 ille
597 1186 803 1255 voluit,
857 1185 1367 1259 prophetaverunt.
1421 1189 1613 1245 Itnrus
1660 1188 1817 1244 enim
1850 1191 1976 1245 erat

268 1274 554 1332 Dominus
584 1276 655 1331 ad
688 1273 928 1345 Gentes,
958 1292 1074 1333 non
1107 1276 1413 1348 prtesentia
1438 1278 1695 1349 corporis
1726 1276 1840 1346 sui,
1872 1276 1973 1334 sed

256 1370 464 1421 tamen
499 1364 748 1437 pedibus
778 1364 926 1423 suis.
949 1365 1091 1431 Quis
1108 1371 1277 1423 erant
1300 1368 1476 1439 pedes
1496 1368 1625 1438 ejus
1643 1367 1671 1423 ‘l
1701 1369 1856 1434 Quos
1887 1379 1976 1437 pe-

256 1455 369 1509 des
407 1454 750 1512 conculcare
782 1455 1014 1512 volebat
1042 1457 1445 1529 persequendo
1474 1458 1709 1517 Saulus,
1740 1456 1974 1530 quando

257 1545 311 1599 ei
340 1552 519 1617 caput
561 1544 873 1601 clamavit:
924 1545 1175 1615 «Saule,
1222 1546 1414 1616 Saule,
1446 1548 1583 1619 quid
1634 1562 1729 1604 me
1777 1560 1976 1618 perse—

256 1634 462 1706 queris
486 1656 515 1684 »
535 1636 676 1707 (Act.
701 1651 777 1699 ιχ.
801 1635 902 1705 1s)?
919 1658 949 1686 »
973 1635 1114 1702 Quis
1136 1645 1221 1692 est
1246 1637 1337 1693 hic
1358 1653 1572 1705 sermo,
1594 1653 1767 1709 quem
1789 1634 1973 1693 dixit:

263 1725 551 1790 Quaeretis
581 1739 698 1793 me,
729 1729 787 1782 et
812 1742 925 1782 non
957 1725 1299 1796 invenietis;
1332 1734 1397 1783 et.
1423 1727 1521 1784 ubi
1553 1742 1659 1799 ego
1691 1743 1845 1793 sum,
1879 1740 1977 1781 vos

261 1830 381 1869 non
412 1814 653 1885 potestis
683 1813 923 1870 venire?
956 1835 982 1865 ι
1016 1813 1178 1871 Unde
1209 1815 1319 1872 hoc
1357 1815 1503 1871 dixit
1542 1815 1844 1881 Dominus,
1878 1832 1977 1871 ue-

264 1904 553 1974 scierunt,
576 1910 635 1960 et
657 1908 853 1960 tamen
866 1903 1085 1977 aliquid
1099 1906 1249 1977 quod
1271 1906 1529 1962 futurum
1553 1909 1696 1973 erat,
1718 1905 1978 1962 nescien-

266 1997 359 2048 tes
390 1994 952 2064 pranuntiaverunt.
1001 1995 1152 2051 Dixit
1179 1997 1332 2052 enim
1367 1996 1471 2053 hoc
1504 1995 1811 2064 Dominus,
1840 1993 1977 2067 quia

264 2081 493 2153 locum,
525 2085 576 2140 si
607 2088 800 2141 tamen
823 2084 1101 2142 dicendus
1118 2084 1415 2154 estlocus,
1438 2085 1495 2141 id
1528 2089 1619 2142 est
1647 2085 1839 2142 sinum
1868 2086 1978 2141 Pa-

266 2175 376 2228 tris
411 2175 566 2230 unde
619 2191 922 2247 nunquam
958 2173 1208 2231 discedit
1255 2176 1587 2247 unigenitus
1620 2174 1823 2241 Filius,
1859 2166 1975 2231 non

264 2264 352 2320 illi
402 2269 723 2331 noverant;
769 2281 876 2321 nec
938 2266 1193 2338 cogitare
1248 2266 1437 2322 idonei
1495 2268 1662 2322 erant
1709 2264 1808 2321 ubi
1857 2273 1979 2322 erat

263 2355 562 2422 Christus,
597 2355 752 2411 unde
785 2371 897 2410 non
931 2357 1172 2412 recessit
1201 2355 1505 2425 Christus;
1536 2372 1651 2429 quo
1683 2355 1979 2412 rediturus

262 2452 395 2499 erat
421 2443 714 2512 Christus,
748 2444 848 2500 ubi
880 2446 1150 2501 manebat
1173 2444 1462 2501 Christus.
1493 2445 1655 2501 Unde
1683 2445 1790 2500 hoc
1820 2445 1978 2501 cordi

268 2535 537 2591 humano
549 2534 825 2607 cogitare,
850 2536 1066 2592 nedum
1088 2536 1289 2608 lingua
1305 2536 1593 2609 explicare
1616 2539 1630 2573 ¹
1656 2536 1684 2592 ‘t
1706 2537 1821 2592 Hoc
1841 2551 1979 2610 ergo

272 2626 360 2679 illi
396 2625 557 2681 nullo
585 2626 760 2681 modo
801 2624 1239 2695 intellexerunt;
1274 2632 1329 2682 et
1357 2633 1549 2683 tamen
1582 2643 1651 2684 ex
1678 2627 1785 2684 hae
1813 2642 1978 2684 occa-

273 2716 444 2771 sione
476 2716 729 2771 salutem
768 2720 1028 2773 nostram
1074 2716 1479 2787 pradixerunt,
1513 2716 1671 2789 quod
1706 2716 1982 2773 Dominus

272 2806 476 2860 iturus
505 2809 663 2861 esset
693 2820 760 2861 ac
789 2804 1212 2876 dispersionem
1235 2805 1526 2871 Gentium,
1548 2810 1605 2861 et
1633 2805 1981 2879 impleturus

269 2894 436 2966 quod
489 2893 760 2966 legebant
806 2899 864 2950 et
904 2910 1021 2950 non
1072 2894 1489 2965 intelligebant,
1542 2894 1781 2967 Populus
1825 2911 1985 2968 quem

274 2999 387 3039 non
418 2984 666 3053 cognovi,
716 2984 943 3040 servivit
1000 2983 1160 3050 mihi,
1207 2984 1267 3040 in
1315 2983 1581 3041 obauditu
1627 2986 1783 3041 auris
1814 2985 1984 3040 obau-

267 3072 419 3128 divit
465 3072 611 3128 mihi
660 3073 837 3140 (Psat.
893 3088 1030 3142 xvu,
1083 3071 1198 3144 45).
1260 3072 1349 3128 llli
1408 3090 1521 3129 non
1568 3073 1881 3129 audierunt
1922 3074 1983 3128 in

270 3177 531 3232 quorum
563 3160 748 3218 oculis
776 3159 881 3217 fuit
903 3184 919 3230 ;
943 3159 1029 3216 illi
1047 3162 1355 3218 audierunt
1382 3162 1442 3217 in
1473 3177 1724 3234 quorum
1746 3161 1985 3219 auribus

276 3249 505 3306 sonuit.

351 3343 444 3396 11.
496 3338 660 3396 Illius
708 3340 861 3397 enim
907 3342 1177 3398 Ecclesia:
1207 3344 1464 3399 venturae
1491 3343 1558 3398 de
1591 3342 1874 3399 Gentibus
1905 3348 1987 3413 ty-

273 3446 420 3503 pum
446 3430 910 3503 gerebatmulier
927 3448 1055 3504 qua:
1076 3432 1294 3488 ﬂuxum
1316 3432 1625 3503 sanguinis
1638 3431 1984 3505 patiebatur:

272 3526 584 3594 tangebat,
614 3527 674 3580 et
704 3538 819 3580 non
860 3523 1201 3592 videbatur;
1236 3525 1620 3591 nesciebatur,
1653 3528 1711 3579 et
1740 3523 1989 3579 sanaba-

272 3620 395 3668 tur.
434 3612 641 3686 Figura
671 3614 885 3686 quippe
914 3618 1059 3681 erat,
1102 3615 1255 3686 quod
1286 3615 1563 3670 Dominus
1594 3613 1987 3685 interrogavit,

276 3703 417 3772 Quis
464 3718 555 3758 me
601 3703 825 3775 tetigit?
870 3704 1045 3770 Quasi
1094 3704 1370 3775 ignorans
1408 3703 1734 3776 ignoratum
1766 3702 1993 3759 sanavit

274 3794 418 3865 (Luc
463 3809 590 3860 vin,
649 3793 872 3865 £348):
922 3792 1007 3848 sic
1054 3793 1185 3850 fecit
1229 3797 1285 3849 et
1327 3793 1631 3850 Gentibus.
1680 3792 1805 3849 Non
1855 3806 1990 3847 eum

275 3881 602 3939 didicimus
632 3882 689 3937 in
721 3896 916 3950 carne,
946 3887 1003 3937 et
1043 3882 1366 3938 meruimus
1395 3898 1626 3940 carnem
1658 3882 1787 3952 ejus
1822 3897 1995 3937 man-

279 3972 519 4042 ducare,
553 3972 689 4029 etin
722 3986 897 4027 carne
926 3973 1055 4043 ejus
1106 3974 1369 4028 membra
1409 3988 1556 4029 esse.
1588 3972 1821 4040 Quare?
1850 3971 1996 4039 Quia

277 4063 444 4119 misit
474 4063 548 4119 ad
580 4078 708 4119 nos.
734 4063 891 4130 Quos
911 4061 940 4117 ‘t
971 4061 1269 4119 Praecones
1300 4079 1460 4132 suos,
1492 4062 1812 4136 discipulos
1836 4078 1995 4129 suos,

278 4166 483 4209 servos
513 4166 677 4220 suos,
712 4151 1043 4223 redemptos
1072 4166 1213 4208 suos
1250 4167 1398 4223 quos
1425 4151 1667 4219 creavit,
1698 4153 1797 4208 sed
1849 4165 1996 4224 quos

278 4247 338 4299 et
367 4241 622 4299 redemit
650 4241 860 4298 fratres
890 4256 1026 4298 suos
1052 4259 1066 4298 :
1099 4244 1288 4297 totum
1314 4257 1521 4314 parum
1548 4242 1699 4297 dixi:
1736 4240 1997 4297 membra

276 4347 405 4399 sua,
429 4331 693 4404 seipsum
719 4346 735 4399 ;
759 4330 921 4387 misit
941 4330 1099 4388 enim
1121 4331 1192 4387 ad
1218 4346 1326 4389 nos
1346 4319 1615 4388 membra
1636 4346 1763 4400 sua,
1788 4334 1844 4386 et
1866 4328 1999 4386 fecit

279 4438 391 4479 nos
426 4421 692 4479 membra
715 4437 849 4478 sua.
874 4420 1096 4479 Tamen
1115 4422 1442 4478 secundum
1462 4421 1712 4494 speciem
1736 4419 1997 4492 corporis

281 4527 463 4583 quam
511 4509 700 4567 Judtei
746 4511 1016 4568 viderunt
1044 4515 1101 4566 et
1138 4514 1636 4584 contempserunt,
1685 4525 1801 4566 non
1840 4508 1995 4581 apud

284 4618 394 4658 nos
419 4601 531 4657 iuit
547 4600 813 4658 Christus
837 4617 852 4657 :
885 4600 1025 4673 quia
1043 4600 1236 4657 ethoc
1258 4601 1329 4656 de
1356 4600 1456 4656 illo
1480 4600 1699 4655 dictum
1723 4603 1870 4670 erat,
1891 4598 1998 4654 sic-

286 4697 355 4747 ut
385 4696 449 4748 et
474 4690 786 4764 Apostolus
827 4692 988 4759 dicit,
1021 4691 1146 4748 Dico
1173 4689 1322 4747 enim
1353 4690 1627 4746 Christum
1673 4688 1998 4745 ministrum

279 4784 453 4852 fuisse
489 4782 921 4837 circumcisionis
962 4787 1188 4853 propter
1232 4782 1515 4837 veritatem
1546 4778 1661 4847 Dei,
1694 4777 1763 4835 ad
1792 4779 1997 4849 conﬁr-

278 4872 519 4928 mandas
545 4871 933 4943 promissione:
970 4875 1213 4943 patrum.
1254 4871 1340 4927 Ad
1387 4871 1518 4926 illos
1549 4869 1753 4926 debuit
1782 4870 1998 4935 venire,

278 4978 316 5019 ι
335 4977 591 5034 quorum
614 4962 881 5034 patribus
901 4967 959 5018 et
978 4975 1229 5034 quorum
1254 4961 1520 5033 patribus
1538 4964 1627 5016 est
1646 4959 1996 5031 promissus:

284 5052 423 5109 ideo
451 5055 511 5108 et
542 5052 666 5124 ipse
694 5052 778 5107 sic
810 5052 910 5119 ait,
933 5051 1049 5108 Non
1098 5068 1219 5107 sum
1263 5052 1462 5106 missus
1488 5053 1599 5106 nisi
1636 5049 1706 5106 ad
1734 5064 1857 5106 oves
1882 5064 1999 5122 quae

269 5143 581 5216 perierunt
607 5140 798 5197 domus
829 5142 999 5200 Israel
1034 5140 1248 5212 (latth.
1273 5156 1366 5210 xv,
1396 5140 1511 5209 24).
1542 5142 1649 5196 Sed
1682 5140 1823 5211 quid
1857 5137 2002 5195 dicit

274 5230 602 5305 Apostolus
632 5233 693 5288 in
724 5231 1039 5303 sequenti?
1069 5231 1263 5288 Gentes
1276 5235 1468 5287 autem
1498 5245 1669 5303 super
1693 5227 2000 5285 misericor-

275 5323 379 5378 dia
409 5323 730 5392 gloriﬁcare
774 5322 946 5379 Deum
989 5321 1169 5394 (Rom.
1214 5336 1310 5391 xv,
1338 5320 1393 5389 8,
1427 5320 1508 5393 9).
1571 5319 1716 5386 Quid
1761 5326 1845 5375 est
1874 5318 2000 5391 ipse

274 5411 573 5471 Dominus
603 5414 630 5467 't
659 5412 843 5470 Habeo
871 5413 1022 5469 alias
1051 5427 1171 5469 oues
1201 5427 1318 5483 quas
1347 5426 1455 5468 non
1486 5415 1619 5467 sunt
1647 5423 1718 5465 ea:
1744 5408 1841 5465 hoc
1869 5408 2003 5465 ovili

278 5504 480 5575 (Joan.
500 5518 561 5572 x,
593 5504 701 5573 t6).
724 5503 834 5568 Qui
857 5504 1106 5574 dixerat,
1128 5504 1246 5561 Non
1267 5518 1391 5559 sum
1419 5504 1613 5558 missus
1641 5501 1753 5556 nisi
1782 5498 1851 5555 ad
1881 5515 2002 5557 oves

356 5616 375 5649 ι
404 5612 510 5667 ΕΓ..
544 5610 751 5674 lingua.
780 5612 939 5664 Juxta
966 5612 1136 5678 Lugd.
1167 5612 1302 5665 Ven.
1336 5612 1480 5669 Lov.,
1513 5610 1729 5673 lingua.
1781 5609 1849 5660 It.

610 5731 877 5793 Ρλτιιοι..
922 5731 1159 5795 XXXV.

1399 241 1863 306 TRACTATUS
1908 242 2146 305 XXXII.
2198 248 2453 312 CAPUT
2496 252 2627 315 VII.

3624 267 3779 325 1642

2079 397 2205 451 quae
2232 389 2371 455 petit
2385 398 2514 443 runt
2536 387 2912 445 domus'tsrael
2934 409 2952 449 ;
2976 393 3267 460 quomodo
3293 393 3464 450 habet
3494 396 3636 452 alias
3650 413 3783 451 oves

2080 473 2150 526 ad
2176 488 2317 542 quas
2339 494 2453 532 non
2479 485 2566 534 est
2590 480 2830 549 missus,
2857 481 2965 536 nisi
2992 482 3125 551 quia
3149 482 3500 553 signiﬁcavit
3530 500 3784 557 prasen-

2079 558 2216 615 tiam
2249 566 2607 636 corporalem
2659 583 2772 625 non
2807 584 2867 624 se
2901 569 3135 626 missum
3187 571 3459 628 exhibere
3497 573 3610 629 nisi
3642 573 3781 629 solis

2076 648 2321 722 ‘Judteis,
2355 658 2453 726 qui
2489 660 2754 714 viderunt
2785 663 2841 715 et
2869 660 3247 716 occiderunt?
3275 662 3348 717 Et
3378 661 3544 718 multi
3583 667 3782 719 tamen

2078 738 2212 798 inde
2240 752 2293 798 et
2322 752 2495 803 antea
2525 753 2581 804 et
2612 754 2807 821 postea
2838 751 3227 807 crediderunt.
3252 752 3460 809 Messis
3490 754 3680 825 prima
3710 753 3783 808 de

2080 844 2250 889 cruce
2276 835 2553 893 ventilata
2581 844 2691 909 est,
2723 843 2783 896 ut
2821 845 2975 896 esset
3003 857 3206 897 semen
3239 842 3395 897 unde
3424 841 3538 899 alia
3569 840 3783 899 messis

2082 932 2473 995 consurgeret.
2508 927 2671 985 Nunc
2700 944 2834 985 vero
2865 946 2997 985 cum
3036 931 3188 987 fama
3225 931 3521 1004 Evangelii
3549 937 3607 989 et
3631 933 3785 989 bono

2081 1008 2203 1078 ejus
2250 1014 2425 1070 odore
2468 1017 2694 1072 excitati
2740 1020 2988 1075 credunt
3036 1019 3234 1075 fideles
3284 1024 3411 1091 ejus
3442 1037 3545 1091 per
3585 1037 3787 1078 omnes

2084 1104 2310 1166 gentes,
2344 1103 2453 1158 erit
2483 1108 2833 1176 ex5pectatio
2878 1110 3160 1178 gentium,
3194 1110 3426 1179 quando
3456 1110 3649 1166 veniat
3687 1109 3786 1180 qui

2076 1183 2204 1252 jam
2237 1188 2395 1244 venit
2424 1192 2582 1260 (Gen.
2618 1194 2865 1265 xmx,10)
2893 1212 2905 1263 ;
2930 1197 3160 1266 quando
3191 1198 3265 1253 ab
3296 1198 3571 1255 omnibus
3604 1199 3793 1254 videa-

2084 1276 2200 1342 tur,
2226 1277 2328 1347 qui
2348 1283 2486 1335 tunc
2506 1297 2535 1336 a
2560 1282 2913 1352 quihusdam
2932 1286 3094 1341 visus
3116 1302 3230 1342 non
3248 1292 3359 1354 est,
3376 1304 3408 1344 a
3431 1287 3786 1359 quibusdam

2083 1364 2239 1420 visus
2260 1371 2371 1436 est;
2390 1371 2623 1440 quando
2642 1372 3215 1444 veniatjudicaturus
3237 1376 3334 1445 qui
3350 1377 3791 1447 venitjudican-

2085 1454 2227 1523 dus;
2244 1460 2476 1527 quando
2493 1461 3070 1529 veniatdiscreturus,
3089 1465 3183 1535 qui
3201 1464 3433 1521 venitut
3447 1482 3558 1522 non
3573 1467 3788 1523 discer-

2083 1549 2337 1600 neretur.
2363 1546 2484 1603 Non
2508 1550 2663 1605 enim
2679 1550 2961 1623 abimpiis
2975 1552 3239 1609 Christus
3257 1558 3346 1610 est
3360 1554 3660 1625 discretus,
3687 1557 3787 1611 sed

2084 1648 2217 1688 cum
2249 1635 2448 1707 impiis
2476 1639 2809 1708 judicatus:
2837 1642 2907 1696 de
2929 1640 3028 1697 illo
3062 1642 3215 1699 enim
3249 1642 3473 1699 dictum
3506 1647 3616 1709 est,
3643 1644 3790 1700 Inter

2086 1722 2300 1793 iniquos
2320 1732 2604 1798 reputatus
2624 1740 2703 1784 est
2726 1731 2875 1797 (Isai.
2906 1748 3025 1801 LIII,
3051 1732 3158 1803 12).
3184 1732 3354 1788 Latro
3384 1732 3603 1789 evasit:
3627 1731 3794 1788 Chri-

2083 1816 2215 1869 stus
2244 1815 2556 1874 damnatus
2584 1819 2873 1890 est(Marc.
2904 1837 2995 1887 xv,
3032 1821 3134 1890 13;
3167 1824 3323 1877 Joan.
3358 1837 3517 1892 xvm,
3548 1823 3664 1894 40.)
3685 1824 3797 1878 Ao-

2084 1903 2236 1975 cepit
2260 1905 2683 1977 indulgentiam
2705 1909 3078 1980 criminosus,
3104 1912 3417 1969 damnatus
3440 1917 3524 1968 est
3546 1912 3648 1983 qui
3672 1929 3798 1969 om-

2086 1994 2251 2047 nium
2285 1996 2534 2052 crimina
2572 1998 2976 2055 conﬁtentium
3010 2000 3299 2058 relaxavit.
3331 2003 3546 2058 Tamen
3577 2007 3635 2058 et
3664 2002 3791 2075 ipsa

2086 2096 2248 2149 crux,
2282 2084 2331 2138 si
2363 2087 2650 2157 attendas,
2676 2089 2934 2145 tribunal
2963 2090 3091 2144 fuit:
3113 2091 3173 2145 in
3201 2090 3391 2148 medio
3412 2091 3567 2148 enim
3601 2092 3795 2162 judice

2086 2174 2428 2242 constituto,
2477 2191 2631 2232 unus
2679 2180 2826 2233 latro
2877 2179 2975 2249 qui
3026 2181 3269 2236 credidit
3317 2181 3594 2238 liberatus
3640 2183 3793 2251 (Luc.

2085 2277 2248 2330 χχιιι,
2285 2264 2394 2332 43),
2427 2262 2570 2319 alter
2600 2265 2698 2336 qui
2731 2265 3027 2321 insultavit
3058 2268 3369 2325 damnatus
3399 2274 3510 2325 est.
3542 2272 3673 2324 Jam
3705 2272 3791 2326 si-

2086 2352 2405 2423 gnificabat
2421 2358 2572 2424 quod
2601 2358 2858 2412 facturus
2881 2362 2972 2412 est
2994 2359 3064 2412 de
3085 2358 3227 2413 vivis
3248 2364 3306 2413 et
3331 2358 3572 2415 mortuis
3598 2376 3611 2427 ;
3644 2359 3789 2415 alios

2090 2444 2383 2514 positurus
2400 2448 2466 2500 ad
2491 2446 2806 2514 dexteram,
2831 2446 2975 2503 alios
2998 2448 3066 2502 ad
3092 2447 3392 2503 sinistram
3421 2465 3433 2503 :
3457 2448 3670 2504 similis
3693 2447 3791 2504 ille

2091 2532 2238 2587 latro
2262 2533 2475 2590 futuris
2496 2536 2567 2590 ad
2592 2536 2911 2606 sinistram,
2935 2537 3145 2591 similis
3166 2537 3312 2592 alter
3332 2538 3545 2594 futuris
3567 2539 3637 2594 ad
3660 2538 3795 2594 dex-

2093 2628 2297 2679 teram.
2329 2623 2733 2694 Judicabatur,
2757 2634 2809 2681 et
2828 2626 3115 2696 judicium
3150 2627 3508 2684 minabatur.

2611 2759 3036 2817 TBAC'I‘ATUS
3064 2760 3277 2817 XXXII.

2091 2868 2166 2923 Ab
2187 2883 2246 2924 eo
2268 2867 2400 2936 loco,
2438 2867 2499 2924 In
2545 2869 2857 2925 novissimo
2898 2876 3093 2925 autem
3119 2871 3210 2927 die
3240 2869 3569 2927 festivitatis
3610 2871 3801 2927 stabat

2162 2958 2336 3015 Jesus
2366 2962 2423 3014 et
2453 2958 2761 3025 clamabat,
2807 2961 3027 3029 dicens,
3062 2962 3121 3016 Si
3153 2962 3283 3032 quis
3327 2961 3472 3028 sitit,
3504 2961 3698 3018 veniat
3727 2963 3800 3017 ad

2168 3066 2279 3118 me,
2313 3054 2372 3104 et
2400 3048 2551 3104 bibat
2580 3069 2593 3119 ;
2628 3066 2793 3122 mque
2809 3051 2877 3105 ad
2910 3052 2987 3115 id,
3031 3052 3301 3109 Nondum
3333 3054 3487 3111 enim
3516 3058 3641 3111 erat
3668 3053 3804 3124 Spi-

2167 3140 2313 3197 ritus
2340 3142 2535 3211 datus,
2561 3143 2699 3212 quia
2720 3142 2892 3199 Jesus
2919 3144 3178 3200 nondum
3203 3146 3393 3202 fuerat
3422 3145 3802 3217 gloriﬁcalus.

2168 3232 2304 3305 Cap.
2336 3249 2437 3301 vn,
2471 3234 2524 3303 ᾖ.
2558 3234 2743 3288 37-39.

2169 3342 2220 3396 1.
2253 3343 2407 3399 Inter
2437 3343 2831 3398 dissensiones
2861 3347 2917 3398 et
2948 3342 3336 3399 dubitationes
3364 3343 3702 3400 Judaeorum
3734 3344 3806 3400 de

2096 3432 2341 3489 Domino
2371 3431 2507 3489 Jesu
2541 3432 2790 3493 Christo,
2818 3434 2967 3488 inter
2994 3439 3195 3488 cmtera
3226 3450 3351 3505 qum
3383 3433 3549 3500 dixit,
3584 3433 3800 3504 quibus

2098 3521 2197 3579 alii
2230 3522 2745 3587 contunderentur,
2777 3522 2876 3577 alii
2905 3524 3287 3591 docerentur;
3320 3524 3611 3578 novissimo
3641 3521 3801 3578 illius

2097 3613 2408 3684 festivitatis
2427 3613 2516 3669 die
2545 3615 2709 3682 (tunc
2729 3614 2883 3668 enim
2920 3612 3033 3667 ista
3056 3614 3417 3685 agebantur),
3446 3627 3572 3683 quia
3592 3612 3797 3684 appel-

2098 3704 2254 3760 latur
2283 3704 2655 3775 Scenopegia,
2681 3703 2737 3757 id
2761 3711 2846 3758 est
2879 3702 3387 3759 tabernaculorum
3420 3704 3799 3771 constructio,

2102 3793 2172 3850 de
2202 3809 2316 3864 qua
2351 3792 2795 3863 testivitatejam
2822 3798 2991 3849 antea
3015 3792 3284 3848 meminit
3312 3792 3583 3850 Charitas
3610 3798 3807 3850 vestra

2103 3884 2284 3941 fuisse
2313 3884 2649 3952 dissertum,
2679 3888 2852 3938 vocat
2895 3882 3175 3937 Dominus
3218 3882 3392 3938 Jesus
3425 3881 3717 3951 Christus,
3749 3888 3807 3939 et

2106 3973 2214 4029 hoc
2238 3991 2351 4028 non
2385 3977 2703 4044 utcumque
2753 3972 3059 4044 loquendo,
3113 3971 3216 4026 sed
3246 3972 3576 4033 clamando,
3611 3977 3674 4028 ut
3702 3972 3804 4045 qui

2106 4064 2229 4120 sitit
2260 4065 2454 4119 veniat
2476 4064 2545 4118 ad
2571 4079 2723 4119 eum.
2754 4063 2815 4117 Si
2838 4062 3412 4130 sitimus,veniamns
3436 4081 3449 4131 ;
3474 4067 3531 4117 et
3562 4079 3674 4119 non
3709 4079 3807 4133 pe-

2113 4154 2306 4220 dibus,
2358 4154 2457 4208 sed
2500 4152 2839 4220 affectibus;
2892 4167 2996 4208 nec
3042 4153 3369 4221 migrando,
3411 4152 3509 4205 sed
3558 4154 3809 4207 amando

2108 4243 2334 4300 veniam
2346 4243 2786 4313 us.Quanquam
2803 4242 3126 4297 secundum
3144 4242 3469 4296 interiorem
3487 4239 3805 4306 hominem,

2106 4333 2273 4403 etqui
2296 4336 2454 4387 amat
2476 4331 2705 4401 migrat.
2733 4331 2803 4385 Et
2822 4330 2978 4385 aliud
2995 4334 3085 4385 est
3104 4329 3350 4399 migrare
3369 4342 3627 4397 corpore,
3651 4326 3807 4383 aliud

2108 4422 2315 4479 corde:
2346 4421 2558 4492 migrat
2605 4433 2844 4490 corpore
2884 4420 2985 4490 qui
3016 4423 3174 4473 motu
3227 4418 3482 4486 corporis
3514 4420 3697 4472 mutat
3726 4416 3805 4472 lo-

2108 4527 2238 4568 cum
2265 4529 2279 4581 ;
2314 4510 2522 4581 migrat
2554 4509 2742 4573 corde,
2776 4508 2873 4579 qui
2904 4512 3055 4562 motu
3084 4505 3489 4575 cordisgmutat
3510 4505 3801 4561 atl‘ectum.

2107 4601 2167 4658 Si
2203 4599 2359 4656 aliud
2411 4614 2596 4665 amas,
2647 4598 2804 4653 aliud
2849 4598 3109 4668 amabas,
3158 4611 3270 4650 non
3322 4595 3403 4650 ibi
3426 4611 3487 4651 es
3519 4595 3619 4651 ubi
3650 4611 3797 4651 eras.

2176 4694 2230 4746 2.
2278 4690 2501 4747 Clamat
2544 4704 2678 4761 ergo
2728 4688 2898 4744 nobis
2946 4687 3267 4743 Dominus:
3319 4685 3509 4744 Stabat
3540 4688 3713 4753 enim,
3756 4695 3805 4743 et

2106 4780 2401 4850 clamabat,
2452 4780 2512 4835 Si
2547 4782 2669 4852 quis
2716 4778 2857 4847 sitit,
2911 4780 3091 4834 venint
3141 4778 3209 4832 (ut
3257 4792 3359 4845 me,
3403 4782 3457 4833 et
3488 4777 3655 4834 bibat.
3703 4780 3808 4845 Qui

2107 4872 2286 4928 credit
2316 4872 2374 4927 in
2405 4887 2513 4940 me,
2544 4873 2687 4927 sicut
2735 4869 2871 4925 dicit
2920 4870 3226 4939 Scriptura,
3261 4870 3494 4938 [lumina
3524 4866 3589 4922 dc
3616 4875 3808 4923 ventre

2109 4962 2228 5033 ejus
2258 4962 2433 5032 ﬂuent
2488 4976 2641 5030 aqua:
2670 4962 2825 5015 vivae.
2858 4958 2964 5022 Qui
2998 4958 3106 5013 hoc
3150 4963 3324 5024 esset,
3358 4956 3591 5027 quando
3624 4955 3812 5010 Evan-

2109 5054 2324 5125 getista
2355 5050 2641 5123 exposuit.
2668 5048 2973 5105 immorari
3001 5064 3114 5103 non
3139 5046 3436 5102 debemus.
3461 5044 3624 5100 Unde
3655 5043 3810 5100 enim

2109 5141 2319 5199 dixerit
2349 5141 2656 5209 Dominus,
2685 5141 2747 5194 Si
2776 5141 2898 5209 quis
2928 5140 3069 5205 sitit,
3112 5136 3293 5190 veniat
3314 5133 3383 5187 ad
3415 5150 3517 5201 me,
3548 5139 3601 5187 et
3632 5132 3813 5189 bibat:

2110 5237 2188 5301 et,
2222 5233 2330 5301 Qui
2358 5232 2530 5288 credit
2562 5231 2623 5286 in
2656 5245 2760 5301 me,
2780 5228 3018 5297 flumina
3039 5226 3102 5281 de
3122 5228 3309 5279 ventre
3328 5223 3445 5293 ejus
3466 5224 3636 5294 ﬂuent
3656 5239 3811 5297 aquae

2112 5326 2241 5379 viva:
2261 5342 2282 5389 ;
2304 5338 2369 5379 co
2385 5324 2725 5393 nsequenter
2747 5312 3418 5390 exposuitEvangelista,
3437 5311 3669 5370 dicens:
3706 5315 3812 5371 Hoc

2111 5425 2293 5473 autem
2322 5414 2465 5469 dixit
2495 5414 2569 5467 de
2599 5410 2809 5481 Spiritu
2840 5423 3003 5480 quem
3034 5403 3312 5475 accepturi
3340 5408 3497 5460 erant
3533 5405 3813 5461 credentes

2111 5508 2168 5562 in
2200 5520 2344 5559 eum.
2377 5503 2627 5559 Nondum
2657 5499 2804 5554 enim
2851 5508 2967 5554 erat
3012 5496 3255 5569 Spiritus
3288 5498 3469 5563 (tutus,
3503 5496 3633 5567 quia
3661 5496 3813 5552 Iesus

2114 5596 2360 5653 nondum
2387 5598 2510 5648 erat
2537 5589 2889 5663 gtoriﬁcatus.
2918 5590 3018 5647 Est
3039 5604 3171 5659 ergo
3194 5587 3322 5645 sitis
3340 5585 3577 5644 interior
3596 5588 3652 5642 et
3670 5594 3810 5641 ven:

2861 5715 3488 5799 (Cinquante-deux.)
