4126 6194
333 273 360 329 1
373 268 486 324 643

325 412 410 459 ter
439 399 700 461 interior,
731 393 868 465 quia
907 397 991 447 est
1038 389 1211 443 homo
1263 385 1517 440 interior.
1569 381 1632 434 Et
1663 377 1758 432 ille
1790 375 2021 465 quidem

324 490 568 547 interior
592 463 925 548 invisibilis,
957 477 1205 534 exterior
1234 479 1426 530 autem
1459 467 1705 526 visibilis
1731 482 1742 519 :
1769 463 1867 520 sed
1904 475 2025 516 me-

324 580 434 636 lior
465 577 699 634 interior
720 588 896 644 quam
929 567 1196 624 exterior.
1224 563 1290 620 Et
1311 561 1465 634 quod
1498 575 1612 650 non
1639 556 1888 650 videtur,
1915 551 2020 650 hoc

323 670 454 740 plus
483 669 711 721 amatur
736 680 746 715 :
783 662 1009 716 cenatat
1036 656 1192 711 enim
1226 651 1355 724 plus
1385 649 1570 706 amari
1600 644 1890 740 hominem
1923 644 2020 693 in—

320 734 587 815 teriorem
619 768 794 826 quam
817 748 1178 806 exteriorem.
1204 742 1366 798 Unde
1386 740 1494 795 hoc
1528 741 1750 826 constat
1772 736 1800 789 ?
1834 734 2016 826 [inus-

321 849 569 920 quisque
594 822 654 900 in
678 843 868 911 seipse
893 837 1111 909 probet.
1137 831 1410 920 Quamvis
1432 829 1590 885 enim
1625 825 1725 920 qui
1759 822 1911 920 male
1940 823 2019 878 vi-

318 915 490 1002 vunt,
511 934 736 991 animos
768 945 906 985 suos
954 925 1180 996 corpori
1230 919 1541 985 addicant;
1590 915 1779 972 vivere
1816 916 2014 969 tamen

320 1026 546 1090 Volunt,
575 1025 724 1092 quod
762 1035 874 1073 non
907 1020 994 1072 est
1041 1012 1150 1069 nisi
1205 1009 1406 1075 animi,
1462 1005 1765 1078 magisque
1794 1003 2015 1074 seipsos

314 1115 573 1172 indicant
601 1108 701 1180 qui
726 1111 952 1177 regunt,
978 1119 1151 1174 quam
1180 1100 1282 1156 illa
1302 1116 1425 1172 quas
1449 1100 1753 1168 reguntur.
1793 1093 2014 1162 Regunt

311 1203 465 1258 enim
497 1199 697 1263 animi,
731 1199 1018 1267 reguntur
1037 1208 1304 1262 corpora.
1338 1186 1826 1256 Gaudetquisque
1855 1181 2013 1237 volu-

313 1298 492 1360 ptate,
516 1295 572 1344 et
600 1285 756 1358 capit
776 1286 846 1339 de
865 1297 1102 1354 corpore
1124 1278 1477 1350 voluptatem
1507 1274 1638 1347 {sed
1666 1289 1870 1345 separa
1893 1270 2012 1327 ani-

311 1396 498 1445 mum,
536 1378 680 1432 nihil
714 1381 891 1429 restat
924 1373 980 1426 in
1005 1386 1239 1440 corpore
1264 1367 1415 1440 quod
1449 1364 1700 1436 gaudeat
1733 1379 1747 1428 ;
1780 1366 1838 1416 et
1866 1360 2009 1415 side

307 1482 550 1538 corpore
580 1465 806 1536 gaudet,
841 1461 1076 1517 animus
1128 1457 1362 1530 gaudet.
1397 1455 1455 1510 Si
1487 1451 1704 1526 gaudet
1733 1452 1804 1507 de
1833 1451 2007 1506 domo

309 1572 436 1622 sua,
469 1555 538 1610 de
567 1570 629 1609 se
663 1569 775 1608 non
826 1550 996 1606 debet
1044 1546 1340 1619 gaudere?
1387 1548 1442 1599 et
1471 1544 1520 1597 si
1554 1541 1724 1597 habet
1771 1538 2004 1594 animus

308 1645 463 1698 unde
494 1642 811 1698 oblectetur
860 1636 1243 1702 extrinsecus,
1274 1632 1400 1688 sine
1432 1629 1652 1686 deliciis
1687 1631 1881 1684 manet
1911 1627 2004 1681 in-

307 1730 630 1787 trinsecus?
659 1729 906 1786 Omnino
935 1730 1163 1783 constat
1184 1723 1313 1796 plus
1346 1736 1530 1777 amare
1556 1719 1851 1775 hominem
1883 1718 2006 1773 ani—

307 1837 459 1876 mam
485 1837 646 1877 suam
673 1836 847 1891 quam
873 1832 1077 1888 corpus
1119 1828 1315 1869 suum.
1339 1810 1448 1867 Sed
1473 1814 1527 1865 et
1551 1809 1609 1864 in
1635 1807 1747 1863 alio
1768 1805 2004 1862 homine

305 1910 436 1981 plus
467 1916 623 1965 amat
671 1909 845 1964 homo
877 1907 1133 1962 animam
1167 1918 1340 1974 quam
1392 1916 1624 1971 corpus.
1658 1897 1804 1960 Quid
1845 1895 2000 1951 enim

303 2011 525 2057 amatur
562 2002 616 2056 in
652 2000 860 2065 amico,
917 1996 1014 2053 ubi
1047 2004 1128 2052 est
1159 2009 1320 2049 amor
1350 1990 1624 2047 sincerior
1653 1993 1709 2043 et
1746 1984 2009 2043 castior?

300 2090 440 2154 Quid
479 2093 710 2145 amatur
743 2089 800 2142 in
831 2086 1061 2154 amico;
1095 2082 1349 2147 animus,
1375 2097 1447 2136 an
1476 2093 1689 2150 corpus
1710 2077 1737 2130 ‘?
1768 2076 1826 2131 Si
1859 2075 2004 2130 tides

298 2186 546 2246 amatur,
576 2179 808 2234 animus
833 2179 1096 2231 amatur:
1131 2173 1179 2228 si
1211 2167 1605 2226 benevolentia
1627 2169 1874 2232 amatur,
1905 2163 2001 2219 be-

299 2267 635 2323 nevolentiae
666 2266 832 2322 sedes
862 2264 1099 2320 animus
1129 2265 1255 2317 est:
1293 2260 1339 2314 si
1372 2257 1482 2313 hoc
1516 2271 1679 2313 amas
1710 2255 1771 2309 in
1803 2253 2002 2321 altero,

299 2358 434 2428 quia
464 2361 518 2413 et
547 2357 673 2428 ipse
703 2358 862 2412 amat
894 2358 967 2421 te,
1002 2353 1265 2409 animum
1300 2364 1499 2415 amas;
1534 2347 1671 2418 quia
1701 2360 1817 2400 non
1851 2359 2002 2411 caro,

297 2450 394 2504 sed
429 2449 658 2503 animus
705 2450 882 2502 amat.
939 2444 1070 2500 ideo
1112 2441 1269 2498 enim
1319 2455 1500 2507 amas,
1545 2437 1680 2508 quia
1721 2440 1777 2490 te
1807 2438 2002 2489 amat:

299 2555 488 2610 quaere
540 2538 694 2594 unde
726 2545 778 2592 te
813 2539 988 2603 amet,
1021 2537 1077 2588 et
1125 2531 1252 2587 vide
1294 2530 1435 2602 quid
1489 2543 1670 2584 ames.
1708 2525 1839 2580 Plus
1871 2539 2003 2595 ergo

298 2633 549 2692 amatur,
581 2634 638 2682 et
670 2643 780 2684 non
811 2626 1059 2684 videtur.

370 2717 423 2772 3.
471 2715 707 2788 Aliquid
756 2714 924 2770 etiam
961 2714 1089 2767 volo
1119 2711 1328 2777 dicere,
1377 2707 1472 2764 ubi
1516 2706 1700 2776 magis
1735 2709 2005 2776 appareat

304 2803 606 2860 Dilectioni
638 2808 838 2859 vestras
873 2803 1157 2872 quantum
1185 2802 1410 2854 ametur
1440 2795 1693 2862 animus,
1727 2799 1780 2847 rt
1807 2808 2004 2864 quem-

307 2893 624 2949 admodum
676 2891 899 2963 corpori
952 2895 1328 2960 praeponatur.
1363 2885 1453 2940 Illi
1489 2884 1594 2957 ipsi
1627 2882 1820 2939 lascivi
1845 2899 2004 2937 ama-

307 2993 481 3053 tores,
532 2987 632 3056 qui
679 2982 1110 3056 pulchritudine
1156 2994 1463 3052 corporum
1513 2976 1897 3035 delectantur,
1947 2978 2005 3030 et

307 3079 489 3131 forma
519 3075 910 3130 membrorum
925 3071 1344 3136 accenduntur,
1370 3074 1508 3123 tunc
1531 3071 1726 3122 amant
1748 3063 2002 3136 amplius

305 3167 538 3238 quando
570 3171 864 3221 amantur.
915 3163 1058 3218 Nam
1093 3162 1139 3216 si
1173 3169 1326 3215 amet
1356 3164 1412 3214 et
1444 3159 1657 3214 sentiat
1703 3155 1842 3228 quia
1871 3156 2003 3211 odio

306 3257 572 3322 habetur,
603 3254 788 3324 magis
822 3253 1096 3308 irascitur
1142 3265 1315 3322 quam
1353 3246 1566 3319 diligit.
1597 3246 1785 3311 Quare
1817 3243 2004 3315 magis

302 3345 573 3401 irascitur
614 3360 790 3414 quam
823 3341 1058 3411 diligit?
1105 3340 1247 3406 Quia
1291 3355 1403 3393 non
1454 3337 1505 3392 ei
1556 3334 1819 3391 redditur
1849 3333 1999 3404 quod

299 3434 606 3504 impendit.
632 3433 686 3486 Si
711 3449 848 3501 ergo
888 3429 996 3501 ipsi
1032 3443 1340 3498 corporum
1391 3429 1684 3481 amatores
1717 3421 2000 3478 redamari

299 3541 358 3577 se
406 3521 627 3588 volunt,
677 3527 732 3575 et
785 3521 891 3574 hoc
939 3533 1039 3573 eos
1088 3515 1278 3586 magis
1318 3514 1565 3569 delectat
1595 3514 1645 3568 si
1677 3516 1997 3578 amentur;

298 3611 496 3679 quales
528 3615 665 3665 sunt
715 3613 1003 3664 amatores
1044 3607 1374 3660 animorum
1399 3604 1425 3658 '?
1455 3603 1523 3658 Et
1553 3602 1598 3656 si
1632 3601 1829 3672 magni
1862 3605 2001 3656 sunt

298 3707 587 3756 amatores
619 3701 976 3765 animorum,
1008 3697 1210 3768 quales
1254 3699 1394 3750 sunt
1424 3697 1710 3749 amatores
1741 3690 1864 3758 Dei,
1897 3690 1996 3761 qui

299 3789 572 3859 [:mlcbros
593 3788 822 3843 animos
847 3787 982 3842 facit
1005 3787 1031 3840 ‘2
1051 3786 1212 3841 Sicut
1233 3784 1387 3840 enim
1413 3784 1647 3839 animus
1671 3781 1803 3837 facit
1826 3783 1999 3836 decus

300 3882 355 3931 in
391 3894 649 3945 corpore,
682 3877 766 3931 sic
808 3881 956 3931 Deus
989 3875 1049 3930 in
1085 3874 1302 3930 animo.
1345 3875 1471 3929 Non
1525 3871 1679 3927 enim
1713 3870 1847 3927 facit
1876 3885 1999 3925 cor-

296 3966 418 4032 puri
451 3966 599 4020 unde
631 3969 861 4019 ametur
891 3962 1004 4017 nisi
1039 3962 1311 4017 animus:
1346 3963 1441 4032 qui
1476 3975 1607 4015 cum
1642 3958 1993 4030 migraverit,

295 4057 534 4108 cadaver
583 4053 911 4119 horrescis;
945 4056 1002 4107 et
1045 4061 1585 4122 quantumcumque
1629 4050 1871 4122 pulchra
1895 4047 1996 4104 illa

295 4144 557 4198 membra
584 4141 878 4207 dilexeris,
909 4140 1151 4211 sepelire
1184 4141 1446 4196 festinas.
1482 4140 1666 4196 Decus
1699 4155 1832 4210 ergo
1863 4155 1985 4194 cor-

290 4231 468 4302 poris,
503 4231 737 4287 animus
764 4247 777 4283 :
811 4230 988 4285 decus
1020 4228 1223 4300 animi,
1255 4235 1419 4285 Deus.

362 4323 411 4376 4.
445 4321 664 4376 Clamat
691 4335 828 4391 ergo
861 4318 1145 4374 Dominus
1187 4323 1251 4375 ut
1283 4319 1580 4375 veniamus
1606 4322 1662 4374 et
1693 4318 1987 4384 bibamus,

290 4413 336 4464 si
378 4412 531 4465 intus
554 4409 827 4466 sitiemus
852 4430 864 4470 ;
890 4414 946 4465 et
966 4409 1105 4464 dicit
1126 4410 1265 4480 quia
1285 4426 1418 4466 cum
1445 4409 1787 4475 biberimus,
1807 4408 1988 4462 ﬂumi-

291 4519 364 4556 na
395 4517 552 4570 aquae
583 4501 720 4556 vivae
772 4501 956 4556 ﬂuent
984 4502 1054 4556 de
1087 4504 1286 4556 ventre
1334 4504 1549 4556 nostro.
1605 4498 1813 4554 Venter
1842 4497 1987 4552 inte-

290 4589 457 4643 rioris
485 4589 740 4645 hominis
770 4590 1126 4646 conscientia
1146 4589 1339 4646 cordis
1367 4594 1471 4644 est.
1498 4587 1681 4644 Bibito
1713 4603 1844 4657 ergo
1877 4587 1988 4642 isto

289 4679 517 4747 liquore
561 4677 797 4734 vivescit
846 4686 1085 4749 purgata
1131 4677 1529 4737 conscientia;
1582 4681 1638 4733 ct
1686 4676 1984 4742 hauriens,

289 4771 507 4821 fontem
539 4766 816 4832 habebit;
847 4767 1022 4821 etiam
1065 4767 1193 4837 ipsa
1227 4769 1352 4824 fons
1385 4766 1511 4821 erit.
1545 4767 1684 4832 Quid
1717 4770 1805 4821 est
1835 4767 1984 4831 fons,

286 4863 343 4911 et
394 4854 529 4924 quid
581 4856 670 4908 est
716 4852 929 4909 fluvius
959 4855 1058 4924 qui
1094 4861 1290 4910 manat
1338 4856 1408 4909 dc
1458 4861 1649 4909 ventre
1700 4855 1988 4912 interioris

288 4943 590 4999 hominis?
620 4943 1044 5010 Benevolentia,
1077 4960 1192 5016 qua
1221 4943 1341 4999 vult
1371 4944 1674 4999 consulere
1706 4945 1981 5014 proximo.

283 5037 341 5089 Si
372 5033 527 5089 enim
561 5035 723 5104 putet
769 5033 907 5104 quia
943 5034 1097 5104 quod
1141 5032 1284 5090 bibit
1325 5032 1433 5089 soli
1479 5033 1586 5106 ipsi
1618 5033 1787 5090 debet
1815 5035 1984 5090 sufﬂ-

280 5139 445 5189 cere;
481 5139 592 5178 non
625 5120 754 5176 fluit
803 5138 952 5192 aqua
1003 5121 1127 5177 viva
1157 5122 1228 5176 de
1258 5127 1459 5178 ventre
1508 5124 1671 5193 ejus:
1707 5122 1756 5178 si
1789 5126 1980 5179 autem

280 5214 539 5284 proximo
589 5210 823 5269 festinat
869 5210 1216 5277 consulere;
1255 5211 1380 5266 ideo
1431 5227 1544 5267 non
1596 5213 1797 5281 siccat,
1846 5213 1982 5284 quia

280 5305 497 5356 manat.
545 5297 888 5356 Videbimus
943 5315 1098 5356 nunc
1145 5300 1276 5372 quid
1310 5300 1386 5356 sit
1433 5303 1583 5371 quod
1615 5301 1846 5367 bibunt,
1881 5302 1978 5371 qui

281 5390 523 5445 credunt
548 5388 604 5443 in
628 5387 914 5456 Domino;
948 5388 1082 5461 quia
1106 5389 1305 5458 utique
1324 5390 1636 5445 Christiani
1671 5403 1899 5459 sumus,
1924 5395 1979 5446 et

282 5480 328 5536 si
359 5480 670 5547 creiimus,
694 5479 970 5534 bibimus.
998 5482 1061 5534 Et
1085 5480 1491 5551 unusquisque
1514 5481 1571 5536 in
1594 5481 1785 5553 seipse
1808 5481 1980 5536 debet

283 5584 594 5640 agnoscere
625 5567 671 5622 si
704 5567 870 5632 bibit,
903 5575 956 5622 et
997 5567 1042 5623 si
1091 5568 1224 5626 vivit
1255 5587 1323 5626 ex
1354 5586 1420 5627 eo
1453 5571 1607 5644 quod
1642 5569 1824 5626 bibit:
1863 5586 1974 5626 non

1275 249 1347 308 l.\'
1397 244 1729 307 JOANNIS
1780 235 2306 303 l‘LVANGliLIUM,
2358 236 2418 295 S.
2467 237 2894 297 AUGUSTINI

3687 239 3837 298 itii—1

2129 370 2286 425 enim
2343 388 2451 430 nos
2473 374 2685 429 deserit
2724 375 2876 441 fons,
2936 374 2983 428 si
3040 391 3153 428 non
3205 374 3544 431 disseramus
3593 378 3841 432 fontem.

2194 459 2250 512 5.
2283 459 2560 534 Exposuit
2608 463 2991 534 Evangelista,
3038 467 3103 518 ut
3151 462 3290 530 dixi,
3332 465 3486 521 unde
3544 463 3836 521 Dominus

2127 547 2457 619 clamasset,
2490 553 2558 607 ad
2591 553 2821 624 qualem
2850 557 3045 624 potum
3067 552 3381 621 invitasset,
3417 556 3550 625 quid
3589 555 3838 610 bibenti-

2127 637 2236 695 bus
2267 642 2645 710 propinasset,
2698 642 2916 708 dicens,
2951 641 3056 696 Hoc
3083 646 3261 697 autem
3284 643 3495 698 dicebat
3524 643 3590 697 de
3620 643 3835 714 Spiritu

2126 746 2280 800 quem
2310 734 2588 804 accepturi
2615 741 2772 786 erant
2814 732 3086 788 credentes
3118 736 3175 786 in
3204 748 3348 788 eum.
3384 734 3629 788 Nondum
3680 734 3834 790 enim

2125 826 2243 876 erat
2275 821 2517 890 Spiritus
2547 824 2726 886 datus,
2758 826 2890 893 quia
2921 825 3077 879 Jews
3115 823 3359 880 nondum
3396 828 3515 881 erat
3544 827 3835 896 glori/ica—

2120 922 2224 972 ιω.
2249 917 2429 982 Quem
2445 915 2891 988 dicitSpiritutn,
2906 916 3019 972 nisi
3039 922 3306 974 sanctum
3321 918 3654 990 Spiritum?
3681 921 3829 975 Nam

2121 1006 2524 1078 unusquisque
2575 1006 2744 1064 homo
2795 1006 2967 1062 habet
2999 1007 3056 1062 in
3090 1024 3150 1063 se
3183 1008 3482 1080 proprium
3535 1011 3832 1081 spiritum,

2122 1095 2192 1150 de
2210 1112 2324 1166 quo
2347 1096 2772 1168 loquebarcum
2791 1096 3048 1153 animum
3066 1100 3554 1156 commendarem.
3581 1100 3827 1157 Animus

2119 1185 2273 1242 enim
2308 1187 2610 1259 cujusque,
2665 1189 2934 1260 proprius
2984 1195 3072 1245 est
3103 1190 3346 1262 spiritus
3392 1192 3561 1262 ejus:
3607 1195 3675 1248 de
3706 1209 3832 1265 quo

2114 1275 2256 1330 dicit
2287 1276 2498 1333 Paulus
2545 1277 2862 1350 apostolus,
2916 1278 3045 1346 Qui:
3085 1283 3234 1335 enim
3264 1285 3361 1336 scit
3395 1282 3677 1337 hominum
3709 1299 3831 1354 quae

2111 1370 2244 1420 sunt
2285 1366 2547 1439 hominis,
2579 1368 2693 1423 nisi
2746 1369 2979 1440 spiritus
3013 1370 3272 1438 hominis,
3325 1374 3423 1443 qui
3453 1375 3512 1427 in
3553 1375 3667 1445 ipso
3697 1382 3783 1429 est
3805 1381 3832 1426 Ρ

2111 1453 2320 1510 deinde
2351 1456 2634 1525 adjunxit,
2670 1458 2756 1511 Sic
2792 1466 2844 1513 et
2872 1473 2997 1529 quae
3031 1461 3126 1514 Dei
3155 1464 3300 1529 sunt,
3335 1476 3510 1517 meme
3539 1461 3667 1529 scit,
3710 1454 3831 1517 nisi

2109 1542 2351 1611 Spiritus
2403 1544 2505 1600 Dei
2549 1546 2597 1613 (t
2627 1547 2748 1600 Cor.
2785 1562 2853 1612 ιι,
2899 1547 3003 1618 Η).
3040 1548 3251 1603 Nostra
3300 1565 3473 1605 nemo
3522 1549 3653 1615 scit,
3708 1549 3826 1606 nisi

2110 1629 2354 1700 spiritus
2385 1636 2608 1690 noster.
2641 1632 2763 1690 Non
2793 1635 2948 1690 enim
2984 1636 3118 1691 novi
3159 1635 3303 1707 quid
3331 1638 3581 1709 cogitas,
3626 1644 3722 1693 aut
3758 1646 3816 1694 lu

2110 1720 2250 1790 quid
2283 1722 2508 1792 cogito:
2543 1724 2668 1795 ipsa
2699 1725 2850 1780 enim
2886 1731 3027 1781 sunt
3050 1727 3283 1798 propria
3315 1733 3535 1794 nostra,
3570 1745 3698 1801 quae
3732 1731 3814 1785 in.

2114 1808 2292 1864 terius
2324 1811 2683 1882 cogitamus;
2711 1821 2765 1868 et
2795 1816 3212 1887 cogitationum
3237 1817 3702 1891 uniuscujusque
3726 1820 3820 1874 ho-

2116 1898 2286 1953 minis
2314 1901 2502 1971 ipsius
2535 1903 2776 1973 spiritus
2807 1905 2971 1960 tcstis
3020 1911 3126 1960 est.
3180 1905 3270 1961 Sic
3315 1911 3365 1962 et
3390 1924 3510 1979 quas
3543 1909 3640 1964 Dei
3669 1915 3818 1978 sunt,

2111 2003 2276 2042 nemo
2305 1991 2428 2057 scit,
2469 1991 2584 2046 nisi
2615 1991 2856 2062 Spiritus
2893 1995 3006 2050 Dei.
3039 1992 3155 2050 Nos
3188 2011 3318 2050 cum
3351 1997 3553 2067 spiritu
3594 2004 3818 2065 nostro,

2112 2075 2266 2134 Deus
2300 2094 2430 2134 cum
2465 2096 2570 2135 suo
2600 2098 2612 2134 :
2640 2082 2717 2136 ita
2760 2087 2951 2138 tamen
2989 2089 3048 2139 ut
3081 2083 3232 2140 Deus
3275 2100 3410 2141 cum
3459 2102 3566 2141 suo
3594 2087 3816 2157 Spiritu

2111 2167 2258 2223 sciat
2287 2167 2458 2223 etiam
2482 2169 2618 2239 quid
2644 2175 2850 2241 agatur
2873 2173 2929 2227 in
2960 2173 3126 2228 nobis
3155 2195 3168 2240 ;
3206 2191 3314 2230 nos
3336 2183 3526 2231 autem
3551 2177 3673 2230 sine
3689 2178 3818 2247 ejus

2111 2255 2330 2328 Spiritu
2361 2257 2510 2313 scire
2530 2276 2641 2314 non
2667 2277 2980 2331 possumus
3002 2263 3137 2334 quid
3163 2269 3367 2336 agatur
3398 2264 3457 2320 in
3490 2264 3624 2321 Deo.
3654 2265 3812 2321 Deus

2111 2352 2302 2400 autem
2336 2345 2442 2400 scit
2489 2347 2546 2402 in
2581 2347 2748 2403 nobis
2786 2357 2838 2404 et
2870 2353 3022 2420 quod
3057 2350 3166 2423 ipsi
3199 2352 3491 2409 nescimus
3523 2353 3579 2408 in
3623 2353 3814 2408 nobis.

2112 2434 2258 2490 Nam
2284 2434 2682 2492 infirmitatem
2717 2455 2876 2494 suam
2929 2439 3130 2496 Petrus
3170 2443 3490 2507 nesciebat,
3521 2445 3754 2515 quando
3786 2461 3820 2497 a

2111 2522 2360 2580 Domino
2392 2527 2545 2596 quod
2599 2532 2686 2582 ter
2727 2534 2882 2584 esset
2931 2538 3240 2600 negaturus
3285 2532 3559 2588 audiebat
3586 2534 3816 2603 (Matth.

2111 2631 2263 2679 xxvi,
2296 2615 2513 2685 33-35),
2545 2621 2602 2672 et
2630 2634 2778 2690 aeger
2807 2635 2869 2674 se
2910 2620 3205 2691 ignorabat
3235 2639 3249 2688 ;
3299 2623 3560 2678 medicus
3591 2639 3817 2694 egrum

2110 2703 2347 2760 sciebat.
2376 2704 2525 2761 Sunt
2554 2720 2690 2778 ergo
2713 2709 2978 2779 quaedam
3005 2726 3131 2780 quae
3166 2711 3315 2766 Deus
3336 2712 3499 2766 novit
3529 2712 3588 2767 in
3621 2715 3816 2780 nobis,

2113 2795 2508 2852 nescientibus
2531 2797 2717 2852 nobis.
2744 2799 2960 2855 Tamen
2997 2806 3275 2871 quantum
3303 2803 3374 2857 ad
3399 2802 3667 2860 homines
3691 2820 3818 2875 per-

2113 2885 2280 2949 tinet,
2315 2901 2483 2941 nemo
2515 2887 2596 2942 sic
2638 2903 2699 2942 se
2748 2887 2906 2943 novit
2935 2891 3229 2960 quomodo
3257 2890 3382 2963 ipse
3411 2891 3585 2948 homo
3619 2909 3631 2946 :
3666 2895 3820 2948 alius

2113 2972 2299 3028 nescit
2329 2974 2466 3044 quid
2521 2976 2578 3030 in
2630 2974 2726 3030 illo
2768 2987 2989 3047 agatur.
3043 2980 3143 3033 sed
3190 2980 3435 3050 spiritus
3466 2981 3593 3052 ejus
3633 2983 3814 3036 novit.

2111 3063 2356 3132 Accepto
2400 3071 2592 3119 autem
2623 3067 2836 3136 Spiritu
2878 3067 2993 3133 Dei,
3028 3067 3312 3124 discimus
3343 3073 3399 3123 et
3431 3069 3567 3140 quid
3604 3076 3821 3142 agatur

2114 3150 2170 3206 in
2197 3152 2311 3207 Deo
2336 3169 2347 3206 :
2376 3169 2488 3209 non
2521 3158 2730 3218 totum,
2781 3155 2916 3226 quia
2967 3173 3080 3211 non
3130 3159 3462 3231 accepimus
3495 3165 3705 3216 totum.
3744 3163 3820 3215 De

2115 3241 2354 3312 pignore
2385 3242 2565 3296 multa
2599 3244 2908 3299 novimus:
2949 3245 3160 3318 pignus
3189 3248 3344 3303 enim
3379 3249 3737 3321 accepimus,
3761 3256 3816 3303 et

2106 3332 2287 3400 hujus
2315 3331 2572 3403 pignoris
2607 3333 2902 3404 plenitudo
2958 3341 3153 3406 postea
3186 3336 3434 3393 dabitur.
3475 3339 3713 3393 Interim
3757 3339 3817 3393 in

2112 3419 2217 3474 hac
2249 3420 2709 3490 peregrinatione
2756 3423 2969 3494 pignus
3001 3440 3107 3480 nos
3137 3426 3491 3491 consoletur,
3537 3429 3672 3499 quia
3714 3431 3818 3500 qui

2113 3527 2218 3567 uos
2258 3511 2530 3581 dignatus
2571 3517 2658 3568 est
2697 3515 3100 3585 oppignerare,
3147 3516 3396 3571 multum
3445 3526 3682 3588 paratus
3724 3526 3818 3573 est

2108 3603 2262 3658 dare.
2297 3602 2354 3656 Si
2391 3603 2522 3659 talis
2553 3607 2640 3659 est
2671 3605 2862 3670 arrha,
2888 3605 3026 3675 quid
3061 3611 3146 3661 est
3176 3608 3342 3677 cuju
3373 3612 3462 3663 est
3485 3607 3656 3663 arrha
3679 3608 3707 3662 ‘2

2176 3693 2229 3746 6.
2264 3692 2372 3747 Sed
2406 3691 2542 3764 quid
2592 3697 2682 3749 est
2729 3695 2880 3764 quod
2932 3695 3028 3763 ait,
3070 3696 3182 3751 Non
3234 3695 3384 3750 enim
3424 3707 3544 3752 erat
3574 3696 3821 3768 Spiritus

2105 3783 2290 3850 datus,
2325 3785 2454 3855 quia
2483 3785 2636 3840 Iesus
2657 3784 2897 3840 nondum
2923 3789 3038 3841 erat
3057 3786 3397 3855 glori/iratus
3419 3790 3446 3841 ?
3480 3788 3538 3842 In
3562 3787 3818 3843 evidenti

2105 3877 2194 3927 cst
2225 3871 2571 3928 intellectus.
2606 3873 2730 3928 Non
2762 3874 2917 3930 enim
2964 3891 3078 3930 non
3109 3881 3230 3930 erat
3259 3875 3511 3947 Spiritus
3541 3875 3665 3943 Dei,
3707 3879 3816 3947 qui

2103 3967 2228 4018 erat
2260 3966 2408 4034 apud
2441 3963 2663 4031 Deum;
2699 3965 2798 4020 sed
2824 3966 3085 4021 nondum
3119 3971 3242 4021 erat
3275 3967 3330 4022 in
3368 3967 3453 4022 eTs
3484 3967 3582 4038 qui
3617 3969 3815 4024 credi-

2102 4051 2309 4106 derant
2336 4051 2395 4107 in
2427 4052 2651 4108 Jesum.
2689 4054 2772 4109 [ta
2801 4053 2955 4110 enim
3001 4055 3289 4126 disposuit
3319 4055 3605 4113 Dominus
3632 4057 3812 4113 Jesus

2103 4157 2218 4195 non
2251 4141 2332 4198 eis
2365 4142 2503 4198 dare
2551 4141 2833 4214 Spiritum
2885 4144 3056 4199 istum
3103 4143 3173 4200 de
3204 4161 3315 4215 quo
3347 4143 3666 4218 loquimur,
3698 4148 3810 4203 nisi

2102 4234 2234 4298 post
2264 4233 2748 4288 resurrectionem
2805 4248 3013 4298 suam;
3060 4238 3110 4288 et
3146 4233 3253 4288 hoc
3304 4251 3415 4290 non
3451 4236 3574 4290 sine
3602 4252 3810 4292 causa.

2102 4321 2168 4372 Et
2202 4319 2342 4374 forte
2373 4319 2420 4374 si
2456 4336 2804 4392 quaeramus,
2851 4330 3065 4376 annuet
3109 4326 3171 4375 ut
3225 4322 3630 4392 inveniamus;
3673 4335 3727 4381 et
3761 4328 3811 4379 si

2103 4408 2428 4478 pulscmus,
2474 4411 2693 4479 aperiet
2741 4416 2805 4465 ut
2835 4411 3142 4467 intremus.
3194 4413 3382 4468 Pietas
3433 4415 3640 4482 pulsat,
3693 4430 3811 4470 non

2102 4512 2339 4552 manus:
2397 4514 2734 4570 quanquam
2782 4499 2971 4569 pulsat
3002 4505 3056 4554 et
3092 4516 3316 4567 manus,
3349 4501 3394 4554 si
3427 4503 3498 4556 ab
3529 4504 3810 4574 operibus

2101 4589 2518 4645 misericordias
2559 4607 2673 4646 non
2717 4594 2903 4646 cesset
2945 4606 3169 4646 melius.
3222 4593 3354 4657 Quae
3401 4593 3579 4663 igitur
3629 4611 3810 4650 causa

2099 4684 2184 4732 est
2232 4693 2336 4732 cur
2383 4677 2658 4734 Dominus
2706 4679 2880 4735 Jesus
2942 4679 3209 4735 Christus
3270 4683 3535 4736 statuerit
3571 4684 3810 4738 nonnisi

2099 4783 2231 4821 cum
2264 4773 2419 4822 esset
2439 4768 2820 4839 gloriﬁcatus,
2837 4770 2972 4825 dare
2991 4769 3269 4841 Spiritum
3296 4773 3617 4826 sanctum?
3640 4772 3806 4836 Quod

2097 4860 2409 4927 antequam
2460 4858 2725 4913 dicamus
2754 4863 2816 4914 ut
2847 4875 3177 4929 possumus,
3215 4859 3376 4930 prius
3421 4863 3808 4930 querendum

2094 4951 2203 5016 est,
2241 4961 2314 5001 ne
2341 4961 2511 5017 quem
2568 4947 2711 5002 forte
2756 4953 3000 5015 moveat,
3045 4949 3338 5018 quomodo
3385 4951 3645 5006 nondum
3679 4958 3811 5008 erat

2094 5035 2346 5106 Spiritus
2393 5037 2453 5092 in
2491 5037 2826 5094 hominibus
2858 5040 3092 5103 sanctis,
3132 5053 3269 5093 cum
3303 5039 3372 5094 de
3403 5038 3527 5111 ipso
3561 5039 3813 5098 Domino

2095 5141 2296 5182 recens
2325 5134 2458 5182 nato
2492 5126 2719 5198 legatur
2746 5126 2804 5183 in
2841 5127 3172 5199 Evangelia,
3224 5127 3376 5200 quod
3409 5144 3543 5184 eum
3579 5129 3634 5184 in
3669 5131 3815 5201 Spi-

2095 5217 2212 5271 ritu
2245 5221 2451 5272 sancto
2483 5219 3059 5287 agnoveritSimeou,
3087 5219 3390 5289 agnoverit
3421 5219 3593 5275 etiam
3629 5227 3812 5279 Anna

2092 5304 2266 5360 vialua
2297 5305 2664 5377 prophetissa
2694 5307 2840 5377 (Luc.
2864 5323 2924 5368 lt,
2948 5307 3140 5375 25-38)
3168 5323 3182 5375 ;
3211 5310 3510 5377 agnoverit
3537 5309 3810 5367 Joannes

2091 5395 2233 5464 ipse,
2275 5395 2369 5466 qui
2424 5411 2558 5451 eum
2610 5395 2921 5466 baptizavit
2952 5397 3135 5467 (Joan.
3167 5412 3208 5465 ι,
3236 5398 3307 5450 26
3338 5397 3469 5466 34):
3521 5397 3809 5468 impletus

2088 5481 2304 5550 Spiritu
2339 5489 2537 5537 sancto
2568 5482 2870 5537 Zacharias
2915 5482 3094 5538 multa
3125 5483 3268 5538 dixit
3291 5484 3444 5551 (Luc.
3489 5500 3528 5549 ι,
3561 5485 3749 5555 67ιῖ9)
3792 5507 3809 5548 :

2088 5571 2369 5642 Spiritum
2404 5576 2669 5628 sanctum
2693 5573 2818 5644 ipsa
2851 5571 3050 5640 Maria,
3086 5577 3145 5626 ut
3186 5571 3497 5629 Dominum
3529 5577 3804 5651 concipe-
