4146 6186
279 278 308 335 i
322 273 435 336 645

271 420 378 475 ret,
416 416 638 482 acu‘pit
687 415 835 482 itur.
891 416 1000 487 35).
1064 417 1241 472 Multa
1303 436 1433 488 ergo
1491 421 1707 476 indicia
1767 439 1983 493 praece-

278 501 477 557 dentia
504 503 763 572 Spiritus
796 492 987 561 sancti
1009 505 1299 577 habemus,
1335 514 1647 580 antequam
1700 492 1982 569 Dominus

272 591 703 662 gloriﬁcaretur
767 596 1189 654 resurrectione
1236 600 1429 656 carnis
1497 616 1635 656 suis.
1663 600 1788 658 Non
1830 602 1982 658 cnim

269 681 451 738 alium
477 683 758 755 spiritum
780 685 957 743 etiam
977 687 1273 760 PrOphetaa
1308 690 1657 759 habuerunt,
1682 692 1781 765 qui
1821 692 1981 749 Chri-

272 774 436 827 stum
459 779 775 830 venturum
801 776 1359 848 pranuntiaveruut.
1382 779 1491 834 Sed
1513 781 1722 836 modus
1744 781 1983 852 quidam

275 862 511 918 futurus
545 867 671 919 erat
701 865 954 923 dationis
991 866 1190 938 hujus,
1233 869 1332 939 qui
1368 868 1610 925 omnino
1652 874 1820 927 antea
1868 886 1984 926 non

274 956 663 1021 apparuerat:
689 953 759 1007 de
782 953 909 1025 ipso
931 952 1023 1011 hic
1046 955 1278 1012 dicitur.
1303 956 1605 1029 Nusquam
1646 958 1801 1015 enim
1841 957 1987 1031 legi-

277 1055 412 1094 mus
433 1046 605 1095 antea
625 1050 1005 1114 congregatos
1026 1043 1292 1102 homines
1315 1050 1546 1118 accepto
1585 1047 1802 1120 Spiritu
1848 1064 1986 1104 san-

274 1133 390 1196 cto,
432 1126 654 1199 linguis
711 1130 976 1187 omnium
1024 1132 1283 1203 gentium
1334 1135 1555 1193 locutos
1599 1136 1795 1193 fuisse.
1850 1139 1987 1193 Post

270 1218 762 1275 resurrectionem
796 1226 991 1277 autem
1022 1238 1213 1293 suam,
1246 1224 1498 1296 primum
1538 1227 1771 1297 quando
1806 1242 1987 1298 appa-

270 1308 391 1362 ruit
422 1307 731 1379 discipulis
763 1310 908 1377 suis,
942 1311 1086 1368 dixit
1113 1311 1268 1370 illis:
1301 1314 1831 1387 AccipiteSpiritum
1854 1334 1985 1373 san-

268 1408 447 1451 ctum.
482 1396 562 1453 De
580 1398 687 1455 hoc
705 1416 837 1470 ergo
861 1400 1083 1457 dictum
1107 1408 1213 1472 est,
1244 1404 1360 1460 Non
1390 1414 1513 1461 erat
1542 1405 1778 1475 Spiritus
1805 1406 1983 1477 datus,

267 1489 405 1559 quia
435 1491 599 1545 Iesus
629 1488 869 1544 nondum
898 1494 1015 1547 erat
1061 1493 1422 1564 glori/acutus.
1457 1496 1521 1551 Et
1568 1497 1877 1567 insufﬂauit
1926 1498 1985 1551 in

265 1577 477 1647 faciem
509 1593 699 1634 eorum
730 1580 907 1650 (Joan.
940 1597 1035 1648 xx,
1064 1581 1177 1653 22),
1198 1582 1297 1653 qui
1321 1584 1460 1641 ﬂatu
1498 1586 1753 1657 primum
1800 1585 1986 1643 homi-

271 1682 406 1722 nem
434 1667 771 1738 viviticavit,
795 1674 851 1726 et
873 1672 943 1726 de
980 1670 1120 1728 limo
1165 1674 1367 1743 erexit,
1397 1690 1509 1745 quo
1548 1674 1686 1731 ﬂatu
1729 1676 1983 1733 animam

264 1758 557 1812 membris
586 1759 741 1816 dedit
772 1760 921 1831 (Gen.
957 1778 1020 1830 ιι,
1053 1763 1146 1834 7);
1183 1763 1520 1835 signiﬁcans
1564 1782 1698 1822 eum
1747 1783 1809 1823 se
1857 1783 1986 1823 esse

261 1847 365 1916 qui
400 1847 725 1904 insutﬂavit
754 1848 814 1904 in
848 1851 1053 1906 faciem
1086 1868 1311 1924 eorum,
1348 1858 1412 1909 ut
1450 1872 1482 1910 a
1532 1855 1651 1911 luto
1709 1872 1981 1927 exsurge-

262 1946 418 2005 rent,
453 1944 511 1993 et
542 1940 712 1995 luteis
742 1941 1014 2012 cperibus
1046 1944 1471 2001 renuntiarent.
1520 1946 1685 2001 Tunc
1729 1951 1984 2018 primum

267 2040 401 2100 post
422 2029 908 2085 resurrectionem
931 2047 1097 2087 suam
1125 2033 1421 2100 Dominus,
1443 2051 1617 2107 quam
1642 2036 1782 2092 dicit
1802 2036 1985 2094 Evan-

265 2120 483 2190 gelista
506 2122 1013 2192 gloriﬁcationem,
1038 2123 1196 2179 dedit
1219 2125 1520 2197 discipulis
1544 2126 1665 2184 suis
1698 2128 1982 2201 Spiritum

267 2217 573 2265 sanetum.
604 2211 824 2268 Deinde
852 2219 1253 2271 commoratus
1292 2232 1426 2271 cum
1467 2217 1552 2273 eis
1601 2218 1987 2290 quadraginta

269 2301 501 2367 dics,ut
543 2300 686 2355 liber
719 2306 970 2358 Actuum
997 2304 1403 2374 Apostolorum
1436 2307 1812 2377 demonstrat,
1844 2308 1987 2381 ipsis

265 2390 631 2458 videntibus,
655 2397 711 2446 et
733 2390 979 2448 videndo
1006 2391 1447 2459 deducentibus,
1473 2398 1737 2453 ascendit
1780 2400 1837 2454 in
1880 2415 1988 2455 cm-

269 2481 397 2536 lum
424 2482 562 2549 (Act.
598 2497 638 2540 ι.
671 2481 704 2535 3
736 2487 785 2536 et
815 2484 890 2552 9).
940 2483 1019 2537 lbi
1070 2486 1320 2555 peractis
1363 2488 1556 2542 decem
1611 2488 1836 2561 diebus,
1897 2490 1989 2548 die

272 2570 646 2626 Peutt’costes
680 2572 840 2627 misit
878 2572 1132 2645 desuper
1183 2574 1463 2646 Spiritum
1515 2584 1807 2635 sanctum.
1844 2581 1991 2650 Quo,

272 2659 585 2727 sicutdixi,
608 2662 707 2731 qui
747 2662 975 2717 fuerant
1023 2663 1081 2718 in
1125 2680 1239 2720 uno
1286 2664 1409 2721 loco
1450 2671 1800 2740 congregati,
1835 2687 1993 2726 acce-

280 2758 380 2821 pto
402 2750 656 2822 impleti,
683 2751 941 2808 omnium
963 2752 1224 2824 gentium
1248 2754 1467 2827 linguis
1500 2756 1675 2815 locuti
1720 2765 1859 2815 sunt
1888 2761 1991 2833 (ιιι.

274 2856 345 2907 ιι,
379 2840 508 2909 1-6).

349 2933 402 2986 7.
429 2933 579 2998 Quid
606 2949 762 3006 ergo,
787 2934 1015 3003 fratres,
1058 2935 1192 3007 quia
1232 2941 1401 2994 modo
1442 2940 1541 3011 qui
1578 2940 1906 3012 baptizatur
1936 2942 1997 2999 in

271 3023 527 3091 Christo,
550 3028 605 3077 et
648 3025 829 3079 credit
859 3025 915 3080 in
948 3026 1266 3096 Christum,
1303 3044 1417 3083 non
1440 3028 1701 3099 loquitur
1731 3030 1995 3087 omnium

274 3114 543 3183 gentiqu
575 3112 817 3183 linguis,
854 3130 966 3169 non
997 3125 1083 3170 est
1108 3117 1434 3173 credendus
1474 3120 1765 3190 accepisse
1809 3119 1999 3192 Spiri-

278 3211 410 3257 tum
443 3210 718 3258 sanctum
744 3204 772 3257 ?
800 3203 968 3260 Absit
1000 3210 1061 3260 ut
1092 3207 1203 3261 ista
1234 3207 1477 3279 perﬁdia
1510 3214 1761 3265 tentetur
1784 3227 1996 3267 corno-

279 3299 499 3348 strum.
539 3292 687 3349 Certi
727 3312 934 3350 sumus
964 3312 1194 3352 omnem
1229 3298 1523 3353 hominem
1548 3298 1807 3372 accipere
1841 3291 1854 3355 Ξ
1896 3302 1996 3357 sed

286 3388 580 3452 quantum
616 3399 712 3438 vas
744 3383 877 3439 ﬁdei
912 3384 1175 3441 attulerit
1220 3387 1287 3441 ad
1342 3389 1579 3457 lentem,
1612 3391 1842 3444 tantum
1892 3389 2000 3447 im-

282 3472 425 3543 plet.
461 3472 608 3526 Cum
641 3488 773 3543 ergo
804 3478 859 3528 et
893 3476 1066 3529 modo
1111 3475 1446 3547 accipiatur,
1498 3478 1706 3534 dixerit
1762 3478 1998 3551 aliquis,

284 3577 467 3632 quare
494 3578 670 3616 nemo
700 3561 960 3633 loquitur
992 3563 1209 3636 linguis
1231 3566 1495 3621 omnium
1518 3567 1782 3638 gentium
1806 3567 1834 3623 ?
1854 3567 1999 3634 Quia

274 3653 404 3721 jam
433 3650 562 3720 ipsa
584 3649 837 3707 Ecclesia
861 3652 1074 3721 linguis
1096 3653 1356 3710 omnium
1398 3656 1662 3726 gentium
1714 3655 1995 3729 loquitur.

286 3744 475 3796 Antea
499 3743 557 3795 in
579 3758 695 3797 una
717 3746 881 3812 gente
903 3750 1021 3799 erat
1047 3743 1319 3811 Ecclesia,
1346 3743 1443 3800 ubi
1466 3746 1730 3802 omnium
1782 3746 1997 3818 linguis

282 3832 655 3902 loquebatur.
693 3831 1003 3902 Loquendo
1048 3832 1267 3905 linguis
1316 3834 1599 3903 omnium,
1632 3834 1997 3907 signiﬁcabat

284 3923 550 3978 laturum
585 3928 650 3977 ut
680 3924 988 3980 crescendo
1016 3940 1115 3995 per
1143 3928 1361 3995 gentes,
1394 3923 1731 3997 loqueretur
1776 3925 1996 3999 linguis

282 4014 574 4068 omnium.
602 4013 667 4067 ln
702 4013 807 4068 hac
839 4012 1091 4068 Ecclesia
1114 4013 1209 4084 qui
1243 4031 1358 4070 non
1399 4020 1504 4082 est,
1546 4031 1649 4070 nec
1687 4017 1852 4071 modo
1893 4033 1995 4073 ac-

283 4103 724 4177 cipitSpiritum
750 4114 1041 4160 sanctum.
1066 4106 1348 4161 Praecisus
1369 4106 1523 4161 enim
1554 4113 1609 4162 et
1648 4107 1871 4163 divisus
1921 4109 1993 4163 ab

286 4197 512 4251 unitate
542 4195 964 4260 membrorum,
997 4212 1121 4267 qua:
1155 4196 1345 4251 unitas
1374 4196 1590 4266 linguis
1630 4197 1881 4251 omnium
1911 4196 1991 4252 lo-

286 4288 515 4358 quitur,
549 4286 848 4341 renuntiet
866 4285 1018 4355 sibi;
1054 4303 1170 4343 non
1210 4286 1448 4343 habet‘.
1496 4287 1642 4344 Nam
1700 4288 1751 4344 si
1796 4287 1990 4356 habet,

281 4377 381 4431 det
400 4375 643 4448 signum
667 4377 815 4446 quod
844 4385 977 4432 tunc
1000 4376 1263 4432 dabatur.
1290 4376 1437 4443 Quid
1478 4382 1585 4445 est,
1611 4377 1709 4433 det
1757 4378 1990 4449 signum

281 4464 437 4536 quod
470 4472 611 4520 tunc
642 4465 892 4520 dabatur
913 4463 941 4516 ?
970 4464 1267 4536 Loquatur
1297 4465 1572 4522 omnibus
1609 4466 1846 4537 linguis.
1888 4466 1989 4522 Ιὶθ·

279 4557 532 4625 spondet
553 4554 904 4617 mihi:0uid
946 4556 1210 4620 euim,tu
1259 4554 1516 4626 loqueris
1562 4555 1837 4613 omnibus
1878 4555 1992 4611 lin-

281 4640 458 4707 guis?
492 4641 720 4713 Loquor
763 4640 955 4712 plane,
980 4640 1119 4711 quia
1150 4641 1343 4695 omnis
1384 4642 1584 4713 lingua
1622 4659 1749 4698 mea
1786 4646 1895 4712 est,
1929 4642 1987 4698 id

280 4738 387 4796 est,
419 4733 549 4800 ejus
567 4733 830 4802 corporis
869 4733 1038 4800 cujus
1071 4732 1395 4787 membrum
1432 4748 1582 4788 sum.
1611 4732 1830 4789 Diﬁ'usa
1879 4732 1988 4789 Ec-

277 4820 454 4875 clesia
478 4836 582 4892 per
612 4826 815 4891 gentes
846 4820 1099 4890 loquitur
1142 4822 1413 4877 omnibus
1453 4822 1703 4895 linguis;
1737 4823 1992 4880 Ecclesia

277 4922 359 4963 est
385 4926 599 4980 corpus
622 4909 854 4975 Christi,
878 4910 938 4964 in
976 4908 1083 4966 hoc
1106 4926 1344 4981 corpore
1368 4912 1691 4968 membrum
1731 4928 1790 4968 es
1813 4930 1825 4966 :
1852 4928 1988 4969 cum

278 5013 413 5068 ergo
438 4999 771 5053 membrum
800 4999 882 5054 sis
904 4999 1032 5068 ejus
1054 5000 1314 5070 corporis
1336 4998 1493 5070 quod
1514 5001 1762 5072 loquitur
1802 5003 1991 5058 omni-—

279 5088 385 5144 bus
414 5087 655 5158 linguis,
689 5090 858 5144 crede
888 5093 943 5145 te
983 5088 1141 5160 loqui
1192 5091 1465 5146 omnibus
1515 5091 1746 5162 linguis.
1781 5091 1992 5150 Unitas

274 5180 429 5235 enim
461 5180 865 5235 membrorum
897 5179 1180 5235 charitate
1200 5183 1513 5237 concordat
1537 5200 1548 5248 ;
1574 5192 1627 5237 et
1647 5183 1773 5254 ipso
1792 5182 1992 5240 unitas

278 5268 529 5339 loquitur
560 5268 854 5340 quomodo
886 5275 1024 5325 tunc
1058 5285 1210 5325 unus
1233 5268 1408 5325 homo
1437 5268 1803 5341 loquebatur.

342 5358 396 5411 8.
442 5358 782 5428 Accipimus
829 5375 963 5429 ergo
1019 5368 1075 5415 et
1134 5374 1237 5414 nos
1288 5358 1569 5430 Spiritum
1610 5365 1900 5429 sanctum,
1933 5362 1986 5419 si

274 5462 542 5503 eruamus
593 5448 937 5516 Ecclesium,
984 5448 1031 5504 si
1071 5447 1356 5505 charitate
1410 5451 1986 5523 compaginamur,si

268 5537 558 5595 catholico
588 5537 825 5596 nomine
851 5542 907 5595 et
938 5538 1049 5595 ﬁde
1090 5540 1428 5610 gaudemus.
1476 5538 1814 5609 Credamus,
1870 5542 1987 5598 fra-

345 5648 358 5679 ι
383 5643 438 5694 lu
469 5644 743 5709 plerisque
773 5647 916 5701 Mss.,
948 5646 1209 5697 renuntiet
1243 5646 1292 5697 si
1319 5660 1422 5697 non
1452 5646 1622 5698 habet.

1420 282 1890 346 TRAC'I‘A'I‘US
1931 285 2170 346 XXXII.
2217 284 2477 346 CAPUT
2523 284 2651 347 VII.

3641 289 3795 353 1646

2093 430 2242 491 tres;
2268 430 2551 493 quantum
2571 423 2815 492 quisque
2855 429 3009 476 amat
3049 423 3361 479 Ecclesium
3400 426 3634 494 Christi,
3670 434 3799 486 tan-

2094 517 2216 565 tum
2252 512 2426 566 habet
2450 510 2726 582 Spiritum
2754 516 3041 566 sanctum.
3069 516 3239 566 Datus
3265 518 3349 568 est
3402 515 3556 569 enim
3619 518 3797 588 Spiri-

2092 605 2209 671 tus,
2236 603 2383 658 sicut
2403 601 2705 674 Apostolus
2728 602 2884 670 dicit,
2926 602 2995 657 ad
3048 606 3576 673 mani/'estationem.
3612 607 3796 671 Quam

2095 692 2621 747 manifestationem
2642 690 2670 745 ?
2691 691 2849 748 Sicut
2872 691 2996 763 ipse
3014 692 3163 746 idem
3189 692 3348 760 dicit,
3376 694 3519 762 Quia
3560 696 3662 751 alii
3698 698 3802 751 da-

2096 788 2187 836 tur
2224 797 2320 854 per
2370 781 2641 852 Spiritum
2682 797 2857 837 sermo
2903 782 3219 852 sapientiae,
3260 783 3366 838 alii
3405 801 3582 840 sermo
3624 789 3801 843 srien-

2096 874 2193 929 tia?
2227 873 2522 927 secundum
2566 870 2811 926 eumdem
2856 870 3143 940 Spiritum,
3190 872 3296 928 alii
3342 873 3473 943 ﬁdes
3510 876 3570 928 in
3617 876 3802 931 eodem

2098 959 2336 1032 Spiritu,
2369 959 2475 1015 alii
2495 960 2723 1015 donatio
2771 962 3116 1015 curationum
3169 962 3228 1015 in
3269 978 3376 1016 uno
3435 962 3804 1034 Spiritu,alii

2095 1052 2335 1118 operatio
2366 1053 2630 1105 virtutum
2656 1048 2716 1103 in
2745 1050 2926 1105 eodem
2957 1050 3189 1119 Spiritu.
3233 1050 3415 1107 Multa
3452 1052 3607 1108 enim
3659 1055 3802 1109 dan-

2096 1144 2191 1195 tur
2265 1140 2333 1194 ad
2388 1138 2933 1203 manifestationem,
2985 1139 3085 1195 sed
3146 1144 3204 1194 tu
3279 1139 3515 1194 forsitan
3598 1156 3796 1197 eorum

2094 1231 2357 1288 omnium
2391 1247 2513 1302 quas
2562 1230 2675 1285 dixi
2728 1228 2849 1284 nihi
2898 1228 3099 1286 habes.
3156 1231 3211 1283 Si
3267 1246 3448 1296 amas,
3486 1247 3600 1286 non
3654 1232 3799 1287 nihil

2095 1323 2271 1379 habes
2300 1338 2311 1378 :
2340 1322 2387 1378 si
2411 1320 2565 1376 enim
2590 1337 2750 1375 amas
2774 1318 3258 1387 unitatem,etiam
3286 1320 3388 1375 tibi
3428 1320 3602 1375 habet
3642 1323 3800 1392 quis-

2096 1412 2226 1484 quis
2249 1411 2306 1467 in
2326 1411 2427 1467 illa
2450 1410 2624 1466 habet
2648 1410 2889 1482 aliquid.
2920 1410 3078 1464 Tolle
3108 1409 3411 1475 invidiam,
3434 1415 3490 1465 et
3513 1416 3680 1465 tuum
3714 1418 3801 1466 est

2096 1500 2251 1573 quod
2278 1500 2494 1556 habeo:
2523 1497 2718 1554 tollam
2742 1498 3042 1568 invidiam,
3066 1503 3120 1553 et
3143 1515 3339 1554 meum
3376 1505 3463 1554 est
3504 1499 3659 1570 quod
3704 1499 3799 1553 ha-

2094 1590 2218 1649 bes.
2242 1591 2411 1645 Livor
2427 1593 2675 1661 separat,
2697 1588 3151 1659 sanitasjungit.
3192 1587 3407 1644 Oculus
3436 1587 3598 1644 solus
3648 1588 3803 1643 videt

2096 1679 2155 1734 in
2187 1694 2427 1751 corpore
2462 1693 2475 1732 :
2511 1678 2611 1733 sed
2646 1676 2934 1748 numquid
2986 1676 3089 1731 soli
3143 1676 3253 1731 sibi
3297 1676 3497 1732 oculus
3531 1677 3710 1731 videt.
3736 1675 3804 1731 Et

2095 1768 2288 1823 manui
2314 1767 2488 1831 videt,
2525 1770 2579 1820 et
2602 1765 2733 1836 pedi
2772 1765 2947 1834 videt,
2975 1770 3029 1819 et
3050 1764 3271 1820 caeteris
3295 1764 3575 1820 membris
3595 1764 3749 1820 videt
3786 1781 3798 1819 :

2094 1874 2210 1915 non
2234 1858 2387 1915 enim
2408 1857 2454 1912 si
2478 1856 2691 1928 aliquis
2714 1855 2866 1911 ictus
2906 1855 2965 1909 in
3007 1856 3209 1927 pedem
3249 1856 3465 1925 veniat,
3497 1857 3699 1910 avertit
3740 1872 3801 1911 se

2094 1949 2296 2006 oculus
2326 1948 2461 2004 inde
2492 1955 2554 2002 ut
2595 1962 2710 2002 non
2760 1950 3098 2016 praecaveat.
3145 1944 3369 2001 Rursus
3415 1946 3539 2000 sola
3588 1961 3801 2001 manus

2097 2038 2443 2112 operaturin
2462 2051 2724 2108 corpore;
2752 2035 2851 2091 sed
2876 2034 3160 2105 numquid
3186 2034 3295 2090 sibi
3338 2034 3443 2090 soli
3480 2040 3756 2106 operatur
3774 2036 3802 2090 ‘I

2097 2129 2160 2185 Et
2199 2128 2366 2185 oculo
2388 2135 2654 2199 operatur
2689 2142 2700 2179 :
2737 2140 2870 2181 nam
2898 2124 2947 2180 si
2980 2124 3129 2180 ictus
3162 2123 3375 2194 aliquis
3405 2124 3645 2181 veniens
3687 2140 3797 2180 non

2095 2224 2189 2276 eat
2218 2218 2277 2273 in
2309 2232 2568 2282 manum,
2604 2214 2706 2270 sed
2728 2218 2955 2269 tantum
2987 2214 3044 2268 in
3081 2214 3307 2281 faciem,
3344 2216 3625 2285 numquid
3662 2214 3803 2269 dicit

2099 2325 2324 2374 manus,
2356 2307 2479 2363 Non
2505 2322 2596 2361 me
2624 2320 2845 2370 moveo,
2882 2304 3018 2377 quia
3048 2319 3162 2359 non
3194 2304 3383 2358 tendit
3413 2305 3484 2358 ad
3545 2319 3635 2358 me
3657 2304 3684 2357 ?
3710 2306 3801 2357 Sic

2098 2417 2200 2475 pes
2231 2397 2586 2454 ambulando
2617 2396 2888 2451 omnibus
2921 2393 3199 2449 membris
3241 2392 3453 2448 militat
3488 2410 3501 2448 :
3538 2394 3803 2448 membra

2100 2494 2307 2545 caetera
2338 2492 2553 2554 tacent,
2580 2490 2636 2541 et
2659 2485 2852 2556 lingua
2887 2484 3160 2540 omnibus
3201 2482 3478 2554 loquitur.
3516 2481 3809 2538 Habemus

2103 2599 2236 2654 ergo
2260 2581 2540 2652 Spiritum
2564 2583 2855 2645 sanctum,
2879 2577 2923 2632 si
2950 2592 3215 2631 amamus
3248 2574 3566 2630 Ecclesium
3592 2592 3604 2628 :
3661 2591 3817 2630 ama-

2106 2688 2238 2726 mus
2268 2673 2486 2736 autem,
2516 2667 2564 2723 si
2597 2668 2652 2721 in
2688 2668 2813 2735 ejus
2862 2679 3141 2736 compage
3193 2668 3248 2718 et
3288 2664 3572 2718 charitate
3624 2663 3816 2717 consi-

2108 2761 2335 2817 stimus.
2361 2758 2503 2813 Nam
2521 2756 2646 2828 ipse
2669 2753 2977 2827 Apostolus
3001 2770 3135 2809 cum
3160 2752 3401 2807 dixisset
3441 2751 3672 2808 diversa
3711 2753 3814 2806 do-

2109 2868 2187 2908 na
2209 2850 2332 2907 dari
2356 2849 2598 2904 diversis
2622 2845 2979 2911 hominibus,
3005 2849 3281 2914 tanquam
3309 2842 3500 2898 ofﬁcia
3549 2856 3819 2913 quorum-

2112 2956 2225 3011 que
2276 2939 2691 3001 membrorum,
2744 2934 2948 3000 Adhur,
2981 2934 3189 3003 inquit,
3237 2931 3815 3004 supereminentiorem

2111 3033 2258 3086 viam
2287 3028 2435 3084 vobis
2473 3026 2823 3084 demonstro;
2857 3028 2915 3079 et
2962 3026 3133 3093 C(Bpit
3184 3023 3341 3093 loqui
3393 3024 3462 3077 de
3517 3021 3813 3077 charitate.

2112 3120 2434 3193 Praeposuit
2455 3134 2581 3173 eam
2606 3114 3142 3186 linguisbominum
3168 3119 3223 3169 et
3269 3113 3644 3184 Angelorum,
3672 3131 3817 3185 pra:-

2113 3211 2305 3284 posuit
2327 3208 2624 3266 miraculis
2647 3207 2802 3271 ﬁdei,
2839 3207 3153 3276 [)I‘thOStllt
3174 3206 3428 3259 scientias
3468 3209 3524 3258 et
3566 3205 3819 3275 prOphe-

2116 3304 2226 3371 tiae,
2254 3301 2569 3374 preposuit
2594 3297 2767 3355 etiam
2810 3296 2889 3349 illi
2934 3310 3139 3366 magno
3182 3294 3340 3364 Operi
3385 3293 3815 3359 misericordiae,

2054 3446 2057 3449 γ
2113 3412 2229 3468 quo
2247 3410 2351 3450 sua
2380 3410 2503 3464 quae
2527 3390 2781 3461 possidet
2811 3384 3108 3441 distribuit
3140 3383 3380 3456 quisque
3421 3384 3773 3455 pauperibus
3800 3400 3813 3448 ;

2112 3490 2169 3542 et
2198 3486 2266 3540 ad
2300 3487 2621 3539 extremum
2654 3476 3114 3551 praeposuiteam
3149 3474 3322 3529 etiam
3374 3472 3631 3543 corporis
3679 3488 3814 3542 pas-

2113 3574 2262 3633 sioni
2290 3590 2303 3629 :
2329 3572 2416 3627 his
2433 3569 2709 3628 omnibus
2732 3571 2852 3623 tam
2882 3565 3106 3636 magnis
3129 3565 3304 3619 rebus
3337 3560 3647 3634 praeposuit
3678 3559 3817 3615 cha-

2115 3665 2341 3720 ritatem
2375 3660 2423 3730 (Ι
2451 3659 2573 3715 Cor.
2604 3675 2704 3724 xu,
2735 3657 2929 3724 7—xm,
2959 3654 3034 3724 3).
3086 3653 3278 3725 Ipsam
3323 3651 3546 3718 habeto,
3571 3654 3626 3704 et
3671 3664 3815 3704 cun-

2111 3757 2204 3808 cta
2235 3749 2473 3807 habebis
2505 3766 2518 3804 :
2550 3747 2686 3819 quia
2734 3746 2859 3802 sine
2888 3742 2988 3798 illa
3034 3740 3177 3797 nihil
3219 3739 3493 3813 proderit,
3527 3738 3811 3811 quidquid

2110 3842 2328 3898 habere
2352 3839 2623 3913 potueris.
2647 3834 2792 3901 Quia
2812 3850 2943 3890 vero
2967 3833 3035 3888 ad
3061 3831 3343 3901 Spiritum
3383 3836 3650 3887 sanctum
3684 3846 3811 3902 per-

2111 3932 2253 3988 tinet
2269 3929 2522 3986 charitas
2545 3927 2615 3982 de
2639 3941 2754 3997 qua
2774 3924 3072 3995 loquimur
3094 3920 3350 3993 (quaestio
3371 3920 3526 3976 enim
3562 3920 3731 3975 modo
3755 3920 3813 3975 in

2109 4017 2415 4090 Evangelio
2449 4018 2518 4071 de
2558 4014 2771 4087 Spiritu
2814 4016 3009 4068 sancto
3056 4010 3449 4080 retractatur),
3474 4009 3608 4065 audi
3657 4011 3816 4079 Apo-

2112 4107 2325 4165 stolum
2359 4108 2668 4173 dicentem,
2702 4103 2953 4158 Charitas
2987 4102 3081 4156 Dei
3107 4099 3312 4171 diﬂusa
3348 4104 3427 4155 est
3465 4098 3526 4154 in
3564 4100 3817 4155 cordibus

2106 4199 2309 4255 nostris
2327 4214 2424 4270 per
2443 4195 2715 4267 Spiritum
2740 4201 3009 4258 sanctum,
3034 4192 3130 4262 qui
3150 4191 3313 4245 datus
3342 4197 3418 4245 est
3452 4189 3603 4244 nobis
3632 4190 3809 4257 (Rom.

2105 4305 2160 4359 ν,
2189 4289 2266 4360 5).

2174 4382 2228 4438 9.
2262 4380 2448 4445 Quare
2487 4393 2622 4450 ergo
2658 4374 2939 4432 Dominus
2986 4371 3292 4443 Spiritum,
3343 4370 3512 4440 cujus
3558 4371 3813 4427 maxima

2104 4470 2387 4527 beneﬁcia
2420 4473 2558 4525 sunt
2587 4466 2648 4521 in
2680 4464 2875 4533 nobis,
2907 4461 3040 4533 quia
3072 4459 3325 4515 charitas
3350 4459 3444 4513 Dei
3477 4475 3580 4531 per
3616 4460 3810 4531 ipsum

2104 4560 2317 4617 diﬁ'usa
2349 4557 2526 4615 estin
2560 4555 2830 4613 cordibus
2888 4549 3090 4617 nostri,
3144 4552 3275 4620 post
3323 4550 3808 4605 resurrectionem

2106 4666 2275 4707 suam
2308 4649 2443 4705 dare
2472 4643 2701 4702 voluit?
2730 4642 2868 4713 quid
2901 4637 3299 4710 signiﬁcavit?
3328 4635 3398 4693 Ut
3450 4638 3508 4693 in
3553 4655 3813 4695 resurre-

2104 4741 2299 4796 ctione
2339 4741 2537 4794 uostra
2585 4734 2840 4792 charitas
2890 4734 3090 4787 nostra
3140 4728 3363 4801 flagret,
3396 4731 3453 4783 et
3502 4728 3572 4785 ab
3616 4747 3813 4785 amore

2104 4829 2301 4888 saeculi
2334 4829 2582 4901 separet,
2625 4829 2688 4882 ut
2732 4828 2854 4881 tota
2901 4823 3099 4878 currat
3143 4817 3200 4875 in
3252 4818 3452 4875 Deum.
3498 4818 3600 4877 Hic
3656 4821 3808 4874 cnim

2104 4922 2405 4979 nascimur
2434 4925 2492 4976 et
2525 4917 2835 4982 morimur,
2870 4914 2978 4969 hoc
3022 4929 3137 4967 non
3188 4927 3452 4966 amemus
3487 4927 3499 4964 :
3534 4909 3812 4964 charitate

2106 5011 2442 5083 migremus,
2462 5001 2741 5066 charitate
2764 5018 3001 5061 sursum
3024 5001 3378 5070 habitamus,
3404 4998 3679 5053 charitate
3713 4996 3813 5052 illa

2104 5118 2219 5174 qua
2250 5100 2550 5173 diligimus
2578 5099 2773 5154 Deum.
2800 5091 2953 5149 Nihil
2985 5090 3137 5146 aliud
3174 5087 3231 5143 in
3272 5088 3379 5142 hac
3426 5084 3555 5140 vitae
3600 5089 3811 5140 nostris

2104 5188 2570 5263 peregrinatione
2603 5184 2968 5247 meditemur,
3001 5179 3111 5234 nisi
3146 5177 3280 5248 quia
3312 5180 3367 5229 et
3391 5174 3483 5228 hic
3517 5190 3631 5230 non
3663 5190 3813 5229 scm-

2103 5297 2208 5353 per
2236 5280 2479 5346 erimus,
2503 5276 2659 5331 etibi
2685 5272 2850 5330 nobis
2882 5270 3072 5325 locum
3114 5267 3260 5321 bene
3299 5263 3541 5319 vivendo
3590 5280 3813 5336 praepa-

2101 5368 2538 5435 rabimus,unde
2553 5363 2705 5421 unde
2721 5353 3818 5432 nunquammigremus.Dozuinusenim

2102 5464 2302 5516 noster
2332 5459 2501 5513 Jesus
2550 5453 2839 5517 Christus,
2891 5451 3273 5520 posteaquam
3332 5445 3667 5517 resurrexit,
3690 5448 3813 5518 jam

2099 5566 2215 5605 *non
2254 5548 2538 5606 moritur;
2584 5558 2731 5599 mors
2780 5540 2867 5595 illi
2905 5538 3077 5606 ultra,
3112 5534 3264 5591 sicut
3299 5535 3607 5608 Apostolus
3651 5536 3810 5602 dicit,

2098 5656 2214 5697 non
2241 5634 2623 5693 dominabitur
2653 5633 2755 5704 (Id.
2787 5648 2862 5702 vx,
2894 5629 2971 5700 9).
2997 5629 3139 5684 Ecce
3161 5627 3310 5699 quod
3342 5642 3627 5684 amemus.
3651 5627 3706 5681 Si
3734 5628 3814 5681 vi-
