4126 6194
348 275 500 337 1647

342 416 559 483 vimus,
592 413 640 467 si
674 411 945 482 inipsum
994 408 1286 463 credimus
1338 406 1436 477 qui
1488 405 1837 469 resurrexit;
1882 398 2044 453 dabit

342 503 527 571 nobis,
563 517 675 557 non
709 500 863 571 quod
897 499 991 554 hic
1022 502 1224 554 amant
1257 495 1523 551 homines
1562 494 1659 566 qui
1710 493 1883 547 Deum
1930 502 2042 542 non

345 599 563 662 amant,
596 597 697 650 aut
726 596 888 649 tanto
930 592 1057 662 plus
1108 592 1327 656 amant,
1362 590 1577 660 quanto
1629 585 1795 641 illum
1845 579 2044 637 minus

344 690 543 741 amant
576 700 589 739 :
622 686 783 741 tanto
815 686 1010 738 autem
1043 680 1151 736 hoc
1176 679 1369 735 minus
1400 676 1856 747 amant,quanto
1880 669 2045 725 illum

348 777 710 849 plusamant.
742 773 853 830 Sed
883 772 1184 827 videamus
1207 769 1348 842 quid
1375 768 1542 825 nobis
1578 763 1852 837 promisit
1883 777 1897 817 :
1931 774 2046 815 non

346 866 578 923 divitias
607 869 867 920 terrenas
890 866 944 917 et
967 858 1334 932 temporales,
1359 874 1474 913 non
1506 856 1757 911 honores
1789 855 1846 907 et
1894 852 2045 921 pote-

345 960 523 1013 states
548 954 606 1011 in
639 952 1020 1018 saeculoisto;
1069 948 1279 1005 videtis
1326 947 1482 1004 enim
1529 943 1727 1002 omnia
1756 942 1879 997 haec
1926 938 2051 996 dari

344 1053 401 1103 et
430 1042 767 1102 hominibus
791 1041 982 1106 malis,
1004 1053 1074 1094 ne
1104 1036 1638 1110 magnipendantur
1659 1050 1691 1089 a
1710 1031 1898 1087 bonis.
1926 1029 2051 1087 Non

344 1140 529 1209 ipsam
563 1136 857 1205 postremo
885 1127 1146 1200 corporis
1180 1127 1484 1183 sanitatem
1531 1141 1543 1179 :
1574 1138 1689 1179 non
1740 1121 1879 1192 quia
1928 1119 2052 1192 ipse

344 1229 502 1283 illam
528 1240 641 1282 non
665 1224 781 1289 dat,
810 1222 907 1277 sed
933 1220 1090 1293 quia,
1126 1222 1191 1274 ut
1223 1217 1452 1285 videtis,
1484 1224 1534 1271 cl
1576 1212 1882 1287 pecoribus
1931 1210 2051 1265 dat.

342 1316 465 1371 Non
498 1314 675 1370 vitam
708 1312 963 1383 longam.
997 1309 1145 1374 Quid
1180 1311 1269 1364 est
1304 1307 1461 1363 enim
1494 1305 1729 1375 longum
1763 1301 1917 1374 quod
1943 1299 2056 1355 ali-

347 1406 580 1478 quando
612 1403 861 1460 finitur?
892 1402 1017 1457 Non
1042 1416 1144 1471 pro
1196 1414 1406 1469 magno
1460 1394 1626 1453 nobis
1679 1392 2053 1450 credentibus

348 1494 616 1568 promisit
646 1492 1088 1564 longaevitatem,
1122 1492 1225 1545 aut
1255 1487 1603 1558 decrepitam
1654 1486 2008 1541 senectutem
2034 1496 2056 1543 ;

348 1601 525 1659 quam
556 1599 759 1640 omnes
791 1585 995 1655 optant
1024 1583 1329 1650 antequam
1370 1576 1583 1641 veniat,
1616 1590 1816 1631 omnes
1853 1573 1924 1628 de
1957 1570 2057 1627 illa

350 1692 483 1731 eum
514 1672 1141 1730 veneritmurmurant.
1165 1667 1289 1724 Non
1315 1664 1812 1739 pulchritudinem
1845 1677 2058 1734 corpo-

358 1766 455 1826 ris,
489 1780 667 1836 quam
690 1760 775 1819 vel
797 1762 1056 1833 corporis
1081 1758 1333 1826 morbus,
1357 1755 1445 1811 vel
1468 1756 1599 1827 ipsa
1628 1758 1899 1809 senectus
1931 1767 2057 1824 qua:

356 1859 591 1927 optatur
620 1852 989 1910 exterminat.
1021 1848 1160 1904 Vult
1188 1864 1316 1904 esse
1348 1846 1611 1919 pulcher,
1655 1848 1712 1900 et
1758 1843 1883 1899 vult
1930 1858 2060 1899 esse

359 1960 576 2002 senex:
625 1943 734 1999 ista
785 1942 898 1997 duo
940 1938 1226 1996 desideria
1266 1937 1378 1993 sibi
1428 1937 1670 1991 invicem
1715 1933 2067 1989 concordare

363 2052 474 2091 non
502 2036 787 2107 possunt:
819 2031 869 2085 si
897 2045 1069 2086 senex
1091 2028 1223 2093 eris,
1251 2025 1489 2099 pulcher
1512 2041 1627 2081 non
1650 2022 1766 2080 eris
1794 2040 1806 2077 :
1833 2020 2066 2093 quando

362 2131 630 2179 senectus
659 2120 899 2188 venerit,
932 2117 1305 2190 pulchritudo
1336 2116 1544 2186 fugiet;
1588 2118 1644 2169 et
1675 2113 1733 2167 in
1769 2128 1880 2166 uno
1904 2108 2069 2164 habi-

365 2220 487 2268 tare
520 2226 633 2267 non
665 2212 913 2282 possunt
940 2208 1107 2279 vigor
1124 2202 1601 2277 pulchritudinis,
1625 2206 1682 2258 et
1700 2200 1956 2274 gemitus
1977 2215 2067 2255 se—

370 2301 640 2359 nectutis.
676 2299 884 2356 Omnia
931 2314 1065 2369 ergo
1114 2297 1224 2354 ista
1276 2311 1391 2352 non
1441 2294 1609 2350 nobis
1650 2290 1939 2364 promisit,
1971 2289 2069 2361 qui

372 2390 535 2457 dixit,
566 2392 669 2458 Qui
707 2388 879 2445 credit
908 2388 963 2442 in
988 2402 1094 2455 me,
1128 2385 1334 2453 veniat,
1358 2388 1409 2441 et
1447 2384 1623 2445 bibat:
1657 2390 1709 2438 et
1741 2382 1973 2451 ﬂumina
2010 2377 2073 2433 de

377 2488 567 2537 ventre
586 2481 702 2552 ejus
728 2481 899 2549 ﬂuent
920 2494 1077 2549 aqua:
1099 2475 1464 2533 vivxﬂitam
1488 2479 1757 2530 aeternam
1782 2467 2073 2544 promisit.

381 2570 475 2625 ubi
498 2569 641 2625 nihil
664 2568 1003 2633 timeamus,
1037 2566 1136 2621 ubi
1170 2581 1281 2619 non
1316 2564 1752 2629 conturbamur,
1780 2560 1931 2616 unde
1964 2573 2077 2613 non

381 2659 721 2729 migremus,
742 2656 837 2713 ubi
864 2672 975 2711 non
998 2655 1353 2724 moriamur;
1382 2653 1478 2709 ubi
1504 2669 1606 2708 nec
1627 2653 1897 2707 decessor
1926 2649 2081 2721 plan-

380 2751 572 2818 gatur,
622 2760 728 2802 nec
786 2760 1089 2801 successor
1135 2748 1421 2814 speretur.
1471 2741 1616 2806 Quia
1663 2756 1798 2811 ergo
1851 2738 1964 2794 tale
1998 2739 2085 2792 est

380 2838 533 2906 quod
570 2835 735 2891 nobis
768 2834 1033 2907 promisit
1083 2832 1435 2901 amantibus,
1493 2838 1545 2887 et
1595 2830 1847 2903 Spiritus
1898 2825 2082 2883 sancti

382 2924 659 2981 charitate
709 2923 1100 2991 ferventibus;
1151 2921 1281 2977 ideo
1330 2922 1521 2994 ipsum
1571 2919 1849 2991 Spiritum
1900 2915 2088 2972 noluit

384 3016 543 3081 dare,
578 3012 690 3068 nisi
724 3028 857 3069 cum
892 3016 1043 3068 esset
1077 3010 1438 3082 glorificatus
1463 3026 1476 3065 :
1500 3014 1564 3065 ut
1594 3010 1651 3063 in
1695 3024 1802 3063 suo
1850 3020 2087 3079 corpore

384 3108 717 3161 ostenderet
747 3106 949 3173 vitam,
978 3118 1150 3174 quam
1182 3102 1353 3157 modo
1385 3117 1498 3157 non
1551 3100 1853 3165 habemus,
1898 3097 1995 3154 sed
2029 3095 2087 3151 in

390 3196 802 3254 resurrectione
832 3211 1161 3268 speramus.

880 3322 1302 3380 TRACTATUS
1346 3321 1598 3379 XXXIII.

390 3436 463 3491 Ab
485 3450 544 3490 eo
567 3434 679 3491 loco
702 3433 1006 3503 Evangelii,
1029 3432 1110 3487 Ex
1141 3430 1240 3487 illa
1273 3447 1408 3503 ergo
1435 3430 1605 3486 turba
1636 3444 1768 3485 cum
1794 3426 2096 3484 audissent

463 3526 566 3580 bos
598 3540 896 3581 sermones
929 3523 1078 3594 ejus,
1110 3529 1235 3591 etc.,
1268 3537 1437 3592 usque
1480 3519 1549 3575 ad
1605 3519 1679 3587 id,
1728 3518 1843 3575 Nec
1892 3534 1995 3589 ego
2042 3524 2096 3575 te

462 3613 898 3679 condemnabo;
932 3612 1096 3682 Vade,
1133 3615 1189 3667 et
1233 3610 1477 3682 amplius
1522 3608 1637 3665 noli
1672 3624 1927 3681 peccare.
1965 3608 2092 3681 Cap.

464 3721 561 3769 vn,
596 3706 649 3771 ἱ.
684 3702 873 3767 40-53,
908 3710 959 3757 et
992 3718 1117 3774 cap.
1153 3717 1275 3766 vni,
1310 3702 1360 3769 ᾗ.
1400 3700 1546 3754 1-11.

466 3815 516 3867 1.
550 3808 813 3865 Meminit
861 3808 1125 3865 Charitas
1182 3816 1389 3876 vestra,
1422 3823 1689 3865 sermone
1744 3806 1988 3881 pristino
2030 3825 2099 3865 cx

397 3901 701 3957 occasione
723 3898 987 3956 lectionis
1006 3898 1348 3969 evangelica:
1373 3900 1596 3955 locutos
1622 3916 1723 3956 nos
1763 3914 1889 3956 esse
1942 3898 2102 3955 vobis

398 3993 468 4045 de
492 3989 707 4062 Spiritu
741 3992 963 4045 sancto.
996 3990 1077 4043 Ad
1106 3988 1259 4045 hunc
1293 3990 1607 4060 potandum
1653 4006 1786 4045 cum
1819 3989 2102 4045 Dominus

401 4079 703 4136 invitasset
723 4078 1021 4134 credentes
1043 4078 1098 4133 in
1124 4094 1206 4146 se,
1234 4078 1476 4149 loquens
1500 4079 1652 4134 inter
1674 4096 1771 4135 cos
1798 4080 1897 4150 qui
1938 4079 2102 4136 illum

406 4182 594 4225 tenere
626 4168 979 4241 cogitabant,
1014 4172 1069 4223 et
1103 4167 1421 4224 interficere
1454 4168 1762 4239 cupiebant
1795 4185 1896 4224 nec
1942 4169 2105 4226 vale-

406 4256 840 4330 bant,quiaille
864 4255 1087 4313 nolebat
1114 4274 1125 4313 :
1154 4273 1286 4312 cum
1322 4272 1457 4329 ergo
1502 4256 1621 4311 haec
1661 4256 1889 4315 locutus
1930 4263 2102 4329 esset,

407 4354 543 4405 nata
573 4356 653 4404 est
684 4349 754 4404 de
786 4346 883 4403 illo
917 4346 974 4402 in
1023 4347 1191 4403 turba
1242 4347 1554 4414 dissensio,
1584 4346 1714 4403 aliis
1771 4349 2107 4420 palantibus

409 4438 561 4509 quod
589 4439 710 4509 ipse
733 4440 881 4493 esset
903 4436 1192 4503 Christus,
1216 4436 1346 4492 aliis
1369 4436 1693 4493 dicentibus
1715 4437 1849 4509 quia
1895 4440 1964 4494 de
1997 4441 2107 4495 Ga-

412 4530 560 4583 lilzcn
585 4544 697 4583 non
723 4528 1295 4598 exsurgetChristus.
1323 4528 1430 4594 Qui
1476 4544 1603 4584 vero
1654 4528 1816 4583 missi
1857 4528 2108 4598 fuerant,

412 4622 475 4670 ut
504 4633 637 4672 eum
682 4621 965 4685 tenerent,
1006 4619 1295 4673 redierunt
1337 4621 1632 4675 immunes
1681 4635 1712 4675 a
1761 4619 2025 4688 crimine,
2056 4624 2113 4677 et

412 4704 567 4774 pleni
600 4705 1003 4760 admiratione.
1028 4706 1171 4762 Nam
1197 4711 1252 4761 et
1278 4709 1665 4764 testimonium
1693 4709 2114 4781 perhibuerunt

412 4792 621 4849 divinae
652 4792 924 4847 doctrina:
956 4794 1103 4862 ejus,
1138 4812 1269 4850 cum
1308 4796 1565 4852 dicerent
1615 4816 1647 4853 a
1692 4799 1906 4869 quibus
1950 4799 2113 4856 missi

413 4886 665 4949 fuerant,
717 4881 897 4948 Quare
951 4899 1058 4937 non
1109 4883 1418 4939 adduxistis
1457 4892 1632 4941 eum?
1679 4889 2116 4960 Responderunt

414 4973 570 5030 enim
616 4986 917 5042 nunquam
958 4989 1017 5029 se
1074 4975 1305 5029 audisse
1364 4975 1658 5033 hominem
1693 4980 1776 5034 sic
1810 4980 2063 5039 loculum
2098 4998 2113 5040 :

412 5065 533 5120 Non.
555 5062 700 5117 enim
724 5062 1011 5132 quisquam
1033 5064 1113 5117 sic
1143 5063 1390 5135 loquitur
1419 5064 1601 5123 homo.
1648 5067 1748 5125 Ille
1792 5074 1984 5129 autem
2034 5073 2117 5132 sic

412 5153 638 5210 locutus
655 5158 759 5218 est,
782 5153 917 5223 quia
938 5152 1088 5209 Deus
1109 5159 1308 5210 eratet
1348 5154 1541 5213 homo.
1586 5158 1803 5217 Tamen
1844 5163 2119 5221 Pharisaei

417 5240 816 5299 testimonium
838 5259 1038 5298 eorum
1076 5244 1444 5315 repellentes,
1482 5248 1753 5307 dixerunt
1775 5251 1859 5307 eis
1894 5269 1905 5306 :
1957 5254 2121 5310 Num-

418 5332 557 5406 quid
578 5338 629 5388 et
654 5347 742 5388 vos
758 5330 964 5389 seducti
987 5335 1155 5391 estis?
1184 5334 1463 5393 Videmus
1487 5339 1640 5394 enim
1671 5339 1982 5399 delectatos
2020 5361 2121 5401 vos

420 5440 548 5483 esse
568 5424 935 5481 sermonibus
962 5425 1135 5482 illius.
1164 5428 1439 5501 Numquid
1460 5430 1662 5503 aliquis
1690 5431 1754 5490 de
1780 5434 2123 5508 principibus

419 5514 648 5573 credi-ﬁt
674 5517 729 5571 in
768 5532 913 5583 eum,
937 5523 1035 5573 aut
1065 5538 1133 5574 ex
1172 5521 1469 5578 Pharisa'is
1493 5523 1820 5582 ?Se-llurba
1846 5526 1962 5583 lure
2003 5541 2126 5599 qua:

422 5624 529 5665 non
555 5609 698 5664 norit
725 5609 929 5679 Legem,
956 5612 1397 5669 malediolisunt.
1426 5614 1533 5678 Qui
1560 5633 1670 5672 non
1712 5623 1988 5675 noverant
2023 5620 2129 5675 Le-

436 5810 707 5869 ε”λι

1286 272 1363 330 ΙΝ
1407 268 1728 330 JOANNIS
1780 258 2317 329 EVANGELIUM,
2368 258 2429 317 S.
2480 253 2909 317 AUGUSTINI

2156 409 2310 464 gem,
2346 390 2455 461 ipsi
2490 388 2802 444 credebant
2833 387 2888 440 in
2921 400 3053 439 eum
3102 381 3199 453 qui
3250 382 3488 435 miserat
3538 382 3781 451 Legem;
3810 384 3869 435 et

2155 498 2288 538 eum
2314 481 2411 551 qui
2436 480 2668 536 miserat
2691 478 2928 549 Legem,
2952 471 3403 531 contemnebant
3433 470 3511 526 illi
3552 473 3651 542 qui
3698 474 3869 527 doce-

2156 570 2519 641 bantLegem
2544 586 2555 625 :
2585 565 3012 638 utimpleretur
3043 563 3195 636 quod
3234 560 3458 617 dixerat
3499 560 3624 632 ipse
3670 562 3873 617 Domi-

2157 678 2287 731 nus,
2320 664 2436 730 Ego
2462 662 2587 716 veni
2608 665 2666 714 ut
2691 674 2796 714 non
2823 658 3063 712 videntes
3085 654 3324 720 valeant,
3347 659 3399 707 ct
3455 652 3696 708 videntes
3740 656 3875 710 ωτι-ἰ

2159 753 2292 823 ﬁant
2322 751 2499 821 (Joan.
2545 765 2624 809 ιχ,
2656 748 2769 820 39).
2820 746 2963 804 Caeci
3012 745 3169 801 enim
3221 744 3359 801 facti
3407 746 3549 799 sunt
3594 743 3873 799 Phariszci

2161 843 2443 906 doctores,
2467 838 2777 895 illuminati
2806 841 2945 893 sunt
2966 835 3156 907 populi
3184 834 3508 890 nescientes
3551 834 3784 906 Legem,
3818 838 3880 888 et

2162 934 2221 989 in
2253 936 2549 989 auctorem
2583 928 2751 1002 Legis
2784 928 3106 984 credentes.

3714 249 3863 307 1648

2233 1026 2285 1078 2.
2321 1021 2639 1079 Nicodemus
2661 1024 2853 1075 tamen
2885 1034 3024 1073 unus
3066 1034 3134 1073 ea:
3175 1016 3502 1085 Plini-imis,
3527 1018 3621 1088 qui
3657 1018 3725 1072 ad
3765 1017 3875 1071 Do-

2163 1115 2376 1169 minum
2409 1116 2557 1168 nocte
2577 1114 2815 1178 venerat,
2849 1109 3044 1180 etipse
3080 1124 3194 1162 non
3239 1106 3470 1179 quidem
3514 1103 3875 1170 incredulus,

2166 1204 2263 1259 sed
2287 1202 2569 1261 timidus:
2604 1217 2734 1257 nam
2760 1200 2887 1255 ideo
2908 1202 3076 1255 nocte
3109 1204 3338 1255 venerat
3374 1196 3447 1252 ad
3492 1194 3707 1260 lucem,
3740 1196 3882 1266 quia

2167 1292 2483 1350 illuminari
2505 1292 2825 1360 volebat,et
2847 1289 2981 1345 sciri
3008 1288 3247 1344 timebat
3273 1304 3285 1342 :
3309 1286 3606 1359 respondit
3629 1286 3877 1351 Judeis,

2166 1382 2448 1455 Numquid
2468 1384 2580 1437 Lex
2600 1390 2785 1437 nostra
2817 1378 3023 1448 iudicat
3062 1379 3357 1445 hominem,
3379 1377 3491 1433 nisi
3532 1378 3779 1433 audierit
3807 1375 3882 1430 ab

2166 1476 2280 1545 ipso
2307 1472 2464 1543 prius
2494 1476 2545 1528 et
2587 1470 2898 1543 cognoverit
2945 1471 3080 1540 quid
3122 1469 3343 1538 faciat?
3391 1466 3674 1524 V’olebant
3720 1466 3881 1521 enim

2169 1562 2250 1617 illi
2278 1576 2540 1633 perverse
2563 1564 2695 1616 ante
2726 1575 2849 1616 esse
2888 1559 3261 1614 damnatores
3303 1573 3475 1628 quam
3518 1556 3885 1628 cognitores.

2170 1652 2399 1707 Sciebat
2420 1651 2573 1705 enim
2599 1650 2972 1716 Nicodemus,
2999 1646 3080 1702 vel
3114 1648 3308 1718 potius
3346 1647 3641 1715 credebat,
3666 1646 3805 1717 quia
3832 1644 3883 1699 si

2171 1740 2573 1796 tantummodo
2595 1754 2726 1793 eum
2761 1738 2967 1793 vellent
3018 1737 3306 1808 patienter
3347 1735 3571 1804 audire,
3604 1737 3746 1790 forte
3799 1732 3888 1787 si-

2172 1828 2339 1885 miles
2365 1828 2570 1883 fierent
2593 1826 2706 1882 illis
2727 1826 2824 1897 qui
2850 1824 3013 1880 missi
3037 1828 3175 1880 sunt
3198 1828 3417 1891 tenere,
3448 1828 3504 1881 et
3537 1821 3880 1879 maluerunt

2175 1918 2425 1974 credere.
2459 1916 2551 1972 Illi
2581 1916 3003 1986 responderunt,
3032 1931 3097 1970 ex
3138 1912 3474 1984 przejudicio
3516 1913 3708 1969 cordis
3760 1913 3880 1977 sui,

2177 2007 2327 2079 quod
2353 2004 2538 2061 ctillis
2563 2021 2575 2059 :
2600 2004 2872 2076 Numquid
2902 2013 2951 2059 et
2982 2008 3042 2058 lu
3073 2004 3333 2060 Gulilxus
3353 2019 3405 2059 es
3426 2006 3453 2057 ?
3486 2002 3546 2058 Id
3578 2007 3685 2070 est,
3710 2002 3889 2072 quam

2176 2095 2462 2153 aGalilmo
2497 2096 2792 2150 seductus.
2838 2093 3113 2148 Dominus
3152 2091 3303 2148 enim
3349 2091 3617 2147 Galilzeus
3666 2093 3894 2145 diceba-

2175 2189 2290 2252 tur,
2316 2184 2593 2257 quoniam
2618 2185 2686 2238 de
2709 2182 2990 2238 Nazaretli
3007 2182 3238 2237 civitate
3252 2187 3415 2238 erant
3439 2185 3708 2252 parentes
3730 2181 3891 2250 ejus.

2179 2277 2513 2332 Secundum
2543 2276 2776 2332 Mariam
2808 2275 2925 2330 dixi
2959 2278 3251 2345 parentes,
3284 2290 3400 2330 non
3433 2273 3751 2330 secundum
3794 2272 3891 2326 vi—

2183 2366 2286 2426 rile
2308 2382 2502 2422 semen
2530 2386 2543 2435 ;
2567 2382 2679 2422 non
2703 2366 2857 2420 enim
2879 2364 3140 2436 quaesivit
3180 2364 3237 2419 in
3278 2368 3433 2419 terra
3469 2362 3578 2419 nisi
3618 2368 3900 2431 matrem,

2184 2456 2283 2527 qui
2308 2456 2427 2526 jam
2462 2454 2713 2509 habebat
2744 2456 2993 2525 desuper
3023 2458 3272 2508 Patrem.
3316 2451 3459 2509 Nam
3483 2458 3727 2523 utraque
3760 2452 3905 2521 ejus

2187 2546 2458 2600 nativitas
2493 2544 2777 2599 mirabilis
2809 2544 2956 2610 fuit;
2990 2542 3184 2597 divina
3224 2542 3345 2597 sine
3396 2547 3599 2610 matre,
3634 2542 3912 2597 humana

2188 2635 2311 2691 sine
2334 2638 2512 2706 patre.
2539 2633 2682 2697 Quid
2708 2649 2839 2702 ergo
2862 2632 2943 2687 illi
2969 2633 3131 2702 quasi
3157 2632 3321 2703 Legis
3352 2632 3613 2687 doctores
3665 2631 3735 2685 ad
3792 2630 3913 2686 Ni-

2190 2726 2493 2782 codemum
2529 2722 2835 2778 dixerunt?
2874 2722 3130 2776 Scrutare
3165 2722 3247 2775 Sc:
3271 2725 3572 2792 ipturas,et
3610 2721 3730 2776 vide
3767 2720 3913 2791 quia

2189 2816 2452 2889 prop/tela
2484 2832 2516 2869 a
2547 2815 2781 2871 Gali/5m
2812 2830 2919 2869 non
2953 2815 3153 2883 surgit.
3186 2814 3290 2866 Sed
3317 2810 3602 2868 Dominus
3644 2811 3914 2880 PrOphe-

2194 2911 2315 2962 tare
2353 2906 2487 2961 inde
2521 2906 2791 2960 surrexit.
2829 2906 3044 2960 Κρινενεὶ
3091 2907 3235 2971 sunt,
3285 2902 3471 2973 inquit
3506 2898 3913 2972 Evangelista,

2204 2996 2580 3067 unusquisque
2610 2996 2669 3051 in
2703 2994 2920 3050 domum
2943 3010 3121 3050 suam.

2268 3087 2319 3141 3.
2357 3086 2482 3142 Inde
2504 3087 2657 3143 Iesus
2684 3086 2930 3158 perrexit
2980 3085 3039 3140 in
3087 3088 3362 3145 montem;
3394 3082 3453 3139 in
3503 3085 3762 3138 montem
3794 3098 3910 3137 auo

2198 3185 2309 3236 tein
2337 3180 2547 3246 Oliveti,
2574 3178 2631 3233 in
2659 3181 2911 3233 montem
2957 3178 3343 3244 fructuosum,
3371 3176 3428 3230 in
3484 3180 3736 3230 montem
3788 3189 3913 3229 un-

2200 3270 2497 3345 guenti,in
2522 3272 2776 3326 montem
2796 3267 3152 3324 chrismatis.
3179 3266 3282 3322 Ubi
3324 3266 3477 3322 enim
3525 3264 3752 3321 dicebat
3801 3264 3917 3321 do-

2201 3376 2327 3419 cere
2358 3359 2675 3424 Christum,
2710 3358 2819 3413 nisi
2853 3358 2912 3413 in
2947 3362 3140 3413 monte
3189 3355 3392 3411 Oliveti
3417 3354 3444 3410 ?
3492 3354 3701 3410 Christi
3747 3352 3917 3409 enim

2204 3468 2415 3507 nomen
2438 3467 2469 3506 a
2490 3449 2800 3505 chrismate
2823 3448 3041 3503 dictum
3067 3453 3150 3504 est
3175 3463 3187 3502 :
3213 3445 3423 3522 χρίσμα
3466 3454 3656 3502 autem
3701 3460 3922 3517 graece,

2205 3541 2383 3597 latine
2405 3539 2597 3596 unctio
2616 3543 3004 3610 nuncupatur.
3030 3538 3164 3593 Ideo
3186 3543 3379 3593 autem
3404 3552 3509 3592 nos
3549 3536 3737 3602 unxit,
3770 3536 3927 3605 quia

2203 3629 2510 3686 luctatores
2532 3633 2729 3684 centro
2760 3627 3058 3683 diabolum
3111 3627 3263 3682 fecit.
3306 3626 3366 3680 Et
3415 3624 3655 3681 diluculo
3712 3627 3927 3679 iterum

2204 3720 2352 3777 venit
2384 3719 2441 3775 in
2473 3720 2764 3791 templum,
2796 3724 2846 3773 et
2891 3720 3068 3773 omnis
3112 3718 3348 3788 populus
3386 3717 3534 3771 venit
3581 3716 3655 3770 ad
3683 3730 3837 3782 eum,
3874 3719 3926 3770 et

2204 3810 2389 3867 sedens
2414 3807 2633 3866 docebat
2666 3824 2777 3864 eos.
2830 3808 2895 3863 Et
2940 3823 3053 3863 non
3105 3805 3428 3873 tenebatur,
3462 3804 3596 3876 quia
3645 3803 3923 3860 nondum

2210 3902 2328 3975 pati
2364 3900 2725 3972 dignabatur.

2280 3992 2333 4048 li.
2367 3991 2529 4047 Nunc
2553 3990 2677 4061 jam
2712 3988 3007 4052 attendite,
3042 3986 3140 4041 ubi
3173 3987 3245 4042 ab
3280 3985 3536 4042 inimicis
3584 3988 3805 4042 tentata
3848 3988 3927 4042 sit

2216 4082 2441 4137 Domini
2465 4079 2868 4137 mansuetudo.
2898 4100 2919 4127 ι
2945 4077 3253 4133 Adducunt
3275 4079 3467 4132 autem
3492 4074 3573 4131 illi
3614 4074 3834 4132 Scribae
3874 4086 3927 4131 et

2211 4171 2487 4228 Pharisaei
2515 4171 2819 4227 mulierem
2841 4169 2899 4225 in
2923 4167 3208 4226 adulterio
3232 4166 3676 4238 deprehensam,
3699 4170 3756 4222 et
3784 4172 3925 4223 sta—

2214 4266 2453 4319 tuerunt
2473 4276 2601 4317 eam
2626 4261 2685 4317 in
2708 4258 2896 4315 medio
2920 4275 2934 4327 ;
2960 4262 3015 4314 et
3044 4257 3310 4314 dixerunt
3350 4256 3401 4313 ei
3430 4273 3441 4309 :
3470 4255 3760 4328 Magister,
3796 4254 3933 4311 haec

2214 4353 2416 4411 mulier
2471 4352 2643 4409 modo
2702 4348 3066 4422 deprehensa
3123 4347 3290 4404 estin
3340 4345 3648 4403 adulterio.
3682 4346 3743 4402 In
3775 4346 3935 4418 Lege

2218 4451 2406 4503 autem
2427 4446 2648 4517 Moyses
2680 4440 2973 4498 mandavit
3007 4439 3173 4497 nobis
3222 4439 3562 4509 hujusmodi
3608 4436 3886 4510 lapidare
3920 4455 3932 4491 :

2218 4542 2276 4593 tu
2302 4551 2431 4606 ergo
2462 4535 2601 4607 quid
2636 4531 2829 4588 dicis?
2891 4532 3019 4588 Haec
3068 4534 3263 4587 autem
3314 4528 3582 4585 dicebant
3629 4531 3938 4585 tentantes

2220 4642 2377 4694 eum,
2398 4632 2454 4681 ut
2472 4626 2992 4696 possentaccusare
3006 4636 3159 4677 eum.
3182 4642 3209 4669 ››
3225 4618 3387 4675 Unde
3400 4616 3715 4674 accusare?
3734 4618 3833 4672 Nu
3848 4636 3943 4675 m-

2222 4716 2359 4788 quid
2392 4718 2584 4786 ipsum
2626 4713 2682 4768 in
2717 4711 2913 4784 aliquo
2966 4711 3218 4767 facinore
3267 4707 3790 4779 deprchenderanl,
3832 4714 3941 4765 aut

2222 4808 2321 4863 illa
2343 4805 2549 4863 mulier
2572 4805 2642 4860 ad
2666 4820 2801 4861 eum
2823 4802 3019 4875 aliquo
3061 4801 3229 4857 modo
3284 4798 3636 4873 pertinuisse
3683 4798 3936 4855 diceba-

2224 4896 2519 4961 tur?Quid
2545 4898 2634 4951 est
2653 4909 2812 4966 ergo,
2834 4895 3101 4950 tentantes
3139 4906 3287 4957 eum,
3310 4897 3368 4945 ut
3404 4896 3620 4961 possent
3657 4902 3936 4944 accusare

2223 4983 2818 5056 eumPIntelligimus,
2865 4983 3094 5049 fratres,
3135 4977 3542 5036 admirabilem
3582 4982 3943 5035 mansuetu-

2227 5079 2420 5135 dinem
2470 5076 2527 5131 in
2576 5075 2825 5132 Domino
2875 5069 3325 5146 praecminuisse.
3377 5068 3945 5126 Animadverterunt

2227 5184 2361 5225 eum
2394 5165 2640 5222 nimium
2666 5181 2795 5221 esse
2828 5163 3050 5222 mitem,
3077 5160 3322 5217 nimium
3367 5175 3497 5215 esse
3516 5162 3896 5213 mansuetum
3930 5174 3943 5212 :

2229 5258 2298 5313 de
2320 5256 2416 5313 illo
2438 5254 2652 5327 quippe
2675 5254 2865 5309 luerat
2897 5256 3029 5309 ante
3060 5249 3421 5323 praedictum,
3443 5248 3732 5317 Accingere
3751 5247 3949 5317 gladio

2229 5357 2317 5406 tuo
2347 5348 2493 5403 circa
2521 5347 2703 5416 {ernur
2722 5351 2903 5411 tuum,
2934 5342 3338 5416 potentissime;
3369 5339 3544 5411 specie
3582 5345 3679 5394 tua
3706 5342 3760 5392 et
3803 5338 3949 5409 pul-

2231 5436 2539 5494 chritudine
2599 5444 2691 5491 tua
2732 5435 2972 5500 intendo,
3024 5448 3278 5504 prospero
3322 5428 3566 5503 procede,
3615 5431 3665 5483 et
3715 5444 3894 5493 regna
3931 5446 3952 5483 .-

2234 5535 2448 5603 propler
2476 5530 2765 5584 veritatem
2796 5535 2847 5582 et
2876 5522 3363 5581 mansuetudinem
3390 5525 3441 5576 et
3452 5518 3733 5590 justitiam
3756 5519 3945 5587 (Psal.

2235 5635 2379 5686 κων,
2416 5618 2445 5672 li
2465 5626 2517 5674 et
2538 5616 2608 5680 5).
2626 5616 2775 5688 Ergo
2798 5614 2995 5671 attulit
3015 5613 3319 5671 veritatem
3338 5613 3401 5666 ut
3423 5609 3944 5674 doctor,mansue-
