4146 6186
270 235 421 293 1649

260 368 523 424 tudinem
554 374 620 426 ut
658 370 953 440 liberator,
997 374 1291 443 justitiam
1326 382 1386 432 ut
1434 379 1709 449 cognitor.
1749 384 1984 451 Propter

264 459 380 512 hazc
410 474 542 514 eum
569 476 699 515 esse
721 466 1096 533 regnaturum
1130 464 1188 520 in
1220 466 1435 536 Spiritu
1469 473 1669 523 sancto
1697 468 1977 541 propheta

265 546 776 619 przsdixeralUsai.
808 553 907 622 x1).
960 553 1102 608 Cum
1140 553 1483 625 loqueretur,
1535 559 1744 613 veritas
1797 575 1975 631 agno-

266 636 582 692 scebatur:
636 654 769 695 cum
820 641 1096 699 adversus
1148 642 1412 701 inimicos
1461 662 1573 702 non
1624 654 1975 713 moveretur,

267 728 659 785 mansuetudo
680 727 1048 785 laudabatur.
1074 731 1216 788 Cum
1242 750 1377 805 ergo
1400 736 1467 789 de
1489 736 1716 791 duobus
1738 736 1887 796 istis.
1914 738 1969 792 id

261 819 350 869 est
380 816 451 870 de
481 816 721 873 veritate
764 822 820 874 et
852 821 1298 878 mansuetudine
1331 824 1480 893 ejus,
1524 825 1744 880 inimici
1797 826 1972 883 livore

260 912 315 961 ct
360 907 581 963 invidia
631 916 1039 980 torquerentur
1084 927 1096 977 ;
1154 912 1212 966 in
1244 914 1436 983 tertio,
1490 915 1543 969 id
1579 920 1666 971 est
1717 916 1968 986 justitia,

256 995 603 1051 scandalum
666 1006 1003 1068 posuerunt.
1056 1000 1242 1064 Quare
1268 1002 1295 1055 ?
1350 1002 1496 1065 Quia
1557 1003 1664 1057 Lex
1714 1004 1974 1073 jusserat

255 1082 555 1140 adulteros
578 1086 861 1156 lapidari;
894 1091 950 1142 et
984 1088 1185 1159 utique
1220 1090 1327 1144 Lex
1358 1091 1513 1161 quod
1541 1091 1819 1161 injustam
1853 1097 1974 1146 erat

253 1173 465 1243 jubere
492 1191 607 1230 non
642 1180 864 1247 poterat
898 1193 910 1231 :
953 1177 1002 1233 si
1044 1178 1177 1249 quis
1210 1178 1369 1234 aliud
1401 1180 1617 1235 diceret
1648 1196 1822 1252 quam
1862 1182 1974 1235 Lex

252 1264 534 1333 jusserat,
582 1263 841 1335 injustas
893 1266 1443 1338 deprehenderetur.
1495 1269 1777 1326 Dixerunt
1836 1287 1971 1340 ergo

259 1352 418 1423 apud
453 1352 831 1425 semetipsos:
860 1357 1039 1411 Verax
1055 1361 1315 1428 putatur,
1343 1364 1687 1415 mansuetus
1708 1359 1967 1424 videtur;

260 1444 332 1499 de
354 1444 589 1513 justitia
618 1444 702 1500 illi
736 1448 1049 1516 quaerenda
1094 1448 1386 1505 calumnia
1422 1459 1529 1507 est.
1563 1451 1888 1506 Oll‘eramus
1920 1451 1971 1506 ei

262 1532 567 1590 mulierem
589 1534 647 1589 in
670 1535 952 1592 adulterio
986 1538 1432 1611 deprehensam,
1459 1541 1721 1596 dicamus
1741 1540 1879 1612 quid
1903 1542 1974 1595 de

259 1626 355 1681 illa
390 1626 449 1681 in
485 1626 631 1698 Lege
662 1630 1015 1699 praeceptum
1050 1629 1166 1684 sit:
1203 1629 1400 1686 sicam
1429 1632 1671 1701 jusserit
1702 1630 1969 1703 lapidari,

264 1716 774 1773 mansuetudinem
799 1734 914 1773 non
947 1718 1223 1787 habebit;
1248 1721 1294 1775 si
1329 1737 1451 1775 eam
1488 1721 1704 1777 dimitti
1733 1735 1974 1777 censue-

260 1806 667 1877 rit,justitiam
702 1824 816 1862 non
850 1808 1088 1864 tenebit.
1125 1808 1191 1865 Ut.
1215 1814 1405 1865 autem
1439 1812 1970 1871 mansuetudinem.

260 1898 557 1969 inquiunt,
592 1914 704 1953 non
739 1897 963 1969 perdat,
1006 1899 1065 1954 in
1114 1916 1231 1969 qua
1276 1902 1395 1971 jam
1440 1902 1668 1973 populis
1701 1903 1971 1959 amabilis

261 1987 448 2043 tactus
470 1990 579 2052 est,
602 1986 727 2042 sine
750 1987 929 2043 dubio
949 2003 1077 2044 eam
1101 1989 1316 2045 dimitti
1342 1990 1548 2046 debere
1570 1991 1834 2047 dicturus
1858 1996 1972 2061 est,

261 2076 403 2132 lIinc
439 2094 543 2132 nos
576 2077 908 2133 invenimus
954 2078 1263 2134 accusandi
1296 2079 1685 2146 occasionem,
1718 2086 1774 2136 et
1805 2098 1967 2137 reum

254 2167 506 2223 facimus
538 2170 817 2237 tanquam
853 2167 1016 2237 Legis
1049 2168 1580 2237 praevaricatorem:
1616 2171 1871 2226 dicentes
1895 2173 1966 2241 ei,

258 2254 454 2311 Hostis
486 2272 549 2311 es
586 2256 768 2327 Legis,
802 2261 999 2311 contra
1033 2257 1267 2329 Moysen
1314 2260 1650 2331 respondes,
1687 2260 1801 2316 imo
1835 2277 1968 2316 con-

257 2354 338 2398 tra
371 2362 506 2400 eum
541 2348 641 2416 qui
668 2362 769 2416 per
791 2346 1026 2417 Moysen
1051 2347 1258 2417 Legem
1282 2348 1475 2415 dedit;
1502 2364 1632 2405 reus
1659 2365 1721 2405 es
1742 2350 1965 2418 mortis,

250 2450 381 2489 cum
435 2434 537 2489 illa
585 2443 633 2490 el
691 2439 751 2490 tu
804 2435 927 2505 ipse
958 2435 1327 2507 lapidandus.
1379 2438 1578 2494 Posset
1635 2438 1726 2497 his
1775 2441 1968 2496 verbis

249 2532 425 2595 atque
458 2525 550 2579 his
582 2525 889 2580 sententiis
912 2525 1261 2582 inﬂammari
1296 2525 1529 2595 invidia,
1566 2528 1781 2583 fervere
1804 2547 1967 2585 accu-

249 2615 419 2677 satio,
451 2613 1037 2686 dagitaridamnatio.
1061 2618 1169 2672 Sed
1203 2618 1297 2672 cui
1320 2616 1468 2673 hoc?
1506 2619 1857 2675 Perversitas
1880 2636 1967 2677 re-

247 2704 542 2775 ctiludini,
566 2706 791 2761 falsitas
814 2706 1061 2777 veritati,
1095 2713 1430 2779 corruptum
1464 2725 1559 2765 cor
1589 2712 1748 2766 cordi
1791 2715 1963 2775 recte,

247 2795 501 2851 stultitia
550 2794 846 2867 sapientes.
885 2797 1126 2861 Quando
1152 2797 1231 2852 illi
1265 2798 1504 2869 laqueos
1554 2807 1964 2871 praepararent,

250 2884 306 2938 in
326 2900 477 2954 quos
502 2900 617 2938 non
644 2885 805 2954 prius
826 2884 937 2955 ipsi
962 2889 1138 2957 caput
1156 2886 1499 2956 injicercut‘t
1524 2889 1663 2943 Ecce
1683 2890 1965 2946 Dominus

251 2974 309 3028 in
345 2972 749 3043 respondendo
779 2975 1134 3045 etjustitiam
1160 2980 1493 3032 servaturus
1515 2984 1621 3043 est,
1655 2984 1711 3034 et
1742 2996 1775 3035 a
1809 2996 1967 3036 man-

246 3062 560 3118 suetudine
593 3079 707 3119 non
731 3078 1077 3119 recessurus.
1115 3065 1239 3120 Non
1274 3074 1358 3120 est
1390 3071 1592 3137 captus
1624 3070 1715 3122 cui
1760 3070 1965 3125 tende-

250 3152 443 3221 batur,
494 3154 593 3207 sed
651 3154 844 3225 potius
885 3155 1041 3225 capti
1090 3160 1231 3210 sunt
1284 3154 1383 3227 qui
1418 3157 1777 3225 tendebant;
1829 3160 1969 3231 quia

250 3244 305 3297 in
336 3258 475 3297 eum
506 3242 607 3312 qui
639 3258 737 3297 eos
774 3251 969 3314 posset
1008 3244 1079 3300 de
1109 3243 1331 3315 laqueis
1363 3260 1585 3313 eruere,
1622 3264 1733 3303 non
1766 3250 1960 3305 crede-

257 3336 417 3391 bant.

314 3427 368 3479 5.
404 3424 555 3492 Quid
588 3441 724 3496 ergo
774 3425 1072 3497 respondit
1102 3425 1382 3483 Dominus
1429 3427 1598 3485 Jesus
1627 3430 1654 3482 ‘?
1705 3430 1842 3501 quid
1880 3447 1967 3487 rc-

248 3517 487 3587 spondit
515 3516 724 3570 veritas
746 3514 773 3568 ?
804 3516 945 3589 quid
979 3517 1277 3588 respondit
1308 3517 1590 3589 sapientia
1619 3523 1646 3574 ?
1686 3520 1826 3591 quid
1878 3538 1965 3578 rc-

247 3607 473 3676 spondit
506 3605 635 3677 ipsa
658 3606 749 3661 cui
774 3605 1067 3662 calumnia
1088 3607 1648 3679 parabaturjustitia
1670 3612 1697 3663 ?
1718 3611 1840 3666 Non
1876 3612 1965 3664 di-

248 3696 346 3764 xit,
383 3696 509 3752 Non
552 3694 884 3768 lapidetur;
937 3712 1009 3752 ne
1047 3701 1247 3752 contra
1286 3697 1494 3768 Legem
1527 3698 1716 3755 dicere
1746 3700 1965 3756 videre-

252 3794 357 3842 tur.
382 3786 757 3843 Absitautem
777 3787 1122 3855 utdisceret,
1144 3788 1485 3859 Lapidetur:
1515 3790 1836 3847 venitenim
1856 3810 1966 3847 non

257 3879 497 3947 perdere
529 3878 680 3948 quod
716 3876 1034 3943 invenerat,
1084 3879 1188 3934 sed
1221 3895 1475 3949 quaerere
1521 3881 1671 3949 quod
1720 3898 1821 3952 per
1851 3890 1971 3937 erat

254 3968 407 4035 (Luc.
441 3982 559 4034 χιι,
607 3966 716 4036 10).
762 3965 910 4030 Quid
961 3983 1094 4035 ergo
1154 3968 1502 4039 respondit?
1550 3967 1748 4026 Videte
1796 3986 1970 4042 quam

256 4056 493 4128 plenum
528 4054 869 4124 sitjustitia,
906 4054 1143 4127 plenum
1196 4057 1646 4114 mansuetudine
1677 4063 1730 4115 et
1760 4060 1971 4114 verita-

255 4150 308 4199 te
338 4144 351 4198 !
379 4145 493 4211 Qui
521 4143 644 4198 sine
671 4148 884 4213 peccato
914 4148 990 4199 est
1020 4152 1283 4211 vestrum,
1319 4145 1527 4218 inquit,
1551 4150 1703 4218 prior
1726 4150 1780 4202 in
1814 4149 1975 4203 illam

254 4233 498 4305 lapidem
520 4235 725 4289 mittat.
758 4238 804 4290 Ο
834 4233 1129 4305 responsio
1170 4235 1503 4306 sapientiae!
1538 4236 1836 4299 Quomodo
1868 4254 1966 4294 eos

255 4321 572 4377 intromisit
603 4321 660 4375 in
696 4320 797 4376 se?
830 4322 984 4377 Foris
1006 4321 1158 4377 enim
1182 4323 1712 4392 calumniabantur,
1746 4324 1969 4395 seipsos

255 4410 609 4466 intrinsecus
627 4412 738 4466 nob
762 4412 1308 4481 perscrutabantur:
1330 4412 1653 4469 adulteram
1677 4414 1967 4482 videbant,

256 4515 315 4557 se
336 4517 447 4558 non
475 4500 926 4573 perspiciebant.
955 4500 1424 4557 Prevaricatores
1445 4502 1617 4573 Legis
1632 4503 1836 4574 Legem
1862 4503 1971 4558 im-

258 4588 396 4659 pleri
428 4588 770 4660 cupiebant,
802 4592 860 4643 et
892 4588 998 4644 hoc
1031 4590 1445 4645 calumniando
1472 4614 1485 4657 ;
1518 4606 1632 4646 non
1664 4605 1815 4659 vere,
1848 4594 1973 4646 tan-

259 4694 434 4747 quam
458 4676 748 4733 adulleria
769 4676 1037 4732 castitate
1058 4678 1411 4733 damnando.
1448 4679 1730 4746 Audistis,
1752 4679 1970 4749 Judzei;

261 4766 525 4834 audistis,
578 4765 857 4820 Pharisaei
888 4782 900 4833 ;
935 4764 1197 4836 audistis,
1249 4767 1414 4839 Legis
1471 4767 1756 4838 doctores,
1812 4768 1973 4839 Legis

263 4855 587 4924 custodem,
650 4857 752 4911 scd
805 4855 1064 4911 nondum
1122 4854 1493 4911 intellexistis
1541 4856 1971 4928 Legislatorem.

264 4946 408 5013 Quid
431 4944 772 5002 vobisaliud
792 4944 1103 5016 signiticet,
1119 4961 1248 5001 cum
1275 4945 1454 5016 digito
1478 4946 1681 5001 scribit
1705 4946 1759 5003 in
1786 4948 1974 5004 terra?

265 5034 454 5109 Digito
486 5035 646 5091 enim
678 5033 777 5090 Dei
809 5033 920 5089 Lex
968 5035 1187 5106 scripta
1217 5042 1302 5091 est
1336 5052 1350 5102 ;
1383 5035 1485 5091 sed
1536 5042 1772 5108 propter
1803 5040 1978 5093 duros

262 5124 317 5183 in
348 5127 545 5200 lapide
575 5126 787 5196 scripta
817 5131 900 5181 est
930 5124 1123 5197 (Exod.
1151 5142 1303 5195 xxxi,
1338 5127 1442 5198 l8).
1503 5126 1667 5183 Nune
1710 5129 1831 5197 jam
1868 5130 1976 5185 Do-

264 5217 459 5273 minus
484 5216 543 5273 in
578 5218 732 5273 terra
753 5215 1061 5286 scribebat,
1084 5216 1222 5289 quia
1245 5217 1496 5271 fructum
1524 5218 1835 5288 quaerebat.
1871 5222 1979 5275 Au-

262 5307 431 5366 distis
461 5324 618 5379 ergo,
664 5307 979 5379 lmpleatur
1010 5309 1144 5378 Lex,
1195 5306 1487 5380 lapidctur
1525 5307 1785 5364 adultera
1818 5330 1830 5366 :
1877 5310 1975 5367 sed

264 5398 549 5471 numquid
573 5398 633 5454 in
656 5397 756 5453 illa
779 5398 1092 5470 punienda.
1118 5401 1232 5458 Lex
1255 5402 1551 5472 implenda
1577 5406 1707 5458 esta
1730 5402 1980 5473 punicu-

264 5488 352 5545 dis
372 5490 402 5545 ?
429 5489 772 5545 Consideret
802 5505 864 5546 se
883 5493 1577 5566 unusquisquevestrum,
1603 5493 1777 5549 intret
1804 5492 1859 5549 in
1886 5510 1979 5549 se-

270 5578 611 5651 metipsum,
645 5580 921 5636 ascendat
961 5580 1214 5638 tribunal
1244 5582 1453 5639 mentis
1485 5599 1623 5652 sum,
1665 5584 1985 5640 constituat

274 5682 338 5724 se
379 5672 511 5727 ante
552 5668 971 5727 conscientiam
1018 5686 1179 5730 suam
1228 5676 1397 5743 cogat
1442 5688 1499 5729 se
1543 5671 1823 5729 confiteri.
1865 5672 1987 5728 Scit

1412 245 1871 307 'l‘ItACTA'I‘US
1918 248 2188 309 XXXIII.
2238 254 2496 316 CAPUT
2545 256 2668 316 VII.

3639 260 3795 319 1650

2092 384 2246 441 enim
2278 387 2377 458 qui
2400 389 2478 444 sit
2512 393 2526 427 ¹
2555 408 2569 445 :
2602 391 2737 461 quia
2777 407 2946 447 nemo
2995 391 3104 447 scit
3154 390 3457 449 hominum
3499 406 3626 462 quas
3656 400 3793 451 sunt

2088 472 2353 545 hominis,
2390 479 2499 533 nisi
2532 481 2773 552 spiritus
2804 480 3080 551 hominis,
3106 482 3206 552 qui
3248 481 3305 537 in
3336 480 3462 553 ipso
3484 485 3571 537 est
3591 482 3635 552 (Ι
3668 482 3787 538 Cor.

2088 582 2148 632 ιι,
2186 566 2290 636 ll).
2328 568 2741 643 Unusquisque
2778 572 2830 627 in
2874 589 2935 627 se
2967 572 3299 641 intendens,
3341 576 3702 642 peccatorem
3734 590 3791 627 se

2086 653 2316 711 invenit.
2352 658 2435 713 Ita
2487 658 2671 728 plane.
2723 664 2865 731 Ergo
2897 665 2998 717 aut
3047 661 3216 716 istam
3259 660 3545 727 dimittite,
3579 665 3677 717 aut
3705 661 3791 716 εἰ-

2084 742 2207 797 mut
2238 761 2369 800 cum
2402 746 2503 802 illa
2535 764 2759 819 poenam
2792 749 2948 821 Legis
2978 749 3240 822 excipite.
3289 749 3348 805 Si
3394 750 3632 818 diceret,
3664 748 3787 807 Non

2081 831 2372 903 lapidetur
2387 837 2651 893 adultera
2677 857 2689 905 ;
2714 839 2966 909 injustus
2994 839 3459 896 convinceretur:
3486 840 3529 894 si
3552 840 3787 906 diceret,

2082 923 2394 995 Lapidetur
2420 944 2431 993 ;
2460 934 2801 985 mansuetus
2835 948 2945 986 non
2974 930 3297 986 videretur:
3333 930 3485 986 dicat
3508 931 3661 1001 quod
3690 931 3787 985 die

2081 1027 2209 1068 cere
2240 1014 2428 1083 debet,
2460 1021 2516 1072 et
2546 1027 2881 1074 mansuetus
2916 1024 2974 1074 et
2997 1021 3222 1091 justus,
3255 1021 3365 1090 Qui
3410 1022 3531 1075 sine
3572 1027 3786 1091 peccato

2081 1105 2159 1158 est
2190 1110 2447 1171 vestrum,
2480 1109 2632 1176 prior
2662 1108 2717 1162 in
2741 1108 2891 1164 illam
2924 1108 3157 1179 lapidem
3187 1110 3387 1163 mittat.
3414 1114 3543 1163 Haec
3566 1110 3785 1177 voxju-

2082 1191 2254 1246 stitia:
2280 1197 2367 1247 est
2401 1210 2413 1246 :
2451 1194 2727 1250 Puniatur
2760 1197 3063 1267 peccatrix,
3114 1197 3212 1252 sed
3247 1214 3361 1253 non
3412 1215 3441 1252 a
3477 1197 3787 1269 peccatori-

2082 1280 2190 1335 bus
2217 1300 2230 1347 ;
2266 1280 2578 1352 impleatur
2622 1286 2750 1352 Lex,
2781 1286 2880 1341 sed
2916 1302 3030 1341 non
3063 1302 3095 1340 a
3127 1286 3661 1357 prosvaricatoribus
3681 1288 3784 1343 Le-

2082 1369 2190 1441 gis.
2229 1369 2353 1425 llaec
2388 1388 2488 1426 vox
2516 1374 2753 1429 omnino
2773 1374 3007 1445 justitie
3036 1379 3125 1430 est
3154 1392 3165 1428 :
3192 1392 3307 1445 qua
3330 1375 3559 1445 justitia
3588 1375 3671 1431 illi
3694 1380 3782 1431 ta-

2083 1476 2259 1529 quam
2293 1461 2499 1516 trabali
2534 1462 2645 1518 tclo
2683 1464 2964 1535 percussi,
3002 1480 3128 1520 sese
3168 1464 3543 1536 inspicientes
3572 1469 3628 1521 et
3660 1481 3785 1521 reos

2081 1548 2460 1610 invenientes,
2494 1567 2636 1606 unus
2667 1557 2783 1623 post
2802 1569 2972 1608 unum
2994 1567 3175 1609 omnes
3196 1558 3544 1610 recesserunt.
3581 1554 3783 1609 Relicti

2082 1634 2381 1699 suntduo,
2418 1637 2629 1692 misera
2680 1641 2736 1692 et
2784 1638 3199 1693 misericordia.
3252 1638 3537 1695 Dominus
3586 1643 3783 1694 autem

2082 1738 2214 1778 cum
2249 1737 2344 1778 eos
2378 1723 2474 1780 illo
2515 1725 2891 1795 telojustitiae
2927 1728 3324 1797 percussisset,
3361 1744 3463 1784 nec
3511 1727 3785 1801 dignatus

2082 1817 2168 1868 est
2190 1814 2463 1870 cadentes
2494 1818 2811 1882 attendere,
2845 1818 2943 1873 sed
2970 1833 3165 1873 averso
3188 1818 3258 1875 ab
3289 1819 3371 1874 eis
3402 1819 3636 1887 obtutu,
3658 1834 3783 1873 rur-

2079 1918 2199 1956 sum
2226 1902 2400 1970 digito
2429 1905 2691 1961 scribebat
2724 1906 2779 1961 in
2824 1914 2996 1963 terra.

2148 1986 2201 2039 6.
2238 1985 2455 2042 Relicta
2516 1991 2711 2044 autem
2760 1989 2882 2044 sola
2940 1988 3039 2045 illa
3089 1989 3351 2057 muliere,
3402 1989 3787 2059 omnibusque

2080 2073 2450 2143 abeuntibus,
2485 2075 2690 2131 levavit
2714 2078 2913 2133 oculos
2944 2094 3080 2134 suos
3104 2079 3173 2133 ad
3200 2078 3520 2134 mulierem.
3552 2077 3784 2134 Audivi-

2081 2178 2212 2218 mus
2238 2178 2427 2219 vocem
2448 2165 2710 2234 justitiar,
2736 2167 3112 2223 audiamuset
3136 2168 3621 2224 mansuetudinis.
3652 2165 3786 2222 Plus

2078 2253 2255 2319 enim,
2280 2256 2473 2323 credo,
2507 2257 2707 2312 territa
2737 2261 2862 2312 erat
2894 2256 2993 2312 illa
3043 2256 3251 2312 mulier
3282 2273 3416 2314 cum
3462 2256 3723 2313 audisset
3754 2274 3787 2311 a

2078 2342 2324 2399 Domino
2355 2346 2593 2412 dictum,
2619 2345 2726 2414 Qui
2770 2347 2889 2402 sine
2916 2352 3131 2419 peccato
3160 2355 3236 2403 est
3268 2354 3525 2414 vestrum,
3552 2348 3705 2418 prior
3728 2348 3787 2401 in

2078 2435 2235 2489 illam
2266 2435 2498 2505 lapidem
2530 2440 2739 2493 mittat.
2776 2436 2865 2493 IlIi
2901 2453 3037 2508 ergo
3064 2438 3426 2493 attendentes
3457 2451 3542 2503 se,
3570 2441 3624 2492 ct
3646 2437 3786 2492 abs-

2076 2540 2238 2580 cessu
2275 2526 2398 2597 ipso
2429 2526 2679 2582 confessi
2713 2527 2781 2583 de
2809 2542 2891 2597 se,
2926 2527 3281 2597 reliquerant
3313 2526 3616 2582 mulierem
3650 2542 3784 2580 cum

2076 2611 2283 2684 grandi
2316 2620 2568 2684 peccato,
2601 2616 2653 2670 ei
2686 2614 2787 2687 qui
2810 2622 2935 2672 erat
2964 2616 3091 2672 sine
3123 2619 3376 2686 peccato.
3415 2614 3479 2668 Et
3507 2614 3648 2686 quia
3689 2612 3789 2670 illa

2078 2701 2184 2758 hoc
2206 2703 2488 2770 audierat,
2520 2704 2627 2773 Qui
2654 2706 2773 2760 sine
2794 2712 3011 2777 peccato
3040 2709 3136 2771 est,
3170 2704 3325 2775 prior
3356 2706 3412 2759 in
3446 2703 3604 2758 illam
3647 2702 3787 2773 topi-

2072 2791 2193 2847 dem
2221 2794 2447 2855 mittat;
2480 2795 2551 2850 ab
2591 2795 2688 2850 illo
2736 2812 2796 2851 se
2842 2794 3114 2867 sperabat
3158 2794 3539 2867 puniendam,
3579 2792 3637 2847 in
3671 2809 3787 2864 quo

2075 2884 2377 2951 peccatum
2406 2882 2653 2938 inveniri
2681 2900 2793 2939 non
2827 2888 3073 2955 poterat.
3110 2883 3209 2939 Ille
3237 2887 3431 2939 autem
3454 2882 3551 2954 qui
3576 2883 3788 2938 adver-

2076 2969 2262 3026 sarios
2300 2970 2429 3039 ejus
2457 2971 2748 3042 repulerat
2780 2972 2979 3045 lingua
3017 2972 3281 3043 justitiae,
3333 2972 3534 3029 levans
3567 2972 3625 3027 in
3656 2988 3785 3029 eam

2076 3059 2277 3115 oculos
2324 3062 2815 3127 mansuetudinis,
2884 3062 3261 3133 interrogavit
3308 3078 3434 3118 eam
3472 3079 3484 3118 :
3535 3063 3698 3117 Nemo
3740 3065 3790 3118 te

2074 3152 2499 3206 condemnavit?
2532 3150 3009 3222 Responditilla:
3046 3154 3297 3220 Domine,
3338 3167 3514 3208 nemo.
3551 3152 3617 3207 Et
3646 3151 3740 3208 ille
3777 3168 3791 3205 :

2078 3240 2183 3297 Nec
2211 3256 2309 3309 ego
2332 3248 2381 3295 te
2399 3240 2768 3297 condemnabo
2790 3260 2809 3307 ;
2832 3259 2864 3295 a
2894 3258 3012 3313 quo
3043 3246 3097 3296 te
3121 3242 3261 3297 forte
3280 3240 3547 3297 damnari
3579 3241 3785 3297 timui-

2078 3330 2175 3394 sti,
2208 3329 2346 3400 quia
2378 3330 2435 3385 in
2472 3345 2560 3386 me
2607 3336 2904 3401 peccatum
2960 3348 3073 3386 non
3134 3328 3427 3386 invenisti.
3468 3330 3587 3399 ,Ncc
3614 3345 3708 3401 ego
3737 3339 3788 3386 te

2078 3419 2376 3475 damnabo.
2412 3418 2560 3482 Quid
2609 3422 2715 3485 est,
2752 3419 2995 3477 Domino
3028 3420 3052 3474 2’
3097 3420 3275 3476 Faves
3317 3434 3452 3490 ergo
3486 3419 3733 3488 peccatis
3763 3420 3790 3472 ?

2077 3506 2199 3562 Non
2234 3506 2401 3576 plane
2434 3506 2531 3562 ita.
2568 3509 2816 3563 Attende
2848 3510 2996 3581 quod
3044 3506 3310 3580 sequitur
3343 3524 3356 3562 :
3416 3506 3575 3571 Vade,
3624 3505 3788 3561 dein-

2076 3611 2196 3668 cep:
2218 3596 2340 3666 jam
2363 3596 2747 3668 nolipeccare.
2782 3598 2929 3669 Ergo
2953 3601 3008 3653 et
3035 3596 3318 3653 Dominus
3344 3594 3666 3663 damnavit,
3691 3596 3787 3651 sed

2079 3690 2403 3757 peccatum,
2436 3702 2550 3741 non
2589 3686 2908 3743 hominem.
2942 3687 3087 3743 Nam
3126 3688 3175 3743 si
3208 3690 3573 3757 peccatorum
3609 3685 3796 3740 fautor

2077 3780 2250 3843 esset,
2274 3777 2509 3848 diceret,
2537 3778 2650 3833 Nec
2668 3794 2773 3851 ego
2805 3785 2857 3834 te
2894 3778 3180 3834 damnabo
3206 3793 3218 3844 ;
3244 3776 3407 3843 vade,
3429 3776 3552 3831 vive
3574 3778 3637 3830 ut
3669 3776 3754 3831 vis
3780 3792 3791 3829 :

2080 3868 2149 3923 de
2181 3883 2310 3923 mea
2330 3866 2673 3924 liberatione
2705 3873 2831 3925 esto
2854 3884 3060 3926 secura
3083 3888 3097 3935 ;
3119 3884 3225 3941 ego
3247 3870 3791 3940 quantumcumque

2084 3956 2428 4028 peccaveris,
2462 3965 2516 4013 le
2535 3958 2607 4013 ab
2636 3959 2796 4014 omni
2829 3976 2997 4029 poena
3018 3958 3193 4015 etiam
3217 3958 3497 4031 gehenum
3525 3958 3585 4012 et
3614 3954 3796 4011 infer-

2087 4047 2143 4102 ni
2178 4046 2491 4103 lortoribus
2521 4047 2799 4104 liberabo.
2834 4048 2958 4105 Non
2993 4048 3102 4105 hoc
3142 4048 3311 4105 dixit.

2156 4137 2209 4191 7.
2243 4138 2558 4193 lnteudant
2588 4154 2725 4210 ergo
2753 4137 3075 4210 quiamant
3097 4137 3154 4193 in
3176 4137 3425 4193 Domino
3456 4138 3795 4191 mansuetu-

2086 4228 2279 4283 dinem
2310 4231 2368 4283 et
2400 4229 2637 4283 timeant
2668 4228 2983 4285 veritatem.
3032 4228 3256 4285 Etenim
3304 4226 3482 4282 dulcis
3531 4237 3582 4281 et
3626 4233 3797 4279 rectus

2084 4321 2341 4374 Dominus
2372 4320 2541 4391 (Psal.
2573 4335 2725 4388 χχιιι,
2750 4320 2824 4391 8).
2858 4324 3034 4376 Amas
3081 4320 3229 4390 quod
3283 4317 3473 4373 dulcis
3506 4323 3613 4382 est,
3659 4315 3799 4370 time

2080 4411 2232 4482 quod
2266 4414 2456 4466 rectus
2487 4414 2590 4465 est.
2626 4410 2931 4481 Tanquam
2983 4412 3325 4465 mansuetus
3369 4407 3536 4471 dixit,
3580 4408 3741 4461 Tacui
3777 4419 3803 4464 :

2080 4500 2182 4555 sed
2223 4502 2503 4569 tanquam
2542 4498 2763 4567 justus,
2823 4497 3100 4568 Numquid
3146 4512 3361 4567 semper
3406 4496 3590 4551 tacebo
3641 4494 3795 4565 (Isai.

2080 4605 2212 4655 xui,
2249 4589 2460 4654 three.
2488 4586 2649 4659 LXX)
2680 4588 2708 4642 ?
2746 4590 3060 4644 Misericors
3101 4591 3150 4644 et
3179 4590 3471 4644 miserator
3512 4586 3801 4641 Dominus.

2084 4680 2163 4733 Ita
2194 4675 2385 4749 plane.
2412 4675 2615 4731 Adhuc
2674 4676 2844 4743 adde,
2895 4677 3269 4746 longanimis;
3315 4676 3506 4733 adhuc
3538 4675 3705 4740 adde,
3742 4680 3804 4729 et

2085 4768 2319 4823 multum
2345 4766 2653 4823 misericors
2680 4783 2698 4823 :
2731 4768 2832 4823 sed
2865 4768 3005 4825 time
3036 4768 3189 4841 quod
3234 4772 3319 4825 est
3348 4768 3409 4824 in
3459 4765 3799 4829 novissimo,

2082 4862 2133 4914 et
2163 4856 2537 4927 verax(Psal.
2581 4871 2778 4924 Lxxxv,
2837 4856 2942 4929 15).
2978 4860 3132 4924 Quos
3182 4858 3338 4915 enim
3388 4857 3559 4914 modo
3609 4852 3796 4911 susti-

2088 4952 2185 5003 net
2216 4953 2535 5019 peccantes,
2564 4948 2937 5019 judioaturus
2976 4952 3065 5005 est
3110 4950 3565 5005 contemnentes.
3609 4945 3691 4998 An
3720 4941 3807 4997 di-

2087 5039 2250 5094 vitias
2272 5038 2713 5108 longanimitatis
2736 5043 2787 5095 et
2818 5039 3261 5095 mansuetudinis
3297 5038 3414 5109 ejus
3474 5031 3797 5098 contemnis,

2089 5131 2351 5200 ignorans
2367 5132 2495 5200 quia
2523 5130 2796 5201 patientia
2827 5130 2921 5185 Dei
2949 5129 3020 5185 ad
3039 5130 3412 5201 pwnitenliam
3440 5131 3495 5183 te
3537 5124 3809 5182 adducit?

2092 5221 2165 5275 Tu
2194 5224 2387 5276 autem
2418 5220 2717 5277 secundum
2738 5218 3006 5275 duritiam
3036 5218 3217 5274 cordis
3247 5219 3332 5273 tui
3356 5222 3406 5273 et
3426 5233 3516 5273 cor
3553 5217 3813 5289 impaeni-

2065 5298 2226 5376 ltens,
2260 5310 2598 5367 thesaurizas
2628 5311 2729 5364 tibi
2762 5309 2903 5364 iram
2922 5310 2978 5364 in
3009 5308 3094 5365 die
3115 5310 3212 5363 ira:
3233 5311 3283 5363 et
3306 5307 3657 5365 reuelationis
3668 5310 3812 5381 justi

2084 5402 2279 5475 judicii
2309 5403 2422 5467 Dei,
2465 5403 2557 5472 qui
2586 5398 2772 5455 reddet
2828 5402 3123 5472 unicuique
3180 5399 3475 5457 secundum
3511 5416 3679 5473 opera
3710 5416 3811 5456 sua

2093 5494 2267 5560 (Rom.
2306 5509 2365 5557 ιι,
2397 5492 2535 5559 4-6).
2571 5492 2903 5547 Mansuetus
2955 5491 3260 5562 Dominus,
3305 5492 3660 5565 Ionganimis
3691 5495 3807 5549 Do-

2164 5685 2177 5718 ι
2210 5678 2357 5744 Apud
2392 5680 2497 5735 Er.,
2531 5677 2646 5744 quis
2678 5679 2763 5729 sit.
2827 5679 2894 5729 M.
