4126 6194
304 243 456 304 1651

305 378 523 447 minus,
556 372 889 432 misericors
916 370 1232 428 Dominus:
1260 369 1361 425 sed
1393 370 1450 424 et
1472 368 1670 440 justus
1703 366 2007 436 Dominus,

304 478 355 525 et
384 483 555 524 verax
576 463 876 521 Dominus.
905 462 1167 532 Largitur
1198 459 1297 515 tibi
1321 457 1574 531 spatium
1598 457 1968 515 correctionis
1992 474 2007 514 :

303 559 400 615 sed
415 560 475 613 tu
491 556 624 627 plus
645 569 808 609 amas
832 551 1167 608 dilationem
1184 563 1359 620 quam
1374 546 1837 603 emendationem
1851 587 1864 603 .
1890 546 2008 603 Ma-

301 648 394 704 lus
418 645 577 701 fuisti
599 643 767 700 heri?
800 642 971 697 hodie
994 642 1184 696 bonus
1206 641 1347 694 esto.
1390 638 1450 693 Et
1479 636 1826 693 hodiernum
1858 637 2011 693 diem

304 736 362 791 in
396 731 619 789 malitia
649 728 922 803 peregisti
944 728 971 781 ’i
1002 726 1085 781 vel
1112 742 1240 781 cras
1263 728 1510 780 mutare.
1543 728 1782 795 Semper
1809 740 2013 795 exspe-

308 831 453 893 ctas,
485 827 543 879 et
563 823 633 877 de
658 817 1058 877 misericordia
1090 817 1186 872 Dei
1211 815 1313 871 tibi
1338 814 1656 888 plurimum
1679 815 1971 886 polliceris
1997 834 2013 873 :

310 915 471 989 quasi
503 911 599 968 ille
630 911 729 983 qui
770 910 874 965 tibi
908 925 1007 979 per
1039 906 1438 979 paenitentiam
1475 908 1489 941 ¹
1525 904 1794 977 promisit
1826 905 2014 960 indul-

309 1004 582 1079 gentiam,
610 996 1058 1072 promiserittibi
1081 996 1253 1053 etiam
1279 995 1649 1068 prolixiorem
1670 995 1867 1051 vitam.
1892 996 2017 1051 Un-

306 1097 377 1151 de
406 1094 521 1148 scis
540 1089 680 1163 quid
712 1089 891 1160 pariat
913 1086 1209 1143 crastinus
1231 1085 1355 1142 dies
1377 1086 1405 1140 ?
1437 1086 1609 1142 Recte
1641 1086 1785 1142 dicis
1807 1084 1865 1141 in
1889 1102 2018 1141 cor-

307 1186 376 1241 de
406 1188 508 1238 tuo
532 1198 547 1237 :
570 1179 811 1244 Quando
846 1194 936 1234 me
963 1192 1282 1246 correxcro,
1318 1178 1467 1233 Deus
1502 1175 1644 1232 mihi
1668 1176 1864 1232 omnia
1886 1191 2016 1248 pec-

309 1277 437 1331 cata
466 1270 732 1326 dimittet.
778 1267 996 1340 Negare
1046 1283 1164 1323 non
1199 1282 1513 1336 possumus
1562 1267 1712 1337 quod
1747 1266 2019 1322 correctis

310 1372 480 1435 atque
510 1358 803 1417 conversis
834 1357 1257 1429 indulgentiam
1286 1356 1436 1412 Deus
1470 1356 1750 1428 promisit.
1783 1355 1925 1410 Nam
1960 1355 2018 1410 in

311 1469 426 1524 quo
446 1449 723 1522 propheta
746 1447 888 1502 mihi
910 1446 1056 1518 legis
1080 1445 1217 1519 quia
1241 1446 1503 1515 promisit
1536 1449 1790 1501 correcto
1829 1444 2022 1500 indul-

307 1542 587 1616 gentiam,
618 1556 733 1597 non
767 1538 907 1594 mihi
939 1537 1081 1609 legis
1101 1537 1238 1608 quia
1284 1536 1550 1608 promisit
1583 1536 1689 1592 tibi
1721 1540 1868 1592 Deus
1900 1540 2024 1591 lon.

242 1620 245 1625 ’
312 1648 447 1705 gam
480 1630 678 1688 vitam.

381 1722 435 1776 8.
467 1722 548 1777 Ex
580 1723 823 1791 utroque
859 1717 1035 1789 igitur
1061 1715 1769 1787 homines'periclitantur.
1806 1722 1857 1772 et
1891 1731 2022 1787 epe-

312 1811 493 1868 rando
510 1814 567 1865 et
587 1807 972 1880 desperando,
998 1804 1305 1862 contrariis
1329 1806 1529 1873 rebus,
1554 1806 1867 1862 contrariis
1890 1806 2026 1860 affe-

315 1902 626 1959 ctionibus.
651 1899 948 1972 Sperando
964 1898 1060 1969 qui
1077 1896 1360 1969 decipitur
1380 1899 1407 1951 ?
1428 1897 1573 1963 Quid
1600 1897 1740 1952 dicit
1763 1897 1807 1965 τ,
1833 1897 2025 1952 Bonus

313 1997 403 2049 est
434 1993 609 2057 Deus,
645 1987 973 2045 misericors
995 1994 1073 2043 est
1100 1986 1270 2055 Deus,
1306 1986 1510 2042 faciam
1536 1988 1684 2059 quod
1730 1986 1871 2041 mihi
1900 1986 2020 2059 pla-

315 2084 425 2148 cet,
459 2080 614 2152 quod
644 2078 787 2133 libet
820 2098 833 2146 ;
868 2076 1051 2131 laxem
1098 2075 1357 2131 habenas
1402 2075 1822 2147 cupiditatibus
1858 2075 2022 2143 meis,

315 2170 587 2243 impleam
618 2167 910 2224 desideria
931 2166 1140 2221 animos
1163 2181 1319 2221 meas.
1350 2165 1538 2229 Quare
1570 2165 1677 2222 hoc
1698 2168 1727 2220 ?
1750 2165 1894 2231 Quia
1926 2167 2030 2221 mi-

317 2262 562 2316 sericors
584 2261 674 2314 est
696 2257 869 2326 Deus,
889 2256 1075 2312 bonus
1092 2258 1175 2311 est
1195 2254 1367 2323 Deus,
1386 2259 1721 2311 mansuetus
1743 2260 1832 2312 est
1852 2256 2025 2313 Deus.

314 2352 424 2420 Spe
464 2348 557 2403 isti
597 2345 1019 2420 periclitantur.
1072 2344 1483 2416 Desperatione
1515 2347 1732 2413 autem,
1765 2346 1864 2418 qui
1894 2364 2027 2405 cum

317 2437 631 2495 inciderint
669 2434 726 2491 in
759 2434 950 2506 gravia
981 2437 1235 2505 peccata,
1264 2437 1534 2506 putantes
1565 2434 1675 2489 sibi
1711 2451 1823 2491 non
1857 2452 2031 2509 posse

315 2529 438 2597 jam
456 2524 681 2598 ignosci
698 2524 1134 2595 paenitentibus,
1169 2526 1223 2578 et
1247 2526 1567 2579 statuentes
1607 2539 1668 2579 se
1691 2524 1759 2579 ad
1785 2524 2033 2582 damna—

326 2618 541 2672 tionem
576 2612 702 2670 sine
732 2611 907 2668 dubio
956 2611 1297 2679 destinatos,
1349 2610 1549 2667 dicunt
1579 2614 1728 2683 apud
1781 2613 2031 2686 seipsos,

327 2708 450 2761 Jam
484 2702 801 2759 damnandi
834 2700 1108 2767 sumus',
1139 2716 1316 2771 quare
1334 2717 1446 2756 non
1481 2702 1632 2773 quod
1664 2702 1929 2760 volumus
1950 2704 2034 2758 fa-

326 2795 515 2849 cimus
541 2792 569 2846 ?
592 2790 786 2847 animo
814 2789 1198 2861 gladiatorum
1233 2790 1381 2845 ferro
1412 2790 1854 2847 destinatorum.
1900 2792 2033 2850 Ideo

330 2880 559 2938 molesti
589 2883 725 2937 sunt
754 2879 1039 2951 desperati
1068 2895 1079 2933 :
1105 2879 1230 2950 jam
1262 2877 1415 2935 enim
1452 2880 1607 2951 quod
1648 2878 1889 2937 timeant
1920 2898 2034 2938 non

330 2973 566 3039 habent,
597 2973 654 3027 et
675 2968 1049 3025 vehementer
1074 2968 1313 3023 timendi
1344 2977 1497 3025 sunt.
1535 2969 1682 3026 Istos
1715 2969 2037 3043 desperatio

333 3063 520 3127 necat,
554 3075 685 3130 spes
723 3058 876 3115 illos.
910 3057 1059 3112 Inter
1093 3071 1254 3127 spem
1305 3062 1362 3112 et
1417 3059 1874 3129 desperationem
1926 3060 2038 3117 ilu-

325 3154 494 3210 ctuat
515 3149 769 3206 animus.
805 3149 1180 3206 Metuendum
1231 3153 1317 3205 cst
1349 3165 1417 3206 ne
1449 3154 1503 3205 te
1538 3150 1755 3206 occidat
1794 3168 1947 3222 spes,
1980 3156 2039 3209 et

332 3258 460 3299 cvm
486 3239 735 3296 multum
766 3254 961 3311 speras
994 3239 1063 3294 de
1099 3238 1518 3308 misericordia,
1551 3238 1774 3295 incidas
1805 3241 1863 3295 in
1888 3241 2041 3311 judi-

329 3331 518 3386 cium:
546 3328 920 3384 meluendum
942 3334 1028 3382 est
1051 3343 1253 3382 rursus
1271 3341 1340 3381 ne
1364 3331 1418 3382 te
1431 3327 1659 3383 occidat
1687 3329 2036 3400 desperatio,

327 3425 537 3477 etcum
570 3419 878 3491 putasjam
912 3418 1017 3473 tibi
1041 3434 1153 3473 non
1180 3418 1401 3490 ignosci
1437 3434 1561 3489 quae
1586 3420 1779 3491 gravia
1802 3420 2040 3475 commi-

329 3509 485 3580 sisti,
519 3524 634 3565 non
668 3523 808 3580 agas
839 3506 1261 3579 paenitentiam,
1301 3511 1355 3562 et
1395 3506 1660 3564 incurras
1693 3508 1753 3564 in
1777 3508 2038 3580 judicem

327 3598 710 3671 Sapientiam,
744 3614 871 3670 quae
906 3597 1063 3664 dicit,
1090 3598 1150 3651 Et
1172 3612 1265 3668 ego
1297 3599 1491 3654 vestra:
1516 3597 1818 3670 perditioni
1844 3614 2039 3670 super-

330 3688 735 3760 ridebo(Prov.
771 3704 808 3753 ι,
864 3688 976 3757 26).
1028 3685 1172 3749 Quid
1222 3703 1358 3757 ergo
1411 3686 1531 3758 agit
1578 3686 1859 3743 Dominus
1905 3705 2038 3744 cum

331 3776 796 3846 periclitantibus
829 3780 1072 3847 utroque
1106 3775 1353 3831 morbo?
1394 3775 1513 3831 illis
1546 3777 1641 3848 qui
1677 3794 1779 3850 spe
1818 3777 2044 3849 pericli-

328 3869 542 3927 tantur,
578 3862 683 3917 hoc
716 3863 853 3919 dicit
881 3881 891 3916 :
923 3865 995 3919 Nc
1028 3862 1208 3918 tardes
1239 3868 1479 3919 converti
1508 3866 1578 3919 ad
1610 3866 1924 3931 Dominum,
1949 3883 2038 3924 ne-

327 3968 432 4024 que
459 3952 684 4024 diﬂeras
716 3951 781 4005 de
800 3952 887 4007 dic
915 3954 967 4005 in
992 3952 1134 4007 diem
1163 3970 1181 4015 ;
1204 3954 1378 4008 subito
1398 3958 1545 4009 enim
1564 3959 1738 4011 veniet
1761 3960 1842 4010 ira
1868 3958 2041 4027 illius,

331 4053 382 4098 et
429 4045 490 4097 in
529 4045 766 4109 tempore
812 4041 1070 4098 vindictcc
1116 4042 1385 4113 disperdat
1435 4047 1485 4100 te
1540 4045 1720 4115 (Eccli.
1764 4063 1815 4113 v,
1865 4049 1917 4114 8,
1965 4050 2039 4123 9).

334 4130 458 4188 Illis
496 4131 596 4205 qui
646 4131 1046 4202 desperatione
1090 4132 1472 4203 periclitatur,
1527 4135 1662 4206 quid
1715 4138 1855 4193 dicit
1898 4140 1925 4193 ?
1982 4141 2043 4195 In

334 4235 672 4291 quacumque
693 4220 780 4275 dic
802 4224 1016 4293 iniquus
1040 4236 1329 4278 conversus
1350 4224 1539 4289 fuerit,
1558 4239 1744 4280 omnes
1782 4228 2044 4299 iniquita-

329 4317 408 4367 tes
427 4311 545 4380 eius
581 4311 875 4367 obliviscar
915 4311 1132 4382 (Esrch.
1169 4326 1323 4380 xvm,
1372 4312 1461 4381 21,
1490 4314 1581 4381 22,
1631 4314 1744 4386 27).
1806 4316 2045 4388 Propter

328 4398 461 4458 illos
483 4415 619 4471 ergo
645 4401 745 4470 qui
768 4400 1168 4471 desperatione
1193 4401 1611 4473 periclitantur,
1635 4406 1932 4475 preposuit
1959 4405 2041 4461 in-

329 4487 644 4560 dulgentiae
669 4499 927 4561 portum:
956 4498 1188 4562 propter
1226 4490 1358 4547 illos
1390 4492 1484 4563 qui
1510 4509 1607 4564 spe
1643 4494 2047 4565 periclitantur

333 4581 390 4635 et
409 4574 784 4633 dilationibus
808 4578 1147 4647 illuduntur,
1173 4581 1301 4636 fecit
1339 4582 1483 4639 diem
1504 4583 1709 4638 mortis
1732 4583 2042 4642 incertum.

339 4665 581 4728 Quando
612 4667 801 4722 veniat
825 4667 1221 4735 ultimusdies,
1258 4673 1463 4728 nescis.
1500 4672 1762 4744 Ingratus
1797 4690 1880 4742 es,
1910 4675 2047 4747 quia

336 4754 684 4811 hodiernum
700 4755 901 4824 habes,
920 4757 977 4811 in
998 4775 1112 4829 quo
1126 4761 1473 4829 eorrigaris?
1493 4761 1584 4815 Sic
1619 4777 1755 4833 ergo
1774 4763 1843 4817 ad
1870 4764 2043 4820 istam

337 4844 664 4913 mulierem,
696 4844 799 4900 Nec
827 4860 922 4914 ego
954 4854 1005 4900 te
1036 4848 1350 4910 damnabo;
1398 4851 1499 4905 sed
1539 4850 1691 4906 facta
1740 4868 1943 4907 secure
1976 4853 2048 4909 de

336 4935 653 5010 praeterito,
704 4950 839 4992 cave
872 4936 1084 4991 futura.
1139 4941 1247 4992 Nec
1274 4953 1370 5007 ego
1400 4946 1451 4995 te
1490 4938 1761 4995 damnabo
1792 4958 1810 4993 :
1859 4941 2050 5000 delevi

342 5030 496 5100 quod
528 5028 894 5100 commisisti,
926 5029 1169 5087 observa
1212 5031 1368 5104 quod
1396 5033 1661 5104 praecepi,
1696 5037 1759 5090 ut
1787 5034 2050 5092 invenias

346 5119 496 5190 quod
528 5119 789 5192 promisi.

415 5288 433 5356 ξ
456 5286 1147 5356 Sic-‘Ms.‘Carcassouensis.
1172 5290 1237 5340 Αι
1254 5292 1427 5356 caeteri
1449 5291 1589 5356 libri,
1604 5306 1701 5354 per
1716 5293 2052 5356 patientiam.

411 5346 433 5379 ³
455 5348 511 5419 ip
534 5347 591 5419 β..
621 5364 632 5397 :
659 5351 922 5419 Sperando
952 5351 1230 5419 decipitur,
1262 5354 1353 5417 qui
1374 5346 1647 5419 decipitur,
1676 5346 1763 5419 qui
1796 5358 1941 5409 dicit.
1967 5357 2049 5407 Er.

350 5408 514 5463 Lugd.
543 5408 761 5461 Veufet
786 5416 904 5463 Lov.
939 5408 1107 5465 secuti
1144 5408 1341 5467 sumus.
1404 5417 1467 5466 Μ.

418 5472 438 5503 ³
467 5469 521 5518 In
554 5472 762 5521 duobus
798 5478 935 5531 Mss,
958 5480 1070 5535 jam
1104 5478 1345 5528 damnati
1368 5497 1560 5531 διένιηὴ

1258 235 1335 293 1N
1385 232 1706 294 JOANNIS
1752 232 2297 305 EVANGELIUM,
2342 235 2410 291 S.
2457 226 2873 291 AUGUSTINI

3671 224 3827 286 1652

2613 360 3031 418 TRACTATUS
3073 359 3315 417 XXXIV.

2124 504 2183 558 1η
2213 501 2375 566 illud,
2408 500 2524 571 Ego
2554 512 2682 552 sum
2716 495 2812 551 lux
2852 494 3052 549 mundi
3089 509 3099 545 :
3144 493 3244 564 qui
3275 494 3539 563 sequitur
3573 511 3681 563 me,
3714 510 3835 551 non

2194 590 2456 645 ambulat
2490 589 2545 641 in
2580 584 2850 652 tenebris,
2886 585 2978 639 sed
3025 582 3261 638 habebit
3292 582 3481 641 lumen
3512 584 3663 641 vitae.
3699 585 3836 653 Cap.

2194 697 2313 743 vni,
2347 680 2399 746 Ῡ.
2447 680 2529 731 12.

2201 805 2245 858 l.
2272 803 2430 869 Quod
2458 802 2626 857 modo
2647 800 2976 857 audivimus
2996 802 3052 855 et
3083 798 3287 854 intenti
3303 798 3680 870 acciepimus,
3698 817 3837 856 cum

2125 903 2383 949 sanctum
2402 891 2767 963 Evangelium
2784 891 3090 960 legeretur,
3106 906 3219 945 non
3234 889 3439 945 dubito
3461 892 3610 960 quod
3627 907 3840 947 omnes

2124 983 2297 1041 etiam
2333 982 2655 1053 intelligere
2685 980 2875 1037 conati
2909 995 3111 1035 sumus
3139 995 3150 1033 :
3186 984 3243 1035 et
3285 979 3532 1051 quisque
3564 984 3838 1037 nostrum

2126 1072 2197 1127 de
2231 1088 2289 1126 re
2323 1076 2432 1126 tam
2470 1086 2681 1141 magna
2705 1086 2833 1141 quae
2864 1069 3011 1125 lecta
3042 1072 3151 1135 est,
3195 1083 3296 1140 pro
3329 1084 3436 1123 suo
3470 1068 3706 1124 modulo
3738 1085 3844 1127 ce-

2130 1163 2210 1234 pit
2241 1162 2397 1234 quod
2433 1161 2618 1232 potuit
2653 1179 2665 1227 ;
2697 1164 2754 1215 et
2794 1160 2981 1230 posito
3016 1174 3164 1230 pane
3191 1158 3376 1226 verbi,
3417 1174 3587 1216 nemo
3618 1165 3705 1217 est
3734 1162 3841 1232 qui

2130 1270 2191 1308 se
2222 1257 2500 1324 queratur
2530 1250 2673 1307 nihil
2707 1254 2996 1321 gustasse.
3046 1249 3157 1304 Sed
3207 1248 3415 1303 iterum
3457 1265 3571 1305 non
3612 1251 3843 1320 dubito,

2131 1342 2521 1415 quiadifﬁcile
2544 1339 2857 1412 quisquam
2883 1348 2967 1395 est
2991 1339 3087 1411 qui
3117 1342 3305 1394 totum
3340 1338 3705 1394 intellexerit.
3737 1341 3845 1394 Τλι-

2133 1447 2263 1487 men
2294 1430 2524 1488 etiamsi
2552 1434 2635 1486 est
2656 1428 2757 1500 qui
2792 1427 2989 1483 omnia
3018 1427 3196 1482 verba
3225 1426 3459 1481 Domini
3490 1429 3671 1483 nostri
3704 1428 3843 1485 Jesu

2132 1521 2344 1577 Christi
2377 1520 2545 1576 modo
2576 1535 2644 1574 ex
2691 1516 2997 1588 Evangelia
3047 1517 3288 1572 recitata
3332 1516 3473 1572 satis
3504 1516 3794 1587 intelligat
3826 1536 3843 1583 ;

2131 1611 2327 1668 toleret
2360 1609 2748 1665 ministerium
2774 1611 3064 1674 nostrum,
3087 1622 3415 1678 quousque,
3451 1607 3502 1662 si
3530 1607 3848 1678 possimus,

2133 1700 2233 1757 illo
2264 1700 2575 1771 adjuvante
2624 1698 2925 1753 tractando
2974 1695 3256 1751 faciamus
3309 1701 3370 1751 ut
3400 1696 3490 1752 vel
3520 1713 3724 1753 omnes
3755 1698 3848 1752 vel

2136 1791 2305 1847 multi
2337 1790 2681 1860 intelligant,
2715 1789 2861 1860 quod
2886 1804 2947 1844 se
2978 1786 3146 1860 pauci
3170 1786 3524 1843 intellexisse
3559 1787 3845 1843 laetantur.

2202 1884 2257 1937 2.
2291 1880 2448 1947 Quod
2483 1877 2563 1934 ait
2592 1877 2897 1942 Dominus,
2930 1878 3037 1946 Ego
3077 1892 3197 1932 sum
3251 1877 3349 1931 tua:
3378 1877 3589 1945 mundi,
3617 1878 3845 1934 clarum

2136 1976 2277 2044 puto
2313 1984 2441 2025 esse
2472 1969 2557 2025 eis
2589 1969 2685 2040 qui
2738 1968 2956 2023 habent
2995 1966 3213 2033 oculos,
3261 1967 3415 2023 unde
3464 1967 3641 2038 hujus
3700 1966 3852 2023 lucis

2136 2061 2445 2132 participes
2477 2059 2657 2114 ﬁant:
2693 2056 2789 2129 qui
2820 2060 3009 2113 autem
3036 2073 3148 2111 non
3179 2056 3394 2112 habent
3414 2056 3612 2113 oculos
3640 2056 3751 2112 nisi
3786 2055 3849 2112 in

2137 2150 2257 2205 sola
2286 2164 2480 2215 carne,
2512 2147 2802 2203 mirantur
2830 2146 2982 2218 quod
3004 2147 3219 2202 dictum
3251 2150 3338 2201 est
3367 2163 3399 2200 a
3433 2147 3673 2203 Domino
3701 2146 3847 2203 Jesu

2137 2239 2387 2310 Christo,
2422 2239 2529 2307 Ego
2575 2253 2695 2292 sum
2730 2238 2825 2291 tua:
2869 2235 3083 2291 mundi.
3117 2236 3185 2290 Et
3236 2236 3381 2291 forte
3415 2253 3526 2290 non
3568 2236 3714 2291 desit
3742 2237 3849 2310 qui

2139 2330 2297 2386 dicat
2347 2329 2497 2400 apud
2546 2326 2980 2396 semetipsum:
3033 2325 3324 2395 Numquid
3380 2325 3517 2380 forte
3564 2325 3856 2383 Dominus

2140 2419 2405 2475 Christus
2428 2421 2519 2474 est
2543 2416 2626 2474 sol
2658 2416 2788 2486 iste,
2814 2414 3056 2487 quiortu
3075 2418 3131 2470 et
3162 2431 3369 2471 occasu
3409 2415 3631 2487 peragit
3650 2416 3805 2471 diem
3829 2418 3860 2472 τ

2141 2510 2266 2565 Νοιι
2301 2509 2455 2563 enim
2485 2508 2798 2563 defuerunt
2829 2504 3082 2561 haeretici
3112 2504 3211 2576 qui
3241 2504 3350 2559 ista
3378 2512 3695 2561 senserunt.
3734 2506 3861 2563 Me-

2144 2598 2349 2656 nichzei
2382 2597 2557 2655 selem
2594 2597 2770 2652 istum
2821 2594 3005 2651 oculis
3048 2596 3240 2652 carnis
3285 2595 3571 2651 visibilem
3624 2596 3858 2667 exposi~

2145 2699 2264 2744 tum
2298 2685 2680 2759 et'publicum
2736 2702 2850 2740 non
2884 2688 3108 2740 tantum
3144 2683 3500 2752 hominibus,
3545 2686 3643 2740 sed
3678 2685 3859 2741 etiam

2146 2777 2446 2850 pecoribus
2498 2776 2567 2831 ad
2621 2774 2959 2841 videndum,
3005 2773 3301 2829 Christum
3360 2773 3668 2830 Dominum
3721 2790 3862 2830 esse

2147 2869 2515 2940 putaverunt.
2583 2865 2691 2921 Sed
2777 2862 3072 2918 catholica
3150 2862 3415 2919 Ecclesiae
3491 2867 3643 2919 recte
3710 2863 3861 2919 ﬁdes

2148 2957 2440 3030 improbat
2469 2956 2582 3012 tale
2609 2957 3030 3021 commentum,
3059 2957 3115 3010 et
3135 2953 3482 3009 diabolicam
3524 2955 3856 3011 doctrinam

2149 3066 2276 3105 esse
2306 3046 2639 3120 cognoscit:
2674 3061 2778 3100 nec
2809 3043 2997 3100 solum
3030 3042 3294 3114 agnoscit
3323 3044 3633 3111 credendo,
3664 3045 3765 3099 sed
3792 3046 3854 3101 in

2149 3137 2363 3212 quibus
2397 3138 2581 3207 potest
2606 3132 2897 3188 convincit
2923 3131 3101 3187 etiam
3142 3129 3514 3200 disputando.
3556 3132 3859 3201 Improbe-

2150 3242 2281 3284 mue
2311 3226 2506 3296 itaque
2537 3221 2869 3289 hujusmodi
2891 3236 3171 3284 errorem,
3203 3235 3374 3289 quem
3406 3225 3606 3275 saneta
3636 3221 3706 3275 ab
3738 3220 3861 3276 ini-

2148 3318 2229 3372 tio
2259 3311 2762 3371 anathematizavit
2792 3308 3062 3365 Ecclesia.
3099 3309 3224 3363 Non
3267 3308 3617 3364 arbitremur
3648 3309 3866 3365 Domi-

2150 3421 2291 3463 num
2311 3404 2511 3461 Jesum
2534 3400 2832 3458 Christum
2857 3399 3011 3454 hunc
3036 3414 3163 3454 esse
3186 3397 3365 3453 solem
3392 3414 3564 3471 quem
3589 3398 3862 3456 videmus

2151 3495 2288 3552 oriri
2321 3495 2393 3550 ab
2423 3492 2663 3559 oriente,
2697 3488 2957 3545 occidere
2986 3486 3044 3541 in
3077 3487 3374 3543 occidente
3406 3502 3419 3553 ;
3455 3488 3622 3556 cujus
3653 3488 3857 3543 cursui

2152 3604 2263 3645 nox
2310 3582 2587 3645 succedit,
2651 3579 2822 3651 cujus
2869 3577 3017 3632 radii
3078 3576 3227 3631 nube
3265 3575 3707 3646 obumbrantur,
3753 3578 3860 3649 qui

2150 3680 2305 3734 certa
2335 3675 2405 3729 de
2432 3673 2557 3728 loco
2588 3669 2649 3724 in
2684 3668 2872 3724 locum
2904 3665 3154 3723 motione
3198 3666 3583 3737 commigrat:
3626 3682 3739 3722 non
3774 3676 3867 3725 est

2153 3767 2261 3821 hoc
2294 3761 2574 3819 Dominus
2604 3759 2888 3815 Christus.
2924 3759 3044 3811 Non
3067 3762 3155 3810 est
3177 3756 3458 3811 Dominus
3484 3755 3749 3811 Christus
3772 3758 3864 3813 sol

2156 3862 2361 3919 tactus,
2378 3853 2474 3910 sed
2498 3866 2598 3922 per
2618 3864 2788 3921 quem
2813 3847 2894 3904 sol
2912 3847 3220 3902 factusest.
3247 3846 3447 3902 Omnia
3465 3848 3616 3901 enim
3643 3863 3744 3917 per
3765 3847 3865 3918 ip-

2154 3965 2280 4005 sum
2319 3938 2847 4007 lactasunt,etsine
2865 3937 2990 4009 ipso
3004 3937 3219 3992 factum
3235 3938 3320 3991 est
3344 3935 3484 3989 nihil
3511 3936 3700 4002 (locu.
3726 3938 3863 4006 r,3).

2222 4040 2275 4093 3.
2310 4036 2405 4093 Est
2434 4052 2567 4103 ergo
2598 4033 2697 4088 lux
2728 4047 2854 4103 quas
2889 4026 3019 4082 fecit
3064 4023 3215 4081 hanc
3244 4024 3433 4080 lucem
3472 4042 3483 4079 :
3520 4025 3666 4081 hanc
3698 4042 3866 4082 ame-

2156 4145 2305 4195 mus,
2338 4127 2489 4183 hanc
2517 4122 2840 4194 intelligere
2867 4116 3197 4191 cupiamus,
3245 4114 3431 4186 ipsam
3462 4114 3765 4183 sitiemus;
3798 4122 3871 4173 ut

2154 4222 2223 4277 ad
2258 4220 2439 4291 ipsam
2470 4216 2617 4271 duce
2644 4213 2776 4284 ipsa
2802 4208 3117 4282 aliquando
3138 4206 3455 4272 veniamus,
3480 4208 3537 4260 et
3569 4207 3623 4260 in
3651 4204 3750 4261 illa
3781 4207 3868 4264 ita

2153 4310 2436 4372 vivamus,
2468 4308 2533 4358 ut
2562 4314 2863 4371 nunquam
2886 4296 3121 4353 omnino
3153 4293 3493 4349 moriamur.
3557 4295 3671 4348 ista
3704 4296 3867 4353 enim

2155 4398 2254 4454 lux
2283 4399 2390 4465 est,
2420 4394 2490 4449 de
2509 4408 2625 4464 qua
2642 4387 2944 4463 prophetia
2960 4384 3099 4441 olim
3124 4381 3521 4455 prasmissaita
3554 4383 3608 4437 in
3636 4384 3869 4441 Psalmo

2155 4488 2365 4546 cecinit
2398 4502 2411 4539 :
2449 4484 2697 4539 Homine:
2744 4485 2797 4535 et
2838 4480 3085 4549 iumenta
3129 4475 3303 4531 salvos
3340 4474 3532 4543 facies,
3602 4477 3872 4536 Domine:

2154 4582 2295 4635 sicut
2338 4574 2705 4645 multiplicata
2743 4573 2822 4626 est
2863 4566 3248 4623 misericordia
3293 4572 3412 4629 tua,
3444 4565 3598 4620 Deus.
3654 4564 3873 4620 Psalmi

2156 4667 2338 4725 sancti
2371 4667 2484 4723 ista
2512 4663 2689 4718 verba
2730 4664 2868 4716 sunt
2900 4674 2915 4713 :
2960 4655 3236 4711 advertite
3268 4653 3411 4725 quid
3471 4653 3541 4709 de
3580 4654 3681 4708 tali
3736 4653 3874 4711 luce

2156 4758 2431 4828 antiquus
2463 4756 2801 4809 sanctorum
2825 4745 3129 4802 hominum
3157 4742 3253 4799 Dei
3276 4758 3469 4797 sermo
3493 4743 3871 4813 praemiserit.

2158 4848 2427 4914 Homines,
2484 4840 2695 4911 inquit,
2727 4847 2778 4895 et
2826 4836 3075 4907 iumenta
3128 4833 3303 4888 salvos
3351 4830 3541 4904 facies,
3586 4834 3869 4895 Domine;

2156 4939 2291 4993 sicut
2319 4932 2680 5004 multiplicata
2708 4935 2783 4985 est
2822 4925 3191 4982 misericordia
3220 4930 3336 4987 tua,
3379 4923 3538 4977 Deus.
3580 4920 3870 4984 Quoniam

2114 5010 2115 5013 η
2159 5026 2315 5083 enim
2344 5024 2496 5080 Deus
2527 5037 2611 5092 es,
2642 5023 2699 5074 et
2722 5017 2906 5073 habes
2955 5012 3330 5084 multiplicem
3365 5009 3827 5066 misericordiam
3857 5027 3874 5077 ;

2160 5115 2421 5190 pervenit
2449 5112 2651 5168 eadem
2701 5104 3106 5178 multiplicitas
3139 5099 3547 5190 misericordiae
3577 5104 3716 5164 tuae,
3751 5116 3874 5155 non

2161 5189 2349 5264 solum
2378 5204 2447 5260 ad
2480 5199 2750 5257 homines
2782 5212 2928 5268 quos
2977 5192 3184 5250 creasti
3217 5191 3284 5247 ad
3336 5189 3653 5261 imaginem
3686 5192 3876 5259 tuam,

2161 5298 2260 5353 sed
2287 5295 2463 5351 etiam
2494 5292 2560 5348 ad
2593 5304 2799 5361 pecora
2815 5302 2942 5358 quas
2959 5282 3300 5341 hominibus
3322 5279 3656 5335 subdidisti.
3689 5283 3733 5334 Α
3757 5297 3879 5352 quo

2163 5386 2315 5443 enim
2349 5382 2507 5440 salus
2529 5378 2809 5445 hominis,
2834 5376 2905 5431 ab
2931 5374 3033 5430 illo
3055 5372 3210 5429 salus
3241 5378 3293 5427 et
3317 5368 3561 5443 pecoris.
3583 5368 3706 5425 Non
3731 5385 3882 5425 eru-

2164 5479 2366 5534 bescas
2397 5476 2504 5531 hoc
2539 5472 2755 5527 sentire.
2784 5469 2854 5524 de
2884 5465 3127 5523 Domino
3160 5464 3271 5519 Deo
3305 5466 3407 5518 tuo
3442 5476 3454 5515 :
3498 5460 3615 5514 imo
3654 5477 3885 5532 pressu-

2170 5584 2293 5627 mas
2321 5571 2378 5624 et
2408 5567 2574 5630 fidas,
2606 5568 2659 5619 et
2688 5576 2891 5619 caveas
2928 5572 3001 5617 ne
3031 5554 3197 5613 aliter
3227 5552 3465 5612 sentias.
3505 5549 3613 5615 Qui
3644 5550 3874 5609 salvum
