4146 6186
233 255 391 318 1653

228 397 365 453 facit
399 405 471 456 te.
523 398 646 469 ipse
696 395 920 453 salvum
971 395 1102 452 iacit
1133 412 1351 467 equum
1388 403 1578 466 tuum,
1611 397 1736 468 ipse
1767 412 1932 452 ovem

225 494 390 542 tuam
420 506 434 554 ;
484 489 553 542 ad
590 485 830 542 minima
877 485 1114 542 omnino
1145 485 1468 553 veniamus,
1501 487 1623 557 ipse
1653 485 1930 558 gallinam

227 583 384 631 tuam
414 595 428 642 ;
459 575 688 631 Domini
711 579 798 630 est
820 573 979 630 salus
1011 575 1184 643 (Psal.
1208 591 1292 641 ιιι,
1317 575 1394 645 9),
1419 580 1477 630 et
1504 574 1618 630 ista
1648 575 1800 632 Deus
1823 573 1932 631 salo

222 671 336 720 vat.
364 666 642 732 Movette,
658 665 1011 736 interrogas;
1037 664 1359 734 mirorquid
1377 664 1629 720 dubitas.
1649 663 1933 736 Dedigna-

220 754 377 810 bitur
398 754 644 818 salvere,
667 755 762 825 qui
795 755 1068 825 dignatus
1089 759 1178 809 est
1199 770 1394 810 creare
1415 754 1441 808 ?
1480 754 1707 809 Domini
1729 759 1819 810 est
1839 772 1928 810 sa-

219 843 310 900 lus
341 844 721 915 Angelorum,
756 842 1086 910 hominum,
1124 859 1391 915 pecorum
1419 863 1433 912 ;
1467 843 1697 898 Domini
1719 849 1803 900 est
1836 861 1927 899 sa-

213 934 327 989 lus.
353 936 515 990 Sicut
539 951 710 991 nemo
741 941 824 990 est
847 951 882 989 a
912 934 1128 1005 seipse,
1160 934 1241 989 ita
1262 950 1431 989 nemo
1453 933 1650 989 salvus
1671 943 1753 989 est
1785 952 1818 989 a
1837 949 1926 990 se-

210 1022 360 1091 ipso.
401 1022 649 1078 Proinde
687 1020 991 1078 verissime
1041 1020 1306 1077 Psalmus
1355 1025 1527 1091 atque
1574 1021 1792 1092 optime
1821 1021 1921 1086 ait,

213 1112 470 1167 Homines
490 1116 543 1166 et
565 1113 808 1177 iumenta
834 1109 1016 1165 salvos
1041 1113 1228 1178 facies,
1255 1111 1497 1166 Domine.
1522 1111 1750 1174 Quare?
1769 1109 1924 1164 Sicut

210 1203 583 1273 multiplicata
627 1207 704 1256 est
745 1201 1126 1256 misericordia
1167 1205 1280 1268 tua,
1327 1202 1482 1255 Deus.
1529 1201 1614 1256 Tu
1664 1199 1817 1256 enim
1859 1217 1920 1256 es

212 1298 392 1359 Deus,
429 1299 487 1346 tu
522 1291 754 1358 creasti,
803 1300 860 1346 tu
894 1291 1085 1347 alvas
1130 1307 1142 1345 :
1179 1297 1238 1346 ιιι
1289 1290 1498 1346 dedisti
1539 1305 1687 1357 esse,
1722 1297 1782 1345 tu
1813 1291 1920 1346 das

208 1397 420 1436 sanum
453 1397 600 1437 θεεθ.

277 1472 332 1524 οἱ.
368 1469 430 1524 Si
459 1485 595 1540 ergo
625 1469 774 1525 sicut
807 1469 1195 1541 multiplicata
1239 1473 1329 1527 est
1359 1469 1762 1525 misericordia
1795 1470 1916 1536 Dei,

204 1561 276 1614 ab
312 1559 412 1615 illo
436 1559 703 1615 homines
733 1564 790 1614 et
813 1561 1079 1629 jumenta
1110 1559 1408 1614 salvantur
1440 1575 1456 1627 ;
1506 1574 1700 1614 nonne
1730 1559 1915 1614 homi-

205 1666 310 1704 nes
341 1649 556 1705 habent
587 1647 804 1719 aliquid
838 1648 991 1704 aliud
1025 1650 1175 1718 quod
1209 1649 1290 1704 eis
1324 1653 1472 1702 Deus
1495 1652 1721 1719 prestat
1753 1663 1916 1703 crea'

203 1745 318 1806 tor,
366 1739 522 1809 quod
566 1737 849 1807 jumentis
900 1754 1012 1794 non
1047 1738 1325 1809 praestat?
1366 1736 1614 1792 Nullane
1646 1737 1916 1792 discretio

202 1833 294 1884 est
324 1827 482 1884 inter
509 1827 726 1883 animal
759 1829 972 1882 factum
1005 1827 1073 1882 ad
1108 1827 1420 1896 imaginem
1455 1826 1579 1892 Dei,
1612 1833 1668 1882 et
1698 1826 1914 1882 animal

203 1916 514 1971 subditum
549 1916 791 1988 imagini
826 1915 973 1972 Dei?
1021 1916 1122 1971 Est
1161 1916 1332 1987 plane
1366 1931 1380 1971 :
1433 1921 1639 1987 praeter
1671 1915 1916 1971 salutem

203 2010 383 2064 istam
418 2025 789 2065 communem
814 2008 983 2064 nobis
1013 2024 1148 2063 cum
1172 2007 1570 2063 animantibus
1603 2007 1804 2075 mutis,
1828 2011 1918 2063 est

203 2099 365 2170 quod
416 2099 584 2153 nobis
629 2103 861 2168 prtsstet
907 2097 1084 2164 Deus,
1116 2097 1234 2154 illis
1284 2107 1472 2153 autem
1516 2114 1629 2152 non
1665 2101 1912 2168 praastat.

201 2187 355 2253 Quid
385 2192 480 2244 est
511 2186 618 2243 hoc
639 2189 665 2242 ‘l
694 2189 949 2258 Sequere
969 2185 1027 2241 in
1061 2187 1262 2243 eodem
1287 2185 1511 2256 psalmo
1542 2203 1553 2239 :
1590 2186 1717 2241 Filii
1737 2191 1919 2242 aulem

201 2275 498 2332 hominum
529 2275 630 2329 sub
677 2274 911 2346 tegmine
939 2275 1157 2329 alarum
1200 2283 1423 2328 tuarum
1451 2275 1766 2345 sperabunt.
1802 2273 1920 2328 Ha—

202 2366 417 2421 bentes
439 2365 609 2420 modo
632 2364 882 2421 salutem
906 2380 1274 2420 communem
1290 2380 1421 2419 cum
1446 2363 1748 2434 pecoribus
1772 2363 1918 2426 suis,

206 2455 345 2511 Filii
377 2454 662 2510 hominum
687 2454 786 2509 sub
816 2455 1053 2524 tegmine
1083 2455 1304 2508 alarum
1331 2457 1556 2508 tuarum
1595 2455 1916 2524 sperabunt.

203 2543 404 2601 Aliam
437 2544 658 2600 habent
679 2544 929 2600 salutem
963 2543 1021 2598 in
1054 2559 1133 2612 te,
1165 2543 1338 2598 aliam
1374 2543 1430 2597 in
1463 2559 1583 2609 spe.
1609 2543 1780 2599 Salus
1812 2542 1923 2598 ista

201 2651 338 2706 quas
370 2634 429 2690 in
474 2633 740 2705 prasenti
771 2637 879 2702 est,
934 2631 1268 2688 hominibus
1310 2632 1731 2703 pecoribusque
1761 2648 1924 2688 com-

208 2722 418 2780 munis
445 2725 574 2778 est:
622 2722 720 2778 sed
752 2726 840 2778 est
885 2719 1004 2777 alia
1040 2737 1216 2792 quam
1267 2724 1502 2793 sperant
1535 2720 1834 2787 homines;
1868 2726 1924 2776 et

202 2812 517 2882 accipiunt
545 2810 645 2881 qui
677 2815 936 2881 sperant,
969 2826 1082 2865 non
1135 2809 1430 2879 accipiunt
1460 2810 1556 2879 qui
1587 2809 1919 2879 desperant.

201 2903 343 2958 Filii
383 2901 543 2956 enim
579 2899 861 2956 hominum
889 2899 988 2955 sub
1021 2902 1272 2971 tegmine,
1307 2898 1518 2969 inquit,
1548 2899 1768 2953 alarum
1801 2908 1923 2954 tua-

198 3008 337 3048 rum
367 2991 686 3061 sperabunt.
733 2989 842 3053 Qui
891 2993 1084 3045 autem
1131 2992 1574 3058 perseverentur
1602 2993 1860 3059 sperant,
1891 3006 1926 3045 a

203 3089 268 3140 te
303 3085 713 3154 proteguntur.
749 3098 819 3137 ne
840 3082 910 3136 de
939 3097 1044 3152 spe
1071 3098 1104 3135 a
1133 3080 1364 3136 diabolo
1391 3079 1742 3150 dejiciantur
1778 3096 1788 3133 :
1824 3081 1922 3135 sub

198 3175 450 3243 tegmine
469 3172 695 3225 alarum
723 3180 943 3226 tuarum
973 3169 1286 3240 sperabunt.
1318 3168 1374 3224 Si
1407 3185 1543 3239 ergo
1583 3170 1920 3235 sperabunt,

195 3262 348 3334 quid
384 3259 729 3332 sperabunt,
766 3258 878 3313 nisi
909 3258 1064 3330 quod
1098 3273 1303 3328 pecora
1336 3274 1444 3312 non
1484 3256 1820 3313 habebunt?
1843 3259 1923 3312 Iu-

189 3351 566 3408 ebriabuntur
587 3349 659 3404 ab
685 3348 932 3404 ubertate
960 3347 1150 3402 domus
1174 3353 1318 3408 tuae;
1350 3350 1395 3402 el
1417 3354 1658 3402 torrente
1679 3347 1922 3417 volupta-

192 3445 268 3499 tis
322 3448 432 3497 tuae
459 3441 675 3512 potabis
712 3454 819 3495 eos.
872 3437 1054 3504 Quale
1083 3437 1282 3492 vinum
1314 3442 1422 3503 est,
1459 3437 1606 3492 unde
1650 3436 1920 3492 inebriari

192 3531 502 3591 laudabiie
530 3534 619 3586 est
638 3531 664 3583 ‘?
695 3527 868 3600 quale
889 3529 1088 3584 vinum
1122 3533 1232 3593 est,
1266 3527 1418 3598 quod
1445 3543 1558 3582 non
1579 3527 1794 3591 turbat,
1817 3527 1916 3582 sed

194 3623 405 3694 dirigit
427 3628 675 3677 mentem
692 3619 719 3672 ‘I
740 3616 909 3689 quale
933 3616 1127 3673 vinum
1153 3619 1260 3682 est,
1286 3617 1437 3686 quod
1467 3616 1605 3670 facit
1645 3619 1920 3686 perpetuo

194 3726 437 3777 sanum,
454 3726 569 3764 non
594 3707 650 3762 in
667 3707 946 3763 ebriando
971 3705 1109 3762 facit
1129 3705 1402 3760 insanum
1418 3706 1446 3758 ?
1464 3705 1916 3761 Inebriabuntur.

201 3800 419 3857 Unde?
450 3797 528 3854 Ab
559 3797 801 3852 ubertate
847 3795 1036 3851 domus
1065 3800 1182 3852 tua:
1202 3811 1222 3856 ;
1265 3803 1315 3850 et
1353 3799 1590 3851 torrente
1621 3794 1917 3864 voluptatis

189 3896 304 3945 tua
349 3889 566 3961 potabis
618 3902 723 3942 eos.
775 3885 983 3943 Unde?
1028 3886 1296 3953 Quoniam
1339 3884 1489 3956 apud
1520 3888 1571 3938 te
1597 3887 1720 3952 fons
1761 3886 1910 3940 vitae.

193 3981 324 4052 ipse
379 3980 513 4034 fons
544 3977 678 4031 vitae
725 3974 1056 4032 ambulabat
1079 3975 1137 4028 in
1171 3978 1341 4039 terra,
1374 3973 1498 4044 ipse
1527 3973 1768 4040 dicebat,
1800 3975 1913 4044 Qui

189 4073 327 4134 sitit,
355 4068 540 4123 veniat
563 4067 640 4120 ad
671 4081 754 4120 me
783 4064 968 4134 (loan.
990 4080 1087 4127 vn,
1110 4063 1224 4130 37).
1251 4063 1392 4119 Ecce
1416 4062 1559 4118 fons.
1580 4063 1687 4118 Sed
1716 4080 1820 4118 nos
1841 4065 1909 4120 de

187 4161 420 4217 lumine
442 4156 600 4228 loqui
627 4170 1003 4224 coeperamus,
1036 4157 1093 4209 et
1123 4153 1478 4224 propositam
1512 4169 1580 4210 ex
1603 4153 1911 4224 Evangelia

190 4249 581 4321 quaestionem
613 4245 685 4299 de
716 4243 937 4298 lumine
955 4243 1367 4299 tractabamus.
1395 4246 1563 4298 Lectu
1577 4261 1628 4297 m
1653 4247 1738 4299 est
1754 4243 1909 4299 enim

189 4339 364 4394 nobis
412 4336 642 4390 dicente
693 4333 962 4399 Domino,
1018 4334 1133 4401 Ego
1179 4349 1301 4387 sum
1351 4333 1446 4388 lua:
1504 4331 1718 4387 mundi.
1771 4333 1910 4388 Inde

192 4427 464 4498 quaestio,
486 4441 556 4480 ne
579 4423 714 4494 quis
735 4421 1046 4477 carnaliter
1067 4421 1299 4492 sapiens
1320 4420 1500 4476 solem
1538 4421 1714 4476 istum
1746 4421 1912 4476 intel-

192 4515 502 4588 ligendum
538 4515 772 4584 putaret
807 4527 818 4563 :
853 4510 1123 4566 venimus
1156 4510 1286 4564 inde
1319 4510 1388 4565 ad
1443 4509 1758 4576 Psalmum,
1793 4527 1909 4581 quo

192 4606 593 4671 considerato,
644 4600 974 4657 invenimus
1028 4599 1264 4656 interim
1337 4599 1644 4656 Dominum
1693 4602 1906 4655 fontem

191 4697 346 4753 vita.
382 4693 520 4750 Bibe
557 4697 614 4748 et
665 4691 807 4746 vive.
856 4689 1018 4761 Apud
1075 4696 1148 4756 te,
1182 4687 1396 4759 inquit,
1425 4691 1546 4757 fons
1579 4692 1702 4744 vitis
1732 4707 1750 4742 :
1784 4689 1908 4746 ideo

193 4787 309 4841 sub
336 4781 680 4838 umbraculo
704 4780 932 4835 alarum
956 4786 1187 4834 tuarum
1204 4782 1439 4848 sperant
1461 4777 1559 4832 lilii
1577 4778 1905 4846 hominum,

189 4871 475 4930 inebriari
505 4869 618 4926 isto
650 4869 808 4924 fonte
829 4871 1176 4938 querentes.
1204 4866 1310 4922 Sed
1335 4866 1405 4921 de
1427 4865 1644 4922 lumine
1675 4867 1908 4922 diceba-

190 4979 350 5018 mus.
411 4961 666 5031 Sequere
705 4972 888 5028 ergo:
943 4971 1076 5011 nam
1139 4954 1427 5026 Propheta
1465 4971 1598 5010 cum
1644 4953 1902 5026 dixisset,

191 5050 349 5124 Apud
379 5057 436 5106 te
461 5050 586 5119 [om
619 5049 769 5113 vitae,
800 5049 1040 5101 secutus
1060 5043 1346 5115 adjunxit,
1375 5045 1439 5099 1n
1471 5045 1681 5100 lumine
1711 5051 1801 5099 tuo
1819 5045 1904 5100 oi-

185 5143 437 5198 debimus
469 5139 655 5193 lumen
687 5136 859 5205 (Psal.
892 5151 1062 5201 xxxv,
1088 5135 1144 5203 8,
1183 5135 1305 5204 10);
1340 5133 1521 5190 Deum
1557 5133 1625 5190 de
1647 5135 1782 5201 Deo,
1814 5133 1899 5189 lu-

185 5248 322 5289 men
345 5232 417 5285 de
434 5229 682 5284 lumine.
703 5229 813 5280 iter
835 5225 1154 5280 hoclumcn
1173 5224 1387 5279 factum
1412 5223 1646 5280 estsolis
1670 5225 1896 5279 lumen:

181 5328 243 5376 et
274 5321 476 5377 lumen
509 5317 670 5387 quod
703 5314 839 5370 fecit
863 5313 1068 5378 solem,
1100 5313 1208 5367 sub
1241 5329 1356 5383 quo
1393 5312 1528 5369 fecit
1547 5318 1604 5367 et
1637 5329 1762 5380 nos,
1789 5313 1902 5368 iac-

188 5419 317 5467 tum
350 5412 441 5464 cst
471 5405 581 5462 sub
637 5402 760 5459 sole
790 5406 1024 5473 propter
1064 5417 1191 5456 nos.
1227 5400 1462 5457 Factum
1495 5415 1602 5469 esr,
1634 5400 1898 5472 inquam,

187 5505 426 5576 propter
442 5513 544 5554 nos
574 5493 688 5550 sub
713 5491 832 5548 sole
857 5491 1050 5548 lumen
1070 5491 1221 5563 quod
1249 5492 1370 5546 fecit
1401 5491 1742 5548 solem.Noli
1772 5509 1902 5550 con-

1329 258 1791 321 'l'lt.\CTATUS
1839 259 2101 320 XXXIV.
2148 261 2407 322 CAPUT
2456 262 2612 322 Vill.

3600 265 3754 324 1654

2046 400 2304 454 temnere
2337 397 2552 453 nubem
2587 397 2818 454 carnis:
2855 397 3008 453 nube
3041 397 3278 470 tegitur,
3313 414 3425 453 non
3460 405 3519 454 ιιι
3549 400 3760 456 οδεςιιο

2044 490 2222 553 retur,
2256 486 2354 542 sed
2392 490 2453 542 ut
2482 490 2858 558 temperetur.

2109 575 2163 630 5.
2197 580 2462 647 Loquens
2505 594 2643 649 ergo
2676 594 2775 649 per
2824 576 3034 633 nubem
3073 577 3268 634 carnis
3318 577 3512 635 lumen
3548 578 3753 634 indeli-

2039 665 2221 734 ciens,
2253 665 2447 721 lumen
2483 666 2805 738 sapientiae,
2838 666 2918 722 ait
2947 665 3312 736 hominibus,
3366 669 3473 739 Ego
3502 685 3620 722 sum
3653 669 3753 720 lux

2038 755 2231 809 mundi
2252 774 2267 809 :
2299 759 2391 826 qui
2417 756 2669 827 sequitur
2688 773 2790 823 me,
2817 774 2921 812 non
2945 757 3249 812 ambulabit
3272 757 3330 812 in
3351 758 3588 813 tenebris
3611 776 3629 821 ;
3659 759 3752 812 sed

2037 844 2249 900 habebit
2285 845 2470 902 lumen
2495 846 2641 904 vitae.
2667 848 2963 912 Quomodo
2989 856 3040 903 te
3062 848 3302 904 abstulit
3318 849 3391 905 ob
3414 849 3598 905 oculis
3622 865 3745 904 car-

2037 932 2148 1001 nis,
2183 939 2241 990 et
2271 937 2552 992 revocavit
2582 937 2652 992 ad
2685 935 2884 992 oculos
2915 935 3152 992 cordis?
3185 936 3308 994 Non
3341 937 3494 992 enim
3528 939 3742 993 suttitit

2034 1023 2244 1091 dicere,
2279 1025 2384 1092 Qui
2411 1041 2496 1080 me
2523 1026 2794 1096 sequitur,
2823 1042 2932 1082 non
2953 1026 3261 1082 ambulabit
3285 1030 3339 1080 in
3369 1027 3625 1092 tenebris,
3651 1027 3742 1081 sed

2035 1113 2250 1168 habebit
2283 1115 2468 1169 lumen
2501 1134 2516 1177 ;
2551 1115 2770 1170 addidit
2797 1118 2976 1183 enim,
3006 1119 3168 1182 vitae;
3221 1116 3370 1172 sicut
3411 1116 3488 1172 ibi
3522 1117 3738 1171 dictum

2039 1205 2144 1266 cst,
2172 1201 2441 1268 Quoniam
2474 1203 2620 1273 apud
2640 1209 2696 1257 te
2715 1205 2844 1272 fons
2870 1206 2999 1260 vitae
3021 1223 3038 1256 :
3074 1206 3270 1260 Videte
3291 1205 3505 1276 itaque,
3533 1205 3739 1260 fratres

2033 1289 2167 1358 mei,
2200 1291 2494 1360 quomodo
2527 1293 2694 1347 verba
2727 1291 2962 1347 Domini
2994 1309 3126 1348 cum
3161 1292 3320 1349 illius
3354 1293 3566 1364 psalmi
3599 1293 3744 1349 veri-

2030 1383 2144 1434 tate
2174 1379 2564 1436 concordant:
2602 1385 2656 1436 et
2688 1381 2766 1435 ibi
2789 1380 2985 1437 lumen
3023 1381 3272 1452 positum
3295 1388 3384 1438 est
3413 1399 3546 1438 cum
3580 1383 3738 1438 fonte

2028 1470 2175 1530 vitae,
2209 1473 2264 1522 et
2293 1487 2323 1522 a
2361 1469 2604 1524 Domino
2636 1469 2854 1526 dictum
2877 1473 2966 1528 est
2998 1470 3183 1526 lumen
3206 1471 3354 1530 vitae.
3391 1471 3451 1524 In
3486 1471 3615 1526 istis
3643 1487 3740 1526 au-

2029 1561 2143 1611 tem
2179 1556 2382 1613 usibus
2413 1557 2809 1628 corporalibus
2832 1558 2990 1614 aliud
3023 1567 3107 1615 est
3141 1559 3359 1624 lumen,
3380 1559 3532 1615 aliud
3570 1559 3694 1613 fons
3725 1575 3737 1612 :

2028 1646 2242 1700 fontem
2269 1647 2463 1702 fauces
2486 1653 2779 1717 quarunt,
2804 1647 3003 1704 lumen
3029 1647 3182 1704 oculi
3209 1666 3222 1702 :
3243 1648 3476 1718 quando
3500 1647 3735 1702 sitimus

2028 1735 2340 1803 querimus
2365 1735 2621 1802 fontem;
2666 1737 2898 1805 quando
2930 1736 2988 1792 in
3023 1735 3276 1793 tenebris
3307 1752 3534 1801 sumus,
3570 1751 3734 1806 qua:-

2028 1822 2212 1878 rimus
2234 1823 2428 1878 lumen
2453 1844 2470 1890 ;
2496 1828 2552 1879 et
2573 1824 2621 1879 si
2641 1825 2784 1880 forte
2809 1829 2972 1881 nocte
2997 1825 3292 1893 sitiemus,
3314 1824 3512 1880 lumen
3535 1840 3738 1881 accen-

2027 1912 2224 1966 dimus
2255 1917 2315 1966 ut
2343 1913 2413 1968 ad
2448 1913 2660 1970 fontem
2694 1913 3012 1969 veniamus.
3048 1914 3170 1970 Non
3194 1915 3277 1970 sic
3307 1914 3460 1986 apud
3493 1919 3676 1970 Deum
3719 1929 3732 1967 :

2027 2000 2182 2072 quod
2214 2000 2405 2057 lumen
2429 2007 2536 2064 est,
2562 2002 2670 2058 hoc
2691 2008 2780 2058 est
2802 2004 2970 2071 fons;
3005 2006 3103 2072 qui
3133 2004 3230 2060 tibi
3253 2003 3408 2060 lucet
3433 2007 3494 2058 ut
3516 2004 3730 2068 videas,

2029 2090 2154 2159 ipse
2186 2091 2288 2146 tibi
2322 2096 2510 2147 manat
2542 2097 2605 2146 ut
2634 2091 2821 2148 bibas.

2099 2181 2155 2235 6.
2191 2179 2408 2237 Videtis
2438 2197 2595 2252 ergo,
2629 2182 2833 2238 fratres
2867 2182 3000 2248 mei,
3037 2182 3263 2244 videtis.
3298 2183 3345 2236 si
3379 2182 3538 2236 intus
3580 2183 3734 2238 vide-

2033 2268 2127 2334 tis,
2160 2267 2334 2338 quale
2364 2269 2472 2323 hoc
2524 2269 2720 2325 lumen
2769 2277 2853 2324 est
2884 2271 2952 2324 de
2983 2285 3091 2339 qna
3123 2270 3408 2324 Dominus
3440 2269 3599 2332 dicit,
3628 2270 3737 2338 Qui

2031 2372 2114 2412 me
2142 2354 2411 2426 sequitur,
2446 2373 2554 2411 non
2583 2357 2888 2411 ambulabit
2911 2359 2970 2411 in
3001 2357 3254 2410 tenebris.
3277 2357 3526 2423 Sequere
3557 2357 3733 2410 istum

2031 2446 2236 2511 solem,
2270 2447 2571 2504 videamus
2602 2448 2647 2501 si
2681 2465 2797 2503 non
2829 2445 3158 2502 ambulabis
3193 2447 3250 2501 in
3283 2444 3558 2501 tenebris.
3593 2445 3736 2500 Ecce

2030 2536 2278 2593 oriundo
2309 2538 2424 2592 exit
2454 2537 2523 2592 ad
2559 2541 2649 2594 te:
2687 2537 2782 2593 ille
2804 2553 2976 2592 cursu
3009 2552 3112 2592 suo
3141 2537 3210 2591 ad
3235 2536 3590 2592 occidentem
3617 2551 3740 2606 per-

2032 2627 2155 2696 git;
2209 2625 2310 2680 tibi
2346 2626 2490 2681 ferte
2521 2626 2591 2681 ad
2623 2625 2900 2683 orientem
2949 2625 3226 2697 profectio
3275 2629 3363 2682 est
3397 2641 3408 2676 :
3443 2624 3555 2680 nisi
3586 2629 3644 2678 tu
3679 2628 3736 2677 in

2033 2713 2379 2770 contrariam
2408 2721 2628 2786 partem
2658 2731 2882 2786 pergas,
2906 2731 3019 2772 non
3045 2728 3158 2786 qua
3179 2713 3273 2770 ille
3288 2713 3740 2784 tendit,sequen-

2034 2804 2106 2858 do
2147 2819 2280 2858 eum
2315 2806 2564 2873 proiecto
2595 2804 2834 2871 errabis,
2881 2809 2938 2859 et
2971 2821 3070 2874 pro
3110 2804 3332 2860 oriente
3375 2804 3734 2859 occidentem

2033 2892 2283 2948 tenebis.
2316 2893 2398 2946 Tn
2431 2909 2564 2947 eum
2600 2893 2656 2947 in
2690 2897 2841 2948 terra
2871 2893 2920 2948 si
2949 2892 3234 2965 sequaris,
3268 2893 3524 2949 errabis:
3561 2896 3740 2946 nauta

2035 2980 2084 3035 si
2115 2996 2244 3034 eum
2280 2981 2336 3034 in
2373 2982 2516 3036 mari
2548 2986 2851 3051 sequatur,
2910 2981 3145 3037 errabit.
3193 2982 3483 3036 Postremo
3518 2979 3740 3034 videtur

2036 3070 2137 3125 tibi
2171 3072 2536 3142 sequendum
2588 3089 2717 3128 esse
2748 3071 2954 3140 solem,
2998 3077 3054 3127 et
3086 3071 3274 3127 tendis
3305 3071 3475 3126 etiam
3511 3072 3633 3140 ipse
3665 3069 3734 3122 ad

2033 3159 2419 3228 occidentem,
2453 3175 2564 3230 quo
2587 3163 2643 3214 et
2671 3159 2768 3215 ille
2788 3160 3006 3215 tendit:
3042 3159 3342 3215 videamus
3363 3175 3495 3215 cum
3521 3157 3738 3215 occide-

2036 3249 2129 3314 rit,
2163 3250 2209 3304 si
2247 3267 2358 3306 non
2391 3247 2720 3304 ambulabis
2763 3247 2824 3304 in
2873 3247 3143 3304 tenebris.
3183 3248 3320 3303 Vide
3351 3247 3732 3318 quemadmo-

2034 3341 2170 3394 dum
2205 3337 2311 3394 etsi
2344 3338 2600 3394 nolueris
2627 3354 2759 3394 eum
2807 3343 2862 3393 tu
2913 3339 3196 3406 deserere,
3249 3337 3372 3408 ipse
3400 3340 3456 3392 te
3487 3338 3732 3401 deseret,

2033 3430 2330 3486 servitutis
2363 3447 2478 3485 sua:
2524 3429 2871 3486 necessitate
2925 3445 3200 3501 peragens
3241 3428 3417 3485 diem.
3453 3427 3737 3484 Dominus

2032 3524 2224 3574 autem
2259 3521 2451 3574 noster
2479 3518 2648 3574 Jesus
2677 3518 2946 3574 Christus
2973 3516 3201 3572 interim
3235 3521 3292 3572 et
3322 3533 3453 3572 cum
3489 3531 3588 3588 per
3624 3531 3747 3572 car-

2031 3609 2123 3665 nis
2179 3611 2388 3664 nubem
2439 3626 2550 3664 non
2601 3608 2878 3665 omnibus
2917 3607 3254 3682 apparebat,
3305 3623 3405 3678 per
3435 3606 3736 3677 sapientiai

2032 3701 2371 3768 potestatem
2395 3697 2592 3754 omnia
2609 3699 2859 3754 tenebat.
2877 3697 3031 3754 Deus
3055 3701 3189 3752 tuus
3209 3697 3422 3767 ubique
3440 3699 3597 3751 totus
3612 3701 3700 3750 est
3718 3715 3729 3750 :

2026 3789 2071 3844 si
2109 3805 2222 3845 non
2257 3791 2328 3843 ab
2361 3788 2459 3845 illo
2494 3790 2672 3844 facias
2700 3805 2923 3856 casum,
2955 3805 3259 3860 nunquam
3291 3806 3324 3842 a
3358 3793 3409 3843 te
3438 3787 3563 3858 ipse
3596 3786 3732 3841 facit

2022 3895 2316 3936 occasum.

2091 3977 2144 4029 7.
2178 3977 2282 4042 Qui
2315 3992 2450 4047 ergo
2481 3995 2586 4044 me,
2641 3978 2850 4049 inquit,
2895 3978 3164 4049 sequitur,
3197 3994 3300 4032 non
3333 3977 3634 4033 ambulabit
3667 3977 3730 4030 in

2015 4068 2290 4129 tenebris;
2323 4068 2420 4122 sed
2467 4067 2686 4123 habebit
2717 4068 2900 4124 lumen
2930 4071 3070 4123 vitae.
3117 4069 3279 4134 Quod
3314 4068 3605 4139 promisit,
3639 4067 3729 4120 fu-

2019 4153 2134 4206 turi
2178 4153 2453 4222 temporis
2502 4155 2674 4210 verbo
2721 4157 2949 4228 posuit:
3004 4173 3118 4212 non
3159 4156 3308 4211 enim
3360 4157 3460 4221 ait,
3509 4157 3724 4217 habet;

2016 4243 2140 4306 sed,
2184 4242 2420 4312 habebit,
2453 4243 2664 4314 inquit,
2717 4246 2905 4301 lumen
2939 4249 3080 4300 vita.
3117 4245 3230 4302 Nec
3262 4245 3342 4299 ait
3375 4249 3587 4307 tamen,
3623 4246 3724 4311 qui

2014 4341 2288 4401 sequetur
2321 4349 2411 4386 me
2438 4351 2452 4400 ;
2476 4336 2598 4402 sed,
2629 4335 2726 4405 qui
2754 4336 3002 4406 sequitur
3027 4351 3126 4390 me.
3162 4335 3222 4389 ln
3254 4349 3320 4388 eo
3352 4334 3502 4402 quod
3537 4333 3721 4385 facere

2012 4420 2311 4488 debemus,
2347 4438 2600 4493 prasens
2633 4427 2862 4494 tempus
2893 4425 3087 4495 posuit
3119 4441 3131 4476 :
3170 4422 3324 4494 quod
3359 4427 3552 4478 autem
3591 4438 3714 4490 pro-

2017 4508 2176 4564 misit
2209 4509 2573 4577 facientibus,
2628 4511 2804 4567 t‘uturi
2839 4512 3116 4582 temporis
3149 4511 3318 4566 verbo
3347 4511 3714 4582 signiﬁcavit.

2016 4597 2119 4662 Qui
2143 4599 2391 4666 sequitur
2439 4599 2676 4655 habebit.
2731 4601 2900 4656 Modo
2940 4602 3228 4671 sequitur,
3271 4605 3404 4672 post
3433 4599 3670 4656 habebit
3703 4618 3714 4656 :

2014 4684 2184 4740 modo
2217 4685 2484 4756 sequitur
2508 4703 2610 4757 per
2639 4688 2839 4754 fidem,
2873 4695 3004 4762 post
3051 4690 3290 4746 habebit
3315 4706 3417 4762 per
3447 4691 3716 4762 speciem.

2013 4772 2286 4842 Quamdiu
2316 4775 2470 4831 enim
2501 4793 2691 4834 sumus
2735 4782 2791 4834 in
2839 4796 3082 4851 corpore,
3115 4782 3197 4838 ait
3225 4781 3556 4852 Apostolus,
3587 4798 3716 4850 per-

2009 4866 2332 4932 egrinamur
2359 4883 2394 4920 a
2431 4869 2696 4924 Domino:
2725 4885 2822 4939 per
2849 4870 3017 4938 ﬁdem
3031 4873 3183 4926 enim
3207 4871 3576 4937 ambulamus,
3605 4887 3713 4925 non

2008 4970 2103 5022 Ρεν
2143 4954 2372 5026 spectem
2412 4957 2485 5028 (ll
2519 4959 2637 5014 Cor.
2672 4976 2727 5028 ν,
2757 4963 2812 5026 6,
2861 4961 2936 5028 7).
2970 4963 3211 5027 Quando
3261 4977 3360 5031 per
3405 4961 3656 5030 speciem
3688 4961 3715 5013 ‘?

2006 5041 2147 5098 Cum
2183 5043 2556 5103 habuerimus
2585 5047 2780 5106 lumen
2813 5053 3111 5120 vitm,cum
3143 5052 3214 5106 ad
3238 5050 3399 5106 illam
3426 5052 3707 5105 visionem

2005 5132 2356 5204 venerimus,
2381 5139 2615 5208 quando
2649 5156 2759 5195 nox
2794 5141 2904 5197 ista
2926 5140 3239 5197 transierit.
3269 5139 3348 5196 De
3379 5139 3477 5195 illo
3500 5139 3713 5211 quippe

2005 5221 2098 5278 die
2129 5226 2227 5294 qui
2260 5231 2562 5283 exorturus
2583 5233 2692 5295 est,
2726 5230 2945 5286 dictum
2976 5233 3084 5296 est,
3119 5228 3272 5283 Mane
3301 5229 3486 5284 astabo
3509 5231 3634 5298 tibi,
3659 5236 3711 5286 et

2003 5315 2414 5382 contmplabor
2459 5315 2637 5386 (Psal.
2687 5334 2744 5382 v,
2788 5319 2869 5388 5).
2903 5318 3050 5381 Quid
3099 5326 3206 5382 est,
3244 5321 3452 5373 mane?
3483 5320 3706 5377 Trans-

2001 5407 2121 5458 acta
2156 5407 2322 5458 nocte
2353 5404 2544 5458 saeculi
2571 5405 2771 5474 hujus,
2803 5407 3118 5462 transactis
3147 5407 3468 5464 terroribus
3506 5411 3695 5466 tenta-

2001 5493 2247 5558 tionum,
2279 5494 2664 5565 superatoillo
2698 5495 2863 5555 leone
2893 5498 2991 5570 qui
3017 5504 3182 5556 nocte
3206 5501 3443 5572 rugiens
3475 5502 3699 5568 circuit,

1997 5598 2166 5651 quem
2220 5584 2447 5639 devoret
2498 5601 2760 5655 quterens
2817 5591 2861 5658 (Ι
2906 5592 3050 5646 Petr.
3101 5607 3152 5657 ν,
3193 5593 3272 5661 8).
3306 5593 3458 5648 Mane
3513 5594 3698 5648 astabo
