4126 6194
0 938 7 1071 l

0 1088 7 1247 ι

0 1250 5 1393 l

378 300 530 362 1655
1324 301 1399 363 ΙΝ
1444 297 1781 363 JOANNIS
1827 296 2092 358 EVANG.

2202 295 2356 367 lUM,
2404 295 2465 355 S.
2513 295 2936 359 AUGUSTINI
3733 289 3887 351 1666

375 437 499 503 tibi,
531 440 581 493 et
609 437 1032 506 contemplabor.
1058 437 1218 493 Nunc
1239 451 1371 493 vero
1395 436 1534 509 quid
1556 439 1855 509 putamus,
1876 435 2082 489 fratres

378 527 515 585 huic
544 526 792 598 tempori
826 542 1168 598 congruere,
1198 527 1311 583 nisi
1334 528 1486 599 quod
1522 543 1725 583 rursus
1758 527 1817 582 in
1850 524 2081 581 Psalmo

376 614 611 680 dicitur,
646 614 855 669 Luvabo
881 629 979 684 per
995 615 1243 685 singulas
1264 618 1443 669 noctes
1471 615 1667 671 lectum
1689 630 1874 669 meum
1904 614 2080 683 lacry-

377 708 480 761 mis
508 707 643 760 meis
670 712 908 760 stratum
942 720 1121 759 meum
1153 704 1339 774 rigabo
1380 705 1550 777 (Psal.
1583 721 1658 772 vi,
1685 706 1741 775 7)
1762 704 1791 759 Ἰ
1822 705 1925 759 Per
1954 702 2079 758 sin-

375 794 545 866 gulas
573 798 792 859 noctes,
839 793 1051 864 inquit,
1095 794 1276 848 flebo:
1329 793 1617 850 desiderio
1658 792 1805 849 lucis
1848 792 2081 848 ardebo-

381 885 539 940 Videt
563 883 850 940 Dominus
883 882 1237 937 desiderium
1264 898 1499 949 meum;
1531 882 1805 955 quoniam
1835 881 1976 937 dicit
1998 879 2083 936 illi

378 973 522 1029 alter
554 972 840 1044 psalmus,
868 972 1002 1026 Ante
1043 974 1094 1025 te
1123 979 1200 1026 est
1232 987 1389 1027 omne
1418 972 1766 1027 desiderium
1795 986 1998 1037 meum,
2029 976 2084 1026 et

375 1065 610 1130 gemitus
640 1075 787 1115 meus
828 1076 862 1113 a
902 1066 953 1113 te
997 1076 1106 1113 non
1155 1070 1234 1114 est
1281 1061 1625 1117 absconditus
1668 1061 1833 1131 (Psat.
1867 1076 2084 1130 xxxvu,

382 1153 488 1221 10).
524 1149 824 1205 Desideras
855 1164 1054 1204 aurum
1079 1151 1106 1203 ‘I
1155 1150 1335 1205 videri
1379 1154 1578 1221 potes;
1631 1168 1897 1224 quaerens
1928 1151 2084 1206 enim

375 1255 585 1296 aurum
618 1237 961 1293 manifestus
982 1239 1097 1293 eris
1119 1240 1476 1297 hominibus.
1498 1240 1803 1296 Desideras
1825 1240 2086 1295 frumen-

371 1334 499 1385 tum
521 1330 548 1384 ?
580 1328 905 1399 interrogas
926 1330 1023 1398 qui
1055 1330 1301 1399 habeat;
1334 1329 1426 1384 cui
1449 1334 1504 1386 et
1524 1330 1766 1402 cupiens
1788 1329 2084 1401 pervenire

373 1420 445 1475 ad
473 1419 528 1474 id
560 1418 716 1490 quod
749 1418 1060 1485 desideras,
1092 1420 1335 1475 indicas.
1371 1420 1672 1477 Desideras
1696 1422 1870 1477 Deum
1891 1420 1920 1474 ?
1950 1419 2083 1491 quis

375 1509 551 1574 videt,
584 1507 699 1564 nisi
730 1508 884 1564 Deus
908 1508 935 1562 ?
964 1510 1009 1563 A
1039 1524 1154 1581 quo
1186 1510 1341 1565 enim
1378 1510 1526 1581 petis
1556 1510 1763 1577 Deum,
1793 1510 1943 1566 sicut
1974 1527 2083 1583 pa-

376 1614 527 1665 nem,
579 1598 732 1655 sicut
777 1614 1012 1670 aquam,
1075 1599 1226 1654 sicut
1272 1616 1505 1668 aurum,
1558 1600 1709 1656 sicut
1756 1604 2083 1671 argentum,

374 1688 529 1744 sicut
584 1688 946 1743 frumentum
976 1690 1005 1743 ‘2
1050 1689 1089 1743 Δ
1140 1704 1254 1760 quo
1299 1689 1449 1760 petis
1480 1694 1686 1755 Deum,
1720 1687 1835 1744 nisi
1864 1706 1897 1743 a
1928 1690 2087 1744 Deo?

372 1780 503 1850 Ipse
532 1777 749 1850 petitur
778 1793 811 1833 a
842 1776 1053 1849 seipso,
1088 1779 1188 1850 qui
1223 1777 1513 1849 promittit
1554 1777 1837 1851 seipsum.
1871 1778 2083 1833 Exten-

376 1868 474 1924 dat
495 1866 694 1923 anima
723 1866 1097 1937 cupiditatem
1124 1883 1293 1923 suam
1317 1884 1330 1936 ;
1364 1870 1420 1923 et
1442 1868 1570 1923 sinu
1604 1866 1906 1939 capaciore
1927 1883 2085 1939 quaa-

378 1960 468 2013 rat
496 1956 984 2027 comprehendere
1015 1958 1163 2027 quod
1198 1957 1403 2014 oculus
1436 1974 1550 2013 non
1582 1957 1762 2026 'vidit,
1794 1972 1899 2013 nec
1929 1955 2091 2013 auris

380 2046 619 2115 audivit,
658 2060 762 2102 nec
806 2045 864 2101 in
915 2061 1012 2101 cor
1063 2045 1316 2102 hominis
1366 2047 1623 2104 ascendit
1658 2046 1703 2118 (t
1755 2048 1876 2103 Cor.
1910 2063 1978 2113 ιι,
2008 2047 2086 2115 9).

384 2136 708 2194 Desiderari
774 2138 981 2207 potest,
1041 2138 1375 2208 concupisci
1443 2140 1651 2209 potest,
1701 2135 1979 2207 suspirari
2028 2135 2089 2192 in

382 2228 526 2283 illud
572 2228 763 2299 potest
795 2240 808 2281 :
842 2224 1016 2297 digne
1063 2225 1325 2299 cogitari,
1358 2230 1416 2283 et
1445 2227 1634 2283 verbis
1664 2224 1939 2298 explicari
1972 2241 2086 2283 non

381 2320 593 2389 potest.

448 2408 502 2462 8.
556 2406 718 2477 Ergo,
762 2406 965 2462 fratres
1015 2406 1150 2473 mei,
1202 2406 1477 2478 quoniam
1530 2406 1810 2463 Dominus
1840 2405 2091 2463 breviter

376 2499 479 2565 ait,
512 2499 625 2567 Ego
653 2513 775 2551 sum
798 2495 903 2552 lux
922 2496 1151 2552 mundi:
1183 2498 1279 2568 qui
1294 2511 1384 2553 me
1408 2496 1683 2570 sequitur,
1705 2512 1814 2553 non
1841 2496 2087 2553 ambula-

380 2589 456 2643 bit
484 2590 542 2643 in
566 2588 801 2643 tenebris
820 2604 842 2649 ;
872 2587 972 2643 sed
1000 2588 1226 2642 habebit
1246 2589 1431 2643 lumen
1461 2590 1632 2645 vita:
1666 2587 1879 2658 quibus
1899 2586 2089 2643 verbis

383 2678 539 2734 aliud
572 2681 660 2733 est
690 2677 841 2748 quod
866 2677 1065 2748 jussit,
1090 2676 1247 2732 aliud
1282 2678 1434 2748 quod
1469 2677 1771 2748 promisit:
1808 2676 2089 2733 faciamus

385 2765 541 2837 quod
567 2765 767 2835 jussit,
800 2778 873 2820 ne
904 2763 1231 2834 impudenti
1264 2764 1450 2820 fronte
1482 2764 1903 2833 desideremus,
1933 2764 2085 2836 quod

383 2854 692 2927 promisit;
725 2869 797 2909 ne
827 2854 981 2909 dicat
1009 2853 1178 2910 nobis
1210 2853 1268 2909 in
1294 2852 1519 2925 judicio
1541 2871 1668 2923 suo,
1696 2853 1900 2910 Fecisti
1930 2853 2088 2910 enim

383 2944 541 3017 quod
564 2942 744 3016 jussi,
777 2950 836 2998 ut
858 2946 1095 3015 expetas
1119 2942 1274 3013 quod
1310 2942 1601 3013 promisi?
1630 2942 1777 3009 Quid
1801 2958 1934 3014 ergo
1961 2944 2086 3014 jus-

382 3034 536 3100 sisti,
572 3031 816 3091 Domine
846 3036 999 3088 Deus
1028 3036 1224 3088 noster
1243 3032 1271 3086 τι)
1314 3031 1462 3087 Dicit
1492 3031 1620 3099 tibi,
1662 3032 1734 3089 Ut
1763 3032 2091 3104 sequereris

382 3142 494 3182 me.
519 3123 834 3182 Consilium
855 3121 985 3179 vitae
1000 3123 1239 3193 petiisti.
1264 3122 1444 3193 Cujus
1467 3123 1616 3191 vitae,
1640 3122 1755 3180 nisi
1773 3125 1844 3179 de
1866 3139 1983 3195 qua
2003 3121 2090 3179 di-

384 3220 544 3273 ctum
575 3217 683 3283 est,
716 3213 871 3286 Apud
901 3222 949 3269 te
975 3217 1096 3283 fons
1125 3213 1292 3268 vitae?
1341 3212 1581 3269 Audivit
1628 3214 1893 3285 quidam,
1932 3214 2089 3281 Vade,

388 3305 557 3364 vende
574 3304 766 3362 omnia
788 3321 905 3377 quae
928 3304 1115 3373 habes,
1136 3308 1185 3359 ct
1207 3304 1275 3358 da
1296 3305 1648 3375 pauperibus,
1671 3312 1721 3361 et
1739 3304 1959 3360 habebis
1974 3303 2091 3361 the-

384 3411 616 3451 saurum
646 3394 705 3451 in
738 3394 865 3451 cwlo
884 3410 906 3455 ;
927 3398 977 3450 et
1003 3397 1148 3460 veni,
1170 3408 1393 3465 sequere
1414 3408 1520 3450 me.
1545 3391 1754 3449 Tristis
1783 3392 2092 3462 abscessit,

389 3502 503 3542 non
522 3488 612 3542 est
632 3487 891 3541 secutus:
918 3482 1180 3556 quaesivit
1204 3482 1551 3554 magistrum
1568 3482 1810 3552 bonum,
1825 3479 2094 3555 interpel-

377 3575 519 3633 lavit
551 3576 864 3637 doctorem,
904 3577 960 3631 et
989 3571 1340 3645 contempsit
1369 3574 1673 3629 docentem
1706 3592 1722 3626 :
1756 3571 1941 3628 tristis
1959 3572 2092 3628 abs-

380 3667 576 3734 cessit,
603 3664 816 3738 ligatus
831 3663 1248 3736 cupiditatibus
1270 3663 1429 3732 suis;
1453 3662 1637 3720 tristis
1657 3662 1967 3730 abscessit,
1990 3661 2092 3717 ha-

386 3756 525 3811 bens
558 3754 831 3826 grandem
857 3752 1146 3808 sarcinam
1178 3750 1436 3808 avaritiae
1463 3768 1641 3822 super
1659 3750 1932 3808 humeros
1954 3765 2095 3806 suos

385 3842 599 3908 (illatth.
645 3859 762 3909 xxx,
798 3842 1009 3913 16-22).
1045 3842 1389 3912 Laborabat,
1425 3842 1711 3896 aestuabat
1742 3854 1755 3908 ;
1788 3845 1845 3896 et
1883 3840 1980 3912 qui
2023 3839 2096 3897 ab

386 3931 487 3985 illo
518 3930 807 3985 sarcinam
831 3930 1122 4001 deponere
1145 3931 1343 3998 voluit,
1380 3948 1492 3986 non
1513 3933 1602 3985 est
1634 3930 1973 4002 sequendus
1997 3946 2099 4002 pu-

391 4026 570 4088 tatus,
604 4018 703 4074 sed
728 4017 1101 4076 deserendus.
1122 4021 1328 4075 Postea
1348 4036 1479 4076 vero
1501 4037 1673 4092 quam
1697 4021 1980 4078 Dominus
1998 4036 2098 4093 per

390 4107 764 4179 Evangelium
799 4107 1085 4177 clamavit,
1117 4110 1261 4165 Venit
1284 4110 1354 4165 ad
1374 4126 1479 4177 me,
1505 4126 1689 4167 omnes
1710 4111 1806 4184 qui
1836 4112 2101 4168 laboratis

388 4202 440 4256 et
471 4199 689 4256 onerati
708 4200 856 4265 estis,
889 4203 940 4254 et
962 4215 1056 4267 ego
1082 4214 1168 4255 vos
1192 4199 1441 4269 reﬁciam
1460 4218 1485 4265 ;
1504 4198 1681 4256 tollite
1693 4201 1897 4271 jugum
1917 4216 2101 4257 meum

387 4305 554 4361 super
580 4295 754 4355 vos,et
772 4288 963 4343 discite
983 4306 1015 4343 a
1045 4305 1128 4344 me
1148 4291 1277 4360 quia
1307 4288 1463 4344 mitis
1482 4305 1601 4345 sum
1622 4292 1671 4345 et
1692 4289 1916 4345 humilis
1943 4289 2103 4346 corde

388 4382 492 4454 (Id.
527 4398 608 4448 χι,
638 4382 708 4454 28
736 4385 784 4437 et
804 4380 893 4452 29)
920 4399 932 4437 :
968 4397 1139 4452 quam
1177 4380 1346 4437 multi
1379 4381 1638 4437 fecerunt
1680 4380 1880 4438 audito
1911 4384 2104 4437 Evan-

392 4471 565 4545 gelio,
590 4472 745 4542 quod
779 4487 844 4527 ex
868 4488 966 4527 ore
988 4471 1175 4544 ipsius
1198 4472 1459 4527 auditum
1484 4471 1641 4527 dives
1662 4470 1760 4526 ille
1784 4487 1900 4528 non
1933 4470 2105 4527 fecit?

394 4563 536 4630 Ergo
568 4562 741 4617 modo
760 4560 1062 4628 faciamus,
1088 4577 1404 4632 sequamur
1425 4560 1740 4616 Dominum
1767 4579 1781 4630 ;
1808 4560 2104 4619 solvamus

398 4650 708 4720 compedes
744 4650 959 4722 quibus
991 4651 1349 4722 impedimur
1379 4651 1568 4722 sequi.
1600 4651 1671 4706 Et
1701 4650 1830 4723 quis
1859 4650 2106 4709 idoneus

397 4738 616 4795 solvere
644 4739 789 4795 tales
822 4743 1021 4807 nodos,
1072 4741 1184 4795 nisi
1223 4740 1322 4797 ille
1351 4741 1585 4811 adjuvet
1617 4742 1708 4797 cui
1743 4742 1962 4800 dictum
1993 4747 2104 4811 est,

397 4827 695 4899 Disrupisti
740 4828 964 4884 vincula
1014 4846 1141 4883 mea
1172 4830 1343 4898 (Psal.
1376 4845 1502 4897 cxv,
1538 4830 1672 4901 16)?
1701 4830 1782 4886 De
1812 4847 1925 4902 quo
1956 4832 2107 4889 alius

398 4918 662 4987 psalmus
685 4918 844 4979 dicit,
870 4921 1128 4975 Dominus
1150 4920 1311 4976 solvit
1330 4920 1683 4992 compeditos,
1710 4923 1973 4978 Dominus
1993 4926 2106 4981 eri-

398 5012 480 5080 git
514 5011 675 5067 elisos
705 5010 875 5081 (Psat.
909 5027 1068 5078 cxnv,
1102 5010 1179 5080 8).

470 5102 525 5157 9.
559 5101 624 5158 Et
657 5101 794 5173 quid
828 5105 1153 5172 sequuntur
1183 5099 1356 5157 soluti
1388 5103 1445 5156 et
1472 5100 1667 5169 erecti,
1701 5102 1813 5157 nisi
1848 5102 2042 5160 lumen
2074 5121 2109 5162 a

404 5207 518 5261 quo
551 5192 821 5261 audiunt,
856 5193 962 5262 Ego
991 5207 1114 5247 sum
1135 5192 1319 5247 lumen
1338 5190 1536 5246 mundi
1555 5208 1573 5245 :
1608 5192 1703 5263 qui
1732 5207 1817 5246 me
1835 5196 2104 5263 sequitur,

401 5296 511 5336 non
530 5282 836 5339 ambulabit
855 5284 913 5339 in
932 5284 1209 5338 tenebris?
1229 5282 1365 5354 quia
1389 5281 1669 5337 Dominus
1691 5281 1981 5339 illuminat
2001 5299 2108 5341 ca:-

404 5387 523 5427 cos.
557 5373 965 5429 illuminamur
994 5391 1128 5445 ergo
1154 5375 1345 5439 modo,
1382 5374 1604 5442 fratres,
1630 5372 1907 5430 habentes
1929 5374 2107 5449 colly-

408 5460 558 5515 rium
578 5461 732 5518 fldei.
762 5465 1062 5520 Praecessit
1083 5464 1238 5520 enim
1260 5464 1388 5536 ejus
1411 5463 1587 5519 saliva
1610 5479 1740 5519 cum
1758 5468 1927 5528 terra,
1955 5466 2107 5523 unde

408 5550 786 5624 inungeretur
814 5554 910 5624 qui
943 5572 1126 5610 czesus
1158 5561 1245 5611 est
1271 5560 1439 5611 natus
1472 5558 1655 5622 (Joan.
1686 5573 1763 5623 ix,
1794 5557 1869 5625 6).
1904 5557 1971 5612 Et
2003 5573 2107 5614 nos

407 5641 477 5696 do
509 5641 686 5697 Adam
722 5643 852 5696 cmci
888 5643 1005 5696 nati
1050 5659 1276 5713 sumus,
1311 5650 1364 5701 ct
1415 5646 1515 5701 illo
1567 5645 1931 5703 illuminante
1961 5664 2109 5718 opus

2191 430 2491 489 habemus.
2513 431 2745 490 Miscuit
2764 432 3005 491 salivam
3028 447 3160 490 cum
3185 438 3337 491 terra
3366 452 3377 488 :
3406 434 3633 491 Verbum
3651 448 3781 490 caro
3799 435 3892 500 fa-

2185 528 2329 576 ctum
2356 530 2456 587 est,
2474 530 2525 579 et
2552 523 2823 581 habitavit
2840 523 2901 579 in
2923 523 3072 579 nobis
3091 525 3271 589 (Joan.
3295 542 3337 593 ι,
3363 525 3476 597 14).
3502 524 3741 582 Miscuit
3761 520 3897 579 sali-

2187 625 2318 665 vam
2350 626 2484 666 cum
2516 616 2664 668 terra
2699 629 2713 679 ;
2746 612 2876 669 ideo
2908 612 3241 683 praedictum
3264 618 3376 680 est,
3417 613 3622 669 Veritas
3649 615 3716 670 de
3747 620 3900 669 terra

2189 707 2310 757 orta
2335 704 2416 756 est
2435 701 2607 771 (Psal.
2637 718 2856 771 Lxxxiv,
2892 703 2980 771 12)
3008 719 3020 758 :
3052 702 3178 775 ipse
3207 708 3407 759 autem
3430 702 3597 771 dixit,
3629 706 3739 772 Ego
3768 718 3892 758 sum

2192 790 2300 858 via,
2331 792 2536 847 veritas
2556 794 2608 846 et
2637 792 2749 846 vita
2771 793 2950 861 (Joan.
2980 808 3095 859 xxv,
3116 794 3199 861 6).
3238 792 3493 849 Veritate
3514 793 3902 864 perfruamur,

2191 894 2323 935 cum
2355 879 2674 937 viderimus
2692 880 2836 939 facie
2864 882 2933 937 ad
2966 882 3169 938 faciem
3193 901 3208 951 ;
3244 881 3377 953 quia
3398 892 3452 938 et
3479 884 3587 939 hoc
3610 881 3901 951 promitti-

2192 974 2289 1027 tur
2318 971 2507 1029 nobis.
2544 971 2688 1028 Nam
2720 972 2854 1043 quis
2883 972 3125 1028 auderet
3152 988 3389 1044 sperare
3419 976 3570 1047 quod
3602 974 3753 1031 Deus
3783 990 3897 1029 non

2190 1061 2470 1135 dignatus
2487 1067 2641 1119 esset
2664 1061 2750 1119 vel
2776 1061 3029 1135 polliceri
3044 1063 3131 1119 vel
3158 1066 3294 1120 dare
3312 1063 3341 1121 τ
3370 1065 3711 1122 Videbimus
3750 1065 3900 1121 facie

2191 1148 2267 1206 ad
2296 1150 2526 1207 faciem.
2556 1151 2862 1222 Apostolus
2892 1150 3034 1207 dicit
3062 1165 3078 1206 :
3127 1152 3281 1207 Nunc
3307 1154 3415 1207 scio
3444 1167 3514 1208 es:
3538 1158 3716 1224 parte,
3747 1168 3899 1208 nunc

2192 1239 2252 1294 in
2281 1241 2572 1309 aeriigmate
2588 1256 2693 1309 per
2721 1242 3023 1312 speculum,
3047 1244 3179 1297 tunc
3206 1248 3387 1297 autem
3414 1242 3562 1309 facie
3581 1240 3652 1297 ad
3678 1242 3885 1310 faciem

2192 1328 2239 1398 (Ι
2271 1328 2395 1384 Cor.
2417 1344 2542 1397 xui,
2566 1330 2671 1401 12).
2699 1329 2768 1384 Et
2786 1329 3045 1386 Joannes
3067 1330 3367 1401 apostolus
3390 1330 3449 1385 in
3474 1330 3735 1403 Epistola
3755 1344 3901 1388 sua:

2194 1415 2567 1482 Ditectissimi,
2599 1432 2748 1471 nunc
2768 1416 2874 1485 ﬁlii
2908 1418 3012 1471 Dei
3039 1431 3247 1485 sumus,
3280 1419 3332 1473 et
3359 1416 3602 1473 nondum
3644 1419 3903 1488 apparuit

2193 1504 2329 1576 quid
2358 1505 2567 1561 erimus
2599 1521 2618 1559 :
2668 1508 2874 1560 scimus
2915 1506 3052 1577 quia
3082 1521 3208 1561 cum
3234 1509 3587 1579 apparuerit,
3616 1507 3822 1562 similes
3849 1508 3904 1562 ei

2192 1597 2400 1650 erimus
2424 1610 2438 1663 ;
2461 1596 2721 1666 quoniam
2741 1596 3181 1653 videbimuseum
3198 1599 3363 1653 sicuti
3382 1600 3461 1652 est
3477 1596 3694 1667 (lloan.
3711 1611 3797 1664 ιιι,
3819 1599 3899 1665 2).

2194 1683 2324 1741 Haec
2353 1692 2440 1741 est
2470 1700 2685 1756 magna
2715 1684 3065 1756 promissio;
3111 1686 3161 1744 si
3210 1702 3395 1754 amas,
3439 1701 3705 1758 sequere.
3732 1688 3901 1755 Amo,

2194 1772 2418 1846 inquis;
2437 1774 2539 1830 sed
2562 1789 2677 1845 qua
2697 1790 2909 1847 sequor
2926 1775 2954 1830 τ
2973 1775 3033 1831 Si
3054 1775 3299 1832 dixisset
3318 1775 3424 1831 tibi
3445 1773 3731 1832 Dominus
3752 1775 3907 1833 Deus

2196 1866 2360 1932 tuus,
2392 1863 2507 1936 Ego
2541 1879 2673 1921 sum
2695 1864 2907 1922 veritas
2937 1868 2995 1921 et
3022 1866 3179 1932 vita;
3211 1865 3547 1922 desiderans
3574 1863 3900 1933 veritatem,

2198 1954 2619 2026 concupiscens
2648 1953 2845 2025 vitam,
2878 1953 3028 2011 viam
3052 1971 3169 2027 qua
3198 1956 3266 2010 ad
3296 1955 3418 2011 hinc
3449 1954 3745 2027 pervenire
3769 1970 3902 2026 pos.

2200 2059 2294 2101 ses
2325 2042 2579 2116 profecto
2611 2060 2923 2117 quaereres,
2955 2047 3012 2100 et
3040 2044 3265 2101 diceres
3287 2044 3392 2101 tibi
3418 2060 3434 2100 :
3470 2047 3678 2117 Magna
3700 2059 3792 2100 res
3816 2059 3908 2100 ve-

2200 2136 2360 2201 ritas,
2395 2150 2604 2207 magna
2635 2149 2729 2190 res
2757 2135 2875 2190 vita
2906 2151 2920 2202 ;
2953 2135 3003 2191 si
3034 2140 3193 2191 esset
3221 2135 3514 2207 quomodo
3544 2135 3689 2192 illuc
3717 2150 3911 2206 pervap

2198 2224 2351 2281 niret
2380 2229 2570 2282 anima
2600 2224 2767 2280 mea!
2800 2224 3020 2289 Quaeris
3050 2242 3165 2297 qua
3185 2226 3213 2280 Ἰ
3264 2224 3401 2281 audi
3450 2239 3584 2281 eum
3616 2224 3908 2282 dicentem

2202 2314 2413 2386 primo,
2444 2316 2551 2387 Ego
2578 2331 2700 2371 sum
2718 2315 2836 2370 via.
2869 2316 3198 2386 Antequam
3226 2315 3446 2371 diceret
3467 2313 3571 2370 tibi
3604 2329 3742 2386 quo,
3760 2329 3914 2385 prc-

2199 2405 2360 2461 misit
2389 2421 2505 2476 qua
2525 2421 2538 2459 :
2571 2406 2680 2474 Ego
2708 2414 2851 2471 sum,
2868 2404 3082 2477 inquit,
3105 2406 3220 2463 via.
3243 2404 3366 2469 Quo
3388 2403 3478 2460 via
3494 2403 3523 2459 ἳ
3544 2405 3609 2459 Et
3626 2402 3832 2459 veritas
3851 2410 3915 2460 et

2197 2495 2330 2552 vita.
2366 2495 2559 2551 Primo
2588 2494 2736 2550 dixit
2766 2512 2879 2567 qua
2908 2494 3128 2565 venias,
3159 2503 3355 2566 postea
3384 2493 3531 2550 dixit
3549 2508 3662 2564 quo
3679 2491 3905 2549 venias.

2198 2586 2312 2656 Ego
2342 2599 2471 2640 sum
2501 2583 2614 2652 via,
2638 2599 2745 2657 ego
2776 2601 2908 2641 sum
2936 2584 3171 2651 veritas,
3192 2600 3298 2658 ego
3324 2584 3454 2639 vita.
3482 2582 3729 2639 Manens
3749 2582 3907 2655 apud

2201 2676 2445 2741 Patrem,
2476 2673 2689 2730 veritas
2713 2678 2772 2729 et
2792 2674 2906 2730 vita
2931 2690 2944 2728 :
2969 2673 3224 2731 induens
3243 2690 3305 2730 se
3325 2688 3584 2741 carnem,
3605 2672 3793 2729 factus
3815 2675 3908 2728 est

2197 2761 2307 2818 via.
2339 2760 2463 2819 Non
2492 2763 2598 2818 tibi
2630 2762 2865 2833 dicitur,
2889 2763 3111 2820 Labore
3140 2763 3452 2835 quaerendo
3482 2762 3655 2825 viam.
3689 2764 3755 2817 ut
3780 2775 3910 2832 per-

2148 2867 2152 2870 "
2200 2850 2393 2907 venias
2419 2851 2491 2907 ad
2515 2851 2813 2908 veritatem
2846 2856 2903 2908 et
2919 2851 3131 2919 vitam;
3166 2867 3280 2907 non
3301 2851 3408 2908 boc
3424 2849 3531 2906 tibi
3550 2849 3782 2905 dicitur.
3810 2847 3904 2905 Pi-

2198 2957 2317 3012 ger,
2351 2956 2561 3015 surge;
2593 2942 2682 2997 via
2713 2942 2840 3013 ipsa
2868 2942 2939 2999 ad
2971 2949 3024 2998 te
3052 2942 3231 3010 venit,
3263 2945 3321 2998 et
3339 2945 3397 2997 te
3425 2941 3498 2996 de
3537 2955 3744 2996 somno
3764 2939 3904 2995 dor-

2200 3031 2477 3088 mientem
2510 3031 2800 3099 excitavit,
2832 3032 2881 3087 si
2913 3040 3107 3089 tamen
3138 3031 3439 3090 excitavit:
3467 3044 3663 3102 surge,
3693 3037 3750 3086 et
3777 3044 3907 3086 am-

2201 3120 2357 3178 bula.
2390 3121 2557 3178 Forte
2588 3124 2816 3178 conaris
2848 3122 3167 3191 ambulare,
3198 3127 3258 3178 et
3289 3138 3403 3178 non
3431 3126 3612 3192 potes,
3634 3119 3774 3192 quia
3802 3119 3908 3176 do-

2200 3212 2321 3270 lent
2342 3214 2534 3287 pedes.
2551 3213 2713 3270 Unde
2734 3213 2931 3269 dolent
2953 3214 3126 3286 pedes
3140 3214 3170 3270 ‘l
3188 3228 3259 3268 an
3275 3212 3522 3284 jubente
3541 3209 3785 3266 avaritia
3806 3223 3912 3281 per

2200 3320 2405 3376 aspera
2433 3305 2861 3362 cucurrerunt?
2882 3305 2993 3361 Sed
3025 3303 3126 3362 Dei
3153 3302 3408 3360 Verbum
3431 3302 3661 3359 sanavit
3675 3305 3733 3357 et
3749 3299 3915 3358 clau-

2202 3394 2330 3451 dos.
2356 3397 2518 3461 Ecce,
2542 3393 2596 3449 in
2608 3394 2762 3467 quis,
2793 3412 2969 3452 sanos
2991 3394 3177 3451 habeo
3201 3393 3398 3465 pedes,
3417 3393 3517 3449 sed
3540 3392 3731 3465 ipsam
3752 3388 3914 3447 viam

2206 3500 2319 3541 non
2351 3484 2537 3540 video.
2571 3483 2930 3541 Illuminavit
2968 3489 3027 3540 et
3054 3499 3258 3541 cacos.

2280 3572 2363 3629 10.
2399 3572 2517 3629 Hoc
2544 3576 2726 3629 totum
2762 3590 2861 3645 per
2883 3573 3079 3640 fidem,
3111 3571 3389 3645 quamdiu
3410 3571 3849 3644 peregrinamur
3870 3585 3909 3626 ι

2205 3660 2473 3731 Domino,
2504 3666 2811 3719 manentes
2833 3662 2893 3718 in
2918 3677 3155 3733 corpore
3178 3679 3192 3718 :
3218 3677 3351 3719 cum
3374 3664 3569 3718 autem
3595 3657 3911 3732 perambu-

2204 3750 2518 3808 laverimus
2538 3751 2710 3819 viam,
2734 3757 2791 3808 et
2815 3752 2889 3808 ad
2910 3753 3098 3825 ipsam
3124 3751 3372 3823 patriam
3391 3749 3741 3817 venerimus,
3763 3748 3907 3822 quid

2206 3840 2314 3900 erit
2342 3842 2510 3898 nobis
2532 3841 2720 3899 laetius
2745 3843 2775 3895 *ἶ
2805 3842 2942 3914 quid
2967 3840 3078 3898 erit
3098 3841 3264 3898 nobis
3285 3840 3515 3897 beatius
3535 3840 3563 3894 ?
3592 3838 3737 3907 Quia
3755 3838 3909 3896 nihil

2206 3931 2466 4004 pacatius
2497 3948 2510 3988 :
2547 3930 2692 3987 nihil
2740 3930 2895 3988 enim
2928 3932 3209 3987 adversus
3253 3930 3550 3988 hominem
3586 3927 3913 3986 rebellabit.

2208 4021 2375 4081 Nunc
2400 4036 2554 4088 vero,
2593 4020 2810 4088 fratres,
2846 4019 3082 4077 difficile
3111 4020 3238 4077 sine
3262 4020 3383 4076 rixa
3413 4034 3633 4076 sumus.
3659 4018 3739 4074 Ac
3768 4031 3916 4074 con-

2209 4111 2465 4170 cordiam
2479 4111 2617 4183 quid
2628 4126 2717 4167 em
2736 4110 2921 4169 vocati
2944 4127 3173 4178 sumus,
3182 4110 3466 4182 jubemur
3480 4123 3684 4181 pscere
3696 4107 3919 4164 habere

2207 4199 2359 4257 inter
2388 4215 2496 4257 nos
2528 4223 2544 4269 ;
2575 4200 2647 4255 ad
2679 4199 2787 4255 hoc
2816 4200 3146 4257 conandum
3176 4203 3282 4267 est,
3316 4197 3703 4269 omnibusque
3724 4195 3924 4253 niten-

2209 4292 2348 4347 dum
2362 4289 2606 4358 viribus,
2621 4289 3012 4362 utaliquando
3025 4288 3325 4346 veniamus
3337 4289 3405 4344 ad
3425 4285 3918 4360 perfectissimam

2212 4396 2454 4453 pacem:
2504 4380 2677 4438 modo
2707 4384 2901 4437 autem
2950 4379 3245 4453 litigamus
3286 4379 3631 4451 plerumque
3658 4392 3791 4432 cum
3832 4375 3925 4433 eis

2212 4471 2427 4543 quibus
2458 4469 2762 4528 consulere
2786 4469 3076 4527 volumus.
3102 4469 3203 4526 ille
3224 4472 3399 4539 errat,
3419 4472 3485 4525 tu
3507 4468 3597 4525 vis
3612 4467 3828 4524 ducere
3843 4466 3917 4523 ad

2212 4562 2364 4620 viam
2390 4580 2405 4631 ;
2438 4561 2657 4620 resistit
2685 4560 2812 4629 tibi,
2836 4559 3064 4632 litigas:
3099 4560 3321 4617 resistit
3345 4575 3624 4632 paganus,
3648 4557 3922 4628 disputa

2215 4657 2416 4711 contra
2444 4668 2663 4709 errores
2682 4650 2972 4709 idolorum
3003 4653 3059 4708 et
3074 4649 3527 4706 daemoniorum:
3560 4645 3779 4704 resistit
3799 4646 3925 4703 ha-

2217 4744 2454 4813 reticus,
2487 4742 2752 4814 disputas
2774 4746 2973 4799 contra
3002 4738 3148 4797 alias
3177 4739 3471 4796 doctrinas
3492 4736 3926 4794 daemoniorum

2216 4833 2406 4891 malus
2437 4832 2754 4891 catholicus
2785 4847 2902 4889 non
2923 4829 3044 4887 vult
3063 4829 3210 4887 bene
3239 4828 3447 4899 vivere,
3470 4828 3716 4901 corripis
3745 4827 3931 4884 etiam

2216 4924 2545 4982 interiorem
2576 4923 2811 4980 fratrem
2846 4926 3011 4979 tuum
3044 4937 3059 4978 :
3094 4927 3283 4978 tecum
3318 4922 3511 4975 manet
3541 4918 3599 4975 in
3631 4918 3831 4985 domo,
3866 4920 3931 4973 et

2216 5016 2473 5089 perditas
2498 5014 2621 5071 vias
2644 5012 2848 5088 quaerit
2872 5032 2886 5082 ;
2919 5014 3131 5069 astuas
3151 5011 3445 5084 quomodo
3467 5009 3742 5082 corrigas,
3768 5011 3837 5065 ut
3851 5009 3932 5066 de

2216 5105 2314 5163 illo
2326 5104 2537 5164 bonam
2553 5103 2834 5161 rationem
2848 5100 3098 5159 Domino
3110 5101 3419 5157 amborum
3434 5100 3657 5157 reddas.
3672 5100 3927 5164 Quantae

2216 5196 2475 5268 undique
2505 5194 2763 5251 rixarum
2793 5190 3211 5250 necessitates?
3240 5189 3587 5261 Plerumque
3618 5188 3791 5242 homo
3820 5190 3933 5242 ta-

2215 5288 2310 5345 dio
2341 5288 2601 5347 aﬁectus,
2634 5283 2774 5340 dicit
2802 5283 2952 5355 apud
2998 5281 3378 5356 semetipsum
3412 5296 3425 5335 :
3457 5278 3602 5345 Quid
3635 5276 3782 5333 mihi
3832 5280 3942 5334 ut

2217 5377 2336 5451 pati
2368 5375 2846 5443 contradictores,
2871 5372 2990 5446 pati
3005 5390 3105 5430 eos
3126 5370 3227 5445 qui
3250 5369 3497 5427 reddunt
3516 5365 3668 5424 mala
3690 5383 3797 5438 pro
3812 5368 3933 5423 bo-

2218 5468 2308 5524 nis
2330 5468 2362 5523 ?
2389 5470 2505 5539 Ego
2539 5463 2664 5521 volo
2686 5462 3009 5533 consulere,
3041 5461 3129 5519 illi
3157 5460 3355 5518 volunt
3377 5458 3600 5532 perire:
3632 5470 3938 5513 consumo

2215 5557 2392 5613 vitam
2422 5573 2607 5614 meam
2641 5554 2922 5627 litigando
2957 5573 2971 5625 ;
3004 5568 3199 5625 pacem
3232 5567 3348 5608 non
3380 5550 3561 5607 habeo
3589 5565 3602 5605 :
3649 5546 3943 5604 inimicos

2214 5646 2455 5720 insuper
2487 5645 2653 5717 facio,
2688 5661 2836 5717 quos
2868 5643 3088 5702 amicos
3110 5642 3320 5699 habere
3352 5639 3644 5709 deberem,
3673 5636 3724 5693 si
3746 5636 3941 5694 bene-
