4146 6186
312 285 432 349 1657
1405 288 1861 353 TRAGTATUS
1905 293 2146 356 XXXV.
2194 296 2453 358 CAPUT
2500 296 2657 357 VIII.
3648 291 3807 354 1658

304 438 584 497 volentiam
609 442 965 498 consulentis
996 442 1399 497 attenderent:
1432 442 1569 515 quid
1593 442 1734 500 mihi
1765 449 1852 502 est
1874 446 1987 502 ista

2123 432 2405 501 libuisset,
2437 431 2733 503 respondit
2761 431 2864 488 eis.
2901 429 3265 503 lnterrogabo
3287 432 3344 485 et
3367 444 3472 498 ego
3494 444 3593 485 vos
3616 444 3798 484 unum

305 530 555 602 perpeti?
583 535 811 588 redeam
832 533 898 587 ad
921 548 1033 598 me,
1056 547 1284 587 mecum
1307 548 1427 597 om,
1466 533 1641 588 Deum
1680 550 1871 591 meum
1901 536 1984 591 in-
2094 536 2464 579 sermonem:
2496 525 2670 579 dicite
2692 523 2857 589 mihi,
2882 521 3218 593 Baptismus
3246 519 3493 576 Joannis
3510 520 3658 574 unde
3673 518 3804 574 est?

302 620 513 674 vocabo.
552 619 693 675 Redi
724 622 794 675 ad
832 620 1106 691 teipsnm,
1132 620 1210 675 ibi
1244 620 1466 676 invenis
1499 621 1683 678 rixam
1719 640 1733 679 τ
1775 624 1823 679 εί
1871 640 1982 680 cm.
2094 611 2167 667 de
2193 613 2358 679 cosio,
2383 631 2454 669 an
2487 629 2555 669 ex
2586 613 2923 668 hominibus
2952 610 2979 664 *ἶ
3001 610 3239 665 'l‘urbati
3273 609 3357 665 illi
3399 609 3551 664 intra
3597 612 3804 663 semet-

302 708 416 779 pisti
435 708 619 763 Deum
639 710 919 780 sequi,ibi
946 710 1167 765 invenis
1204 710 1410 766 rixam.
1438 712 1619 775 Quam
1658 710 1866 780 rixam,
1893 714 1984 768 in.
2096 702 2256 773 ipsos
2279 704 2630 773 cogitabant,
2662 702 2800 774 quia
2832 702 2879 755 si
2911 701 3190 767 dicerent,
3224 700 3307 754 Ab
3331 698 3688 761 hominibus.
3724 696 3803 750 la-

300 797 428 869 quis,
462 798 737 855 invenio?
756 802 899 855 Caro
931 798 1289 870 concupiscit
1311 800 1591 856 adversus
1613 802 1907 870 Spiritum,
1928 808 1985 859 et
2101 794 2287 865 Ρίάδτί
2322 799 2554 862 Possem
2581 810 2615 848 θα
2634 792 2827 856 turba»
2861 807 2985 862 ςυω
3002 790 3288 847 Joannem
3309 790 3648 860 Ρνορὶιθίίιω
3671 802 3799 844 ⁸⁸³⁸

299 886 522 957 spiritus
551 888 827 944 adversus
860 904 1093 943 carnem
1128 888 1329 956 (Galat.
1364 905 1417 956 v,
1456 890 1563 961 t7).
1600 894 1830 946 Ecce'tu
1860 890 1987 963 ipse
2097 882 2369 939 credebat
2395 901 2407 937 :
2438 884 2481 937 si
2515 883 2791 939 dicerent.
2823 883 2897 937 De
2930 880 3092 947 creto,
3147 880 3521 951 responderet
3548 881 3657 947 eis,
3702 882 3801 937 Ille

300 992 371 1039 es,
389 991 518 1031 ecce
544 985 601 1031 tu
623 976 783 1032 solus
804 994 886 1045 es,
919 994 1049 1033 ecce
1079 982 1269 1033 tecum
1294 993 1528 1043 es,ecce
1552 979 1733 1034 alium
1762 980 1989 1037 nullum

2123 988 2271 1043 [nem
2306 973 2666 1028 confitemini
2697 973 2768 1026 de
2794 970 2935 1027 cmlo
2952 969 3228 1025 habuisse
3252 970 3637 1040 prephetiam,
3657 970 3801 1026 mihi

2098 1064 2499 1119 testimOnium
2535 1062 2850 1134 perhibuit,
2882 1066 2939 1117 et
2960 1063 3031 1117 ab
3082 1059 3180 1116 illo
3208 1059 3454 1117 audiatis
3484 1060 3543 1116 in
3567 1076 3684 1132 qua
3699 1076 3805 1131 ego

2100 1152 2210 1207 ista
2243 1154 2445 1207 faciam
2484 1157 2782 1223 potestate.
2819 1152 3099 1206 Viderunt
3149 1165 3305 1221 ergo,
3354 1149 3654 1220 quodlibet
3704 1149 3809 1204 ho-
3876 1204 3877 1207 η

2098 1258 2228 1296 rum
2264 1243 2721 1313 respondissent,
2756 1241 2811 1295 in
2842 1240 3117 1310 laqueum
3149 1255 3212 1295 se
3232 1255 3505 1307 casuros;
3538 1243 3596 1293 et
3642 1238 3805 1295 dixe-

2100 1336 2257 1399 runt,
2281 1333 2576 1400 Nescimus,
2611 1332 2679 1386 Et
2726 1331 3010 1386 Dominus
3041 1330 3161 1385 eis:
3212 1330 3319 1385 Nec
3354 1345 3449 1400 ego
3467 1329 3589 1386 dico
3636 1329 3803 1399 vobis,

2098 1426 2158 1479 in
2185 1439 2293 1495 qua
2324 1426 2582 1493 potestate
2603 1425 2706 1477 ista
2736 1421 2880 1491 facio
2895 1419 3106 1493 (Matth.
3166 1436 3280 1487 xxi,
3312 1420 3524 1490 23-27).
3555 1420 3680 1475 Non
3714 1436 3807 1475 vo-

2098 1513 2191 1568 bis
2222 1513 2351 1569 dico
2382 1512 2537 1583 quod
2572 1511 2709 1577 scio,
2730 1510 2870 1581 quia
2891 1525 3006 1566 non
3039 1508 3215 1564 vultis
3248 1509 3408 1564 fateri
3440 1509 3595 1580 quod
3624 1508 3807 1563 scitis.

2094 1602 2433 1659 Justissime
2458 1601 2653 1672 utique
2676 1598 3573 1670 repulsi,conl‘usiabscesserunt
3595 1614 3609 1653 :
3629 1601 3685 1653 et
3705 1597 3811 1652 im-

2098 1694 2317 1765 pletum
2339 1696 2429 1747 est
2447 1690 2599 1763 quod
2631 1690 2688 1745 in
2723 1687 2945 1745 Psalmo
2979 1704 3077 1759 per
3100 1687 3443 1759 Prophetam
3482 1686 3623 1743 dicit
3655 1686 3809 1744 Deus

2098 1784 2283 1852 Pater,
2325 1782 2527 1837 Paravi
2575 1782 2854 1836 lucernam
2915 1778 3129 1834 Christo
3188 1793 3323 1845 meo,
3345 1776 3400 1833 id
3453 1781 3561 1844 est,
3611 1776 3802 1847 ipsum

301 1066 585 1123 hominem
622 1069 836 1138 pateris
867 1084 879 1121 :
912 1069 1010 1123 sed
1043 1069 1201 1124 vides
1224 1068 1396 1124 aliam
1420 1068 1680 1141 legemin
1706 1070 1988 1125 membris

298 1156 421 1221 tuis,
456 1163 887 1228 repugnantem
923 1157 1035 1229 legi
1060 1158 1270 1213 mentis
1299 1163 1504 1225 tuae,et
1530 1160 1913 1229 captivantem
1936 1167 1988 1215 te

295 1246 349 1303 in
382 1247 495 1317 lege
527 1247 763 1319 pecciti,
795 1263 925 1318 quae
965 1252 1054 1303 est
1104 1248 1157 1303 in
1208 1248 1483 1304 membris
1528 1250 1661 1304 tuis.
1721 1249 1990 1305 Exclama

295 1352 438 1405 ergo,
468 1343 527 1391 et
556 1354 587 1389 a
612 1336 734 1391 rixa
765 1336 1039 1392 interiore
1067 1338 1253 1392 clama
1276 1339 1345 1393 ad
1373 1340 1577 1405 Deum,
1612 1342 1673 1394 ut
1695 1339 1797 1395 tibi
1833 1339 1990 1410 paci-

298 1428 416 1483 ﬁcet
440 1430 497 1480 te
525 1442 541 1481 :
566 1427 729 1482 Miser
751 1442 848 1493 ego
868 1429 1045 1492 homo,
1072 1430 1194 1498 quis
1222 1443 1306 1483 me
1359 1428 1614 1483 liberabit
1644 1428 1708 1483 de
1759 1445 1990 1497 corpore

292 1515 470 1571 mortis
499 1516 661 1584 huius
691 1520 720 1570 ?
746 1517 936 1571 Gratia
968 1517 1068 1572 Dei
1111 1534 1209 1588 per
1258 1520 1441 1574 Iesum
1480 1520 1751 1575 Christum
1800 1519 1991 1575 Domi—

292 1621 414 1661 num
444 1610 692 1661 nostrum
726 1608 897 1677 (Rom.
929 1624 1028 1674 vu,
1082 1608 1297 1678 23-25).
1340 1608 1485 1673 Quia
1531 1610 1628 1680 qui
1656 1626 1743 1665 me
1772 1610 1986 1681 inquit,

291 1700 543 1766 sequitur,
575 1712 683 1751 non
707 1697 1007 1752 ambulabit
1038 1700 1093 1751 in
1127 1698 1397 1759 tenebris;
1416 1699 1505 1754 sed
1543 1699 1758 1755 habebit
1804 1700 1991 1755 lumen

290 1787 423 1843 vitae.
448 1785 633 1842 Finita
656 1791 775 1842 tota
804 1786 1349 1843 rixaimmortalitas
1392 1795 1800 1861 consequetur,
1854 1792 1991 1863 quia

292 1875 579 1931 novissima
610 1876 842 1931 inimica
870 1877 1185 1931 destruetur
1212 1892 1379 1932 mors.
1409 1877 1477 1933 Et
1494 1877 1684 1950 qualis
1714 1896 1823 1951 pax
1842 1880 1993 1936 erit?

289 1964 503 2035 Oportet
538 1964 894 2033 corruptibile
923 1965 1019 2020 hoc
1044 1964 1231 2020 indere
1250 1968 1736 2037 incorruptionem,
1766 1972 1820 2023 et
1851 1985 1993 2025 mor-

291 2053 395 2109 tale
420 2053 518 2108 hoc
533 2052 767 2109 induere
784 2056 1257 2109 immortalitatem
1282 2056 1329 2126 (t
1355 2055 1474 2123 Cor,
1500 2072 1593 2121 xv,
1620 2057 1833 2129 26,53).
1868 2060 1991 2124 Quo

292 2148 353 2199 ut
379 2142 703 2209 veniamus,
740 2144 878 2214 quia
908 2148 1047 2199 tunc
1079 2145 1187 2199 erit
1218 2145 1274 2200 in
1310 2161 1567 2212 re,nunc
1594 2149 1990 2218 sequamurin

291 2247 388 2302 spe
414 2247 547 2286 eum
581 2231 679 2301 qui
709 2232 875 2287 dixit.
906 2235 1022 2299 Ego
1053 2250 1173 2288 sum
1196 2233 1297 2289 lux
1312 2236 1535 2289 mundi:
1571 2234 1665 2306 qui
1694 2252 1783 2291 me
1804 2239 1993 2308 sequi-

290 2329 394 2389 tur,
423 2336 531 2377 non
563 2322 873 2377 ambulabit
895 2322 953 2375 in
973 2324 1209 2378 tenebris
1230 2339 1251 2387 ;
1280 2323 1374 2379 sed
1403 2324 1618 2380 habebit
1637 2326 1819 2382 lumen
1840 2325 1992 2384 vitae.

815 2412 1230 2469 TRACTATUS
1252 2414 1475 2469 XXXV.

293 2501 377 2558 Ab
402 2516 461 2558 eo
490 2500 634 2573 quod
667 2500 894 2571 legitur,
928 2502 1207 2557 Dixerunt
1229 2519 1363 2574 ergo
1397 2502 1779 2574 Pbarisaai,'l'u
1814 2506 1883 2563 de
1914 2512 2000 2563 te-

356 2589 485 2663 ipse
516 2590 910 2647 testimonium
943 2591 1232 2662 perhibes,
1266 2600 1392 2662 etc.,
1438 2610 1604 2665 usque
1652 2594 1726 2649 ad
1767 2594 1841 2661 id,
1891 2595 1997 2651 Ve-

358 2696 488 2737 rum
507 2687 595 2738 est
626 2679 1029 2736 testimonium
1062 2697 1282 2751 meum,
1306 2680 1444 2753 quia
1473 2683 1594 2740 scio
1642 2684 1799 2741 unde
1847 2685 2000 2755 veni,

356 2774 413 2827 et
442 2786 564 2842 quo
596 2770 763 2826 vado.
790 2770 919 2842 Cap.
952 2788 1079 2839 vm,
1106 2772 1156 2841 in
1195 2772 1283 2839 13,
1318 2773 1404 2827 tt.

361 2860 411 2915 1.
448 2860 526 2915 De
558 2859 749 2915 verbis
780 2859 1012 2915 Domini
1059 2860 1242 2916 nostri
1274 2864 1409 2915 Jesu
1459 2860 1695 2930 Christi,
1755 2862 1856 2918 ubi
1898 2863 2000 2935 ait,

290 2950 394 3021 Ego
420 2964 547 3004 sum
584 2948 682 3004 lu‘e
711 2948 906 3004 mundi
934 2965 954 3005 :
986 2948 1082 3021 qui
1102 2965 1186 3005 me
1203 2952 1468 3021 sequitur,
1493 2965 1602 3005 non
1621 2951 1926 3009 ambulabit
1947 2954 2008 3008 in

288 3039 570 3107 tenebris;
592 3040 685 3096 sed
716 3040 940 3096 habebit
969 3041 1155 3096 lumen
1185 3041 1314 3099 vita?
1345 3040 1520 3114 (Joan.
1554 3056 1675 3107 vni,
1722 3043 1832 3114 l2),
1902 3042 2006 3098 he-

294 3138 491 3187 sterno
520 3129 614 3185 die
642 3130 744 3202 qui
768 3129 1058 3195 adfuistis,
1083 3129 1183 3185 diu
1207 3131 1573 3202 disputatum
1623 3147 1748 3187 esse
1796 3131 2012 3188 memi-

295 3220 465 3277 nistis
496 3237 513 3276 :
549 3224 607 3277 et
638 3220 686 3276 si
720 3220 909 3275 adhuc
941 3219 1191 3276 velimus
1218 3221 1286 3276 de
1308 3219 1408 3276 illo
1434 3219 1657 3277 lumine
1689 3222 2008 3294 disputare.

299 3311 393 3366 diu
427 3310 587 3383 loqui
620 3325 974 3383 possumus;
1030 3325 1163 3365 nam
1197 3325 1313 3366 non
1365 3326 1680 3382 possumus
1729 3310 2014 3382 explicare

303 3400 671 3470 compendio.
698 3401 917 3471 Itaque,
946 3400 1151 3456 fratres
1176 3400 1310 3464 mei,
1342 3415 1664 3472 sequamur
1719 3399 2014 3458 Christum

305 3490 505 3547 lumen
536 3490 765 3556 mundi,
802 3507 874 3546 ne
919 3489 1372 3546 ambulemusin
1421 3489 1697 3546 tenebris.
1741 3489 2014 3547 Tenebrm

307 3582 629 3637 metuenda:
659 3584 819 3646 sunt,
854 3596 1103 3643 morum,
1139 3597 1251 3636 non
1272 3580 1571 3637 oculorum
1598 3598 1611 3637 :
1644 3585 1703 3638 et
1732 3581 1781 3637 si
1814 3582 2017 3638 oculo-

309 3686 462 3739 rom,
497 3686 610 3726 non
632 3669 1004 3732 exteriorum,
1031 3669 1130 3725 sed
1164 3669 1529 3739 interiorum,
1553 3670 1709 3727 unde
1738 3669 2015 3726 discerni-

315 3765 404 3816 tur
431 3776 550 3816 non
580 3758 779 3815 album
811 3764 867 3815 et
899 3758 1152 3831 nigrum,
1187 3758 1533 3830 sedjuetum
1579 3764 1636 3814 et
1700 3758 2014 3829 injuetum.

381 3850 434 3903 2.
475 3849 622 3905 Cum
656 3848 776 3903 haec
808 3863 945 3919 ergo
994 3846 1237 3903 dixisset
1284 3847 1564 3903 Dominus
1614 3852 1807 3904 noster
1852 3850 2018 3904 Jesus

317 3938 601 4006 Christus,
635 3938 1065 4010 responderunt
1102 3937 1289 3993 Judaei
1325 3953 1338 3993 :
1374 3938 1443 3992 ἰιι
1472 3937 1537 3993 de
1567 3945 1616 3993 te
1646 3940 2022 3993 testimonium

316 4028 487 4092 dicis;
515 4029 886 4085 testimonium
907 4031 1062 4082 tuum
1092 4041 1203 4082 non
1223 4034 1301 4082 est
1319 4042 1525 4082 verum.
1570 4028 1890 4099 Antequam
1932 4045 2024 4084 ve-

320 4119 467 4174 niret
500 4117 779 4175 Dominus
823 4122 1016 4174 noster
1049 4120 1222 4172 Jesus
1251 4115 1537 4184 Christus,
1572 4116 1788 4173 multas
1822 4124 1953 4173 ante
1971 4134 2029 4173 se

315 4207 580 4264 lucernas
613 4206 984 4279 propheticus
1016 4206 1282 4263 accendit
1312 4209 1369 4261 et
1399 4206 1575 4262 misit.
1609 4212 1689 4262 De
1713 4207 1804 4262 his
1854 4207 2027 4262 etiam

317 4300 707 4353 eratJoannes
728 4295 1007 4368 Baptista,
1031 4295 1123 4350 cui
1149 4302 1267 4350 tam
1290 4311 1570 4365 magnum
1591 4295 1785 4367 ipsum
1810 4294 2033 4363 lumen,

318 4388 474 4458 quod
499 4392 587 4443 est
633 4386 921 4442 Dominus
950 4384 1235 4452 Christus,
1281 4384 1577 4456 perhibuit
1607 4385 2029 4457 testimonium,

317 4477 490 4545 quale
513 4474 658 4532 nulli
685 4474 982 4530 hominum
1010 4492 1023 4530 :
1048 4473 1126 4529 ait
1147 4474 1325 4541 enim,
1349 4475 1406 4529 in
1430 4476 1576 4528 natis
1595 4475 1898 4530 mulierum
1923 4492 2033 4531 non

317 4567 559 4623 surrexit
587 4566 777 4636 major
802 4565 1037 4621 Joannes
1069 4566 1311 4634 Baptista
1331 4563 1542 4634 (Matth.
1574 4580 1653 4630 ιι,
1688 4565 1797 4635 11).
1822 4565 1923 4621 Hic
1946 4569 2033 4622 ta-

320 4671 475 4721 men,
510 4674 622 4728 quo
655 4671 826 4711 nemo
848 4663 969 4710 erat
1002 4656 1190 4725 major
1218 4654 1277 4709 in
1310 4654 1465 4711 natis
1512 4654 1843 4723 mulierum,
1894 4656 2036 4713 dicit

319 4746 389 4801 de
419 4744 667 4801 Domino
695 4743 834 4799 Jesu
868 4742 1135 4798 Christo:
1175 4744 1278 4812 Ego
1318 4743 1537 4813 quidem
1586 4743 1798 4816 baptiso
1839 4760 1929 4801 vos
1977 4748 2036 4801 in

320 4835 626 4908 aqua;qui
652 4840 837 4890 autem
860 4834 1031 4900 venti,
1056 4832 1259 4903 fortior
1298 4848 1386 4888 me
1417 4839 1515 4904 est,
1564 4841 1723 4890 cutus
1759 4850 1870 4890 non
1917 4852 2037 4891 sum

321 4926 527 4995 dignus
543 4925 973 4982 calceamentum
1004 4923 1417 4986 solvereran.
1458 4941 1493 4991 ι,
1526 4925 1616 4992 26,
1666 4926 1780 4995 27).
1835 4924 2038 4984 Videte

326 5015 827 5085 quemadmodum
851 5029 913 5068 se
941 5013 1178 5067 lucerna
1209 5010 1321 5066 diei
1347 5012 1677 5068 submittat.
1725 5015 2034 5071 Lucernam

325 5120 460 5162 vero
491 5106 683 5177 ipsum
713 5105 999 5160 Joannem
1025 5101 1204 5158 fuisse
1239 5102 1517 5158 Dominus
1564 5105 1689 5175 ipse
1737 5110 1989 5161 testatur
2020 5124 2034 5163 :

329 5195 431 5251 Ille
445 5199 583 5261 erat,
608 5194 819 5265 inquit,
850 5194 1077 5249 lucerna
1108 5192 1306 5247 ardens
1335 5203 1385 5247 et
1428 5193 1611 5249 lucens
1632 5211 1653 5255 ;
1676 5202 1727 5250 et
1750 5211 1835 5251 vos
1862 5197 2037 5252 volui-

328 5284 519 5339 stisad
547 5284 743 5341 horam
800 5283 1086 5338 exsultare
1136 5284 1195 5337 in
1246 5282 1454 5337 lumine
1509 5283 1625 5353 ejus
1672 5283 1768 5352 (Id.
1809 5300 1866 5352 v,
1924 5286 2036 5357 35).

331 5375 573 5438 Quando
604 5378 799 5429 autem
832 5374 1103 5428 dixerunt
1128 5372 1311 5430 Judaei
1343 5371 1609 5441 Domino,
1638 5373 1736 5430 Dic
1766 5375 1941 5442 nobis,
1982 5379 2041 5431 in

335 5480 440 5531 qua
459 5470 722 5535 potestate
745 5469 845 5519 ista
866 5463 1048 5533 facis?
1075 5464 1263 5520 sciens
1289 5464 1565 5518 Dominus
1590 5464 1723 5535 quia
1753 5464 2038 5522 Joannem

341 5552 649 5624 Baptistam
687 5571 790 5625 pro
813 5560 1022 5625 magno
1070 5552 1373 5619 haberent,
1398 5558 1453 5609 et
1501 5554 1655 5625 quod
1708 5553 1831 5626 ipse
1868 5571 2039 5628 quem

338 5656 437 5709 pro
460 5659 671 5716 magno
686 5641 1002 5707 habebant,
1026 5641 1110 5697 eis
1128 5642 1199 5698 de
1220 5640 1465 5697 Domino
1490 5642 1886 5699 testimonium
1915 5660 2038 5715 per-

2097 1876 2425 1939 Joannem;
2485 1872 2738 1927 inimicos
2779 1872 2896 1942 ejus
2969 1870 3204 1926 induam
3259 1870 3577 1937 confusione
3633 1869 3808 1940 (Psal,

2347 1965 2402 2019 7.
2440 1965 2549 2019 181.

2100 1981 2288 2031 cxxxr,
2315 1965 2402 2029 17,
2440 1964 2549 2035 18).

2168 2056 2221 2111 3.
2255 2054 2511 2111 Habebat
2528 2068 2664 2125 ergo
2697 2051 2975 2109 Dominus
3020 2051 3193 2107 Jesus
3234 2050 3499 2107 Christus
3545 2050 3807 2106 testimo-

2101 2149 2261 2205 nium
2293 2145 2708 2217 Prophetarum
2736 2151 2869 2199 ante
2890 2158 2952 2199 se
2985 2142 3438 2213 pramissorum,
3475 2156 3805 2215 praeconum

2094 2236 2355 2306 judicem
2378 2232 2825 2305 prmeedentium
2851 2248 2866 2299 ;
2885 2231 3133 2287 habebat
3154 2231 3552 2287 testimonium
3584 2248 3616 2286 a
3636 2232 3812 2287 Joan-

2104 2341 2177 2380 ne
2210 2342 2222 2381 :
2259 2325 2356 2381 sed
2378 2324 2502 2395 ipse
2523 2324 2716 2394 majus
2740 2322 3174 2379 'testimonium
3193 2326 3338 2389 erat,
3364 2323 3516 2393 quod
3548 2320 3658 2376 sibi
3684 2336 3824 2390 per--

2104 2415 2360 2473 bibebat.
2380 2413 2467 2469 llli
2483 2416 2675 2469 autem
2693 2412 2938 2467 infirmis
2953 2412 3138 2467 oculis
3168 2410 3436 2468 lucernas
3469 2408 3823 2481 quaerebant,

2108 2504 2244 2577 quia
2268 2504 2420 2559 diem
2446 2502 2594 2558 ferre
2616 2518 2727 2559 non
2750 2505 3043 2571 poterant:
3065 2517 3198 2557 nam
3216 2501 3476 2557 Joannes
3517 2499 3669 2555 idem
3698 2500 3819 2570 ipse

2110 2591 2429 2665 apostolus,
2456 2592 2623 2663 cujus
2654 2588 3105 2661 Evangeliumin
3133 2590 3406 2645 manibus
3429 2588 3734 2651 habemus.
3754 2586 3815 2642 in

2108 2684 2298 2756 ipsius
2321 2680 2609 2754 Evangelii
2632 2681 2723 2737 sui
2745 2680 2933 2752 capite
2955 2680 3121 2736 aitde
3142 2680 3386 2746 Joanne,
3415 2699 3437 2730 ι
3471 2680 3606 2734 Erat
3650 2679 3820 2733 homo

2114 2774 2329 2831 missus
2357 2789 2389 2828 a
2420 2771 2556 2839 Deo,
2590 2770 2681 2829 cui
2714 2786 2926 2827 nomen
2952 2773 3073 2827 erat
3104 2769 3355 2827 Joannes
3386 2786 3399 2826 :
3428 2769 3519 2825 hic
3565 2768 3719 2825 venit
3762 2769 3822 2822 in

2113 2863 2536 2932 testimonium,
2562 2870 2620 2918 ut
2650 2862 3055 2919 testimonium
3094 2860 3421 2933 perhiberet
3471 2860 3541 2916 de
3587 2858 3830 2929 lumine,

2118 2961 2398 3011 ulomnes
2428 2954 2726 3008 crederent
2753 2969 2853 3023 per
2895 2967 3053 3008 eum.
3097 2952 3221 3007 Non
3279 2954 3401 3008 erat
3458 2950 3557 3006 ille
3608 2948 3831 3018 lumen,

2117 3042 2218 3098 sed
2244 3048 2303 3095 ut
2326 3040 2726 3096 testimonium
2758 3038 3084 3110 perhiberet
3105 3040 3174 3095 de
3198 3038 3433 3095 lumine.
3461 3038 3596 3093 Erat
3623 3036 3822 3093 lumen

2118 3113 2326 3197 vbrum,
2360 3130 2513 3201 quod
2563 3128 2855 3184 illuminat
2886 3144 3115 3184 omnem
3154 3129 3447 3185 hominem
3493 3127 3820 3183 venientem

2122 3221 2182 3278 in
2206 3221 2514 3277 mundum.
2548 3242 2576 3270 ››
2601 3219 2659 3275 Si
2683 3235 2917 3284 omnem,
2949 3234 3083 3290 ergo
3115 3217 3664 3276 etJoannem.Unde
3684 3217 3824 3273 dicit

2122 3315 2179 3368 et
2215 3311 2339 3383 ipse
2368 3312 2642 3379 Joannes,
2672 3310 2775 3366 Nos
2804 3325 2988 3366 omnes
3009 3308 3074 3365 de
3117 3308 3467 3379 plenitudine
3513 3309 3630 3377 eius
3672 3324 3826 3364 acce-

2120 3404 2301 3474 pimus
2321 3402 2499 3471 (toan.
2543 3418 2581 3466 ι,
2605 3400 2728 3469 6-9,
2768 3400 2876 3471 16).
2913 3398 3237 3455 Discernite
3268 3413 3404 3470 ergo
3436 3397 3658 3467 ista,ut
3697 3415 3835 3468 pro-

2125 3490 2281 3547 ﬁciat
2303 3506 2464 3546 mens
2484 3493 2674 3545 vestra
2701 3490 2758 3546 in
2792 3489 2903 3545 {ide
2926 3487 3137 3543 Christi
3171 3503 3185 3554 ;
3221 3504 3291 3543 ne
3324 3501 3557 3558 semper
3582 3487 3837 3542 infantes

2125 3579 2256 3636 sitis
2298 3579 2477 3634 ubera
2508 3583 2858 3650 quaerentes,
2897 3584 2955 3634 et
3004 3594 3038 3631 a
3085 3576 3213 3633 cibo
3255 3576 3439 3632 solido
3484 3573 3832 3632 resilientes.

2126 3668 2357 3726 Debetis
2384 3669 2533 3739 apud
2570 3672 2811 3724 matrem
2845 3675 3107 3724 sanctam
3141 3666 3457 3723 Ecclesiam
3488 3664 3696 3721 Christi
3727 3681 3833 3720 nu-

2126 3760 2253 3817 triri
2287 3763 2343 3815 et
2392 3759 2688 3825 ablactari,
2748 3763 2803 3815 et
2847 3759 2918 3814 ad
2974 3773 3134 3814 escas
3190 3756 3487 3813 solidiores
3533 3755 3827 3822 accedere,

2129 3855 2344 3909 mento.
2378 3866 2493 3904 non
2534 3854 2749 3905 ventre.
2784 3852 2903 3906 Hoc
2932 3863 3069 3921 ergo
3109 3846 3439 3914 discernite,
3484 3845 3640 3901 aliud
3700 3861 3831 3903 esse

2130 3942 2325 3997 lumen
2359 3941 2508 4010 quod
2542 3939 2857 4007 illuminat,
2891 3936 3046 3994 aliud
3069 3954 3197 3994 esse
3237 3938 3386 4009 quod
3438 3936 3831 3995 illuminatur.

2138 4036 2279 4087 Nam
2311 4035 2369 4086 et
2399 4029 2550 4087 oculi
2570 4030 2749 4087 nostri
2775 4030 3000 4086 lumina
3019 4030 3324 4098 dicuntur;
3350 4034 3408 4086 et
3437 4029 3844 4101 unusquisque

2139 4119 2224 4175 ita
2250 4119 2428 4190 jurat,
2458 4126 2703 4190 tangens
2725 4119 3096 4187 oculossuos,
3131 4118 3474 4189 perlumina
3496 4136 3621 4189 sua,
3652 4121 3743 4174 Sic
3760 4120 3845 4174 vi-

2139 4215 2278 4265 vant
2313 4210 2537 4267 lumina
2571 4228 2700 4267 mea
2732 4228 2744 4266 :
2783 4209 3222 4279 usitatajuratio
3248 4213 3355 4265 est.
3383 4212 3513 4277 Quae
3543 4208 3768 4264 lumina
3792 4210 3842 4263 ei

2140 4304 2365 4360 lumina
2395 4311 2549 4370 sunt,
2583 4302 2729 4357 desit
2762 4302 2955 4357 lumen
2990 4300 3046 4355 in
3078 4299 3342 4355 cubiculo
3367 4304 3465 4354 tuo
3487 4298 3704 4364 clauso,
3744 4316 3840 4369 pa-

2141 4398 2300 4450 teant
2330 4398 2386 4450 et
2414 4393 2646 4448 luceant
2678 4390 2779 4445 tibi
2812 4408 2824 4446 :
2862 4407 2974 4445 non
3010 4390 3208 4461 utique
3241 4392 3504 4461 possunt.
3537 4387 3836 4452 Quomodo

2141 4500 2276 4554 ergo
2308 4485 2413 4537 ista
2444 4484 2501 4537 in
2537 4482 2676 4537 facie
2706 4497 2832 4551 qua:
2870 4481 3171 4545 habemus,
3204 4483 3259 4534 et
3289 4477 3509 4533 lumina
3529 4494 3833 4552 nuncupa-

2143 4591 2292 4639 mus,
2326 4579 2379 4629 ct
2402 4572 2636 4644 quando
2659 4575 2975 4640 sanasunt,
3002 4575 3055 4625 et
3078 4572 3312 4642 quando
3339 4573 3555 4642 patent,
3582 4570 3841 4641 indigent

2142 4661 2803 4732 extrinsecusadjutorio
2836 4660 3113 4729 luminis;
3148 4676 3256 4732 quo
3280 4658 3470 4717 ablato
3504 4665 3605 4717 aut
3638 4678 3755 4717 non
3783 4660 3845 4715 il-

2142 4753 2277 4824 lato,
2311 4770 2455 4809 sana
2486 4756 2646 4821 sunt,
2681 4760 2875 4825 aperta
2905 4755 3058 4821 sunt,
3095 4768 3200 4808 nec
3241 4756 3435 4809 tamen
3475 4753 3671 4808 vident
3703 4769 3716 4807 :
3767 4752 3848 4808 sic

2145 4860 2310 4899 mens
2343 4848 2561 4915 nostra,
2596 4842 2695 4915 qui
2728 4847 2815 4899 est
2846 4841 3048 4900 oculus
3070 4842 3297 4910 animos,
3331 4841 3439 4898 nisi
3472 4840 3732 4897 veritatis
3754 4839 3847 4894 lu—

2146 4934 2302 4990 mine
2330 4934 2605 5003 radictur,
2638 4936 2695 4988 et
2717 4933 2786 4989 ab
2819 4932 2917 4989 illo
2949 4930 3050 5006 qui
3090 4932 3387 4987 illuminat
3419 4948 3521 4986 nec
3554 4928 3843 4984 illumina-

2143 5027 2260 5089 tur,
2295 5022 2638 5079 mirabiliter
2665 5021 3005 5086 illustretur,
3040 5039 3140 5077 nec
3174 5021 3239 5076 ad
3274 5018 3617 5091 sapientiam
3644 5033 3745 5072 nec
3767 5017 3839 5071 ad

2136 5114 2426 5184 justitiam
2459 5112 2673 5184 poterit
2713 5112 3027 5185 pervenire.
3063 5114 3187 5181 Ipsa
3217 5111 3303 5163 est
3341 5106 3495 5161 enim
3530 5107 3618 5160 via
3650 5113 3845 5161 nostra

2139 5203 2301 5273 juste
2329 5202 2536 5259 vivere.
2561 5201 2859 5269 Quomodo
2890 5207 3077 5254 autem
3113 5215 3223 5252 non
3257 5194 3506 5250 offendat
3529 5195 3587 5249 in
3608 5193 3721 5259 via,
3755 5198 3849 5251 cui

2149 5310 2262 5349 non
2296 5292 2449 5348 lucet
2478 5292 2678 5347 lumen
2709 5292 2738 5345 ‘l
2765 5293 2841 5345 Ac
2876 5305 2974 5361 per
3004 5287 3111 5341 hoc
3144 5286 3200 5339 in
3235 5284 3333 5339 tali
3367 5284 3457 5339 via
3487 5284 3675 5340 videre
3705 5300 3853 5355 opus

2147 5387 2256 5449 est,
2290 5382 2345 5436 in
2382 5381 2478 5436 tali
2514 5381 2599 5436 via
2648 5380 2839 5433 videre
2877 5394 3153 5445 magnum
3185 5378 3288 5430 est.
3323 5374 3467 5429 Nam
3524 5374 3739 5431 Tobias
3790 5374 3849 5430 in

2150 5471 2292 5527 facie
2330 5470 2526 5525 oculos
2558 5470 2784 5525 clausos
2817 5467 3082 5533 habebat,
3115 5469 3170 5521 et
3199 5464 3353 5521 illius
3399 5464 3543 5537 patri
3600 5480 3841 5521 manum

2213 5590 2229 5623 ί
2255 5589 2398 5641 Lov.,
2432 5586 2594 5647 ipsum
2618 5586 2800 5647 majus.
2822 5586 2902 5635 At.
2927 5586 3037 5635 Am.
3075 5584 3199 5648 Bad.
3224 5588 3276 5648 et
3299 5585 3403 5648 En,
3431 5584 3555 5648 ipse,
3586 5583 3674 5648 Sic
3690 5582 3847 5633 etiam

2148 5649 2293 5711 Mss,
2325 5664 2351 5698 e
2384 5645 2577 5710 quibus
2608 5645 2842 5711 plerique
2872 5649 2990 5699 loco
3022 5647 3211 5711 majus,
3244 5645 3462 5703 habent;
3504 5645 3693 5710 magis.
