4126 6194
273 302 426 365 1659

270 436 446 492 dabat
475 455 489 503 ;
527 437 685 505 pater
721 429 838 486 filio
859 429 1011 484 viam
1037 425 1422 498 prccipiendo
1441 421 1806 478 monstrabat
1830 418 1974 489 (Tob.

271 544 334 593 ll,
369 527 455 591 11,
488 525 585 594 ιν).

341 615 392 669 5.
429 611 868 680 Responderunt
897 621 1030 672 ergo
1060 603 1374 667 Judaei,“
1395 602 1460 655 de
1503 609 1553 656 te
1597 601 1978 656 testimonium

268 706 406 760 dicis
428 722 448 768 ;
471 703 852 759 testimonium
867 705 1022 751 tuum
1044 710 1150 748 non
1175 698 1252 748 est
1272 709 1480 747 verum.
1498 691 1812 746 Videamus
1833 689 1974 759 quid

272 797 508 850 audiant
544 809 556 846 :
591 793 898 847 audiamus
921 792 977 842 et
1007 802 1125 849 nos,
1153 784 1252 838 sed
1289 800 1400 836 non
1426 780 1706 836 sicutilli.
1735 778 1819 834 llli
1843 795 1976 832 con-

271 887 616 946 temnentes,
653 895 758 934 nos
789 876 1084 932 credentes
1117 892 1130 928 :
1157 872 1240 927 illi
1272 871 1532 927 occidere
1555 870 1852 926 Christum
1879 883 1974 921 vo-

269 974 479 1042 lentes,
512 988 616 1026 nos
648 985 747 1039 per
789 966 1082 1022 Christum
1133 963 1318 1016 vivere
1372 961 1691 1027 cupientes.
1739 957 1974 1013 Interim

267 1063 380 1118 ista
408 1060 686 1116 distantia
707 1055 1022 1121 distinguat
1064 1068 1236 1106 aures
1267 1054 1609 1120 mentesque
1641 1052 1888 1107 nostras.
1922 1053 1976 1101 et

268 1151 574 1208 audiamus
596 1147 733 1218 quid
756 1144 970 1199 Judaais
986 1140 1344 1211 responderit
1363 1140 1663 1194 Dominus.
1680 1136 1975 1207 Respondit

264 1241 435 1304 Iesus,
467 1248 516 1291 et
538 1237 680 1291 dixit
709 1236 825 1289 eis:
861 1232 981 1286 litsi
1011 1246 1104 1299 ego
1121 1231 1185 1284 de
1214 1245 1298 1284 me
1321 1230 1698 1283 testimonium
1717 1225 1974 1296 perhibeo

268 1340 453 1379 verum
485 1327 560 1377 est
586 1322 953 1377 testimonium
984 1331 1168 1370 meum
1198 1335 1217 1381 ;
1247 1314 1378 1384 quia
1407 1316 1513 1368 scio
1546 1312 1695 1367 unde
1739 1313 1882 1377 veni,
1921 1315 1974 1366 et

265 1427 368 1481 quo
394 1411 548 1466 vado.
577 1411 790 1464 Lumen
814 1415 865 1460 et
889 1406 999 1460 alia
1016 1406 1374 1460 demonstrat
1389 1406 1446 1455 et
1462 1400 1739 1471 seipsum.
1756 1404 1974 1455 Accau-

265 1502 357 1555 dis
379 1500 696 1566 lucernam,
721 1495 876 1551 verbi
893 1493 1098 1566 gratia,
1122 1497 1186 1546 ut
1207 1490 1727 1561 quarastuuicam,
1754 1494 1810 1544 et
1835 1504 1974 1559 prae-

267 1594 380 1645 stat
400 1589 724 1644 tibiardens
739 1585 974 1641 lucerna
991 1592 1049 1637 ut
1074 1581 1334 1637 invenias
1352 1581 1643 1636 tunicam:
1681 1580 1968 1650 numquid

267 1680 533 1735 accendis
556 1677 852 1731 lucernam
878 1679 940 1728 ut
958 1673 1155 1727 videas
1175 1671 1478 1726 ardentem
1497 1669 1833 1726 lucernam?
1856 1669 1970 1724 Lu-

264 1785 436 1824 cerua
447 1766 663 1838 quippe
681 1766 891 1820 ardens
905 1763 1111 1818 idonea
1123 1766 1212 1815 est
1225 1764 1282 1814 et
1296 1758 1544 1830 aliaquaa
1561 1758 1816 1814 tenebris
1829 1773 1971 1827 cpe-

264 1857 564 1913 riebantur
593 1855 832 1919 nudare,
866 1856 924 1907 et
953 1851 1203 1921 seipsam
1230 1849 1311 1904 tui
1334 1847 1519 1903 oculis
1550 1849 1967 1902 demonstrare.

263 1947 353 2002 Sic
372 1951 428 2000 et
442 1943 722 2018 Dominus
745 1942 1012 1997 Christus
1025 1948 1077 1994 et
1093 1940 1240 1992 inter
1258 1936 1457 1993 ﬁdeles
1473 1935 1968 2000 suos,etinimicos

261 2032 962 2103 Judaiostauquaminter
1003 2031 1192 2083 lucem
1223 2031 1280 2082 et
1329 2027 1597 2082 tenebras
1643 2025 1969 2095 distingue-

266 2125 360 2178 bat
390 2141 404 2190 ;
440 2127 718 2192 tanquam
749 2121 900 2175 inter
922 2118 1211 2189 illosquos
1231 2117 1390 2173 radio
1406 2116 1536 2172 ﬁdei
1561 2115 1968 2186 perfundebat,

261 2218 317 2267 et
349 2213 480 2267 illos
511 2226 753 2282 quorum
778 2212 1008 2265 clausos
1039 2209 1243 2263 oculos
1273 2205 1794 2261 circumtundebat.
1820 2203 1966 2260 Nam

263 2302 435 2357 etiam
469 2300 553 2357 sol
585 2300 690 2356 iste
718 2304 775 2355 et
813 2298 1064 2353 videntis
1104 2295 1308 2368 {aciem
1360 2294 1636 2362 illustrat,
1684 2297 1742 2348 et
1781 2293 1914 2348 eieci
1948 2307 1964 2347 :

261 2390 429 2444 anibo
454 2389 670 2458 pariter
699 2391 942 2453 stantes,
974 2390 1032 2441 et
1071 2385 1280 2440 faciem
1321 2384 1392 2438 ad
1443 2382 1626 2438 solem
1677 2380 1965 2438 habentes

259 2476 626 2531 illustrantur
657 2475 713 2529 in
747 2489 940 2539 carne,
974 2472 1076 2528 sed
1108 2488 1222 2526 non
1263 2470 1431 2526 ambo
1465 2468 1880 2524 illuminantur
1905 2469 1964 2524 in

261 2566 418 2631 acie;
452 2564 604 2619 videt
636 2563 752 2630 ille,
785 2562 880 2617 ille
903 2577 1018 2617 non
1054 2561 1244 2627 videt;
1277 2559 1558 2614 ainbobus
1589 2557 1673 2614 sol
1708 2574 1964 2629 praesens

266 2659 375 2719 est,
409 2654 503 2707 sed
539 2653 808 2722 praesenti
840 2649 951 2706 soli
983 2666 1136 2705 unus
1167 2653 1254 2703 est
1274 2649 1503 2703 absens.
1529 2646 1622 2702 Sic
1645 2652 1700 2703 et
1723 2647 1962 2717 Sapien-

263 2743 343 2796 tia
376 2740 777 2809 Dei,Verbum
823 2739 946 2806 Dei,
995 2736 1276 2793 Dominus
1315 2737 1508 2808 Jesus]
1529 2735 1791 2792 Christus
1833 2735 1965 2792 ubi-

261 2849 374 2899 que
399 2846 653 2900 presens
683 2833 800 2894 est;
833 2828 968 2900 quia
996 2826 1209 2897 ubique
1237 2831 1324 2880 est
1356 2824 1585 2890 veritas,
1632 2824 1848 2896 ubique
1880 2835 1964 2882 est

259 2919 564 2991 sapientia.
591 2916 868 2988 Intelligit
890 2915 1024 2988 quis
1057 2916 1114 2970 in
1145 2914 1364 2970 oriente
1386 2913 1681 2983 justitiam
1707 2933 1721 2980 ;
1755 2913 1967 2970 intelli-

257 3011 341 3081 git
369 3010 518 3065 alius
550 3009 607 3063 in
641 3008 936 3064 occidente
975 3004 1274 3075 justitiam
1309 3020 1322 3059 :
1381 3003 1671 3074 numquid
1716 3003 1831 3060 alia
1877 3009 1966 3060 est

250 3099 478 3170 justitia
510 3113 684 3170 quam
716 3096 812 3152 ille
860 3094 1156 3166 intelligit,
1175 3093 1288 3149 alia
1318 3109 1495 3164 quam
1528 3092 1676 3148 iste?
1699 3093 1972 3165 Separat],

259 3193 396 3244 sunt
428 3203 684 3256 corpore,
715 3183 861 3241 etin
894 3200 1006 3238 uno
1040 3182 1253 3238 habent
1288 3181 1440 3236 acies
1489 3180 1775 3236 mentium
1826 3198 1961 3237 sua-

258 3294 410 3332 rum.
445 3279 629 3342 Quam
653 3272 1124 3343 videojustitiam
1148 3270 1242 3326 hic
1264 3270 1633 3337 constitutus,
1667 3268 1966 3340 sijustitia

256 3371 362 3429 est,
392 3363 582 3434 ipsam
615 3361 772 3417 videt
789 3361 988 3432 justus
1010 3358 1205 3414 nescio
1227 3361 1370 3430 quot
1394 3356 1798 3414 mansionibus
1817 3375 1848 3412 a
1872 3375 1964 3413 me

257 3471 428 3510 carne
461 3455 784 3524 sejunctas,
819 3457 876 3508 et
899 3452 958 3506 in
992 3449 1149 3505 illius
1174 3449 1413 3519 justitiin
1437 3448 1566 3504 luce
1587 3450 1959 3520 conjunctus.

259 3545 405 3616 Ergo
426 3543 830 3601 testimonium
852 3540 962 3597 sibi
985 3539 1248 3612 perhibet
1266 3538 1395 3594 lux:
1419 3539 1604 3611 aperit
1624 3556 1798 3596 sanos
1820 3556 1965 3595 ocu-

262 3636 443 3701 los,et
482 3633 594 3689 sibi
625 3633 750 3704 ipsa
789 3631 954 3688 testis
1005 3637 1111 3696 est,
1155 3633 1216 3685 ut
1258 3634 1641 3702 cognoscatur
1689 3630 1805 3686 lux.
1849 3631 1961 3686 Sed

260 3723 396 3792 quid
430 3723 662 3794 agimus
701 3723 772 3777 de
812 3718 1183 3776 inﬁdelibus?
1228 3718 1512 3790 numquid
1571 3719 1654 3774 illi
1696 3737 1812 3776 non
1873 3725 1965 3777 est

264 3829 512 3884 presens
544 3812 571 3867 τ
603 3812 704 3866 Est
729 3827 984 3884 praesens
1025 3818 1078 3865 et
1107 3808 1224 3865 illis
1260 3825 1273 3864 :
1305 3810 1403 3865 sed
1461 3809 1676 3880 quibus
1715 3827 1842 3867 eam
1881 3812 1960 3866 vi-

263 3904 460 3967 deant,
492 3901 687 3955 oculos
719 3917 836 3955 non
892 3899 1111 3954 habent
1165 3899 1375 3955 cordis.
1408 3898 1560 3954 Audi
1598 3900 1669 3956 de
1725 3901 1840 3957 illis
1897 3919 1965 3958 ex

264 3988 571 4059 Evangelio
601 3989 727 4058 ipso
779 3989 1058 4059 prolatam
1089 3989 1420 4046 sententia:
1465 3992 1526 4046 Et
1575 3991 1676 4046 tua:
1715 3993 1852 4048 lucet
1903 3994 1964 4047 in

265 4080 520 4146 tenebris,
553 4085 602 4134 tt
628 4080 870 4136 tenebrae
886 4095 1011 4134 eam
1038 4096 1142 4134 non
1161 4079 1688 4152 comprehenderunt
1719 4085 1900 4152 (Joan.
1921 4100 1963 4151 ι,

264 4172 339 4240 5).
365 4171 508 4239 Ergo
541 4169 623 4224 ait
652 4168 962 4237 Dominus,
993 4174 1049 4224 et
1079 4186 1278 4224 verum
1301 4171 1402 4230 ait,
1460 4173 1571 4224 Etsi
1617 4188 1713 4241 ego
1761 4173 1824 4228 de
1882 4189 1967 4228 me

269 4260 638 4316 testimonium
666 4258 945 4330 perhibeo,
979 4275 1166 4315 verum
1213 4262 1289 4314 est
1341 4262 1710 4316 testimonium
1751 4277 1962 4327 meum;

266 4351 395 4418 quia
426 4347 534 4404 scio
563 4347 861 4414 undeveni,
894 4352 945 4403 et
974 4364 1078 4419 quo
1107 4349 1263 4404 vado.
1300 4349 1526 4404 Patrem
1543 4349 1766 4405 volebat
1791 4350 1963 4406 intel-

269 4437 366 4507 ligi
391 4454 404 4500 ;
425 4436 1021 4508 Putrigloriamdabat
1045 4436 1961 4508 Filius.t‘Equalisgloriticateum

266 4545 300 4581 a
339 4542 452 4596 quo
484 4530 570 4580 est
602 4524 821 4580 missus
854 4541 867 4578 :
902 4530 1191 4597 quantum
1225 4527 1394 4582 debet
1430 4526 1602 4583 homo
1641 4526 1966 4598 glorificare

268 4629 396 4670 eum
432 4632 466 4669 a
496 4629 608 4683 quo
637 4618 727 4669 est
748 4619 976 4670 creatus
998 4614 1026 4669 ?

335 4704 388 4756 5.
425 4703 549 4757 Scio
578 4702 723 4757 unde
753 4703 896 4770 veni,
919 4706 1094 4775 etquo
1136 4705 1286 4762 vado.
1324 4705 1436 4762 Iste
1475 4707 1572 4777 qui
1616 4706 1674 4761 in
1713 4724 1966 4778 praesen-

267 4791 343 4845 tia
358 4790 518 4846 vobis
547 4789 826 4860 loquitur,
851 4791 1195 4862 habetquod
1222 4810 1335 4848 non
1349 4794 1628 4864 deseruit,
1652 4796 1748 4850 sed
1772 4800 1965 4852 tamen

263 4881 421 4936 venit
453 4895 597 4936 :non
617 4881 771 4935 enim
785 4881 1067 4935 veniendo
1092 4882 1225 4937 inde
1240 4883 1645 4949 discessit,aut
1671 4883 1964 4942 redeundo

266 4988 369 5025 uos
397 4968 726 5041 dereliquit.
761 4968 909 5033 Quid
943 4969 1237 5025 miramini
1259 4970 1458 5026 ?Deus
1489 4977 1593 5027 est.
1625 4973 1748 5028 Non
1770 4977 1963 5044 potest

266 5066 370 5121 hoc
402 5061 525 5119 fieri
546 5062 620 5118 ab
643 5060 904 5129 homine;
939 5077 1053 5116 non
1086 5065 1270 5131 potest
1294 5061 1400 5117 hoc
1428 5062 1550 5118 ﬁeri
1577 5063 1647 5119 ab
1680 5065 1802 5136 ipso
1823 5065 1963 5122 sole.

264 5153 506 5218 Quando
536 5151 722 5224 pergit
751 5151 822 5206 ad
863 5149 1236 5218 occidentem,
1298 5152 1504 5207 deserit
1553 5152 1856 5222 orientem,
1905 5159 1962 5211 et

264 5245 446 5296 donec
463 5242 722 5298 oriturus
736 5243 924 5297 redeat
949 5241 1019 5295 ad
1043 5241 1346 5308 orientem,
1374 5258 1484 5296 non
1507 5245 1596 5298 est
1620 5242 1674 5297 in
1699 5243 1918 5300 oriente
1940 5261 1954 5302 :

263 5331 546 5384 Dominus
573 5336 766 5385 autem
803 5334 996 5387 noster
1023 5331 1192 5388 Jesus
1225 5331 1489 5388 Christus
1518 5335 1572 5387 et
1602 5332 1775 5400 venit,
1802 5337 1858 5388 et
1881 5334 1960 5389 ibi

264 5425 392 5484 est;
424 5424 479 5474 et
509 5421 676 5488 redit,
716 5429 768 5476 et
814 5422 902 5476 hic
933 5427 1038 5478 est.
1074 5423 1220 5478 Audi
1283 5425 1474 5495 ipsum
1532 5423 1958 5497 Evangelistam

263 5507 377 5563 alio
401 5507 524 5560 loco
553 5507 858 5574 dicentem,
890 5515 946 5566 et
975 5511 1022 5566 si
1070 5517 1250 5582 potes,
1303 5529 1480 5586 cape;
1512 5514 1556 5570 si
1607 5531 1716 5571 non
1773 5521 1960 5586 potes,

263 5599 693 5665 credo:Deum,
730 5598 937 5670 inquit,
979 5617 1136 5659 nemo
1183 5601 1321 5659 vidit
1371 5621 1631 5676 unquam,
1678 5607 1785 5662 nisi
1833 5622 1958 5662 um-

1227 289 1298 350 ΙΝ
1346 287 1671 349 JOANNIS
1716 281 2248 353 EVANGELIUM,
2298 283 2363 340 S.
2412 280 2835 342 AUGUSTINI

3645 280 3802 337 1660

2083 415 2301 485 genitus
2351 415 2548 482 Filius,
2581 417 2676 484 qui
2705 421 2785 469 est
2845 417 2905 468 in
2964 411 3094 468 sinu
3129 412 3337 478 Patris,
3395 415 3513 483 ipse
3540 413 3796 469 enarai'it

2085 507 2266 575 (Joan.
2302 520 2344 570 ι,
2379 505 2490 574 18).
2515 503 2642 561 Non
2664 503 2831 572 dixit,
2864 501 2996 558 Fuit
3017 503 3074 557 in
3108 501 3238 558 sinu
3269 502 3666 576 Patris,quasi
3703 519 3796 558 ve-

2087 595 2297 650 niendo
2327 595 2652 650 deseruerit
2681 594 2870 650 sinum
2901 592 3112 649 Patris.
3157 593 3260 648 Hic
3312 593 3678 664 loquebatur,
3733 604 3790 649 et

2086 682 2165 737 ibi
2195 699 2259 737 se
2291 698 2416 738 esse
2445 683 2714 738 dicebat:
2751 682 2850 753 qui
2899 689 2956 736 et
3013 681 3151 736 hinc
3202 681 3594 750 discessurus,
3656 685 3792 755 quid

2083 773 2224 827 dixit
2254 770 2280 825 ?
2311 773 2445 826 Ecce
2470 788 2564 840 ego
2594 771 2868 826 vobiscum
2888 787 3009 825 sum
3054 786 3224 840 usque
3253 770 3326 826 ad
3361 773 3790 828 consummatio-

2085 877 2210 917 nem
2239 863 2426 917 saeculi
2457 860 2664 931 (Matth.
2691 877 2896 928 xxvnr,
2925 861 3039 930 '20).

2157 957 2207 1007 6.
2242 954 2390 1023 Ergo
2421 967 2620 1007 verum
2668 956 2757 1007 est
2797 949 3200 1006 testimonium
3241 949 3507 1018 luminis,
3571 953 3688 1008 sive
3732 969 3795 1008 se

2083 1042 2368 1106 ostendat,
2391 1042 2511 1097 sive
2537 1041 2684 1107 alia;
2709 1040 2844 1112 quia
2865 1040 2990 1096 sine
3012 1037 3235 1094 lumine
3266 1057 3379 1096 non
3409 1045 3572 1111 potes
3603 1042 3794 1097 videre

2084 1131 2306 1198 lumen,
2326 1130 2751 1186 etsinelumine
2775 1146 2887 1184 non
2904 1134 3062 1198 potes
3093 1129 3288 1184 videre
3311 1129 3608 1200 quodlibet
3633 1130 3793 1185 aliud

2084 1222 2235 1291 quod
2264 1238 2376 1276 non
2401 1225 2487 1275 est
2507 1219 2803 1276 lumen.Si
2828 1219 3101 1274 idoneum
3117 1223 3207 1274 est
3235 1219 3429 1274 lumen
3456 1221 3526 1275 ad
3549 1222 3792 1276 demon-

2083 1310 2322 1364 stranda
2353 1325 2418 1364 ea
2450 1325 2574 1380 quas
2607 1325 2721 1364 non
2743 1313 2880 1362 sunt
2911 1307 3156 1375 lumina,
3180 1308 3468 1377 numquid
3502 1307 3560 1363 in
3594 1325 3654 1363 se
3687 1314 3789 1363 de-

2083 1399 2206 1454 ﬁcit
2234 1398 2261 1454 ?
2293 1398 2578 1469 numquid
2606 1413 2669 1454 se
2702 1413 2818 1453 non
2848 1397 3054 1467 aperit,
3087 1398 3213 1453 sine
3263 1411 3378 1468 quo
3435 1396 3546 1452 alia
3593 1405 3789 1468 patere

2083 1504 2196 1545 non
2233 1487 2522 1558 possunt?
2549 1487 2802 1543 Locutus
2831 1491 2918 1542 est
2948 1485 3236 1557 Propheta
3256 1502 3490 1554 verum;
3517 1488 3617 1542 sed
3640 1488 3793 1542 unde

2083 1576 2342 1641 haberet,
2374 1574 2487 1631 nisi
2517 1575 2587 1630 de
2612 1575 2768 1629 fonte
2797 1573 3057 1630 veritatis
3089 1573 3395 1630 hauriret?
3419 1575 3672 1630 Locutus
3703 1581 3795 1630 est

2079 1666 2329 1720 Joannes
2364 1679 2562 1719 verum
2597 1681 2610 1728 ;
2643 1664 2742 1720 sed
2779 1663 2929 1718 unde
2961 1662 3189 1717 locutus
3221 1669 3331 1730 est,
3363 1662 3561 1734 ipsum
3610 1663 3790 1718 inter-

2082 1768 2220 1824 roga
2242 1769 2255 1806 :
2289 1750 2390 1806 Nos
2411 1767 2619 1816 omnes,
2647 1749 2856 1820 inquit,
2879 1749 2942 1805 de
2961 1748 3304 1819 plenitudine
3315 1751 3436 1816 eius
3458 1753 3784 1820 accepimus.

2083 1842 2228 1912 Ergo
2258 1840 2503 1896 idoneus
2533 1845 2623 1896 est
2653 1840 2936 1895 Dominus
2970 1846 3163 1895 noster
3196 1843 3362 1897 Jesus
3393 1840 3654 1896 Christus
3686 1857 3780 1908 qui

2081 1930 2192 1985 sibi
2226 1929 2528 2002 perhibeat
2561 1927 2974 1984 testimonium.
2999 1927 3106 1983 Sed
3129 1927 3323 1999 plane,
3343 1928 3550 1983 fratres
3575 1928 3708 1993 mei,
3732 1929 3790 1982 iu

2081 2024 2252 2076 nocte
2272 2019 2449 2089 hujus
2473 2018 2672 2074 saeculi
2697 2017 3008 2074 audiamus
3039 2021 3098 2073 et
3127 2016 3492 2088 prephetiam
3531 2018 3786 2072 intente:

2082 2109 2254 2164 modo
2283 2108 2438 2162 enim
2486 2108 2558 2162 ad
2618 2106 2994 2178 fragilitatem
3046 2111 3306 2162 nostram
3357 2111 3792 2178 nocturnasque

2080 2197 2267 2252 cordis
2299 2196 2479 2254 nostri
2511 2195 2745 2252 intimas
2774 2195 3046 2252 tenebras
3064 2194 3319 2267 ,humilis
3359 2194 3545 2251 voluit
3592 2196 3792 2252 venire

2079 2287 2361 2343 Dominus
2393 2291 2607 2342 noster.
2643 2286 2817 2342 Homo
2850 2285 3004 2340 venit
3031 2285 3492 2342 contemnendus
3513 2290 3570 2341 et
3602 2285 3786 2342 hono-

2079 2377 2486 2444 randus,venit
2507 2377 2807 2446 negandus
2828 2383 2881 2432 et
2901 2375 3295 2443 conﬁtendus;
3321 2378 3780 2432 contemnendus

2077 2472 2132 2522 et
2163 2466 2466 2537 negandus
2495 2483 2530 2522 a
2556 2467 2792 2533 Iudaeis,
2825 2464 3200 2522 honorandus
3228 2471 3283 2520 et
3329 2465 3696 2520 conﬁtendus
3748 2483 3781 2520 ει

2079 2555 2246 2612 nobis
2271 2555 2660 2626 :judicandus
2682 2555 3120 2627 etjudicaturus
3136 2572 3150 2622 ;
3168 2554 3524 2626 judicandus
3541 2553 3778 2624 injuste,

2069 2643 2796 2716 judicaturusjuste.'l‘alis
2811 2659 2949 2716 ergo
2968 2645 3138 2712 venit,
3158 2648 3217 2699 ut
3235 2645 3592 2716 oporteretei
3608 2643 3779 2700 lucer-

2079 2751 2213 2789 nam
2238 2733 2637 2789 testimonium
2676 2733 3166 2806 perhibere.|Nam
3200 2734 3338 2806 quid
3371 2750 3516 2804 opus
3555 2739 3678 2790 erat
3719 2740 3781 2788 ut

2073 2823 2616 2895 Joannestanquam
2631 2823 2858 2880 lucerna
2874 2825 3199 2896 perhiberet
3215 2824 3619 2880 testimonium
3637 2824 3728 2877 die
3741 2825 3777 2885 i.

2075 2930 2139 2969 se
2159 2915 2283 2969 dies
2316 2914 2436 2985 ipse
2467 2913 2537 2968 ab
2571 2913 2906 2969 inﬁrmitate
2937 2917 3138 2969 nostra
3169 2917 3365 2984 posset
3392 2912 3571 2968 videri
3601 2913 3626 2967 ?
3669 2913 3777 2968 Sed

2078 3021 2191 3060 non
2225 3009 2562 3074 poteramus
2594 3020 2606 3058 :
2641 3003 2912 3060 inﬁrmus
2947 3005 3132 3059 factus
3151 3012 3236 3060 est
3258 3003 3531 3067 inﬁrmis,
3559 3021 3660 3075 per
3690 3004 3782 3058 iu-

2078 3095 2413 3150 ﬁrmitatem
2445 3094 2676 3150 sanavit
2704 3093 3106 3149 infirmitatem
3141 3110 3280 3165 ;per
3325 3093 3630 3149 mortalem
3653 3109 3782 3147 car-

2078 3201 2230 3253 nem,
2263 3183 2456 3240 carnis
2486 3184 2731 3240 abstulit
2761 3188 3007 3240 mortem
3044 3185 3154 3252 ;de
3183 3200 3421 3254 corpore
3458 3201 3565 3239 suo
3597 3182 3778 3254 colly-

2076 3275 2718 3332 riumfecitlumiuibus
2745 3275 3280 3346 nostris.Quiaergo
3305 3275 3586 3330 Dominus
3606 3275 3782 3341 venit,

2075 3370 2132 3422 et
2160 3366 2219 3420 in
2252 3371 2415 3421 nocte
2445 3363 2641 3421 seaculi
2672 3364 2863 3421 adhuc
2893 3379 3117 3433 sumus,
3163 3369 3392 3437 oportet
3443 3368 3506 3418 ut
3552 3368 3609 3418 et
3648 3380 3780 3434 pro-

2074 3455 2300 3526 phetiae
2331 3455 2662 3511 audiamus.

2143 3546 2198 3600 7.
2213 3544 2360 3600 Nam
2375 3544 2446 3600 de
2463 3544 2766 3615 prophetia
2778 3543 3179 3601 convincimus
3201 3544 3661 3600 contradicentes
3676 3541 3786 3598 Pa-

2071 3633 2421 3706 ganos.Quis
2441 3639 2528 3690 est
2547 3633 2826 3705 Christus,
2841 3634 2982 3690 dicit
3003 3637 3274 3705 Paganus
3291 3633 3318 3687 ?
3346 3633 3449 3690 Cui
3467 3631 3784 3704 responde-

2074 3739 2204 3778 mus
2235 3740 2248 3778 :
2284 3725 2462 3788 Quem
2495 3722 3044 3793 praenuntiaveruut
3076 3722 3392 3793 Propheta.
3419 3721 3484 3776 Et
3515 3721 3644 3776 ille:
3675 3720 3784 3784 Qui

2074 3812 2417 3884 Prophetm?
2450 3812 3031 3880 Recitamuslsaiam,
3075 3811 3392 3878 Danielem,
3444 3811 3786 3874 Jeremiam,

2074 3902 2465 3959 aliossauctos
2479 3903 2818 3973 Prophetas;
2835 3903 3088 3958 dicimus
3101 3919 3275 3973 quam
3290 3900 3459 3973 longe
3474 3898 3787 3955 auleillum

2073 3991 2356 4060 venerint,
2380 3997 2598 4064 quanto
2615 3996 2870 4063 tempore
2882 3992 3197 4046 adventum
3215 3988 3343 4059 ejus
3361 3988 3784 4060 praecesserint.

2074 4081 2194 4138 Hoc
2215 4097 2353 4153 ergo
2376 4081 2797 4153 respondemus
2825 4097 2838 4136 :
2869 4083 3275 4136 Pravenerunt
3307 4096 3438 4134 eum
3463 4077 3790 4148 Pmphetzr,

2076 4170 2753 4242 praedixerunteumesse
2767 4169 3441 4240 venturum.ltespondet
3464 4166 3678 4238 aliquis
3695 4182 3787 4221 eo-

2077 4277 2207 4316 rum
2233 4278 2246 4316 :
2279 4260 2381 4325 Qui
2404 4260 2736 4332 Prophetas?
2751 4261 2865 4317 Nos
2880 4259 3209 4324 recitamus,
3227 4258 3324 4329 qui
3343 4256 3506 4312 nobis
3527 4256 3786 4327 quotidie

2076 4350 2410 4407 recitantur.
2436 4351 2490 4404 Et
2512 4349 2607 4406 ille
2638 4367 2648 4404 :
2675 4351 2779 4416 Qui
2799 4354 2937 4406 sunt
2958 4347 3017 4404 bi
3042 4347 3379 4420 Prophetas?
3402 4345 3516 4400 Nos
3541 4362 3783 4416 respon-

2076 4438 2434 4503 demuszQui
2453 4438 2988 4510 etpradixeruntea
3004 4453 3124 4508 qua:
3142 4435 3636 4503 tieri,videuzus.Et
3661 4432 3785 4487 ille:

2076 4528 2211 4595 Vos,
2228 4525 2614 4599 inquit,vobis
2637 4527 2746 4583 ista
2767 4525 3280 4594 ﬁnxistis,vidistis
3303 4540 3370 4578 ea
3387 4523 3594 4586 ticri,et
3614 4525 3788 4593 quasi

2076 4621 2318 4674 ventura
2341 4617 2614 4689 prtedicta
2660 4621 2874 4680 essent,
2933 4615 2991 4670 in
3048 4614 3213 4670 libris
3253 4613 3466 4683 quibus
3518 4612 3788 4668 voluistis

2076 4707 2524 4778 conscripsistis.
2563 4706 2660 4761 llic
2691 4712 2892 4762 contra
2921 4704 3186 4760 inimicos
3221 4703 3485 4774 Paganos
3536 4705 3791 4757 occurrit

2077 4799 2243 4854 nobis
2265 4799 2512 4853 aliorum
2544 4797 2939 4853 testimonium
2993 4793 3387 4850 inimicorum.
3425 4791 3785 4848 Proferinius

2074 4886 2598 4944 codicesaJudasis
2617 4893 2672 4941 et
2704 4885 3160 4956 respondemus:
3215 4881 3432 4951 Nempe
3481 4885 3536 4936 et
3586 4897 3688 4934 vos
3730 4887 3784 4934 et

2077 4977 2184 5047 illi,
2217 4977 2346 5034 ﬁdei
2374 4983 2581 5034 nostra:
2613 4976 2751 5033 estis
2784 4974 3024 5030 inimici.
3076 4972 3208 5030 Ideo
3249 4972 3434 5043 sparsi
3485 4976 3624 5026 sunt
3681 4989 3783 5041 per

2076 5075 2301 5137 gentes,
2326 5066 2547 5123 utalios
2577 5083 2646 5122 ex
2675 5064 2804 5121 aliis
2835 5063 3253 5120 convincamus
3283 5060 3557 5116 inimicis.
3591 5059 3785 5116 Codex

2070 5155 2232 5212 Isaiae
2265 5158 2588 5228 proferatur
2617 5172 2651 5211 a
2679 5153 2916 5221 Judaeis,
2943 5151 3245 5206 videamus
3275 5151 3323 5204 si
3358 5166 3469 5205 non
3506 5148 3582 5201 ibi
3626 5147 3780 5218 lego,

2072 5269 2100 5300 «
2133 5247 2295 5302 Sicut
2313 5247 2436 5303 ovis
2457 5241 2967 5302 adimmolandum
2989 5241 3202 5296 ductus
3220 5246 3327 5305 est,
3351 5238 3565 5294 etsicut
3587 5252 3780 5308 agnus

2069 5352 2262 5391 coram
2299 5337 2571 5391 tondente
2603 5334 2714 5390 fuit
2761 5333 2888 5388 sine
2927 5346 3082 5400 voce,
3131 5329 3216 5387 sic
3260 5344 3376 5384 non
3433 5327 3662 5399 aperuit
3711 5343 3780 5383 os

2069 5441 2263 5481 suum.
2284 5426 2347 5480 In
2365 5419 2984 5492 humilitatejudicium
3003 5421 3131 5491 ejus
3145 5418 3442 5475 sublatum
3459 5420 3575 5482 est;
3592 5414 3778 5471 livore

2069 5515 2407 5585 ejussanati
2443 5528 2643 5569 sumus
2669 5528 2681 5566 :
2705 5523 2908 5568 omnes
2941 5513 3006 5565 ut
3036 5525 3168 5567 oves
3197 5507 3538 5570 erravimus,
3562 5509 3612 5558 et
3649 5503 3778 5575 ipse

2072 5603 2324 5661 traditus
2383 5609 2471 5660 est
2519 5599 2876 5676 propeccatis
2929 5599 3142 5658 nostris
3203 5621 3228 5647 »
3263 5598 3415 5669 (Imi.
3471 5610 3588 5664 LIII,
3620 5592 3773 5664 5-8).
