4146 6186
280 287 430 350 1661

269 424 417 481 Ecce
444 424 682 480 lucerna
730 444 861 482 una.
901 427 1024 483 Alia
1074 430 1413 498 proferatur,
1456 430 1733 486 Psalmus
1763 430 1980 501 aperia-

270 523 388 582 tur,
414 516 586 569 etiam
623 516 758 570 inde
784 517 1042 586 praedicta
1069 520 1263 590 passio
1281 520 1490 576 Christi
1521 520 1805 575 recitetur.
1832 543 1858 571 ‹‹
1885 521 1985 576 Fo-

272 607 486 660 derunt
523 624 732 661 manus
765 623 923 663 meas
952 613 1006 662 et
1040 611 1213 680 pedes
1250 626 1429 675 meos,
1464 610 1985 666 dinumeraverunt

274 696 468 750 omnia
500 712 638 750 ossa
673 713 793 750 mea
830 714 842 751 :
876 697 983 765 ipsi
1035 714 1166 753 vero
1199 699 1710 755 consideraverunt
1759 708 1812 754 et
1841 715 1982 753 cou-

273 787 589 853 spexerunt
640 800 751 850 me,
801 785 1119 841 diviserunt
1169 785 1277 840 sibi
1334 788 1675 842 vestimenta
1727 802 1868 852 mea,
1928 792 1984 841 et

274 890 446 945 super
476 874 892 929 vestimentum
920 892 1109 930 meum
1147 876 1427 931 miserunt
1460 880 1695 931 sortem.
1732 878 1891 946 Apud
1928 882 1983 931 te

274 962 401 1017 laus
436 979 589 1029 mea;
615 964 671 1018 in
708 964 959 1020 Ecclesia
992 981 1191 1033 magna
1221 966 1539 1020 confitebor
1568 965 1696 1019 tibi.
1722 966 1981 1020 Comme-

278 1052 667 1105 morabuntur
697 1055 752 1105 et
790 1057 1200 1107 convertentur
1243 1054 1312 1107 ad
1366 1053 1677 1107 Dominum
1730 1050 1981 1106 universi

277 1140 421 1195 ﬁnes
446 1145 609 1196 terrae
634 1160 647 1207 ;
672 1146 729 1194 et
762 1142 1090 1196 adorabunt
1115 1145 1171 1196 in
1200 1149 1509 1213 conspectu
1544 1142 1672 1211 ejus
1704 1141 1980 1195 universa:

278 1232 479 1300 patrias
512 1233 769 1303 gentium
797 1250 809 1297 ;
837 1233 972 1304 quia
1001 1233 1222 1287 Domini
1257 1238 1345 1287 est
1379 1248 1639 1301 regnum,
1664 1242 1716 1287 et
1739 1233 1862 1303 ipse
1883 1232 1981 1286 do-

274 1319 599 1373 minabitur
660 1322 922 1390 gentium
960 1342 985 1365 η
1022 1321 1194 1388 (Psol.
1238 1337 1348 1386 XXI,
1388 1319 1599 1389 17—29).
1663 1319 1980 1373 Erubescat

275 1424 429 1461 unus
461 1407 911 1479 inimicus,quia
944 1410 1195 1463 codicem
1226 1409 1366 1464 mihi
1392 1410 1681 1463 ministrat
1703 1408 1978 1462 aliusini-

274 1497 609 1566 micusQSed
643 1512 771 1551 ecce
805 1499 873 1553 de
904 1498 1199 1553 codicibus
1238 1498 1472 1569 prolatis
1503 1498 1574 1552 ab
1606 1516 1721 1552 uno
1743 1496 1981 1553 inimico

272 1585 520 1639 altorum
556 1586 701 1640 vici:
736 1595 785 1641 et
820 1586 941 1654 ipse
980 1587 1075 1659 qui
1112 1586 1253 1640 mihi
1285 1588 1537 1641 codicem
1573 1586 1831 1657 prolulit,
1866 1602 1979 1640 non

271 1674 667 1745 relinquatur;
692 1676 763 1729 ab
793 1675 893 1729 illo
926 1676 1270 1745 proferatur,
1295 1677 1449 1731 unde
1470 1687 1527 1731 et
1546 1676 1671 1747 ipse
1694 1676 1975 1730 vincatur.

275 1766 421 1836 Lego
455 1764 629 1818 alium
668 1765 1028 1836 prophetam,
1052 1770 1108 1818 et
1138 1764 1367 1821 invenio
1397 1765 1707 1821 Dominum
1742 1765 1981 1834 loquen—

272 1860 384 1908 tem
422 1855 493 1909 ad
526 1854 801 1909 Judaeos:
838 1855 952 1910 Non
982 1862 1060 1909 est
1098 1855 1237 1910 mihi
1267 1856 1517 1909 voluntas
1548 1857 1602 1909 in
1638 1856 1811 1919 vobis,
1843 1855 1982 1910 dicit

275 1946 564 2009 Dominus,
587 1961 682 1997 net‘
702 1946 973 2016 accipiam
995 1946 1333 1999 sacri/icium
1358 1948 1372 1980 ¹
1393 1948 1461 2000 de
1481 1945 1733 1999 manibus
1758 1946 1989 2005 vestris;

272 2035 539 2103 quoniam
569 2032 639 2086 ob
679 2041 810 2086 ortu
856 2032 985 2086 solis
1017 2048 1188 2104 usque
1229 2033 1303 2087 ad
1351 2049 1623 2097 occasum,
1656 2032 1995 2101 sacriﬁcium

272 2123 547 2177 mundum
579 2123 801 2191 oﬂertur
822 2121 1035 2176 nomini
1066 2122 1451 2192 meo(Malacb.
1479 2139 1517 2184 ι,
1544 2122 1611 2175 10
1628 2129 1679 2176 et
1710 2121 1817 2188 11).
1864 2121 1989 2177 Non

272 2212 460 2273 venis,
494 2211 717 2278 Judme,
751 2212 819 2265 ad
855 2211 1198 2266 sacrificium
1236 2211 1557 2278 mundum;
1607 2210 1896 2267 convinco
1929 2216 1986 2265 te

272 2299 682 2355 immundum.

346 2393 400 2445 8.
437 2392 581 2446 Ecce
646 2394 700 2444 et
756 2390 1005 2446 lucernae
1056 2391 1359 2463 perhibent
1418 2390 1815 2446 testimonium
1874 2388 1988 2444 diei

276 2486 516 2552 propter
570 2481 971 2534 infirmitatem
1010 2484 1289 2547 nostram,
1320 2482 1457 2551 quia
1513 2481 1624 2535 diei
1666 2478 1985 2535 claritatem

274 2568 525 2625 tolerare
558 2574 615 2623 et
662 2569 856 2623 videre
889 2586 1001 2623 non
1063 2585 1397 2640 possumus.
1437 2569 1583 2624 Nam
1617 2574 1672 2621 et
1708 2585 1812 2624 nos
1875 2568 1986 2637 ipsi

274 2658 590 2713 Christiani
619 2660 673 2713 in
693 2658 1125 2727 comparatione
1147 2658 1383 2730 quidem
1402 2658 1722 2713 inﬁdelium
1752 2658 1987 2727 luxjam

280 2765 490 2803 sumus
524 2765 539 2814 ;
566 2748 719 2802 unde
750 2748 885 2802 dicit
915 2748 1247 2817 Apostolus,
1281 2750 1477 2802 Fuistis
1507 2750 1655 2802 enim
1693 2748 1989 2817 aliquando

276 2839 560 2901 tenebrae;
592 2854 739 2891 nunc
774 2842 958 2892 autem
989 2838 1092 2892 tua:
1140 2841 1197 2891 in
1231 2839 1476 2901 Domino,
1516 2838 1656 2892 sicut
1703 2838 1806 2906 ﬁlii
1852 2838 1989 2892 lucis

276 2928 559 2983 ambulate
590 2928 809 2997 (Ephes.
849 2944 903 2993 v,
937 2926 1032 2997 8):
1085 2932 1141 2980 et
1172 2926 1307 2981 alibi
1342 2926 1505 2994 dixit,
1544 2929 1661 2982 Nox
1689 2930 1987 2995 praecessit,

278 3019 394 3073 dies
423 3021 608 3071 autem
646 3017 1112 3087 appropinquavit
1132 3033 1152 3077 .·
1181 3016 1505 3087 abjiciamus
1534 3032 1630 3085 ego
1658 3031 1822 3085 Opera
1851 3020 1993 3071 tene-

282 3110 533 3173 brarum,
555 3113 607 3161 et
630 3106 922 3161 induamus
942 3120 1040 3161 nas
1052 3122 1209 3160 arma
1233 3106 1406 3165 lucis;
1426 3106 1569 3160 sicut
1589 3105 1649 3159 in
1666 3106 1752 3159 die
1773 3105 1993 3160 honeste

282 3197 629 3251 anibulemus
670 3196 846 3263 (Rom.
880 3211 1005 3262 xm,
1044 3195 1128 3259 12,
1185 3196 1291 3266 13).
1326 3196 1544 3250 Tamen
1578 3194 1715 3265 quia
1741 3193 1797 3247 in
1844 3210 1994 3248 com-

287 3288 586 3355 paratione
620 3284 782 3339 illius
811 3283 959 3339 lucis
988 3285 1057 3338 ad
1093 3300 1263 3354 quam
1297 3283 1770 3345 venturisumus,
1802 3284 1994 3337 adhuc

286 3392 395 3430 nox
426 3379 517 3429 est
549 3375 725 3429 etiam
748 3374 869 3429 dies
898 3373 956 3429 in
977 3389 1090 3445 quo
1115 3390 1346 3439 sumus,
1370 3374 1500 3429 audi
1522 3374 1750 3430 Petrum
1777 3378 1997 3442 aposto-

284 3465 433 3519 lum:
460 3465 718 3520 delatam
748 3464 881 3518 dicit
906 3464 1149 3519 Domino
1179 3464 1409 3520 Christo
1442 3479 1638 3518 vocem
1664 3466 1733 3517 de
1767 3463 1998 3533 magni-

288 3557 394 3611 fica
426 3559 729 3625 potestate,
764 3556 835 3608 Tu
865 3570 917 3610 es
947 3554 1115 3609 Filius
1162 3570 1313 3609 meus
1343 3555 1596 3618 dilectus,
1628 3556 1686 3607 in
1716 3569 1821 3624 quo
1869 3554 1998 3610 bene

285 3650 444 3703 sensi.
479 3649 632 3701 Hanc
662 3662 860 3713 vocem,
892 3645 1103 3716 inquit,
1126 3662 1223 3701 uos
1252 3646 1316 3700 de
1344 3646 1476 3701 caelo
1504 3645 1815 3700 audivimus
1840 3645 1998 3699 dela-

286 3743 421 3804 tam,
450 3752 577 3792 cum
607 3751 844 3791 essemus
874 3751 996 3790 cum
1034 3736 1130 3791 illo
1163 3739 1216 3789 in
1250 3742 1434 3789 monte
1463 3743 1665 3789 sancto.
1701 3735 1809 3790 Sed
1862 3735 2000 3803 quia

292 3845 389 3882 nos
426 3844 544 3882 non
569 3825 646 3880 ibi
684 3826 924 3893 fuimus,
948 3834 999 3881 et
1021 3826 1191 3880 istam
1220 3841 1415 3880 vocem
1451 3826 1519 3878 de
1548 3824 1691 3879 ccelo
1724 3828 1861 3876 tunc
1885 3840 1996 3877 non

292 3917 624 3971 audivimus
659 3933 672 3979 ;
706 3916 788 3968 ait
820 3915 893 3969 ad
924 3931 1029 3971 nos
1060 3915 1184 3985 ipse
1230 3916 1451 3979 Petrus,
1488 3915 1549 3967 Et
1590 3915 1853 3968 habemus
1882 3928 1999 3966 cer-

291 4008 501 4061 tinnem
533 4005 911 4075 propheticum
944 4020 1261 4060 sermonem.
1296 4005 1422 4060 Non
1447 4003 1690 4058 audistis
1714 4019 1904 4058 vocem
1931 4003 2001 4056 de

287 4094 728 4161 oculodelatam,
748 4096 846 4149 sed
873 4094 1173 4149 certiorem
1216 4094 1441 4149 habetis
1466 4092 1868 4163 propheticum
1896 4108 2001 4144 sere

291 4203 541 4245 mortem~
597 4185 927 4240 Praevidens
973 4185 1127 4239 enim
1189 4183 1466 4238 Dominus
1522 4184 1687 4236 Jesus
1736 4181 2004 4235 Christus

289 4277 499 4349 impios
520 4275 809 4347 quosdam
838 4273 1195 4343 tuturos,qui
1218 4272 1516 4327 miraculis
1539 4273 1666 4339 ejus
1686 4270 2006 4324 calumnia-

286 4372 513 4427 rentur,
549 4361 792 4427 magicis
816 4362 1046 4417 artibus
1077 4378 1143 4416 ea
1174 4362 1497 4425 tribuendo,
1534 4361 1847 4429 Prophetas
1873 4358 2007 4412 nnt°

291 4454 592 4525 praemisit.
628 4451 924 4522 Numquid
960 4451 1134 4519 enim,
1168 4452 1213 4506 si
1266 4466 1469 4521 magus
1502 4458 1622 4505 erat
1674 4454 1729 4502 et
1762 4447 2007 4517 magicis

290 4546 520 4600 artibus
554 4542 690 4596 fecit
735 4546 798 4595 ut
856 4540 1142 4596 coleretur
1187 4545 1244 4595 et
1290 4546 1569 4605 mortuus,
1627 4555 1836 4605 magus
1886 4542 2008 4591 erat

307 4640 624 4703 antequam
657 4634 830 4686 natus
850 4630 877 4683 ‘?
901 4630 1211 4700 Prophetas
1234 4630 1389 4697 audi,
1409 4646 1441 4683 ο
1473 4629 1647 4684 homo
1680 4632 1926 4689 mortue,
1950 4630 2008 4680 et

292 4720 709 4779 cermescendo
728 4718 1103 4783 calumniosc,
1132 4719 1444 4789 Prophetas
1476 4718 1638 4773 audi:
1666 4717 1847 4785 legos,
1869 4715 2005 4771 audi

293 4812 554 4884 quiante
607 4810 921 4863 Dominum
974 4812 1272 4863 venerunt.
1309 4807 1597 4870 Habemus,
1635 4806 1819 4873 inquit
1868 4822 2008 4876 apo-

293 4900 481 4956 stolus
516 4903 742 4963 Petrus,
774 4897 1070 4952 cei-tionem
1120 4895 1499 4965 propheticum
1547 4910 1870 4953 sermonem,
1920 4894 2008 4949 cui

292 4992 427 5047 bene
456 4990 652 5057 facitis
685 4991 1057 5050 attendentes,
1093 4986 1234 5040 sicut
1263 4986 1499 5041 lucerna:
1532 4984 1593 5038 iu
1618 4984 1843 5038 obscuro
1867 4984 2005 5050 loco,

292 5082 467 5135 donec
495 5080 611 5134 dies
634 5080 948 5142 lucescat,et
977 5077 1184 5146 luci/er
1210 5080 1420 5132 oriatur
1453 5078 1510 5131 in
1541 5076 1792 5131 rentibus
1813 5073 2008 5130 vestris

290 5174 336 5242 (l
360 5174 513 5227 Petr.
549 5188 589 5235 ι,
625 5168 845 5239 17-19).

356 5262 412 5317 9.
445 5261 695 5327 Quando
734 5274 872 5330 ergo
923 5258 1209 5314 Dominus
1260 5265 1453 5312 noster
1512 5258 1681 5312 Jesus
1732 5255 2004 5312 Christus

285 5352 528 5416 venerit,
560 5355 639 5416 et,
665 5349 820 5405 sicut
849 5349 986 5406 dicit
1007 5349 1182 5404 etiam
1217 5347 1516 5419 apostolus
1542 5345 2005 5411 Paulus,illumi-

286 5441 506 5498 noverit
539 5438 769 5493 occulta
802 5439 1270 5501 tenebrarum,et
1298 5436 1755 5492 manifestaverit
1786 5436 2011 5499 cogito-

284 5536 468 5587 tiones
493 5530 711 5594 cordis,
736 5532 795 5581 ut
820 5528 944 5583 laus
964 5528 1037 5583 sit
1061 5526 1377 5596 unicuique
1412 5545 1442 5580 a
1471 5529 1578 5581 lien
1604 5528 1641 5583 tl
1668 5528 1788 5581 Cor.
1814 5542 1892 5594 Iv,
1914 5528 2005 5592 5):

355 5662 367 5694 ¹
403 5657 595 5721 Magno
630 5666 899 5705 consensu
932 5654 1076 5709 Mss.,
1109 5651 1392 5715 sacriﬁcio.

1384 293 1856 354 TRACTATUS
1898 294 2167 356 XXXVI.
2217 292 2467 354 CAPUT
2518 290 2671 353 Vlll.

3638 286 3793 349 1663

2096 435 2236 487 tunc
2270 438 2543 501 praesente
2574 429 2675 485 tali
2696 430 2788 485 die
2810 428 3053 483 lucerna;
3089 443 3202 482 non
3225 432 3392 481 erunt
3415 425 3789 482 necessaries:

2097 538 2209 574 non
2242 519 2467 590 legetur
2489 520 2653 577 nobis
2676 518 2979 589 Propheta,
3005 534 3119 572 non
3141 516 3427 585 aperietur
3446 516 3624 571 codex
3644 516 3787 586 Apo-

2098 612 2255 676 stoli,
2288 629 2397 667 non
2426 612 2792 681 requiremus
2816 610 3211 665 testimonium
3236 607 3499 673 Joannis,
3526 623 3637 661 non
3672 606 3794 676 ipso

2097 700 2487 771 indigebimus
2538 698 2868 770 Evangelia.
2911 698 3052 767 Ergo
3100 712 3304 751 omnes
3350 695 3654 764 Scriptura
3686 693 3792 747 tol-

2097 788 2289 844 lentur
2330 791 2399 844 de
2450 790 2658 856 medio,
2692 804 2816 859 quae
2849 785 3106 841 nobisin
3167 785 3344 856 hujus
3392 782 3585 840 saeculi
3636 789 3800 837 nocte

2096 884 2373 948 tanquam
2407 877 2650 933 lucernae
2692 876 3186 941 accendebantnr,
3220 890 3291 928 ne
3322 874 3378 927 in
3414 871 3672 927 tenebris
3704 885 3793 925 re-

2100 984 2463 1024 maneremus
2496 986 2509 1023 :
2544 969 2668 1023 istis
2714 967 2985 1023 omnibus
3017 965 3285 1033 sublatis,
3320 981 3389 1019 ne
3428 962 3593 1035 quasi
3629 961 3796 1017 nobis

2096 1058 2325 1112 luceant
2346 1056 2766 1127 indigentibus,
2790 1063 2845 1110 et
2867 1055 3010 1124 ipsis
3032 1052 3369 1109 hominibus
3395 1054 3512 1115 Dei,
3529 1067 3630 1121 per
3650 1064 3797 1121 quos

2099 1146 2218 1199 haec
2270 1147 2593 1201 ministrata
2625 1150 2777 1212 sunt,
2811 1144 3113 1199 nobiscum
3170 1142 3367 1197 lumen
3400 1141 3545 1197 illud
3597 1156 3791 1194 verum

2097 1236 2440 1305 clarumque
2473 1236 2820 1301 videntibus,
2874 1232 3111 1287 remotis
3140 1247 3275 1300 ergo
3319 1230 3408 1285 his
3439 1230 3797 1300 adiumentis

2098 1323 2235 1394 quid
2270 1322 2642 1378 videbimus?
2675 1323 2825 1376 unde
2858 1326 3127 1391 pascatur
3158 1335 3320 1375 meas
3353 1322 3550 1372 nostra
3576 1319 3605 1372 ?
3636 1316 3791 1371 unde

2096 1415 2333 1467 obtutus
2363 1412 2457 1467 ille
2492 1412 2825 1466 laetabitur?
2854 1410 3007 1465 unde
3028 1409 3137 1464 erit
3168 1407 3305 1462 illud
3331 1407 3610 1478 gaudium
3644 1406 3794 1476 quod

2098 1520 2202 1558 nec
2232 1503 2437 1560 oculus
2457 1502 2618 1569 vidit,
2642 1518 2745 1556 nec
2766 1501 2923 1556 auris
2943 1499 3181 1564 audivit,
3208 1515 3309 1553 nec
3329 1498 3388 1552 in
3409 1513 3508 1553 eor
3537 1496 3792 1552 hominis

2097 1593 2353 1649 ascendit
2369 1594 2412 1663 (Ι
2429 1589 2857 1661 Cor.u,9)?quid
2879 1587 3793 1653 videbimus?0bsecrovos,ama-

2099 1688 2151 1739 te
2168 1699 2414 1748 mecum,
2430 1681 2642 1737 currite
2658 1678 2945 1735 credendo
2960 1693 3210 1732 mecum:
3228 1676 3468 1748 patriam
3487 1689 3797 1745 supernam

2097 1774 2513 1836 desideremus,
2530 1786 2791 1839 superna:
2816 1768 3016 1838 patriis
3052 1767 3341 1837 suspirem
3354 1764 3798 1835 us,peregrinos

2098 1880 2203 1918 nos
2233 1877 2361 1916 esse
2394 1860 2485 1915 hic
2507 1860 2853 1914 sentiamus.
2891 1857 3037 1924 Quid
3074 1861 3211 1911 tunc
3243 1853 3615 1910 videbimus?
3636 1854 3801 1909 Dicat

2099 1968 2253 2008 nunc
2284 1948 2652 2012 Evangelium
2690 1966 2702 2002 :
2736 1950 2797 2002 In
2828 1948 3103 2017 principio
3132 1952 3255 2000 erat
3292 1945 3543 2010 Verbum,
3580 1946 3633 1998 et
3670 1944 3798 1997 Ver-

2100 2043 2227 2096 bum
2254 2047 2376 2095 erat
2403 2038 2547 2110 apud
2573 2042 2763 2101 Deum,
2785 2041 2834 2091 et
2868 2037 3002 2092 Deus
3032 2040 3149 2091 erat
3176 2034 3415 2090 Verbum
3436 2033 3621 2100 (Joan.
3657 2050 3699 2097 ι,
3727 2033 3799 2098 1).

2097 2132 2257 2187 Unde
2287 2131 2392 2186 tibi
2426 2146 2519 2185 ros
2550 2130 2851 2199 inspersus
2872 2132 2977 2192 est,
3010 2126 3082 2181 ad
3122 2126 3341 2181 fontem
3374 2124 3568 2181 venies
3602 2142 3613 2178 :
3648 2124 3799 2177 unde

2095 2222 2292 2276 radius
2316 2236 2411 2290 per
2433 2220 2669 2289 obliqua
2696 2222 2753 2273 et
2786 2234 2884 2288 per
2904 2217 3280 2270 anfractuosa
3302 2213 3405 2268 tibi
3427 2213 3495 2268 ad
3526 2228 3624 2268 cor
3646 2215 3801 2267 tene-

2099 2312 2332 2365 brosum
2368 2308 2585 2363 missus
2614 2313 2721 2373 est,
2754 2306 2970 2360 nudam
3006 2305 3191 2374 ipsam
3217 2304 3400 2358 lucem
3422 2300 3665 2366 videbis,
3700 2300 3797 2355 cui

2097 2398 2354 2453 videndae
2387 2396 2747 2466 ferendaque
2776 2391 3099 2448 mandaris.
3133 2390 3513 2453 Ditectissimi,
3546 2388 3702 2459 quod
3739 2390 3799 2442 et

2099 2490 2364 2544 hesterno
2396 2483 2865 2548 commemoravi,
2914 2481 3166 2537 Joannes
3200 2482 3323 2549 ipse
3361 2478 3520 2543 dicit,
3553 2477 3660 2546 ﬁlii
3696 2479 3794 2530 Dei

2094 2595 2303 2645 sumus,
2332 2584 2386 2633 et
2416 2576 2657 2632 nondum
2701 2576 2955 2643 apparuit
2985 2570 3113 2641 quid
3149 2573 3354 2625 erimus
3384 2586 3402 2623 :
3431 2569 3638 2622 scimus
3667 2570 3799 2638 quia

2095 2684 2219 2723 cum
2249 2668 2594 2737 apparuerit,
2624 2663 2835 2718 similes
2862 2662 2915 2715 ei
2944 2662 3171 2725 erimus,
3202 2660 3464 2731 quoniam
3492 2656 3799 2712 videbimus

2095 2775 2221 2814 eum
2258 2756 2421 2812 sicuti
2449 2764 2529 2811 est
2560 2756 2603 2827 (l
2634 2755 2786 2809 toan.
2822 2768 2908 2820 ιιι,
2939 2752 3017 2823 2).
3075 2749 3271 2805 Sentio
3302 2752 3526 2803 vestros
3558 2747 3798 2800 affectus

2098 2846 2287 2904 attolli
2321 2863 2546 2901 mecum
2574 2845 2632 2898 in
2666 2857 2947 2913 superna:
2982 2841 3082 2896 sed
3113 2854 3327 2909 corpus
3358 2837 3511 2908 quod
3545 2851 3797 2891 corrum-

2101 2939 2275 3009 pitur,
2308 2938 2582 3006 aggravat
2611 2934 2863 2989 animam
2889 2946 2903 2997 ;
2927 2935 2985 2985 et
3012 2928 3287 3000 deprimit
3309 2934 3533 2982 terrena
3562 2924 3800 2979 inhabi-

2098 3027 2238 3081 tatio
2269 3042 2507 3081 sensum
2542 3023 2725 3077 multa
2755 3021 3101 3088 cogitantem
3133 3018 3285 3088 (Sap.
3315 3034 3393 3078 ix,
3434 3016 3533 3085 15).
3560 3011 3797 3083 Deposi-

2100 3121 2271 3170 turus
2303 3130 2432 3168 sum
2465 3118 2521 3167 et
2550 3127 2657 3182 ego
2691 3109 2949 3164 codicem
2991 3108 3191 3170 istum,
3222 3104 3539 3159 discessuri
3572 3102 3713 3157 estis
3739 3105 3802 3156 et

2100 3222 2202 3259 vos
2229 3205 2477 3276 quisque
2495 3203 2564 3256 ad
2592 3218 2717 3256 sua.
2746 3200 2894 3254 Bene
2914 3197 3081 3252 nobis
3116 3194 3303 3249 fuitin
3327 3194 3454 3248 luce
3476 3192 3802 3253 communi,

2104 3295 2247 3348 bene
2275 3290 2454 3363 gavisi
2513 3304 2734 3348 sumus,
2770 3286 2914 3339 bene
2945 3280 3398 3336 exsultavimus:
3434 3280 3533 3332 sed
3566 3293 3695 3333 cum
3727 3277 3797 3331 ab

2103 3382 2351 3439 invicem
2386 3379 2735 3442 recedimus,
2767 3376 2837 3430 ab
2869 3374 2966 3427 illo
3001 3389 3113 3427 non
3145 3370 3503 3425 recedamus.

2600 3464 3018 3525 TRACTA'I‘US
3062 3459 3297 3517 XXXVI.

2105 3565 2181 3621 Ad
2210 3580 2270 3619 eo
2300 3562 2437 3634 quod
2464 3562 2727 3631 scriptum
2758 3560 2854 3621 est,
2890 3556 2996 3611 Vos
3026 3552 3350 3609 secundum
3384 3562 3615 3602 carnem
3642 3544 3797 3614 judi-

2176 3656 2360 3720 catis;
2391 3669 2494 3725 ego
2528 3648 2859 3718 nonjudico
2880 3656 3234 3717 quamquam
3260 3660 3276 3707 ς
3298 3654 3468 3709 usque
3486 3636 3557 3693 ad
3586 3638 3667 3703 id,
3688 3636 3801 3704 Ego

2178 3762 2307 3801 sum
2338 3738 2857 3813 quil'testimonium
2893 3734 3165 3802 perhibeo
3187 3731 3256 3785 de
3277 3728 3523 3797 meipso,
3547 3731 3606 3782 et
3636 3726 3801 3781 testi-

2180 3835 2436 3891 monium
2472 3828 2735 3901 perhibet
2763 3828 2831 3882 de
2871 3840 2983 3890 me,
3004 3822 3101 3895 qui
3138 3820 3298 3875 misit
3329 3834 3420 3874 me
3453 3818 3633 3873 Pater.
3668 3814 3805 3885 Cap.

2179 3942 2300 3989 VIII,
2332 3925 2385 3991 Ῡ.
2422 3922 2609 3977 15-18.

2180 4016 2231 4071 1.
2269 4016 2331 4069 In
2362 4017 2609 4080 quatuor
2639 4003 2968 4076 Evangelia,
2997 4001 3084 4057 vel
3117 4001 3311 4071 potius
3342 4000 3591 4069 quatuor
3642 3994 3805 4050 libris

2112 4108 2287 4161 unius
2344 4100 2653 4173 Evangelii,
2715 4101 2952 4153 sanctus
3006 4097 3265 4148 Joannes
3322 4088 3640 4159 apostolus,
3694 4104 3808 4141 non

2112 4194 2405 4251 immerito
2422 4191 2741 4247 secundum
2756 4184 3202 4251 intelligentiam
3224 4179 3583 4249 spiritualem
3602 4174 3811 4245 aquilae

2112 4288 2501 4355 comparatus,
2535 4279 2709 4336 altius
2760 4275 3060 4342 multoque
3089 4270 3402 4326 sublimius
3449 4265 3579 4320 aliis
3621 4262 3811 4355 tribus

2113 4351 2294 4433 erexit
2317 4372 2779 4445 praedicationem
2797 4380 2995 4429 suam;
3019 4367 3076 4416 et
3096 4361 3151 4413 in
3176 4360 3304 4427 eius
3325 4355 3611 4412 erectione
3631 4351 3809 4445 etiam

2110 4466 2285 4520 corda
2309 4438 2503 4515 nostra
2525 4457 2665 4527 erigi
2689 4450 3037 4508 voluit.Nain
3063 4446 3254 4502 caeteri
3282 4450 3397 4499 tres
3421 4438 3813 4507 evangelista,

2113 4560 2393 4622 tanquam
2424 4564 2556 4603 cum
2590 4542 2825 4600 homine
2856 4538 3098 4595 Domino
3129 4535 3186 4590 iu
3219 4542 3368 4590 terra
3414 4528 3816 4594 ambulabant,

2118 4646 2188 4699 de
2218 4617 2515 4695 divinitate
2535 4636 2660 4706 ejus
2692 4646 2879 4704 pauca
2899 4629 3203 4684 dixerunt:
3227 4623 3402 4678 istum
3427 4626 3618 4677 autem
3643 4617 3815 4689 quasi

2120 4729 2372 4806 piguerit
2397 4729 2456 4781 in
2480 4730 2630 4779 terra
2656 4714 3135 4781 ambulare,sicut
3158 4713 3283 4783 ipso
3314 4707 3547 4765 exordio
3570 4708 3659 4761 sui
3694 4723 3817 4762 ser-

2119 4799 2309 4878 monis
2342 4812 2611 4879 intonuit,
2643 4807 2823 4865 erexit
2851 4822 2933 4872 se,
2959 4819 3074 4861 non
3109 4801 3299 4858 solum
3326 4816 3502 4869 super
3526 4808 3725 4851 terram
3756 4799 3817 4851 et

2118 4926 2294 4982 super
2311 4920 2537 4962 omnem
2560 4897 2844 4957 ambitum
2860 4894 3006 4951 seris
3020 4898 3077 4948 et
3097 4890 3247 4955 cceli,
3264 4889 3364 4944 sed
3388 4906 3453 4942 su
3465 4904 3563 4959 per
3583 4902 3813 4982 omnem

2117 4974 2287 5057 etiam
2319 4994 2636 5054 exercitum
2671 4988 3050 5061 Angelorum,
3071 4995 3426 5050 omnemque
3448 4974 3819 5031 constitutio-

2119 5107 2244 5147 nem
2272 5082 2651 5143 invisibilium
2678 5080 3047 5149 potestatum,
3071 5081 3127 5127 et
3158 5068 3416 5141 pervenit
3446 5066 3515 5120 ad
3548 5078 3681 5117 eum
3716 5079 3816 5134 per

2114 5196 2285 5251 quem
2311 5178 2461 5231 facta
2481 5162 3125 5233 suntomnia,dicendo,
3140 5161 3203 5214 In
3223 5157 3630 5251 p‘rincipioerat
3651 5152 3815 5251 t’erb~

2115 5242 2230 5336 um,
2261 5276 2311 5323 et
2348 5264 2583 5321 Verbum
2611 5265 2729 5315 erat
2760 5254 2905 5327 apud
2936 5253 3128 5315 Deum,
3154 5254 3205 5303 et
3239 5247 3375 5301 Deus
3404 5252 3518 5298 erat
3546 5242 3771 5295 Verbum
3795 5260 3812 5295 :

2114 5332 2342 5416 bucerat
2372 5357 2432 5408 in
2455 5347 2729 5420 principio
2758 5341 2902 5414 apud
2928 5342 3112 5395 Deum.
3136 5336 3330 5393 Omnia
3350 5348 3447 5403 per
3468 5335 3644 5401 ipsum
3664 5332 3811 5420 [actu

2113 5456 2262 5511 sunt,
2294 5452 2343 5500 et
2378 5418 2495 5497 sine
2525 5442 2640 5508 ipso
2678 5438 2887 5503 factum
2917 5438 2991 5485 est
3022 5425 3170 5481 nihil
3200 5425 3377 5495 (Joan.
3413 5438 3453 5487 ι,
3488 5420 3633 5493 1-3).
3670 5418 3815 5473 Huic

2120 5546 2287 5595 tanta:
2314 5527 2654 5589 sublimitati
2683 5520 2947 5597 principii
2969 5519 3144 5574 etiam
3160 5520 3364 5571 cetera
3384 5528 3646 5584 congrua
3669 5527 3818 5581 pra?-

2118 5628 2348 5693 dict'tvit,
2368 5627 2423 5679 et
2441 5623 2510 5678 dc
2537 5606 3401 5680 Domiaidivinitato,quomodc
3426 5601 3621 5660 nullus
3642 5601 3813 5663 alius,
