4146 6186
248 272 403 333 1663

244 413 335 467 est
361 410 611 468 locutus.
633 412 749 469 Hoc
773 411 1036 468 ructabat
1056 411 1210 482 quod
1236 411 1480 468 biberat.
1497 411 1622 468 Non
1642 412 1795 469 enim
1823 412 1950 469 sine

245 517 421 557 causa
452 502 523 557 de
552 500 652 559 illo
683 501 742 557 in
775 500 888 556 isto
914 501 1041 573 ipso
1073 500 1382 573 Evangelia
1404 507 1693 571 narratur,
1726 501 1865 573 quia
1895 506 1950 557 et

247 593 305 647 in
335 592 595 649 convivio
627 608 801 662 super
833 594 1035 662 pectus
1066 590 1291 647 Domini
1323 593 1724 649 discumbebat
1767 595 1945 664 (Joan.

247 698 371 751 xm,
404 682 516 753 23).
544 683 621 739 De
651 681 750 737 illo
780 698 916 754 ergo
949 688 1176 754 pectore
1202 682 1263 739 in
1286 687 1509 739 secreto
1542 683 1773 739 bibebat
1799 700 1813 740 :
1846 683 1947 740 sed

248 772 401 843 quod
429 772 488 827 in
520 776 740 829 secreto
763 772 930 838 bibit,
964 772 1025 828 in
1057 771 1362 828 manifesto
1393 773 1693 841 cruciavit,
1730 777 1791 829 ut
1820 789 1947 844 per-

251 862 442 919 veniat
470 863 543 919 ad
593 880 791 920 omnes
820 867 1021 936 gentes
1069 879 1184 919 non
1230 863 1418 920 solum
1468 864 1789 922 incarnatio
1822 863 1948 921 Filii

255 954 370 1018 ltei,
402 956 459 1008 et
505 954 717 1025 passio,
752 960 804 1008 et
855 953 1241 1022 resurrectio;
1290 956 1389 1010 sed
1416 956 1593 1011 etiam
1626 955 1763 1028 quid
1824 956 1951 1009 erat

251 1046 384 1097 ante
432 1042 889 1099 incarnationem
940 1041 1158 1099 Unicus
1207 1043 1382 1110 Patri,
1432 1043 1689 1101 Verbum
1743 1044 1948 1110 Patris,

250 1135 570 1187 coaeternus
596 1132 1173 1204 generanti,requalis
1194 1133 1244 1189 ei
1264 1150 1296 1189 a
1321 1150 1435 1205 quo
1459 1134 1676 1191 missus
1706 1139 1794 1191 est
1818 1133 1949 1202 ;sed

252 1220 306 1275 in
341 1220 467 1289 ipsa
493 1220 772 1279 missione
795 1223 985 1279 minor
1009 1223 1215 1289 factus,
1241 1240 1355 1295 quo
1380 1225 1567 1295 major
1588 1230 1742 1280 esset
1763 1224 1949 1279 Pater.

318 1311 372 1365 2.
401 1310 689 1383 Quidquid
737 1328 871 1384 ergo
929 1312 1227 1368 humiliter
1284 1314 1535 1383 positum
1600 1314 1851 1370 audistis
1884 1314 1953 1369 de

251 1400 494 1456 Domino
516 1401 656 1457 Jesu
678 1401 929 1469 Christo,
945 1405 1227 1473 susceptae
1251 1404 1441 1459 carnis
1461 1403 1952 1476 dispensationem

253 1490 539 1561 cogitate;
575 1490 764 1561 qualis
815 1491 1001 1546 factus
1033 1499 1119 1547 est
1161 1500 1390 1563 propter
1437 1509 1565 1560 nos,
1618 1511 1729 1549 non
1770 1494 1955 1566 qualis

254 1583 380 1635 erat
399 1582 464 1634 ut
485 1579 689 1634 faceret
712 1596 816 1636 nos
843 1581 1160 1653 :quidquid
1193 1586 1388 1637 autem
1419 1584 1671 1641 sublime
1702 1588 1758 1639 et
1779 1600 1955 1655 supra

254 1684 458 1724 omnes
488 1672 787 1726 creaturas
838 1670 1134 1726 excelsum
1177 1674 1349 1743 atque
1389 1672 1672 1740 divinum,
1706 1678 1763 1728 et
1803 1674 1955 1728 Patri

258 1756 481 1829 aequale
521 1762 697 1830 atque
743 1764 1095 1816 coaeternum
1122 1762 1191 1816 de
1222 1760 1320 1817 illo
1354 1762 1651 1819 audieritis
1682 1763 1740 1818 in
1774 1763 1959 1819 Evan-

256 1851 405 1924 gelio
446 1850 600 1922 poni,
634 1850 721 1906 vel
752 1850 1030 1923 legeritis,
1063 1852 1265 1909 scitote
1297 1870 1397 1909 vos
1449 1854 1554 1909 hoc
1588 1854 1771 1924 legere
1802 1855 1954 1926 quod

256 1941 326 1995 ad
358 1940 605 1995 formam
640 1939 741 1996 Dei
773 1942 1042 2011 pertinet,
1068 1958 1181 1997 non
1215 1943 1367 2015 quod
1400 1945 1470 1999 ad
1505 1944 1749 1999 formam
1784 1944 1956 2000 servi.

256 2027 401 2093 Quia
423 2027 468 2083 si
504 2027 681 2084 istam
714 2029 967 2099 regulam
994 2031 1297 2087 tenueritis
1325 2032 1425 2103 qui
1459 2048 1660 2103 capere
1685 2034 1916 2103 potestis
1942 2057 1957 2099 ;

261 2138 378 2178 non
411 2125 603 2179 autem
633 2138 838 2179 omnes
868 2139 1073 2195 capere
1096 2125 1357 2196 potestis,
1382 2125 1478 2180 sed
1505 2142 1707 2182 omnes
1729 2125 1961 2181 credere

256 2210 466 2267 debitis
500 2227 515 2268 :
547 2210 594 2267 si
623 2226 761 2283 ergo
782 2211 931 2269 hanc
954 2214 1210 2285 regulam
1236 2215 1557 2283 tenueritis,
1582 2216 1858 2271 adversus
1878 2231 1961 2269 ca-

260 2301 516 2359 lumnias
529 2303 831 2360 tenebraru
844 2321 894 2359 m
913 2305 1313 2361 hznreticarum
1326 2350 1339 2375 ,
1362 2310 1639 2377 tanquam
1670 2306 1726 2361 in
1742 2307 1797 2361 lu
1811 2307 1964 2361 mine

257 2391 643 2461 ambulantes,
675 2395 863 2450 securi
917 2396 1275 2467 pugnabitis.
1310 2396 1433 2451 Non
1467 2397 1623 2451 enim
1656 2398 1965 2452 defuerunt

259 2483 358 2555 qui
392 2483 516 2539 sola
544 2485 877 2555 evangelica
909 2486 1245 2541 testimonia
1292 2485 1533 2559 legendo
1583 2492 1964 2559 sectarentur,

260 2589 387 2642 qua:
418 2573 487 2627 de
535 2572 873 2629 humilitate
905 2574 1115 2631 Christi
1150 2575 1338 2645 posita
1368 2580 1523 2645 sunt,
1558 2576 1656 2647 qui
1690 2578 1965 2632 adversus

263 2677 326 2715 ca
356 2661 686 2716 testimonia
717 2677 842 2732 quae
868 2661 1226 2719 divinitatem
1250 2664 1374 2732 ejus
1404 2664 1596 2720 locuta
1619 2670 1775 2731 sunt,
1802 2666 1965 2720 surdi

267 2750 498 2804 fuerunt
530 2764 544 2803 :
578 2748 707 2804 ideo
737 2750 921 2819 surdi,
956 2755 1019 2805 ut
1048 2753 1228 2819 ,male
1258 2753 1504 2808 verbosi.
1538 2756 1680 2809 Item
1724 2755 1963 2826 quidam

263 2837 363 2893 illa
392 2836 516 2894 sola
540 2838 905 2895 attendentes
936 2855 1060 2911 quis
1083 2840 1154 2896 de
1186 2841 1410 2897 Domini
1434 2843 1790 2899 sublimitate
1815 2844 1969 2899 dicta

262 2930 423 2998 sunt,
446 2926 617 2983 etiam
642 2927 754 3000 ipsi
786 2928 1249 2987 misericordiam
1273 2932 1421 3002 ejus,
1441 2949 1555 3005 qua
1585 2932 1759 2989 homo
1784 2934 1969 2989 factus

262 3026 350 3073 est
381 3022 618 3090 propter
648 3034 776 3087 nos,
802 3024 858 3075 et
878 3020 925 3075 si
958 3020 1242 3092 legerunt,
1268 3039 1382 3078 non
1406 3022 1798 3090 crediderunt,
1823 3023 1969 3079 etab

267 3106 602 3164 hominibus
624 3106 1071 3181 inducta,atque
1093 3110 1232 3166 falsa
1263 3126 1390 3167 esse
1417 3115 1806 3183 putaverunt;
1840 3128 1965 3168 con-

266 3196 755 3253 tendentesDeum
770 3200 1175 3255 tantummodo
1190 3199 1371 3257 fuisse
1386 3201 1968 3257 Dominumnostrum

265 3287 587 3355 Christum,
610 3303 723 3344 non
744 3287 919 3345 etiam
955 3288 1269 3347 hominem.
1300 3291 1407 3346 Alii
1433 3291 1538 3359 sic,
1560 3292 1657 3347 alii
1689 3292 1772 3347 sic
1797 3316 1813 3359 ;
1835 3291 1971 3347 utri-

269 3395 380 3449 que
413 3376 470 3433 in
494 3393 706 3434 errore.
723 3377 1020 3435 Catholica
1040 3384 1236 3435 autem
1259 3380 1400 3436 fides
1421 3397 1489 3436 cx
1509 3388 1751 3452 utroque
1772 3396 1969 3436 verum

275 3474 484 3526 tenens
506 3468 657 3540 quod
681 3473 857 3541 tenet,
876 3473 932 3526 et
956 3471 1276 3542 praedicans
1319 3472 1473 3545 quod
1497 3473 1771 3539 credit,et
1793 3474 1973 3527 Deum

269 3558 567 3613 Christum
601 3556 897 3627 intellexit,
922 3564 979 3615 et
1008 3559 1305 3617 hominem
1337 3561 1578 3618 credidit
1609 3578 1622 3617 :
1658 3566 1976 3630 utrumque

271 3646 428 3703 enim
461 3646 742 3720 scripturn
776 3652 883 3714 est,
914 3654 968 3704 et
1001 3652 1316 3722 utrumque
1339 3665 1536 3707 verum
1567 3654 1675 3707 est.
1700 3650 1758 3706 Si
1794 3652 1977 3705 Deum

274 3742 500 3792 tantum
518 3736 733 3793 dixeris
755 3735 1067 3805 Christum,
1095 3739 1443 3796 medicinam
1466 3756 1641 3811 negas
1663 3756 1777 3811 qua
1807 3756 1977 3795 sana-

274 3829 370 3881 tus
398 3842 459 3880 es
485 3842 499 3880 :
533 3826 579 3881 si
610 3825 909 3883 hominem
942 3832 1169 3884 tantum
1201 3829 1413 3887 dixeris
1443 3830 1758 3898 Christum,
1782 3838 1980 3902 poten-

278 3912 408 3966 tiam
452 3928 626 3982 negas
675 3928 796 3983 qua
852 3918 1084 3971 creatus
1112 3931 1193 3971 es.
1251 3915 1577 3988 Utrumque
1624 3918 1799 3989 igitur
1830 3922 1979 3984 tene,

280 4001 478 4056 anima
496 4000 682 4056 fidelis
697 4003 1254 4073 etcorcatholicum,
1272 4010 1583 4077 utrumque
1599 4016 1749 4078 tene,
1767 4013 1984 4063 utrum-

278 4107 391 4163 que
422 4090 607 4159 crede,
630 4093 946 4162 utrumque
969 4092 1219 4149 fideliter
1240 4096 1525 4151 confitere.
1552 4097 1619 4152 Et
1639 4096 1795 4152 Deus
1824 4096 1983 4152 Chri-

278 4187 404 4239 stus
435 4189 541 4250 est,
575 4188 627 4237 et
676 4181 851 4239 homo
901 4183 1183 4241 Christus.
1215 4185 1411 4251 Qualis
1463 4187 1607 4242 Deus
1665 4186 1981 4241 Christus?

278 4272 535 4343 Equatis
563 4271 739 4339 Patri,
774 4289 957 4329 unum
989 4290 1123 4330 cum
1158 4276 1344 4332 Patre.
1380 4275 1581 4342 Qualis
1614 4276 1785 4332 homo
1814 4276 1980 4333 Chri-

279 4367 403 4418 stus
492 4362 571 4418 De
601 4361 823 4434 virgine
856 4369 1049 4433 natus,
1084 4366 1321 4422 trahens
1354 4367 1425 4422 de
1454 4365 1690 4423 homine
1725 4365 1983 4421 mortali-

281 4455 479 4520 tatem,
514 4469 628 4507 non
661 4452 898 4509 trahens
932 4454 1321 4525 iniquitatem.

350 4543 403 4595 3.
439 4541 538 4596 Isti
570 4558 705 4614 ergo
734 4542 914 4599 Judaei
954 4544 1229 4601 videbant
1276 4545 1596 4615 hominem,
1630 4562 1733 4601 nec
1764 4542 1984 4599 intelli-

282 4631 490 4701 gebant
531 4646 634 4687 nec
688 4632 1000 4689 credebant
1057 4635 1289 4691 Deum:
1341 4639 1517 4708 atque
1572 4635 1722 4691 inter
1777 4638 1983 4691 caetera

284 4718 529 4773 audistis
553 4720 672 4788 jam
697 4722 1183 4790 quemadmodum
1207 4724 1257 4780 ei
1289 4724 1649 4795 dixerint,Tu
1672 4726 1736 4780 de
1767 4729 1817 4780 lc
1844 4724 1989 4778 festi-

281 4810 527 4864 momum
556 4807 693 4863 dicis
722 4823 745 4875 ;
801 4814 1171 4868 testimonium
1210 4817 1365 4869 tuum
1396 4832 1503 4871 non
1530 4820 1608 4870 est
1657 4831 1848 4870 verum
1874 4812 1978 4884 (id.

284 4915 402 4967 vui,
440 4898 546 4969 13).
580 4898 844 4955 Audistis
892 4901 1063 4957 etiam
1096 4902 1235 4974 quid
1281 4904 1378 4959 ille
1436 4904 1821 4975 responderit,
1853 4918 1987 4958 cum

286 4992 551 5047 hesterno
600 4988 694 5046 die
740 4989 953 5047 lectum
1003 4998 1176 5060 esset,
1222 4996 1280 5049 et
1328 5011 1429 5065 pro
1486 4993 1702 5049 nostris
1759 4993 1983 5049 viribus

287 5082 672 5152 disputatum.
724 5080 903 5137 Hodie
947 5083 1116 5137 verba
1150 5083 1279 5153 ejuc
1340 5083 1459 5138 haec
1492 5082 1638 5139 lecta
1689 5088 1844 5151 sunt,
1901 5082 1996 5139 Vos

284 5171 583 5227 secundum
612 5171 1130 5244 carnemjudicalis.
1169 5173 1320 5240 ldeo,
1355 5172 1565 5245 inquit,
1599 5172 1742 5228 mihi
1775 5172 1995 5242 dicitis,

292 5261 364 5312 Tu
393 5259 456 5315 de
485 5269 533 5315 le
560 5261 930 5317 testimonium
954 5262 1091 5318 dicis
1157 5266 1527 5319 testimonium
1568 5268 1726 5317 tuum
1756 5279 1865 5317 non
1908 5267 1985 5319 est

286 5364 494 5417 verum,
526 5350 664 5419 quia
692 5352 987 5409 secundum
1038 5371 1258 5409 carnem
1290 5353 1588 5421 iudicatis;
1628 5352 1764 5424 quia
1818 5352 1998 5409 Deum

290 5453 407 5493 non
469 5437 819 5511 intelligitis,
869 5449 926 5499 et
980 5444 1273 5501 hominem
1326 5445 1554 5510 videtis,
1609 5447 1666 5499 et
1704 5442 1999 5500 hominem

287 5531 710 5602 persequendo,
744 5531 925 5589 Deum
955 5533 1225 5592 latentem
1258 5535 1568 5593 offenditis.
1610 5534 1766 5607 Ergo
1802 5550 2008 5592 secun-

285 5610 416 5678 dum
440 5632 664 5676 carnem
681 5620 971 5692 judicans.
989 5624 1122 5683 ideo
1143 5626 1307 5684 vobis
1327 5641 1604 5698 arrogans
1627 5624 1842 5693 videor,
1868 5627 2008 5699 quia

1195 273 1271 331 IN
1318 273 1645 357 JOANNIS
1696 277 2228 349 EVANGI'ILIUM,
2276 276 2338 337 S.
2390 277 2807 338 AUGUSTINI

3613 280 3770 340 1664

2059 428 2195 484 ergo
2210 413 2280 467 de
2304 428 2395 467 me
2416 412 2814 469 testimonium
2840 416 3143 486 purhibeo.
3163 416 3362 471 Omnis
3385 417 3540 472 enim
3570 416 3765 483 homo,

2060 503 2292 574 quando
2324 503 2394 558 de
2444 519 2506 558 se
2535 504 2663 558 vult
2706 504 3009 575 perhibere
3034 505 3768 572 testimoniumlaudahile,

2060 608 2334 664 arrogans
2363 596 2420 649 et
2450 595 2735 666 superbus
2764 595 3014 651 videtur.
3050 596 3182 653 Ideo
3224 598 3499 669 scriptum
3523 601 3631 664 est,
3653 596 3771 652 Non

2057 685 2108 738 te
2136 682 2320 739 laudet
2349 699 2406 739 os
2436 691 2608 753 tuum,
2640 686 2741 742 sed
2789 685 2975 742 laudet
3021 695 3071 742 te
3100 702 3157 742 os
3185 687 3429 757 proximi
3461 686 3546 740 tui
3573 686 3768 755 (Prov.

2060 790 2230 837 xxvn.
2264 776 2339 843 2).
2391 776 2499 832 Sed
2533 776 2641 833 hoc
2690 776 2910 834 homini
2958 777 3178 834 dictum
3221 781 3325 834 est.
3363 776 3582 833 Inrmi
3613 776 3770 832 enim

2059 880 2287 932 sumus,
2318 872 2371 921 et
2401 866 2554 938 apud
2589 867 2853 923 infirmos
2885 867 3199 939 loquimur.
3233 866 3451 923 Verum
3474 866 3665 922 dicere
3698 869 3755 921 et

2062 954 2292 1010 mentiri
2342 972 2646 1027 possumus
2681 975 2693 1011 :
2726 958 2830 1013 etsi
2888 974 3081 1015 verum
3124 958 3315 1013 dicere
3371 956 3677 1021 debemus,
3716 961 3773 1008 et

2064 1044 2291 1099 mentiri
2335 1052 2524 1102 tamen
2562 1064 2875 1118 possumus
2907 1064 3041 1104 cum
3064 1047 3355 1103 volumus.
3393 1047 3514 1102 Lux
3545 1042 3772 1100 mentiri

2063 1149 2173 1188 non
2208 1137 2397 1205 potest
2431 1135 2619 1191 :absit
2649 1140 2713 1191 ut
2744 1136 2800 1192 in
2834 1136 2986 1191 tubis
3028 1136 3239 1191 divinae
3271 1135 3579 1207 splendore
3614 1136 3778 1187 tene-

2064 1222 2181 1278 brm
2214 1224 2498 1280 mendacii
2534 1228 2914 1298 reperiantur.
2963 1226 3324 1298 Loquehatur
3361 1225 3459 1282 ille
3490 1229 3775 1295 tauquam

2067 1313 2182 1381 lux,
2209 1313 2553 1386 loquebatur
2577 1321 2850 1389 tanquam
2885 1318 3132 1384 veritas;
3168 1315 3269 1372 sed
3300 1315 3397 1371 lux
3429 1316 3483 1369 in
3518 1312 3776 1369 tenebris

2067 1402 2314 1469 lucebat,
2344 1409 2399 1459 et
2422 1404 2666 1461 tenebrae
2698 1422 2824 1461 eam
2851 1424 2963 1461 non
2996 1405 3561 1476 comprehenderunt
3590 1419 3601 1456 :
3641 1402 3769 1455 idco

2067 1493 2390 1549 secundum
2424 1510 2656 1550 carnem
2678 1494 3043 1567 judicabant.
3083 1496 3199 1561 ios,
3232 1494 3444 1565 inquit,
3474 1491 3776 1549 secundum

2066 1599 2287 1639 carnem
2305 1582 2601 1653 judicatis.

2141 1673 2189 1727 4.
2227 1674 2340 1745 Ego
2394 1688 2501 1727 non
2531 1673 2746 1743 judicio
2792 1689 3140 1744 quemquam.
3191 1672 3316 1728 Non
3359 1685 3495 1742 ergo
3546 1670 3775 1739 judicat

2069 1777 2423 1833 quemquam
2456 1760 2734 1817 Dominus
2754 1762 2925 1817 Jcsus
2956 1761 3219 1816 Christus
3241 1760 3268 1815 I
3297 1759 3499 1814 Nonne
3529 1758 3655 1830 ipse
3689 1762 3780 1811 est

2070 1866 2239 1921 quem
2278 1849 2628 1905 confitemur
2660 1851 3045 1905 resurrexisse
3091 1848 3261 1904 tertia
3293 1846 3408 1917 die,
3439 1845 3772 1902 ascendisse

2069 1940 2127 1995 in
2155 1938 2385 2009 ccclum,
2424 1940 2502 1994 ibi
2535 1940 2733 1995 sedere
2778 1940 2844 1995 ad
2891 1940 3186 1996 dexteram
3220 1938 3427 2007 Patris,
3461 1937 3597 1992 inde
3653 1952 3777 1991 esse

2068 2034 2375 2085 venturum
2403 2030 2471 2083 ad
2496 2028 2838 2099 iudicandos
2860 2028 3085 2085 vivoset
3108 2034 3368 2085 mortuos
3385 2027 3625 2083 ?Nonne
3649 2026 3781 2096 ipsa

2071 2123 2156 2175 est
2186 2120 2329 2174 fides
2363 2123 2579 2186 nostra,
2613 2119 2683 2174 de
2728 2135 2842 2189 qua
2890 2119 3030 2174 dicit
3070 2116 3411 2189 Apostolus,
3444 2115 3617 2171 Corde
3654 2130 3776 2168 cre-

2073 2208 2224 2264 ditur
2252 2208 2320 2262 ad
2350 2209 2641 2276 justitiam,
2673 2223 2765 2263 ore
2802 2212 2987 2263 autent
3034 2207 3297 2277 con/cisio
3327 2206 3386 2275 t
3415 2204 3483 2260 ad
3535 2204 3776 2259 salulcm

2074 2302 2247 2371 (Rom.
2280 2317 2335 2367 x,
2376 2299 2514 2370 10)?
2556 2298 2697 2370 Ergo
2754 2298 2983 2369 quando
3034 2299 3148 2354 ista
3205 2296 3573 2361 confitemur,
3633 2309 3778 2347 cono

2076 2394 2164 2444 tra
2196 2388 2504 2444 Dominum
2524 2387 2859 2458 loquimur?
2884 2387 2998 2444 Nos
3029 2386 3272 2442 dicimus
3294 2388 3597 2439 venturum
3618 2380 3778 2451 judi-

2077 2496 2201 2537 cem
2234 2480 2489 2534 vivorum
2523 2486 2575 2535 et
2627 2483 2994 2534 mortuorum
3029 2494 3043 2545 ;
3078 2477 3199 2548 ipse
3231 2478 3424 2530 autem
3475 2471 3636 2539 dicit,
3671 2472 3782 2539 Ego

2076 2585 2185 2624 non
2228 2568 2408 2637 iudico
2460 2583 2802 2639 quemquam.
3151 2566 3260 2621 ista
3311 2564 3541 2619 duobus
3593 2560 3783 2615 modis

2078 2658 2218 2714 solvi
2281 2663 2511 2728 potest;
2564 2662 2627 2712 ut
2686 2664 2782 2712 aut
2840 2656 2948 2713 hoc
2993 2655 3409 2727 intelligamus,
3459 2668 3565 2707 non
3590 2649 3783 2719 judico

2078 2764 2421 2819 quamquam,
2453 2748 2506 2801 id
2554 2751 2657 2813 est,
2696 2748 2904 2802 modo:
2963 2745 3110 2801 sicut
3150 2744 3290 2800 dicit
3320 2743 3430 2798 alio
3480 2740 3627 2807 loco,
3670 2740 3778 2808 Ego

2078 2854 2184 2893 non
2219 2840 2341 2893 veni
2378 2845 2439 2893 ut
2479 2838 2723 2908 judicent
2770 2835 3056 2896 mundum,
3090 2834 3179 2891 sed
3228 2841 3284 2889 ut
3315 2833 3527 2887 salvum
3578 2830 3783 2900 [nciam

2079 2928 2343 2983 mundum
2364 2928 2547 2996 (Joan.
2575 2927 2778 2997 101,47)
2805 2945 2818 2994 ;
2856 2923 3277 2996 nonjudicium
3305 2939 3469 2978 suum
3495 2919 3784 2991 negando,

2081 3020 2177 3075 sed
2212 3017 2549 3073 differendo.
2587 3018 2697 3071 Aut
2727 3020 2881 3070 certe
2912 3014 3050 3086 quia
3080 3013 3325 3078 dixerat,
3363 3013 3458 3068 Vos
3487 3007 3786 3066 secundum

2082 3123 2303 3165 carnem
2324 3107 2629 3177 judicatis;
2652 3105 2733 3160 ita
2761 3104 3087 3175 subjunxit,
3114 3104 3219 3174 Ego
3241 3101 3569 3172 nonjudicio
3601 3111 3788 3169 quem-

2083 3215 2268 3271 quam,
2302 3203 2365 3252 ut
2391 3196 2727 3259 subaudias,
2770 3195 3087 3251 secundum
3119 3208 3375 3249 carnem.
3409 3188 3614 3246 Nullus
3653 3202 3793 3256 ergo

2085 3289 2253 3347 nobis
2282 3292 2483 3344 contra
2511 3285 2681 3341 fidem
2706 3299 2884 3354 quam
2910 3288 3175 3339 tenemus
3199 3286 3255 3339 et
3273 3280 3693 3337 annuntiamus
3716 3275 3790 3329 de

2079 3378 2275 3452 judice
2306 3378 2557 3442 Christo,
2582 3373 2898 3446 scrupulus
2916 3372 3306 3429 dubitationis
3329 3372 3389 3427 in
3409 3371 3579 3427 corde
3603 3382 3793 3423 remo-

2088 3472 2237 3525 neat.
2271 3466 2444 3523 Venit
2473 3465 2764 3533 Christus,
2782 3462 2881 3520 sed
2907 3462 3093 3534 primo
3127 3461 3374 3527 salvere,
3398 3467 3595 3535 postea
3618 3464 3779 3535 judi-

2088 3576 2245 3616 care:
2272 3555 2695 3629 eosjudicando
2720 3555 2776 3610 in
2811 3552 3181 3627 poenam,qui
3206 3551 3415 3607 salvari
3436 3552 3749 3613 noluerunt
3781 3577 3793 3626 ;

2088 3667 2184 3707 eos
2216 3646 2581 3721 perducendo
2614 3645 2682 3699 ad
2717 3644 2917 3713 vitam,
2952 3642 3050 3715 qui
3074 3642 3363 3697 credendo
3396 3642 3641 3700 salutem
3678 3663 3799 3704 non

2090 3742 2455 3810 respuerunt.
2499 3735 2690 3789 Prima
2737 3748 2875 3803 ergo
2923 3729 3280 3803 dispensatio
3334 3730 3557 3786 Domini
3609 3737 3796 3792 nostri

2088 3830 2227 3887 Jesu
2261 3825 2475 3885 Christi
2507 3821 2874 3880 medicinalis
2906 3828 3013 3887 est,
3045 3837 3160 3877 non
3195 3819 3495 3891 judicialis
3530 3838 3543 3878 :
3578 3838 3712 3879 nam
3748 3827 3796 3882 si

2091 3920 2280 3993 primo
2312 3913 2977 3985 venissstjudicaturus,
3025 3911 3315 3967 neminem
3350 3911 3666 3969 invenisset
3698 3916 3793 3971 cui

2091 4010 2327 4083 praemia
2358 4005 2601 4079 iustitia:
2634 4003 2921 4059 redderet.
2949 4002 3095 4070 Quia
3121 4019 3255 4073 ergo
3284 4003 3425 4057 vidit
3446 4019 3645 4060 omnes
3666 4023 3799 4075 pec-

2093 4100 2412 4165 catores,et
2441 4094 2681 4151 omnino
2714 4092 3011 4149 neminem
3045 4092 3518 4148 esseimmunem
3558 4110 3589 4148 a
3611 4099 3798 4152 morte

2097 4187 2314 4262 peccati
2341 4202 2355 4253 ;
2392 4186 2553 4258 prius
2571 4188 2695 4241 erat
2726 4184 2853 4254 ejus
2886 4181 3287 4238 misericordia
3317 4185 3716 4254 praeroganda,
3742 4190 3800 4242 et

2093 4283 2224 4351 post
2253 4274 2632 4333 exscrendum
2675 4273 2967 4343 judicium
3002 4289 3015 4327 :
3052 4270 3190 4342 quia
3220 4271 3291 4326 de
3323 4271 3422 4327 illo
3465 4278 3803 4330 cantaverat

2090 4367 2383 4434 Psalmus,
2416 4362 2838 4420 Miscricordiam
2869 4370 2921 4418 ct
2966 4360 3243 4434 judicium
3265 4362 3498 4418 cantabo
3533 4363 3654 4432 tibi,
3688 4365 3800 4420 Do-

2090 4455 2432 4527 mine(.sal.
2464 4471 2515 4521 c,
2552 4454 2623 4525 1).
2661 4451 2783 4509 Non
2831 4452 2982 4508 enim
3011 4450 3301 4522 judicium
3335 4451 3419 4506 ait
3452 4455 3508 4506 et
3568 4452 3800 4508 miseri-

2091 4546 2378 4613 cordiam;
2406 4560 2536 4598 nam
2569 4543 2618 4597 si
2644 4541 2829 4613 primo
2853 4540 3676 4611 essetjudicium,nullaessct
3701 4543 3807 4598 mi-

2093 4635 2443 4694 sericordia:
2478 4634 2576 4688 sed
2612 4633 2793 4703 primo
2826 4629 3797 4701 misericordia,posteajudicium.

2093 4728 2224 4792 Quae
2258 4728 2345 4780 est
2376 4723 2561 4794 primo
2596 4719 2991 4777 misericordia
3012 4720 3286 4775 ?Creator
3315 4718 3594 4785 hominis,
3621 4721 3805 4778 homo

2093 4831 2221 4874 esse
2251 4815 2523 4883 dignatus
2556 4817 2675 4868 est:
2714 4813 2895 4865 factus
2924 4811 3013 4864 est
3044 4809 3195 4878 quod
3224 4808 3455 4877 fecerat,
3483 4826 3553 4864 ne
3587 4811 3809 4882 periret

2096 4926 2263 4984 quem
2291 4909 2518 4963 fecerat.
2553 4905 2696 4970 Quid
2724 4903 2857 4960 huic
2878 4900 3285 4958 misericordia
3308 4900 3441 4955 addi
3468 4902 3708 4973 potest?
3731 4902 3802 4958 Et

2100 5007 2296 5059 tamen
2356 4997 2595 5054 addidit.
2659 4996 2866 5052 Parum
2904 4994 3013 5049 fuit
3044 4992 3095 5048 ei
3146 4991 3440 5047 hominem
3486 4991 3607 5046 fieri
3647 5010 3661 5059 ;
3697 4994 3801 5048 sed

2100 5092 2274 5149 etiam
2358 5088 2429 5144 ab
2455 5085 2793 5142 hominibus
2832 5080 3125 5153 reprobari
3162 5097 3175 5137 :
3212 5096 3409 5152 parum
3441 5083 3564 5135 erat
3606 5096 3804 5152 repro-

2103 5182 2221 5238 bari
2253 5182 2347 5248 ;et
2377 5175 2717 5233 exhonorari
2757 5192 2767 5227 :
2803 5189 3004 5244 parum
3037 5174 3158 5227 erat
3201 5169 3544 5226 cxhonorari
3581 5188 3595 5237 ;
3623 5175 3678 5225 et
3711 5187 3809 5225 oc-

2105 5270 2217 5327 cidi
2251 5287 2264 5324 :
2295 5268 2391 5324 sed
2425 5270 2481 5323 et
2513 5266 2620 5321 hoc
2682 5279 2881 5335 parum
2915 5266 2997 5316 est
3030 5279 3043 5326 ;
3078 5264 3265 5315 morte
3305 5258 3513 5314 crucis.
3548 5258 3695 5313 Nam
3750 5266 3811 5316 et

2108 5376 2236 5417 cum
2259 5360 2383 5429 ejus
2413 5354 2804 5413 obedientiam
2838 5368 3025 5423 usque
3047 5350 3115 5405 ad
3140 5351 3385 5405 mortem
3420 5348 3634 5403 factum
3655 5365 3815 5405 com-

2114 5447 2410 5504 mendaret
2460 5441 2791 5516 Apostolus,
2837 5455 3043 5512 parum
3084 5436 3168 5495 illi
3218 5436 3325 5491 fuit
3356 5436 3566 5500 dicere,
3620 5437 3817 5491 Factus

2231 5570 2394 5632 Lugd.
2428 5570 2558 5617 Ven.
2593 5569 2714 5616 Lov.
2760 5564 2962 5632 legunt.
3006 5564 3096 5612 sed
3134 5562 3511 5632 voluit_etiam.
3548 5562 3601 5611 lu
3637 5559 3719 5620 B.,
3750 5560 3818 5611 ad

2120 5624 2419 5698 marginem
2454 5634 2762 5687 annotatur,
2793 5624 2989 5691 simpla
3015 5637 3241 5679 .
3297 5624 3367 5674 .
