4126 6194
314 226 465 288 1665

309 366 557 421 obedien:
588 385 760 441 usque
791 370 869 425 ad
892 376 1113 428 mortem
1148 390 1165 427 :
1198 391 1313 430 non
1345 376 1498 430 enim
1532 378 2022 452 qualemcumque

312 462 574 524 mortem,
609 460 710 513 sed
744 460 985 528 addidit,
1006 468 1227 519 mortem
1250 470 1429 520 autem
1458 468 1918 540 crucis(Pliilipp.
1952 487 2015 537 ll,

308 548 383 615 8).
422 546 519 601 Illa
541 552 725 604 morte
759 551 925 621 pejus
958 552 1101 607 nihil
1127 554 1229 609 fuit
1259 557 1408 610 inter
1427 557 1619 612 omnia
1642 575 1850 629 genera
1880 577 2020 614 mor-

307 636 476 690 tium.
505 636 762 709 Denique
787 640 882 696 ubi
913 641 1142 699 dolores
1174 647 1438 701 acerrimi
1463 649 1779 720 exagitant,
1804 651 2023 705 crucia-

316 732 411 779 tus
444 734 701 793 vocatur,
735 746 769 783 a
800 746 966 787 cruce
982 733 1334 790 nominatus.
1361 736 1679 794 Pendentes
1701 738 1924 795 enimio
1957 740 2024 794 li-

310 831 425 885 gno
459 816 741 888 cruciﬁxi,
773 818 949 876 clavis
977 820 1051 876 ad
1081 820 1305 893 lignum
1340 826 1587 896 pedibus
1629 829 2021 901 manibusque

310 904 543 972 confixi,
578 908 861 978 producta
892 917 1077 965 morte
1109 914 1481 971 necabantur.
1505 915 1628 972 Non
1644 917 1798 972 enim
1832 918 2020 975 cruci-

308 994 405 1063 tigi
468 994 576 1050 hoc
634 1000 759 1053 erat
807 999 1037 1055 occidi:
1089 1002 1189 1056 sed
1249 1003 1345 1059 diu
1399 1006 1774 1063 vivebaturin
1807 1024 2014 1076 cruce;

309 1098 427 1137 non
462 1083 601 1154 quia
641 1084 868 1157 longior
896 1089 1010 1143 vita
1037 1090 1379 1162 eligebatur,
1415 1096 1511 1149 sed
1553 1098 1686 1166 quia
1719 1112 1870 1152 mors
1892 1098 2015 1168 ipsa

310 1175 785 1247 protendebatur,
818 1195 889 1236 ne
934 1180 1100 1238 dolor
1129 1184 1304 1240 citius
1329 1185 1609 1242 ﬁniretur.
1648 1188 1791 1243 Mori
1835 1188 2016 1244 voluit

304 1281 411 1335 pro
446 1265 653 1322 nobis:
702 1284 903 1339 parum
958 1270 1228 1342 dicimus,
1280 1275 1537 1349 cruciﬁgi
1578 1279 1849 1350 dignatus
1905 1284 2015 1347 est,

306 1370 493 1425 usque
523 1357 593 1409 ad
634 1362 879 1415 mortem
929 1360 1119 1418 crucis
1158 1363 1428 1421 obediens
1477 1370 1683 1424 t'actus.
1718 1368 1901 1441 Elegit
1928 1389 2018 1427 ex-

305 1449 555 1500 tremum
587 1449 645 1501 et
676 1448 994 1518 pessimum
1011 1466 1194 1523 genus
1209 1454 1549 1528 mortis,qui
1574 1474 1808 1515 omnem
1828 1462 2018 1517 fuerat

308 1532 617 1591 ablaturus
652 1545 893 1594 mortem
929 1557 943 1595 :
970 1541 1039 1595 de
1062 1548 1245 1599 morte
1267 1546 1521 1615 pessima
1542 1549 1752 1604 occidit
1780 1565 2014 1607 omnem

313 1627 583 1680 mortem.
618 1626 878 1683 Pessima
908 1628 1064 1685 enim
1114 1637 1237 1688 erat
1285 1650 1397 1690 non
1430 1634 1886 1709 intelligentibus
1911 1640 2015 1696 Ju-

303 1712 479 1782 daeis;
508 1730 639 1770 nam
672 1734 705 1772 a
728 1716 971 1774 Domino
997 1719 1176 1778 electa
1206 1732 1343 1779 eral.
1379 1726 1561 1797 Ipsam
1596 1729 1751 1785 enim
1782 1747 2013 1787 crucem

305 1818 470 1857 suam
507 1804 743 1875 signum
795 1806 1102 1867 habiturus
1143 1816 1286 1881 erat,
1316 1815 1501 1884 ipsam
1535 1835 1768 1875 crucem
1803 1820 1872 1875 de
1900 1821 2019 1876 dia-

304 1891 725 1965 bolosuperato
750 1900 1029 1969 tanquam
1049 1904 1329 1973 tropieum
1356 1904 1413 1960 in
1444 1907 1732 1965 frontibus
1757 1910 2015 1967 ﬁdelium

301 1981 623 2050 positurus,
652 1989 715 2040 ut
738 1986 1287 2062 diceretApostolus
1318 2011 1331 2049 :
1361 1994 1489 2051 Mihi
1510 2009 1693 2054 autem
1723 2000 1863 2056 absit
1884 2002 2017 2074 glo-

300 2074 447 2128 riari
476 2077 588 2130 nisi
613 2079 671 2132 in
700 2092 864 2134 cruce
893 2080 1113 2137 Domini
1139 2088 1314 2140 nostri
1338 2089 1469 2144 Jcsu
1504 2089 1726 2157 Christi,
1749 2108 1846 2163 per
1862 2109 2014 2165 quem

298 2165 442 2218 mihi
468 2166 706 2223 mundus
733 2170 1035 2241 cruciﬁxus
1083 2179 1182 2242 est,
1230 2185 1283 2234 et
1326 2194 1423 2248 ego
1462 2182 1663 2239 mundo
1695 2184 1899 2252 (Galat.
1934 2202 2010 2257 vr,

300 2254 413 2324 it).
448 2254 607 2311 Nihil
638 2261 1007 2317 erattuncin
1058 2280 1230 2321 carne
1264 2268 1709 2340 intolerabilius,
1744 2274 1889 2330 nihil
1921 2254 2011 2334 est

299 2359 459 2399 nunc
493 2346 551 2401 in
581 2347 769 2404 fronte
797 2348 1129 2420 gloriosius.
1168 2357 1315 2421 Quid
1345 2361 1709 2419 servatﬁdeli
1746 2381 1875 2433 suo,
1908 2366 2011 2437 qui

293 2433 469 2489 talem
504 2434 779 2493 honorem
803 2440 962 2496 dedit
983 2443 1272 2516 supplicio
1302 2449 1451 2506 suo?
1471 2450 1728 2524 Denique
1758 2433 2009 2511 modo-in

293 2524 482 2593 pmnis
516 2540 744 2582 reorum
782 2545 896 2586 non
928 2538 1013 2588 est
1046 2536 1199 2606 apud
1234 2536 1526 2597 Romanos
1562 2559 1573 2595 :
1602 2544 1869 2600 ubienim
1894 2545 2008 2603 Do-

295 2612 442 2667 mini
470 2630 611 2669 crux
634 2615 917 2675 honorata
947 2625 1053 2688 est,
1087 2629 1356 2696 putatum
1382 2634 1470 2685 est
1490 2634 1640 2701 quoat
1674 2638 1729 2689 et
1752 2650 1886 2693 reus
1910 2636 2009 2697 ho.

294 2887 448 2939 stum
483 2883 890 2956 judicium,ut
938 2899 1136 2964 ageret
1189 2896 1436 2967 justum.
1492 2902 1601 2959 Sed
1644 2905 1705 2961 in
1756 2923 1820 2964 eo
1852 2883 2005 2981 quod

296 2973 537 3044 pertulit
566 2976 872 3050 injustam,
907 2982 1316 3045 misericordia
1349 2992 1473 3047 fuit.
1507 2993 1764 3067 Denique
1795 2973 2004 3057 ita'hu-

295 3062 451 3117 milis
479 3063 665 3121 factus
698 3071 762 3123 ut
790 3070 1010 3128 veniret
1039 3074 1109 3129 ad
1133 3090 1385 3145 crucem,
1409 3062 1884 3155 distulitquidem
1908 3106 2007 3161 po-

299 3152 566 3223 tentiam,
598 3155 699 3212 sed
742 3158 1051 3230 publicavit
1080 3164 1555 3227 misericordiam.
1591 3152 1752 3231 Unde
1783 3152 2007 3237 distulit

300 3243 622 3311 potentiam
647 3242 675 3297 ?
706 3246 849 3312 Quia
878 3248 946 3304 de
976 3266 1147 3309 cruce
1168 3253 1737 3331 noluitdescendere,
1773 3267 1869 3338 qui
1905 3286 2004 3341 po-

300 3329 412 3384 tuit
442 3330 515 3385 de
547 3332 810 3403 sepulcro
825 3352 1142 3411 resurgere.
1172 3341 1333 3401 Unde
1352 3348 1660 3419 publicavit
1683 3329 2006 3413 misericor-

306 3421 508 3477 diam?
537 3423 679 3487 Quia
711 3428 1040 3495 pendensin
1074 3450 1241 3492 cruce
1271 3437 1458 3497 dixit:
1492 3443 1674 3510 Pater,
1707 3447 1921 3515 ignosce
1947 3452 2007 3504 il-

296 3509 386 3576 lis,
424 3514 556 3582 quia
596 3518 847 3573 nesciunt
880 3521 1022 3589 quid
1075 3525 1290 3593 faciunt
1334 3528 1484 3599 (Luc.
1533 3509 1690 3601 xxiii,
1730 3509 1842 3607 St).
1877 3539 2007 3597 Sive

296 3615 435 3671 ergo
470 3609 705 3674 propter
762 3605 889 3675 hoc,
913 3611 1050 3679 quia
1106 3630 1219 3670 non
1278 3626 1513 3676 venerat
1545 3605 1807 3693 judicare
1838 3644 2005 3684 mun-

297 3689 464 3760 dum,
486 3691 587 3745 sed
620 3691 839 3751 salvere
859 3700 1162 3768 mundum,
1185 3702 1344 3774 dixit,
1360 3707 1464 3779 Ego
1486 3689 1797 3783 nonjudico
1817 3733 2011 3787 quem-

295 3795 463 3848 quam
485 3797 502 3833 :
526 3780 646 3836 sive
692 3787 1187 3853 quemadmodum
1237 3780 1704 3869 commemoravi,
1730 3808 2006 3874 quoniam

297 3868 548 3933 dixerat,
588 3871 683 3926 νος
712 3875 1005 3932 secundum
1047 3895 1264 3938 carnem
1304 3885 1588 3958 iudicatis,
1622 3868 1867 3960 addidit,
1901 3899 2007 3970 Ego

295 3971 408 4011 non
440 3956 623 4023 judico
653 3975 994 4034 quemquam,
1024 3971 1086 4022 ut
1123 3967 1518 4043 intelligamus
1565 3956 1866 4040 Christum.
1893 3956 2005 4043 non

298 4046 629 4102 secundum
654 4065 890 4107 carnem
912 4054 1181 4125 judicare
1204 4059 1357 4126 ,sicu
1375 4065 1473 4120 tab
1495 4065 1829 4128 hominibus
1848 4075 2004 4148 judi-

295 4138 466 4191 catus
488 4141 598 4192 est.

369 4228 423 4281 5.
457 4226 605 4283 Nam
656 4235 719 4287 ut
759 4236 1085 4305 agnoscatis
1135 4240 1259 4311 jam
1315 4246 1650 4315 etjudicem
1683 4251 2008 4330 Christum,

296 4315 494 4372 audite
516 4319 667 4389 quod
697 4324 962 4394 sequitur
987 4342 999 4380 :
1031 4329 1095 4383 Et
1116 4332 1165 4384 si
1184 4331 1374 4401 judico
1398 4351 1513 4406 ego,
1533 4340 1799 4408 judicium
1831 4315 2006 4402 mourn

297 4419 485 4459 rerum
517 4417 614 4463 est.
638 4409 781 4467 Ecce
813 4411 992 4469 habes
1020 4423 1077 4471 et
1100 4418 1382 4494 judicem,
1408 4426 1505 4481 sed
1538 4444 1787 4499 agnosce
1817 4435 2006 4492 salva-

297 4498 510 4564 torem,
543 4513 614 4552 ne
645 4499 859 4556 sentias
892 4504 1177 4574 judiccm.
1230 4511 1413 4575 Quare
1453 4498 1648 4575 autem
1680 4522 1818 4577 dixit
1844 4526 2008 4595 judi-

298 4585 455 4640 cium
489 4602 660 4642 suum
685 4606 883 4647 verum
916 4609 1044 4651 esse
1066 4594 1093 4649 ‘i
1115 4600 1251 4661 Quia
1282 4602 1448 4672 solus,
1482 4605 1692 4681 inquit,
1725 4629 1831 4669 non
1863 4632 2004 4685 sum,

292 4674 391 4728 sed
418 4690 518 4743 ego
546 4686 600 4732 et
626 4680 723 4749 qui
749 4683 899 4737 misit
930 4700 1012 4740 me
1041 4686 1231 4743 Pater.
1270 4691 1390 4748 Dixi
1423 4674 1848 4773 vobis,t‘ratres,
1870 4674 2006 4775 quia

294 4762 552 4822 Joannes
583 4765 692 4824 iste
722 4773 1080 4844 evangelista
1100 4784 1340 4836 sanctus
1381 4762 1635 4844 multum
1670 4790 1781 4847 alte
1818 4762 2002 4852 volat:

296 4857 392 4911 vix
415 4862 509 4913 est
555 4875 689 4916 eum
739 4868 932 4921 mente
971 4871 1479 4940 comprehendere.
1524 4878 1862 4951 Mysterium
1906 4904 2005 4943 au-

299 4953 417 5002 tem
449 4946 890 5010 altiusvolantis
913 4972 1060 5029 opus
1083 4964 1169 5015 est
1189 4946 1713 5027 utcommemo-rem
1740 4974 2004 5032 Charita-

296 5040 417 5093 tem
462 5042 732 5095 vestram.
767 5042 835 5097 Et
874 5048 1023 5116 apud
1070 5048 1420 5110 Ezechielem
1464 5060 1827 5132 prophetam,
1860 5074 1909 5122 et
1942 5067 2002 5123 in

292 5126 646 5201 Apocalypsi
672 5130 855 5203 ipsius
875 5135 1140 5207 Joannis,
1174 5142 1340 5211 cujus
1362 5126 1577 5205 esthoc
1602 5156 1999 5229 In‘vangelium,

292 5226 793 5277 commemoratur
825 5225 1036 5281 animal
1080 5232 1458 5304 quadruplex,
1492 5237 1712 5297 habens
1752 5225 2002 5314 quatuor

292 5322 601 5378 personas;
636 5308 911 5384 hominis,
972 5316 1159 5385 vituli,
1203 5320 1407 5395 leonis,
1442 5329 1648 5398 aquila:
1706 5336 1919 5402 (Ezccll.
1956 5354 1993 5403 ι,

287 5386 464 5457 540;
514 5389 675 5461 Apoc.
728 5407 807 5460 ιν,
838 5394 892 5463 6,
925 5396 1001 5468 7).
1056 5398 1163 5463 Qui
1213 5406 1347 5459 ante
1394 5386 1511 5464 nos

289 5480 633 5535 sanctarum
669 5485 937 5553 mysteria
957 5491 1639 5570 tractaverunt,plerique
1671 5500 1724 5557 in
1742 5502 1849 5560 hoc
1874 5507 1995 5561 ani-

294 5568 459 5638 mali,
491 5568 578 5624 vel
606 5571 793 5642 potius
817 5573 872 5630 in
908 5575 998 5634 his
1029 5579 1384 5639 animalibus
1414 5568 1664 5656 quatuor
1692 5592 1994 5668 Evangeli-

1417 241 1879 305 TRAC’l‘ATUS
1928 243 2200 307 XXXVI.
2248 249 2507 314 CAPUT
2557 253 2711 315 Vlll.

3682 274 3839 338 1666

2134 386 2249 472 stas
2298 384 2722 484 intellexerunt.
2775 392 3021 450 Leonem
3073 412 3173 484 pro
3221 417 3352 472 rege
3383 406 3666 479 positum,
3697 429 3839 484 quo-

2133 463 2289 519 niam
2342 467 2570 524 videtur
2619 470 2704 527 leo
2738 489 2833 529 rex
2863 491 2991 532 esse
3024 463 3460 548 quodammodo
3491 463 3835 561 bestiarbm,

2131 558 2366 625 propter
2419 562 2735 627 potentiam
2804 572 2856 618 et
2898 568 3208 624 terribilem
3256 572 3673 634 fortitudinem.
3710 558 3837 638 Hice

2131 656 2379 710 persona
2411 646 2626 701 tributa
2655 656 2742 705 est
2784 651 3075 726 Matthiae,
3110 659 3246 728 quia
3275 661 3330 716 in
3365 667 3835 733 generationibus

2126 731 2356 787 Domini
2388 738 2606 806 regiam
2665 741 2873 797 seriem
2934 752 3278 815 prosecutus
3324 757 3429 821 est,
3463 758 3837 823 quemadmo-

2125 818 2262 875 dum
2294 834 2441 878 esset
2498 824 2782 885 Dominus
2826 849 2925 903 per
2974 835 3215 908 stirpem
3261 842 3480 912 regiam
3513 846 3583 900 de
3614 849 3837 906 semine

2125 913 2300 967 David
2335 915 2507 985 regis.
2540 917 2724 975 Lucas
2757 927 2949 979 autem
2982 929 3262 997 quoniam
3294 934 3465 1002 coepit
3497 954 3529 990 a
3558 941 3836 996 sacerdo-

2125 1000 2204 1053 tio
2262 1002 2548 1060 Zachariae
2598 1012 2935 1081 sacerdotis,
2983 1016 3201 1075 faciens
3252 1024 3610 1083 mentionem
3657 1029 3837 1101 patris

2121 1092 2365 1146 Joannis
2392 1094 2685 1168 Baptistm,
2715 1099 2897 1157 vitulo
2949 1105 3264 1177 deputatus
3289 1116 3414 1182 est;
3451 1116 3587 1188 quia
3619 1092 3835 1191 magna

2124 1178 2357 1236 victima
2404 1184 2618 1241 vitulus
2662 1194 2782 1243 erat
2814 1190 2871 1247 in
2905 1195 3186 1255 sacriﬁcio
3220 1203 3614 1262 sacerdotum.
3642 1207 3832 1267 Marco

2122 1267 2295 1325 homo
2327 1272 2594 1330 Christus
2620 1279 2825 1336 merito
2874 1285 3200 1355 assignatus
3247 1297 3356 1362 est,
3383 1294 3519 1364 quia
3542 1313 3728 1369 neque
3758 1301 3828 1356 de

2121 1360 2280 1430 regia
2328 1366 2611 1432 potestate
2660 1367 2873 1440 aliquid
2936 1374 3097 1443 dixit,
3132 1394 3316 1450 neque
3346 1360 3443 1438 de
3482 1360 3837 1447 sacerdotali

2120 1449 2312 1521 cmpit,
2346 1453 2447 1507 sed
2482 1458 2703 1512 tantum
2738 1458 2807 1513 ab
2839 1459 3075 1519 homine
3107 1449 3333 1525 Christo
3365 1485 3607 1531 exorsus
3635 1482 3742 1532 est.
3766 1480 3830 1533 Ili

2121 1554 2324 1595 omnes
2371 1558 2545 1614 prope
2591 1546 2660 1600 de
2700 1550 2966 1621 terrenis,
2989 1552 3043 1608 id
3102 1561 3192 1611 est
3222 1558 3292 1614 de
3323 1560 3393 1615 iis
3425 1578 3551 1633 quae
3585 1564 3642 1621 in
3674 1571 3828 1625 terra

2124 1631 2303 1699 gessit
2342 1631 2625 1691 Dominus
2670 1642 2867 1695 noster
2893 1643 3062 1700 Jesus
3111 1645 3400 1722 Christus,
3435 1631 3550 1709 non
3574 1670 3831 1715 recesse-

2125 1723 2264 1773 runt
2301 1737 2311 1775 :
2348 1722 2418 1776 de.
2476 1724 2776 1785 divinitate
2810 1732 2937 1800 ejus
2967 1749 3257 1806 perpauca
3295 1738 3474 1798 locuti
3513 1750 3673 1815 sunt,
3709 1754 3835 1804 tan-

2124 1822 2299 1877 quam
2346 1808 2403 1864 in
2457 1816 2604 1869 terra
2636 1831 2766 1872 cum
2800 1817 2898 1874 illo
2930 1823 3322 1885 ambulantes.
3370 1829 3567 1889 Restat
3597 1808 3824 1908 aquila:

2124 1895 2248 1968 ipse
2277 1903 2361 1953 est
2390 1900 2665 1973 Joannes,
2697 1908 3042 1968 sublimium
3079 1917 3439 1986 praedicator,
3472 1926 3531 1979 et.
3560 1895 3708 1982 lucis
3739 1926 3827 1983 in-

2123 1989 2302 2042 terna;
2357 1998 2528 2062 atque
2575 1999 2800 2053 internas
2850 2000 2982 2058 ﬁxis
3020 2005 3202 2062 oculis
3246 2013 3690 2083 contemplator.
3738 2018 3827 2072 Di-

2121 2081 2335 2133 cuntur
2362 2081 2514 2137 enim
2546 2088 2602 2139 et
2628 2086 2766 2156 pulli
2798 2091 3127 2160 aquilarum
3159 2114 3193 2151 a
3224 2081 3560 2169 parentibus
3582 2105 3664 2161 sic
3686 2124 3826 2177 pro-

2119 2165 2268 2230 bari,
2311 2171 2492 2239 patris
2549 2174 2771 2231 scilicet
2821 2195 3009 2249 ungue
3046 2165 3348 2257 suspendi,
3390 2194 3447 2245 et
3478 2192 3655 2249 radiis
3686 2165 3826 2253 solis

2122 2258 2331 2326 opponi
2368 2275 2380 2311 :
2416 2261 2513 2330 qui
2539 2262 2699 2321 ﬁrme
2718 2270 3148 2343 contemplatus
3174 2276 3534 2344 fuerit,ﬁlius
3555 2287 3827 2353 agnosci-

2118 2348 2246 2412 tur;
2277 2347 2322 2401 si
2357 2350 2478 2404 acie
2508 2352 2893 2426 palpitaverit,
2928 2364 3200 2431 tanquam
3233 2347 3691 2426 adulterinus'ab
3725 2390 3829 2431 uu-

2118 2449 2229 2505 gae
2252 2436 2584 2496 dimittitur.
2616 2443 2743 2501 Jam
2778 2462 2913 2519 ergo
2956 2451 3139 2508 videte
3165 2470 3338 2525 quam
3362 2458 3635 2517 sublimia
3665 2461 3825 2536 loqui

2119 2526 2341 2597 debuit,
2369 2529 2465 2599 qui
2519 2539 2607 2588 est
2659 2537 2870 2608 aquilae
2917 2550 3290 2614 comparatus
3324 2553 3419 2602 :et
3450 2526 3824 2610 tamenetiain

2117 2632 2219 2670 nos
2252 2616 2417 2673 humi
2446 2628 2729 2692 repentes,
2755 2626 2972 2685 inﬁrmi
3009 2636 3064 2686 et
3095 2633 3186 2689 vix
3238 2634 3411 2694 ullius
3441 2642 3827 2698 momentiiu-

2114 2709 2200 2761 ter
2231 2706 2506 2779 homines,
2540 2714 2824 2772 audemus
2852 2723 3098 2777 tractare
3121 2722 3253 2793 ista,
3279 2730 3333 2781 et
3358 2727 3470 2784 ista
3500 2744 3817 2802 exponere;

1921 2820 2006 2889 Ῑυ,
2115 2804 2169 2851 et
2201 2801 2474 2868 putamus
2507 2818 2610 2859 nos
2643 2810 2743 2860 aut
2768 2823 2971 2880 capere
2994 2827 3164 2881 posse
3195 2830 3327 2870 cum
3352 2801 3693 2889 cogitamus,
3726 2828 3828 2877 aut

2116 2886 2243 2956 capi
2277 2886 2415 2942 dum
2448 2889 2718 2949 dicimus.

2184 2974 2238 3028 6.
2281 2976 2467 3039 Quare
2515 2980 2626 3037 ista
2683 2984 2842 3041 dixit
2874 2987 3040 3046 Forte
3097 2992 3253 3050 enim
3312 3001 3447 3068 post
3487 2998 3605 3056 haec
3650 3002 3824 3057 verba

2115 3063 2415 3136 quisquam
2451 3068 2593 3125 mihi
2613 3071 2773 3143 juste
2801 3075 2951 3133 dicat
2982 3095 2996 3134 :
3022 3080 3172 3139 Pone
3203 3063 3337 3156 ergo
3360 3088 3639 3147 codicem.
3660 3092 3821 3157 Quod

2114 3157 2681 3219 exceditmensuram
2706 3168 3042 3240 tuam,quid
3059 3174 3241 3229 sumis
3266 3176 3321 3231 in
3356 3194 3592 3247 manum
3613 3185 3772 3238 tuam
3799 3181 3827 3238 ?

2114 3245 2251 3315 quid
2286 3247 2335 3303 ei
2370 3252 2685 3310 committis
2716 3255 2972 3327 linguam
2999 3265 3160 3317 tuam
3184 3265 3212 3317 ‘I
3234 3267 3313 3321 Ad
3340 3265 3448 3323 hoc
3469 3245 3823 3342 respondeo:

2117 3334 2283 3390 Multi
2338 3337 2589 3396 haeretici
2631 3344 2951 3409 abundant,
2987 3352 3042 3404 et
3082 3352 3150 3405 ad
3195 3352 3304 3408 hoc
3334 3371 3431 3412 eos
3462 3334 3615 3414 Deus
3640 3360 3824 3416 abun-

2116 3426 2253 3481 dare
2289 3431 2570 3504 permisit,
2606 3450 2675 3490 ne
2696 3452 2925 3509 semper
2955 3438 3100 3496 lacte
3124 3444 3473 3516 nutriamur,
3493 3454 3548 3505 et
3579 3450 3634 3504 in
3653 3450 3819 3507 bruta

2115 3514 2363 3575 infantia
2402 3537 2823 3583 remaneamus.
2858 3530 3002 3592 Quia
3041 3530 3195 3587 enim
3241 3551 3352 3590 non
3412 3536 3820 3597 intellexerunt

2118 3611 2411 3680 quomodo
2424 3616 2926 3674 commendaretur
2956 3620 3227 3678 divinitas
3247 3622 3479 3696 Christi,
3503 3634 3822 3701 sapuerunt

2116 3697 2269 3753 sicut
2296 3699 2604 3759 voluerunt
2637 3720 2651 3761 :
2677 3721 2789 3762 non
2822 3712 3019 3765 autem
3052 3715 3205 3767 recte
3226 3713 3526 3786 sapiendo,
3549 3719 3822 3777 ﬁdelibus

2116 3786 2411 3845 catholicis
2434 3792 2781 3861 quaestiones
2821 3797 3271 3859 molestissimas
3303 3803 3635 3865 intulerunt
3664 3828 3679 3877 ;
3712 3826 3823 3865 coe-

2117 3884 2320 3948 perunt
2348 3881 2623 3951 exagitari
2652 3888 2709 3940 et
2732 3885 3013 3945 ﬂuctuare
3035 3891 3211 3947 corda
3237 3893 3652 3954 ﬁdeliumJam
3680 3903 3821 3957 tunc

2117 3968 2428 4026 necessitas
2463 3970 2614 4029 facta
2642 3978 2731 4030 est
2748 3976 3152 4047 spiritualibus
3174 3981 3335 4051 viris,
3369 3985 3469 4057 qui
3496 3986 3715 4061 aliquid
3731 4006 3821 4046 se-

2115 4058 2374 4113 cundum
2406 4059 2764 4120 divinitatem
2797 4065 3027 4125 Domini
3054 4071 3234 4127 nostri
3262 4076 3399 4131 Jesu
3432 4058 3670 4150 Christi,
3704 4096 3818 4137 non

2116 4147 2304 4205 solum
2339 4149 2594 4223 legerant
2624 4154 2683 4211 in
2714 4156 3045 4231 Evangelia,
3074 4163 3170 4218 sed
3193 4164 3369 4220 etiam
3394 4147 3820 4241 intellexerant,

2116 4241 2180 4292 ut
2208 4243 2411 4295 contra
2439 4259 2599 4299 arma
2628 4244 2844 4302 diaboli
2868 4248 3081 4305 Christi
3111 4267 3275 4308 arma
3298 4253 3619 4323 proferrent
3641 4273 3654 4311 :
3676 4257 3822 4313 etde

2114 4327 2321 4385 Christi
2356 4330 2660 4388 divinitate
2691 4334 2969 4393 adversus
3010 4337 3188 4395 falsos
3236 4339 3586 4414 fallacesque
3620 4345 3819 4404 docto-

2116 4435 2227 4490 res,
2262 4422 2495 4491 quantis
2544 4429 2784 4494 possent
2823 4427 3065 4495 viribus,
3113 4430 3485 4500 apertissima
3516 4434 3818 4494 conﬂicta-

2113 4510 2273 4565 tione
2305 4516 2665 4582 pugnarent:
2693 4529 2765 4569 ne
2798 4530 2930 4572 cum
2959 4514 3074 4587 ipsi
3107 4522 3380 4589 tacerent,
3412 4519 3514 4578 alii
3544 4524 3817 4596 perirent.

2114 4598 2479 4672 Quicumque
2500 4600 2654 4657 enim
2670 4607 2978 4660 senserunt
2999 4604 3313 4663 Dominum
3329 4618 3590 4669 nostrum
3612 4613 3817 4672 Jesum

2113 4686 2430 4757 Christum,
2464 4690 2810 4749 autdiversle
2826 4694 3167 4752 substantiae
3181 4712 3309 4754 esse
3330 4715 3507 4771 quam
3528 4703 3692 4761 Pater
3709 4711 3819 4773 est,

2112 4783 2212 4836 aut
2241 4784 2467 4838 tantum
2527 4798 2653 4841 esse
2686 4784 2980 4843 Christum
3021 4789 3236 4860 solum,
3269 4795 3333 4847 ut
3373 4793 3497 4866 ipse
3523 4794 3600 4851 sit
3632 4797 3815 4865 Pater,

2112 4870 2236 4943 ipse
2267 4871 2341 4928 sit
2365 4872 2564 4941 Filius,
2597 4875 2722 4948 ipse
2751 4877 2824 4933 sit
2854 4877 3105 4949 Spiritus
3149 4885 3391 4938 sanctus
3426 4886 3818 4957 :quicumque

2111 4964 2282 5019 etiam
2315 4965 2534 5021 sentire
2554 4966 2864 5024 voluerunt
2917 4968 3209 5026 hominem
3246 4970 3425 5028 fuisse
3457 4971 3670 5042 solum,
3697 4990 3815 5030 non

2110 5052 2294 5110 Deum
2327 5055 2544 5113 factum
2576 5056 2895 5129 hominem,
2930 5064 3032 5116 aut
3060 5060 3141 5116 ita
3158 5061 3335 5116 Deum
3363 5065 3424 5118 ut
3453 5063 3511 5119 in
3544 5079 3646 5120 sua
3670 5064 3811 5122 divi-

2110 5146 2290 5203 nitate
2312 5149 2673 5219 mutabilem,
2705 5156 2803 5206 aut
2836 5150 2915 5207 ita
2944 5149 3122 5207 Deum
3155 5156 3220 5207 ut
3248 5167 3364 5208 non
3392 5156 3449 5208 et
3480 5152 3810 5225 hominem;

2104 5254 2136 5294 a
2177 5238 2289 5295 (ide
2336 5239 2844 5311 naufragaverunt,
2879 5241 3026 5296 etde
3074 5245 3238 5313 portu
3272 5241 3537 5299 Ecclesia:
3574 5245 3813 5320 projeotl

2106 5334 2267 5394 sunt,
2287 5344 2358 5384 ne
2378 5328 2781 5398 inquietudine
2803 5345 2910 5385 sua
2934 5346 3105 5385 naves
3122 5346 3320 5386 secum
3345 5332 3566 5403 positas
3588 5334 3809 5409 frange-

2106 5423 2252 5474 rent.
2286 5420 2421 5483 Quaa
2452 5434 2544 5475 res
2576 5419 2760 5491 coegit
2788 5423 2850 5474 ut
2895 5419 3068 5477 etiam
3116 5438 3222 5478 nos
3251 5422 3503 5493 minimi,
3534 5431 3591 5483 et
3627 5443 3810 5500 quan.

2104 5496 2228 5564 tum
2253 5510 2323 5563 ad
2345 5507 2705 5581 nospertinet
2719 5525 2955 5580 prorsus
2972 5496 3715 5584 indigni,quantumautem
3733 5523 3804 5578 ad

2104 5598 2263 5655 illius
2296 5598 2751 5656 misericordiam
2782 5598 2841 5656 in
2863 5599 3058 5672 aliquo
3078 5602 3541 5676 dispensatorum
3558 5609 3805 5681 ejusnu-
