4126 6194
351 265 427 324 16
1308 269 1382 328 1N
1428 267 1752 331 JOANNIS
1801 269 2325 342 EVANGELIUM,
2378 271 2437 331 S.
2487 272 2908 334 AUGUSTINI

348 416 505 455 mero
528 402 845 469 constituti,
881 420 992 459 non
1028 404 1185 459 Vobis
1218 410 1512 462 taceamus
1546 408 1695 477 quod
1724 411 1824 460 aut
1849 405 2051 460 intelli-

347 490 522 560 gatis,
548 508 882 565 mecumque
904 497 1206 567 gaudeatis
1231 503 1363 564 ;aut
1384 499 1431 552 si
1455 497 1774 569 intelligere
1790 499 2047 552 nondum

344 581 576 650 valetis,
612 584 900 641 credendo
933 586 1122 641 securi
1167 588 1223 642 in
1259 596 1425 657 portu
1458 588 1762 643 maneatis.

433 682 489 731 7.
522 675 717 733 Dicam
751 692 885 747 ergo
916 694 929 745 ;
959 677 1149 748 capiat
1178 676 1277 748 qui
1329 681 1536 748 potest,
1569 678 1764 733 credat
1793 676 1887 745 qui
1934 693 2047 732 non

346 779 787 849 potestztamen
831 769 1020 821 dicam
1050 768 1203 837 quod
1262 767 1343 821 ait
1372 766 1669 827 Dominus,
1709 768 1811 821 Vos
1856 782 2047 821 secun.

343 867 472 919 dum
495 856 1028 926 cornemjudicatis;
1075 870 1170 924 ego
1218 870 1322 909 non
1367 855 1554 925 judico
1577 853 2050 926 quemquam,aut

347 953 536 1014 modo,
561 954 662 1002 aut
690 946 1008 1000 secundum
1036 958 1286 996 carnem.
1307 941 1410 997 Sed
1439 945 1490 996 et
1531 945 1579 995 si
1607 957 1699 1013 ego
1728 942 1935 1012 judico,
1964 944 2046 1010 ju-

342 1040 550 1095 dicium
580 1049 760 1089 meum
781 1048 967 1087 verum
997 1041 1093 1085 est.
1123 1031 1613 1100 Quarejudicium
1648 1038 1813 1086 tuum
1846 1048 2045 1087 verum

342 1136 428 1185 est
460 1129 488 1183 εἶ
509 1128 649 1195 Quia
677 1128 824 1184 solus
863 1140 973 1179 non
1011 1138 1153 1188 sum,
1183 1121 1396 1193 inquit,
1426 1121 1516 1177 sed
1557 1136 1653 1190 ego
1682 1128 1732 1177 et
1764 1121 1861 1193 qui
1903 1122 2047 1177 misit

340 1231 423 1270 me
446 1217 630 1269 Pater.
663 1212 807 1280 Quid
867 1225 1025 1278 ergo,
1069 1207 1311 1263 Domine
1356 1205 1543 1261 Jesu?
1580 1206 1636 1260 Si
1672 1206 1832 1262 solus
1861 1222 2043 1274 esses,

340 1303 555 1358 falsum
590 1310 741 1357 esset
766 1299 1053 1369 judicium
1112 1302 1319 1361 tuum;
1351 1301 1405 1349 et
1427 1294 1555 1349 ideo
1572 1295 2044 1364 verumjudicas,

338 1394 481 1463 quia
514 1392 676 1446 solus
701 1406 815 1444 non
842 1405 923 1453 es,
946 1387 1045 1441 sed
1080 1388 1137 1440 tu
1170 1394 1222 1439 et
1254 1385 1353 1455 qui
1387 1392 1439 1438 te
1471 1383 1631 1438 misit
1662 1383 1870 1438 Pater?
1898 1384 2041 1447 Quid

334 1496 723 1552 responsurus
754 1475 930 1533 sum?
965 1476 1094 1546 Ipse
1140 1474 1477 1546 respondeat
1508 1489 1520 1527 :
1557 1473 1784 1528 Verbum
1823 1480 1922 1539 est,
1954 1473 2040 1528 in-

334 1570 482 1641 quit,
507 1569 783 1641 judicium
804 1582 1004 1621 meum.
1030 1564 1265 1628 Quare?
1299 1564 1434 1631 Quia
1464 1563 1609 1619 solus
1645 1579 1753 1618 non
1790 1579 1928 1628 sum,
1951 1564 2043 1617 sed

327 1676 424 1729 ego
455 1668 506 1716 et
538 1661 630 1731 qui
650 1661 800 1713 misit
842 1671 924 1711 me
954 1656 1146 1711 Pater.
1180 1655 1240 1709 Si
1290 1659 1479 1709 tecum
1529 1659 1635 1721 est,
1666 1654 1955 1723 quomodo
1988 1659 2041 1708 te

331 1748 547 1804 misit?
572 1748 637 1802 Et
660 1752 716 1802 te
746 1745 925 1813 misit,
957 1750 1014 1800 et
1043 1749 1233 1799 tecum
1265 1741 1394 1799 est?
1429 1744 1584 1798 itane
1604 1747 1661 1797 et
1692 1743 1909 1798 missus
1924 1758 2037 1798 non

332 1838 672 1896 recessisti?
700 1838 859 1892 Itane
917 1845 970 1891 et
1021 1836 1090 1889 ad
1140 1850 1245 1889 nos
1271 1834 1497 1900 venisti,
1531 1838 1587 1889 et
1617 1832 1695 1887 ibi
1732 1832 2039 1888 mansisti?

335 1928 639 1994 Quomodo
673 1927 829 1982 istud
860 1922 1160 1981 creditur?
1190 1923 1481 1995 quomodo
1512 1923 1739 1993 capitur
1758 1921 1785 1977 ?
1813 1924 1889 1978 Ad
1917 1922 2038 1979 haec

337 2020 453 2074 duo
482 2017 809 2088 respondeo
844 2032 857 2069 :
891 2015 1189 2080 Quomodo
1227 2014 1473 2083 capitur,
1506 2018 1658 2068 recte
1688 2013 1861 2081 dicis;
1895 2028 2036 2083 quo-

326 2109 498 2165 modo
528 2107 802 2175 creditur,
836 2122 947 2160 non
990 2109 1142 2160 recte
1183 2102 1349 2158 dicis.
1384 2104 1507 2159 imo
1532 2103 1657 2157 ideo
1690 2102 1835 2158 bene
1858 2102 2036 2157 credi-

324 2205 435 2266 tur,
469 2196 606 2267 quia
663 2213 776 2251 non
836 2195 949 2249 cito
1008 2192 1230 2263 capitur
1263 2208 1276 2246 ι
1312 2209 1445 2248 nam
1495 2192 1540 2248 si
1572 2192 1684 2248 cito
1707 2198 2032 2264 caperetur,

323 2304 436 2343 non
468 2304 616 2357 opus
640 2291 762 2341 erat
794 2291 856 2338 ut
884 2285 1213 2341 crederetur
1239 2303 1254 2349 ;
1277 2284 1410 2353 quia
1436 2283 1742 2338 videretur.
1767 2282 1895 2337 Ideo
1919 2300 2034 2339 cre-

323 2379 431 2445 dis,
464 2377 599 2448 quia
632 2393 741 2432 non
773 2375 935 2447 capis
968 2398 982 2441 ;
1015 2376 1113 2429 sed
1148 2374 1433 2429 credendo
1471 2373 1539 2427 {is
1570 2372 1814 2428 idoneus
1847 2378 2034 2429 utca—

325 2466 469 2537 pias.
505 2465 648 2519 Nam
674 2464 857 2519 sinon
896 2462 1106 2527 credis,
1144 2478 1440 2532 nunquam
1488 2462 1718 2532 capies;
1755 2466 1888 2532 quia
1921 2463 2027 2516 mi~

326 2573 436 2609 nus
470 2555 714 2609 idoneus
744 2550 1092 2607 remanebis.
1121 2550 1287 2606 Fides
1318 2567 1451 2620 ergo
1481 2552 1725 2605 mandet
1756 2556 1828 2617 te,
1855 2556 1918 2605 ut
1945 2552 2029 2606 iu-

322 2642 583 2696 tellectus
641 2642 880 2712 impleat
956 2645 1027 2698 te.
1082 2640 1269 2693 Verum
1341 2649 1444 2702 est,
1496 2640 1703 2709 inquit,
1754 2639 2026 2709 judicium

325 2747 539 2795 meum;
568 2731 699 2800 quia
722 2729 865 2784 solus
888 2744 993 2783 nou
1016 2727 1265 2795 sum,sed
1293 2743 1389 2797 ego
1427 2737 1479 2782 et
1508 2730 1603 2798 qui
1624 2729 1770 2782 misit
1800 2744 1884 2783 me
1920 2730 2024 2785 Pa-

326 2825 429 2875 ter.
467 2819 631 2889 Ergo,
665 2817 908 2873 Domine
948 2822 1097 2871 Deus
1154 2820 1346 2871 noster
1373 2816 1509 2873 Jesu
1542 2818 1789 2885 Christe,
1825 2819 2025 2875 missio

325 2915 422 2964 tua
446 2908 764 2965 incarnatio
786 2913 887 2963 tua
907 2906 1397 2976 est.Sicvideo,sic
1420 2906 1709 2978 intelligo:
1737 2912 2024 2977 postremo

318 3000 403 3054 sic
433 2998 622 3062 credo,
646 3014 716 3052 ne
736 2999 1073 3062 arrogantiae
1099 2997 1178 3051 sit
1207 2995 1413 3060 dicere,
1434 2996 1525 3050 Sic
1549 2996 1828 3069 intelligo.
1850 2997 2025 3054 Pror—

315 3104 414 3144 sus
446 3093 504 3143 et
535 3087 628 3143 hic
648 3093 734 3142 est
765 3088 1042 3141 Dominus
1075 3091 1270 3141 noster
1296 3085 1469 3142 Jesus
1491 3086 1763 3142 Cliistus:
1799 3089 1913 3144 imo
1932 3089 2023 3145 hic

316 3184 439 3233 erat
469 3177 795 3232 secundum
817 3191 1075 3244 carnem,
1100 3175 1268 3231 modo
1289 3174 1383 3229 hic
1405 3182 1493 3230 est
1527 3178 1848 3232 secundum
1875 3176 2026 3234 divi-

312 3268 551 3322 nitatem
588 3283 600 3320 :
629 3273 686 3322 et
725 3282 857 3322 cum
891 3268 1059 3322 Patre
1108 3272 1254 3334 erat,
1284 3270 1340 3321 et
1369 3285 1397 3320 ει
1432 3267 1595 3321 Patre
1630 3282 1741 3322 non
1770 3284 2024 3323 recesse—

311 3362 418 3413 rat.
455 3358 615 3422 Quod
638 3372 773 3428 ergo
796 3356 1008 3412 dicitur
1034 3357 1247 3411 missus
1271 3356 1496 3412 venisse
1519 3356 1588 3411 ad
1614 3373 1738 3425 nos,
1762 3357 2025 3413 incarna-

307 3444 390 3499 tio
440 3444 626 3514 ipsius
674 3444 1117 3499 commendatur
1162 3445 1321 3515 ,quia
1369 3448 1537 3499 Pater
1582 3460 1691 3499 non
1735 3451 1823 3499 est
1866 3444 2024 3502 incar

309 3543 500 3591 natus.

268 3691 275 3702 ,
375 3636 428 3689 8.
463 3633 608 3690 Nam
640 3633 953 3690 Sabelliani
983 3635 1122 3689 dicti
1173 3638 1312 3689 sunt
1344 3632 1582 3706 quidam
1613 3632 1890 3702 haeretici,
1918 3634 2017 3705 qui

302 3731 583 3777 vocantur
612 3730 668 3776 et
698 3722 1140 3792 Patripassiani,
1176 3722 1277 3793 qui
1325 3723 1528 3776 dicunt
1575 3722 1766 3793 ipsum
1793 3722 2016 3778 Patrem

300 3826 538 3879 passum
571 3810 775 3865 fuisse.
812 3810 938 3867 Noli
972 3818 1055 3879 tu,
1080 3811 1361 3866 catholica
1392 3827 1405 3865 :
1445 3812 1494 3865 si
1525 3812 1679 3866 enim
1711 3812 1893 3867 tueris
1923 3828 2017 3882 pa-

300 3901 718 3969 tripassianus,
742 3918 856 3957 non
871 3904 983 3957 eris
1007 3919 1205 3957 sanus.
1240 3903 1382 3971 Ergo
1401 3901 1661 3973 intelligo
1678 3904 2013 3958 missionem

303 3988 428 4043 Filii
458 3990 820 4044 nominatam
862 3990 1311 4046 incarnationem
1345 3990 1475 4047 Filii
1508 4008 1520 4044 :
1564 3992 1788 4046 Patrem
1820 4001 2013 4046 autem

297 4079 665 4132 incarnatum
697 4095 825 4133 esse
873 4094 985 4134 non
1038 4081 1381 4145 credas,sed
1430 4099 1460 4134 a
1511 4080 1653 4134 Filio
1713 4082 2013 4136 incarnato

298 4168 519 4222 Patrem
552 4168 866 4223 recessisse
899 4185 1010 4224 non
1046 4169 1267 4224 credas.
1305 4170 1405 4224 Ille
1452 4185 1684 4223 carnem
1721 4170 2004 4240 portabat,

292 4253 394 4310 ille
426 4272 559 4311 cum
591 4256 735 4312 Filio
768 4269 913 4313 erat.
949 4257 1005 4311 Si
1027 4256 1085 4311 iu
1118 4259 1258 4313 coelo
1291 4258 1477 4325 Pater,
1514 4258 1569 4311 in
1602 4262 1753 4312 terra
1785 4256 1999 4327 Filius;

293 4347 584 4414 quomodo
615 4346 779 4401 Pater
800 4362 933 4402 cum
972 4346 1111 4402 Filio
1125 4356 1243 4402 erat
1264 4346 1292 4400 ?
1313 4347 1457 4412 Quia
1486 4351 1543 4402 et
1566 4350 1733 4402 Pater
1754 4346 2001 4402 etFilius

291 4437 505 4504 ubique
534 4440 700 4490 erant
728 4452 741 4489 :
777 4454 887 4493 non
924 4438 1079 4493 enim
1107 4439 1164 4492 iu
1186 4438 1331 4493 cmlo
1360 4438 1445 4493 sic
1467 4441 1555 4492 est
1589 4437 1757 4502 Deus,
1794 4440 1854 4491 ut
1884 4453 2000 4492 non

287 4523 367 4577 sit
399 4526 454 4578 in
488 4530 658 4580 terra.
693 4526 846 4581 Audi
904 4526 1069 4583 illum
1102 4528 1202 4597 qui
1238 4527 1466 4582 volebat
1489 4526 1687 4597 fugere
1709 4525 1999 4596 judicium

285 4610 409 4677 Dei,
442 4622 493 4668 et
527 4629 641 4667 non
690 4615 1021 4669 inveniebat
1048 4634 1163 4686 qua
1194 4632 1206 4669 :
1245 4616 1359 4683 Quo
1381 4615 1559 4684 abibo,
1595 4615 1804 4686 inquit,
1836 4633 1870 4671 a
1897 4617 1998 4685 spi-

284 4698 400 4754 rilu
427 4704 541 4767 tuo,
572 4708 621 4757 et
652 4720 686 4757 a
705 4705 849 4772 [acie
880 4711 979 4760 tua
1007 4721 1111 4776 quo
1138 4706 1357 4776 fugiam
1375 4708 1403 4759 ?
1430 4707 1489 4759 Si
1505 4707 1998 4761 ascenderoincre-

283 4789 421 4857 tum,
454 4793 514 4844 tu
538 4790 616 4845 ibi
635 4808 707 4847 es.
746 4794 823 4847 De
847 4798 997 4849 terra
1026 4801 1148 4849 erat
1168 4796 1407 4865 quaestio
1444 4811 1458 4861 ;
1483 4795 1616 4849 audi
1644 4796 1775 4864 quid
1813 4796 1997 4865 sequi-

284 4885 382 4935 tur
416 4898 427 4934 :
461 4880 524 4935 Si
553 4881 879 4939 descendero
903 4884 977 4938 ad
1024 4887 1326 4955 infernum,
1357 4884 1481 4939 ades
1518 4884 1689 4955 (Psul.
1723 4900 1987 4956 cxxxvm,

281 4971 340 5037 7,
371 4971 447 5042 8).
482 4971 539 5026 Si
573 4987 709 5043 ergo
732 4978 789 5028 et
808 4974 862 5028 in
888 4974 1113 5029 inferno
1136 4974 1345 5028 dicitur
1366 4977 1518 5043 quod
1544 4974 1716 5041 adsit,
1741 4974 1881 5044 quid
1906 4991 1991 5029 re-

281 5076 414 5114 rum
451 5065 713 5117 remanet
744 5063 837 5118 ubi
870 5079 983 5118 non
1008 5060 1126 5118 sit?
1150 5060 1268 5117 Vox
1290 5062 1444 5117 enim
1466 5062 1563 5117 Dei
1581 5063 1984 5133 estapudpro-

282 5146 539 5217 phetam,
572 5151 771 5207 Caelum
798 5158 850 5207 et
882 5160 1082 5207 terram
1111 5167 1205 5223 ego
1227 5150 1425 5222 impleo
1456 5152 1679 5223 (Jerem.
1700 5150 1983 5220 xxni,24).

282 5234 508 5307 Ubique
539 5255 675 5311 ergo
705 5250 811 5307 est,
846 5243 947 5315 qui
989 5240 1451 5297 nulloclauditur
1482 5242 1627 5297 loco.
1647 5239 1773 5295 Noli
1794 5240 1863 5295 ab
1885 5241 1985 5297 illo

282 5327 483 5393 averti,
518 5335 574 5383 et
607 5338 798 5388 tecum
858 5338 964 5388 est.
1015 5332 1074 5387 Si
1127 5332 1212 5388 vis
1245 5333 1314 5387 ad
1349 5348 1480 5387 eum
1515 5330 1832 5403 pervenire,
1867 5331 1984 5387 noli

282 5412 448 5483 piger
471 5430 596 5472 esse
626 5436 823 5477 amare
854 5438 868 5476 :
905 5440 1017 5479 non
1060 5421 1216 5479 enim
1249 5422 1514 5493 pedibus,
1549 5420 1651 5477 sed
1681 5420 1985 5478 affectibus

283 5500 495 5557 curris.
530 5503 652 5561 Uno
712 5508 836 5566 loco
884 5528 1128 5569 manens
1166 5512 1354 5578 venis,
1386 5511 1432 5566 si
1464 5512 1651 5568 credis
1678 5519 1733 5566 et
1761 5509 1979 5583 diligis.

285 5593 432 5665 Ergo
490 5594 707 5665 ubique
761 5605 849 5653 est
876 5615 889 5653 :
915 5600 963 5655 si
997 5601 1205 5672 ubique
1225 5604 1333 5666 est,
1361 5602 1653 5671 quomodo
1683 5614 1815 5657 cum
1838 5599 1982 5657 Filio

3721 273 3874 333 1668

2162 423 2275 461 nou
2310 408 2441 461 e:t'.’
2496 409 2651 463 itane
2694 425 2823 464 cum
2879 408 3015 463 Fiiio
3070 425 3181 463 non
3216 414 3320 477 est,
3356 410 3473 480 qui,
3509 409 3555 464 si
3594 412 3771 477 credi,
3815 419 3873 465 et

2160 501 2350 549 tecum
2387 503 2471 552 est
2489 498 2516 551 ?

2229 587 2281 640 9.
2318 585 2480 643 Unde
2501 604 2637 659 ergo
2660 604 2858 645 verum
2880 594 2960 643 est
2978 588 3269 658 judicium
3302 590 3447 660 ejus,
3473 590 3584 645 nisi
3610 592 3749 664 quia
3776 608 3870 645 Ve-

2155 681 2258 721 rus
2314 667 2632 723 estFilius?
2664 668 2779 724 Hoc
2823 668 2977 724 enim
3024 669 3189 737 dixit,
3226 670 3287 725 Et
3324 671 3374 725 si
3400 670 3611 743 judico,
3647 689 3868 737 verum,

2155 764 2231 810 est
2249 756 2525 826 judicium
2564 776 2745 815 meum
2765 778 2785 823 ;
2809 764 2935 832 quia
2964 762 3110 818 solus
3138 778 3245 819 non
3276 782 3418 832 sum,
3441 767 3533 820 sed
3561 782 3657 835 ego
3694 772 3743 823 et
3766 770 3867 838 qui

2155 845 2311 901 misit
2331 863 2417 904 me
2447 850 2626 904 Pater.
2659 854 2957 921 Tanquam
2993 852 3224 919 diceret,
3257 856 3447 909 Verum
3481 863 3558 911 cst
3578 856 3861 927 judicium

2155 950 2359 1005 τηουγη,
2393 939 2532 1009 quia
2561 939 2744 995 Filius
2776 940 2876 995 Dei
2908 958 3063 996 sum.
3090 941 3249 999 Unde
3275 946 3484 1015 probas
3517 947 3655 1016 quia
3680 948 3865 1003 Filius

2153 1024 2257 1080 Dei
2288 1026 2563 1093 es?Quia
2606 1030 2753 1085 solus
2800 1047 2905 1086 non
2956 1047 3095 1099 sum,
3129 1033 3220 1087 sed
3256 1051 3356 1104 ego
3395 1040 3445 1090 et
3476 1037 3573 1107 qui
3602 1037 3749 1091 misit
3782 1054 3870 1093 me

2155 1115 2341 1172 Pater.
2385 1116 2687 1187 Erubesce,
2721 1120 3069 1182 Sabelliane.
3104 1123 3274 1178 audis
3306 1122 3539 1191 Filium,
3564 1127 3731 1180 audis
3766 1127 3870 1181 Pa-

2156 1209 2324 1260 trem.
2360 1206 2544 1275 Pater,
2579 1207 2745 1264 Pater
2783 1215 2908 1277 est;
2960 1211 3154 1279 Filius,
3201 1212 3381 1268 Filius
3406 1219 3513 1270 est.
3549 1217 3671 1270 Non
3699 1216 3870 1285 dixit,

2155 1294 2273 1365 Ego
2330 1313 2461 1351 sum
2524 1301 2706 1367 Pater,
2746 1303 2802 1353 et
2842 1316 2947 1371 ego
2989 1301 3110 1371 ipse
3152 1318 3283 1358 sum
3317 1302 3535 1371 Filius;
3568 1306 3687 1369 sed,
3716 1307 3866 1361 salus

2152 1399 2263 1437 non
2310 1401 2454 1453 sum,
2484 1386 2686 1457 inquit.
2739 1388 2925 1452 Quare
2956 1388 3116 1445 solus
3174 1408 3289 1447 non
3334 1393 3596 1459 es?Quia
3633 1412 3862 1453 mecum

2153 1478 2237 1527 est
2266 1473 2454 1529 Pater.
2488 1476 2597 1545 Ego
2627 1491 2768 1541 sum,
2791 1482 2843 1533 et
2882 1478 3147 1550 quimisit
3175 1496 3259 1535 mc
3293 1484 3459 1535 Patrr
3488 1498 3505 1536 :
3539 1483 3727 1548 audis,
3752 1484 3862 1555 Ego

2151 1578 2293 1629 sum,
2326 1572 2375 1617 et
2414 1563 2514 1634 qui
2543 1580 2631 1618 me
2659 1567 2830 1620 misit.
2868 1567 2944 1622 Ne
2977 1569 3185 1638 perdas
3210 1584 3531 1638 personam,
3560 1569 3861 1644 distingue

2152 1667 2451 1721 personas.
2488 1652 2788 1724 Distingue
2820 1654 3224 1727 intelligentia,
3250 1656 3363 1711 noli
3399 1676 3669 1729 separare
3691 1663 3860 1731 perfi-

2151 1740 2247 1796 dia
2270 1759 2285 1808 ;
2308 1758 2377 1795 ue
2410 1744 2615 1797 iterum
2649 1745 2813 1813 quasi
2854 1746 3077 1817 fugiens
3126 1746 3495 1818 Charybdim,
3521 1749 3578 1803 in
3603 1750 3855 1819 Scyllam

2151 1830 2440 1887 iucurras.
2470 1831 2721 1888 Vorabat
2749 1833 2905 1889 enim
2939 1842 3221 1906 tegurges
3246 1836 3319 1890 im
3334 1836 3859 1907 pietatisSabellia-

2148 1938 2381 1989 norum,
2417 1929 2480 1977 ut
2509 1925 2729 1980 diceres
2758 1925 2948 1996 ipsum
2983 1942 3108 1981 esse
3131 1928 3352 1982 Patrem
3378 1929 3475 2000 qui
3507 1936 3595 1985 est
3628 1931 3851 1989 Filius:

2150 2013 2319 2068 modo
2350 2013 2624 2083 didicisti,
2649 2013 2806 2069 Solus
2828 2031 2935 2071 non
2955 2018 3200 2083 sam,sed
3236 2033 3331 2085 ego
3362 2024 3413 2073 et
3444 2021 3541 2090 qui
3574 2020 3724 2076 misit
3766 2038 3855 2078 me

2145 2104 2333 2158 Pater.
2379 2105 2654 2174 Agnoscis
2686 2105 2825 2174 quia
2846 2105 3032 2171 Pater,
3066 2106 3231 2161 Pater
3274 2113 3392 2174 est;
3426 2114 3480 2164 et
3514 2110 3712 2179 Filius,
3743 2111 3851 2167 Fi-

2142 2191 2256 2247 lius
2285 2194 2394 2248 est.
2429 2193 2575 2248 Bene
2609 2196 2877 2265 agnoscis
2904 2211 2917 2248 :
2943 2194 3044 2251 sed
3076 2196 3189 2251 noli
3222 2197 3433 2264 dicere,
3470 2199 3632 2254 Pater
3668 2202 3860 2272 major

2142 2287 2251 2349 est,
2280 2279 2457 2337 Filius
2503 2282 2692 2337 minor
2745 2286 2871 2349 est;
2900 2283 3015 2339 noli
3056 2284 3267 2354 dicere,
3302 2290 3464 2341 Pater
3497 2305 3705 2345 aurum
3740 2298 3856 2359 est,

2143 2371 2319 2428 Filius
2344 2378 2652 2446 argentum
2674 2373 2922 2430 est.Una
2941 2375 3272 2431 substantia
3291 2381 3523 2445 est,una
3553 2380 3854 2451 divinitas,

2143 2480 2259 2517 una
2307 2465 2693 2532 coaeternitas,
2742 2464 2995 2535 perfecta
3050 2466 3376 2536 aequalitas,
3427 2468 3853 2527 dissimilitudo

2139 2551 2315 2607 nulla.
2352 2556 2487 2607 Nam
2554 2552 2598 2608 si
2642 2556 3047 2609 tantummodo
3071 2556 3315 2610 alterum
3374 2559 3684 2614 credideris
3717 2576 3851 2617 esse

2137 2644 2455 2712 Christum,
2489 2660 2603 2699 non
2627 2660 2758 2699 eum
2791 2646 2883 2714 qui
2924 2645 3087 2700 Pater
3108 2650 3212 2713 est,
3246 2646 3301 2700 in
3328 2648 3522 2719 aliquo
3554 2653 3745 2706 tamen
3764 2653 3849 2708 di-

2134 2738 2384 2787 stantem
2426 2734 2747 2788 secundum
2811 2738 3069 2788 naturam
3112 2751 3236 2791 esse
3275 2739 3600 2806 putaveris;
3632 2756 3664 2793 a
3694 2740 3851 2795 Cha-

2136 2824 2296 2894 rybdi
2348 2823 2581 2894 quidem
2628 2823 2878 2887 evasisti,
2914 2824 3013 2878 sed
3050 2824 3106 2879 in
3139 2825 3394 2897 Scyllaeis
3417 2828 3666 2899 scopulis
3689 2847 3843 2885 nau-

2137 2913 2393 2984 fragasti.
2430 2914 2490 2967 In
2528 2913 2713 2968 inedio
2746 2912 2972 2983 naviga,
3002 2918 3310 2985 utrumque
3344 2917 3730 2986 periculosum
3766 2921 3853 2973 la-

2135 3007 2231 3057 tus
2289 3002 2459 3058 evita.
2518 3003 2709 3063 Pater,
2761 3003 2924 3057 Pater
2955 3008 3077 3071 est;
3116 3003 3313 3073 Filius,
3349 3005 3531 3062 Filius
3572 3014 3673 3065 est.
3709 3009 3842 3066 Jam

2134 3090 2296 3156 dicis,
2332 3090 2515 3158 Pater,
2559 3090 2727 3146 Pater
2773 3098 2897 3158 est;
2937 3092 3134 3159 Filius,
3175 3093 3349 3148 Filius
3390 3100 3479 3150 est
3512 3113 3525 3150 :
3563 3098 3706 3153 bene
3739 3115 3847 3170 ρη-

2136 3180 2380 3235 riculuiu
2432 3181 2797 3235 absorbentis
2847 3182 3096 3251 gurgitis
3155 3184 3425 3252 evasisti;
3460 3187 3591 3255 quid
3642 3187 3727 3242 vis
3757 3189 3846 3244 ire

2134 3268 2189 3322 in
2226 3273 2465 3322 alteram
2493 3274 2732 3337 partem,
2770 3273 2829 3321 ut
2874 3266 3057 3335 dicas,
3090 3268 3257 3323 Aliud
3308 3280 3390 3325 est
3441 3273 3621 3336 Pater,
3658 3273 3845 3331 Filius

2132 3356 2288 3410 aliud
2312 3357 2340 3409 ?
2367 3356 2527 3411 Alius
2574 3363 2682 3423 est,
2712 3363 2861 3411 recte
2893 3358 3077 3423 dicis;
3112 3358 3289 3427 aliud,
3330 3377 3439 3415 non
3468 3368 3635 3415 recte.
3668 3362 3843 3418 Alius

2132 3446 2285 3501 enim
2346 3454 2432 3501 est
2491 3446 2689 3511 Filius,
2724 3448 2858 3516 quia
2908 3463 3018 3500 non
3067 3458 3151 3501 est
3201 3449 3324 3519 ipse
3382 3451 3479 3521 qui
3541 3456 3739 3519 Pater;
3775 3459 3837 3507 et

2129 3536 2276 3591 alius
2322 3535 2507 3602 Pater,
2541 3535 2675 3606 quia
2743 3552 2856 3590 non
2912 3536 3034 3605 ipsa
3085 3538 3399 3607 qniFilius
3435 3558 3447 3593 :
3484 3558 3593 3595 non
3632 3547 3829 3597 tamen

2129 3626 2308 3695 aliud,
2342 3626 2441 3680 sed
2484 3625 2589 3680 hoc
2617 3628 2806 3695 ipsum
2828 3632 2913 3679 est
2945 3630 2999 3680 et
3033 3626 3196 3680 Pater
3224 3633 3281 3682 et
3317 3628 3512 3683 Filius.
3540 3630 3683 3693 Quid
3719 3641 3837 3698 est,

2130 3715 2234 3770 hoc
2275 3716 2465 3786 ipsum
2515 3714 2644 3768 est?
2685 3712 2846 3768 Unus
2902 3718 3047 3768 Deus
3094 3720 3197 3769 est.
3244 3718 3493 3785 Audisti,
3547 3720 3685 3786 Quia
3718 3737 3834 3775 non

2123 3822 2245 3861 sum
2278 3806 2440 3870 solus,
2472 3804 2562 3859 sed
2615 3821 2706 3874 ego
2743 3814 2793 3859 et
2830 3808 2924 3875 qui
2957 3807 3104 3860 misit
3136 3822 3219 3861 mc
3249 3809 3455 3869 Pater;
3487 3810 3623 3864 audi
3672 3827 3836 3881 quo-

2126 3897 2291 3951 modo
2348 3895 2546 3949 credas
2616 3895 2841 3949 Patrem
2892 3901 2947 3949 et
3005 3896 3236 3963 Filium,
3298 3898 3433 3953 audi
3495 3900 3685 3969 ipsum
3742 3901 3835 3956 Fi-

2123 3985 2306 4040 lium:
2344 3982 2450 4052 Ego
2504 3991 2555 4037 et
2606 3984 2767 4037 Pater
2807 4000 2977 4038 unum
3024 4000 3214 4039 sumus
3252 3986 3429 4055 (Joan.
3468 4005 3522 4055 x,
3563 3988 3677 4058 30).
3700 3989 3833 4045 Non

2120 4073 2282 4139 dixit,
2318 4073 2483 4127 Pater
2518 4087 2621 4141 ego
2677 4089 2801 4127 sum
2829 4089 2842 4139 ;
2869 4078 2988 4141 aut,
3024 4074 3137 4144 Ego
3186 4080 3427 4131 etPater
3457 4094 3607 4133 unus
3637 4088 3724 4133 est
3762 4081 3777 4113 ‘
3820 4098 3834 4135 :

2115 4166 2213 4218 sed
2238 4179 2371 4217 cum
2407 4163 2567 4229 dicit,
2594 4162 2701 4230 Ego
2731 4168 2782 4216 et
2832 4163 2993 4218 Pater
3046 4179 3215 4218 unum
3247 4182 3434 4221 sumus
3466 4185 3486 4222 :
3514 4177 3836 4239 utrumque

2115 4252 2274 4320 audi,
2298 4255 2354 4306 et
2403 4266 2596 4316 unum,
2621 4255 2677 4305 et
2728 4267 2940 4318 sumus,
2982 4257 3039 4306 et
3088 4270 3121 4307 a
3150 4254 3435 4327 Charybdi
3469 4261 3525 4309 et
3573 4274 3604 4311 a
3635 4257 3832 4329 Scylla

2112 4340 2468 4397 liberaberis.
2529 4339 2589 4395 1n
2665 4341 2894 4397 duobus
2975 4343 3103 4398 istis
3161 4345 3350 4400 verbis
3430 4347 3585 4416 quod
3655 4346 3830 4412 dixit,

2110 4449 2304 4497 unum,
2335 4432 2545 4487 liberat
2574 4437 2628 4487 te
2663 4433 2733 4487 ab
2767 4434 2898 4489 Ario
2931 4448 2948 4488 :
2980 4435 3131 4504 quod
3172 4434 3334 4503 dixit,
3378 4452 3590 4505 sumus,
3617 4436 3830 4493 liberat

2111 4525 2166 4574 to
2196 4539 2227 4575 a
2255 4519 2522 4575 Sabellio.
2546 4520 2602 4574 Si
2625 4536 2819 4579 unum.
2846 4537 2960 4575 non
2992 4538 3127 4593 ergo
3154 4521 3449 4579 diversum
3478 4543 3491 4593 ;
3531 4525 3578 4579 si
3606 4542 3825 4596 sumus,

2108 4626 2239 4679 ergo
2270 4614 2327 4665 et
2363 4614 2523 4663 Pater
2547 4617 2599 4663 et
2633 4609 2832 4664 Filius.
2885 4611 3081 4666 Sumus
3122 4611 3298 4677 enim,
3336 4631 3449 4668 non
3500 4615 3716 4669 diceret
3746 4617 3823 4670 de

2111 4715 2265 4767 uno;
2299 4701 2396 4753 sed
2422 4708 2472 4753 et
2508 4715 2676 4754 unum
2720 4716 2832 4754 non
2876 4700 3093 4755 diceret
3131 4702 3201 4755 de
3252 4703 3497 4759 diverso.
3544 4704 3655 4775 Ego
3688 4705 3823 4760 ideo

2105 4805 2290 4843 verum
2324 4793 2418 4855 est,
2452 4788 2958 4860 inquit,judicium
2993 4807 3194 4857 meum,
3223 4792 3464 4847 breviter
3496 4797 3553 4846 ut
3586 4794 3821 4855 audias.

2105 4879 2242 4949 quia
2290 4877 2449 4933 Filus
2507 4878 2604 4933 Dei
2654 4880 2941 4934 sum.Sed
2994 4880 3076 4935 sic
3122 4881 3223 4936 tibi
3260 4882 3822 4954 persuadeo,inquit

2099 4968 2237 5037 quia
2269 4967 2467 5023 Filiius
2492 4966 2626 5024 Deis
2648 4985 2768 5030 um,
2794 4970 3168 5041 utintelligas
3191 4972 3328 5041 quia
3343 4988 3566 5027 mecum
3594 4976 3681 5026 est
3711 4971 3819 5028 Pa-

2101 5066 2182 5113 ter
2216 5075 2228 5112 :
2264 5075 2377 5114 non
2411 5058 2495 5113 sic
2541 5075 2674 5113 sum
2720 5058 2902 5114 Filius
2944 5066 3008 5115 ut
3039 5062 3229 5133 ipsum
3265 5061 3658 5129 deseruerim;
3696 5077 3815 5118 non

2097 5157 2178 5213 ita
2208 5157 2301 5213 hic
2332 5161 2570 5227 sum,ut
2600 5158 2877 5229 cumipso
2906 5176 3020 5213 non
3045 5160 3151 5214 sim
3182 5176 3334 5227 ;non
3358 5161 3437 5214 ita
3466 5161 3542 5215 ibi
3577 5159 3675 5215 ille
3697 5170 3809 5225 est,

2098 5253 2161 5302 ut
2193 5265 2418 5303 mecum
2451 5265 2566 5303 non
2587 5249 2664 5303 sit
2695 5265 2708 5304 :
2739 5249 2984 5305 formam
3037 5252 3183 5305 servi
3209 5250 3402 5322 accepi
3433 5249 3701 5321 (Philipp.
3739 5266 3808 5319 ιι,

2160 5369 2175 5399 ¹
2210 5363 2364 5423 Editi,
2398 5378 2551 5412 unum
2582 5368 2654 5413 est
2677 5379 2692 5412 :
2726 5370 2777 5414 et
2807 5366 2962 5427 paulo
2984 5365 3142 5425 infra,
3176 5380 3331 5415 unum
3366 5381 3466 5414 non
3499 5366 3696 5413 dicere!
3734 5365 3805 5427 de

2094 5425 2329 5475 diversis.
2347 5426 2553 5491 At_Mss.
2580 5440 2767 5491 omnes
2798 5425 3017 5490 habent,
3042 5443 3173 5478 unus
3207 5432 3303 5489 est,
3322 5434 3373 5477 et
3400 5432 3607 5491 postea.
3632 5426 3698 5474 de
3722 5426 3811 5491 di-

2093 5502 2236 5555 uerso
2264 5502 2281 5536 :
2311 5487 2507 5555 quibus
2535 5490 2807 5555 codicibus
2836 5491 2889 5540 id
2922 5487 3063 5542 favet
3092 5492 3234 5555 quod
3259 5487 3311 5541 in
3343 5487 3516 5540 Tract.
3547 5489 3627 5546 37,
3670 5490 3800 5548 n.6,

2093 5551 2282 5617 legitur
2313 5565 2323 5598 :
2359 5570 2383 5594 «
2422 5551 2535 5599 Non
2570 5565 2696 5614 ergo
2746 5553 3038 5617 diversum,
3089 5551 3215 5617 quia
3256 5567 3421 5603 unum
3451 5566 3463 5595 ε
3500 5566 3605 5604 non
3636 5565 3799 5613 unus,

2094 5631 2120 5658 α
2150 5614 2275 5676 quia
2296 5627 2497 5663 sumus.
2529 5632 2555 5658 »
