4146 6186
310 252 436 313 1869

303 394 362 464 7,)
383 391 477 445 sed
542 389 788 443 formam
825 385 922 440 Dei
960 399 1072 439 non
1132 383 1333 448 amisi;
1368 380 1524 435 Solus
1573 396 1730 450 ergo,
1765 378 1977 450 inquit,

301 497 385 536 non
413 497 552 547 sum,
585 477 675 532 sed
708 492 804 546 ego
824 485 875 531 et
906 476 998 545 qui
1026 474 1171 528 misit
1203 487 1287 527 me
1316 473 1498 524 Pater.

351 570 431 622 20.
466 569 701 623 Dixerat
731 564 1077 634 dejudicio;
1112 562 1181 616 de
1224 560 1558 615 testimonio
1602 557 1721 611 vult
1767 557 1976 613 dicere.

298 662 342 714 lu
373 661 524 729 Lege,
568 655 782 726 inquit,
807 661 979 708 vestra
1009 652 1267 721 scriptum
1293 656 1368 704 est
1389 650 1520 720 quia
1557 647 1787 701 duorum
1810 647 1979 701 homi-

297 767 408 804 num
439 747 812 802 testimonium
842 759 1029 799 verum
1055 750 1152 796 est.
1189 741 1292 810 Ego
1320 755 1441 794 sum
1472 740 1565 808 qui
1605 737 1668 792 de
1714 752 1800 790 me
1843 739 1982 792 testi-

295 840 522 893 mouium
540 833 815 907 perhibeo,
837 836 885 886 et
909 831 1279 886 testimonium
1307 827 1550 899 perhibet
1571 827 1637 880 de
1658 841 1740 879 me
1762 825 1858 896 qui
1877 827 1981 878 mi-

294 931 350 983 sit
373 942 454 981 me
478 931 664 982 Pater.
699 921 974 994 Exposuit
1014 919 1129 975 illis
1152 927 1202 974 et
1264 918 1484 988 Legem,
1516 915 1562 970 si
1613 915 1826 986 ingrati
1869 932 1980 970 non

294 1025 484 1074 essent.
511 1017 717 1088 Magna
740 1013 891 1069 enim
913 1011 1156 1083 quaestio
1180 1013 1295 1078 est,
1316 1008 1522 1062 fratres
1559 1006 1694 1072 mei,
1721 1012 1779 1060 et
1818 1007 1984 1060 valde

294 1109 420 1163 mihi
448 1107 680 1162 videtur
699 1104 756 1159 in
785 1103 1054 1175 mysterio
1081 1116 1171 1155 res
1194 1114 1320 1154 esse
1343 1097 1676 1161 constituta,
1711 1096 1808 1149 ubi
1835 1096 1983 1150 Deus

292 1201 439 1265 dixit,
463 1197 525 1252 ιιι
551 1211 643 1252 ore
671 1197 910 1251 duorum
941 1193 1024 1247 vel
1048 1192 1218 1247 trium
1236 1191 1458 1244 testium
1480 1187 1646 1242 stabit
1675 1201 1834 1241 omne
1870 1202 1983 1240 ver-

292 1287 607 1356 bum(Deut.
641 1301 754 1349 xxx,
783 1281 1086 1348 t5;.ifalth.
1139 1294 1298 1346 xvm,
1347 1277 1458 1346 16).
1499 1274 1721 1330 Veritas
1770 1275 1981 1344 quieri-

291 1383 370 1432 tur
397 1392 497 1448 per
529 1375 675 1430 duos
707 1370 932 1427 testes?
962 1370 1043 1425 Ita
1067 1369 1256 1440 plane,
1288 1367 1372 1420 sic
1413 1382 1474 1420 se
1526 1364 1698 1419 habet
1735 1363 1977 1417 humani

289 1467 500 1536 generis
518 1461 882 1521 consuetudo
908 1477 919 1514 :
947 1461 1044 1514 sed
1070 1465 1263 1513 tamen
1288 1455 1409 1510 fieri
1437 1460 1621 1526 potest
1646 1462 1709 1508 ut
1761 1459 1817 1508 et
1864 1451 1979 1505 duo

289 1555 651 1610 mentiantur.
682 1556 948 1607 Susanna
976 1552 1139 1604 casta
1169 1547 1396 1602 duobus
1419 1545 1577 1600 falsis
1608 1544 1856 1597 testibus
1889 1559 1982 1596 ur-

286 1647 555 1717 gebatur:
589 1641 876 1714 numquid
908 1639 1044 1711 quia
1073 1639 1188 1693 duo
1227 1639 1412 1702 erant,
1445 1635 1574 1690 ideo
1620 1633 1749 1688 falsi
1801 1637 1979 1687 testes

287 1751 386 1790 non
412 1738 581 1790 erant
601 1731 628 1786 ‘I
658 1736 732 1787 De
751 1730 981 1786 duobus
1005 1727 1254 1783 dicimus
1278 1731 1374 1781 aut
1397 1726 1466 1780 de
1489 1725 1676 1779 tribus
1696 1723 1723 1777 ?
1756 1722 1980 1776 univer.

285 1841 372 1879 sus
390 1822 644 1895 populus
668 1821 947 1876 mentitus
971 1821 1062 1873 est
1079 1821 1280 1872 contra
1299 1814 1594 1871 Christum
1626 1813 1780 1882 (Luc.
1815 1827 1978 1892 mu,

287 1916 350 1985 1).
381 1913 438 1967 Si
479 1927 615 1990 ergo
665 1908 914 1982 populus
962 1910 1236 1963 constans
1287 1921 1355 1959 ex
1414 1919 1623 1974 magna
1672 1901 1975 1958 hominum

285 2001 678 2066 multitudine,
706 1999 888 2055 falsu
913 1997 1078 2052 testis
1099 1996 1371 2052 inventus
1389 1991 1980 2063 est;quomodoacci-

283 2093 546 2165 piendum
580 2093 688 2155 est,
711 2087 773 2142 In
803 2103 896 2143 ore
932 2087 1165 2141 duorum
1213 2085 1296 2140 vel
1342 2085 1512 2138 trium
1560 2083 1776 2136 testium
1817 2081 1978 2136 stabit

278 2196 427 2238 omne
452 2179 686 2235 verbum
719 2196 735 2232 :
767 2176 879 2232 nisi
911 2176 1050 2246 quia
1082 2175 1192 2230 hoc
1248 2174 1420 2229 modo
1476 2188 1578 2244 per
1635 2171 1974 2242 mysterium

278 2271 526 2326 Trinitas
540 2267 948 2324 commendata
964 2262 1133 2333 est,in
1154 2278 1269 2335 qua
1286 2267 1372 2316 est
1394 2265 1673 2332 perpetua
1688 2259 1978 2314 stabilitas

276 2359 528 2417 veritatis
550 2359 580 2412 ?
601 2358 692 2416 Vis
723 2357 934 2412 habere
967 2354 1179 2410 bonam
1230 2368 1467 2408 causam
1488 2350 1515 2406 Ἰ
1562 2350 1781 2405 Habeto
1831 2348 1979 2405 duos

276 2451 351 2506 vel
387 2457 506 2505 tres
550 2451 747 2513 testes,
794 2450 1020 2501 Patrem
1052 2449 1107 2499 et
1153 2442 1361 2498 Filium
1408 2446 1464 2496 et
1508 2439 1791 2509 Spiritum
1841 2457 1980 2494 san-

276 2552 446 2596 etum.
474 2538 741 2608 Denique
763 2534 998 2606 quando
1020 2533 1292 2588 Susanna
1314 2535 1476 2587 casta
1517 2529 1720 2584 femina
1759 2528 1976 2583 ﬁdelis-

275 2646 377 2701 que
400 2627 618 2698 conjux
635 2626 866 2681 duobus
891 2623 1054 2680 falsis
1077 2621 1327 2678 testibus
1363 2619 1697 2691 urgebatur,
1721 2617 1979 2672 Trinitas

276 2720 352 2774 illi
372 2719 429 2774 in
448 2716 805 2774 conscientia
824 2722 997 2785 atque
1018 2713 1076 2767 in
1095 2710 1324 2769 occulto
1364 2709 1796 2781 suilragabatur
1831 2725 1844 2762 :
1880 2706 1980 2762 illa

275 2808 528 2864 Trinitas
552 2808 622 2861 de
639 2804 865 2862 occulto
888 2819 1072 2860 unum
1096 2807 1298 2856 testem
1342 2799 1638 2856 Danielem
1691 2797 1978 2865 excitavit,

279 2903 331 2953 et
354 2901 499 2951 riuos
523 2894 773 2951 convicit
793 2895 955 2963 (Dan.
979 2907 1106 2958 xm,
1128 2890 1343 2960 36-62).
1375 2889 1518 2960 Ergo
1546 2887 1681 2959 quia
1729 2887 1788 2941 in
1834 2886 1981 2956 Lege

277 2993 460 3041 vestra
488 2984 771 3056 scriptum
806 2986 912 3049 est,
946 2982 1194 3036 duorum
1228 2978 1532 3033 hominum
1577 2974 1979 3032 testimonium

271 3092 473 3130 verum
497 3089 650 3139 esse,
683 3072 923 3140 accipite
961 3075 1226 3126 nostrum
1273 3065 1697 3131 testimonium,
1729 3082 1802 3119 ne
1849 3079 1984 3118 sen-

275 3162 768 3235 tiatisjudicium.
806 3161 910 3232 Ego
941 3160 1118 3227 enim,
1170 3156 1382 3228 inquit,
1413 3172 1520 3212 non
1561 3155 1748 3227 judico
1796 3171 1984 3224 quem-

273 3271 456 3326 quam,
480 3254 580 3309 sed
615 3253 988 3308 testimonium
1016 3248 1274 3321 perhibeo
1305 3247 1368 3302 de
1415 3262 1505 3300 me
1533 3263 1548 3298 :
1582 3245 1783 3299 differo
1827 3243 1984 3314 judi-

280 3347 453 3409 cium,
488 3359 604 3400 non
637 3341 838 3398 differo
871 3339 1288 3396 testimonium.

345 3437 433 3489 11.
460 3435 759 3500 Eligamus
795 3430 985 3498 nobis,
1024 3430 1253 3495 fratres,
1288 3431 1489 3483 contra
1528 3425 1759 3496 linguas
1804 3423 1987 3480 homi-

283 3539 443 3589 num,
475 3526 684 3578 contra
732 3519 996 3574 infirmas
1052 3517 1419 3587 suspiciones
1469 3517 1695 3586 generis
1743 3512 1984 3568 humani

281 3612 455 3668 Deum
483 3611 768 3682 judicem,
807 3610 986 3663 Deum
1023 3612 1250 3662 testem.
1283 3604 1404 3660 Non
1447 3606 1601 3660 enim
1637 3605 1987 3675 dedignatur

280 3703 438 3756 testis
461 3718 589 3758 esse
612 3701 707 3771 qui
729 3698 908 3770 judex
946 3702 1056 3764 est,
1081 3701 1181 3751 aut
1219 3699 1593 3767 promovetur
1622 3710 1755 3748 cum
1810 3692 1869 3746 tit
1893 3693 1986 3762 ju-

280 3793 419 3859 dex;
454 3791 736 3863 quoniam
772 3789 872 3860 qui
908 3790 1072 3843 testis
1111 3790 1221 3853 est,
1254 3786 1375 3856 ipse
1415 3785 1587 3854 juilex
1640 3783 1765 3836 erit.
1800 3783 1986 3845 Quare

283 3879 644 3951 ipsetestis?
674 3878 818 3944 Quia
842 3893 956 3932 non
998 3874 1205 3947 quaerit
1245 3873 1416 3928 alium
1478 3871 1629 3926 unde
1678 3874 1990 3942 cognoscat

279 3973 372 4042 qui
399 3971 497 4027 sis.
524 3972 713 4036 Quare
735 3965 1092 4039 ipsejudex?
1114 3965 1256 4031 Quia
1278 3965 1402 4035 ipse
1437 3963 1612 4017 habet
1643 3965 1984 4032 potestatem

279 4057 669 4114 mortiﬁcandi
719 4063 776 4112 et
822 4052 1518 4120 vivificandi,damnandi
1557 4057 1613 4106 et
1635 4051 1988 4118 absolvendi,

277 4138 340 4202 in
367 4147 670 4219 gehennae
693 4141 1092 4217 praecipitandi
1116 4145 1172 4197 et
1195 4141 1252 4196 in
1275 4141 1450 4196 emlos
1488 4139 1736 4209 levandi,
1767 4138 1994 4194 diabolo

277 4234 672 4306 conjungandi
697 4237 753 4289 et
773 4249 906 4289 cum
931 4230 1165 4303 Angelis
1186 4229 1523 4286 coronandi.
1549 4228 1690 4283 Cum
1712 4245 1845 4300 ergo
1869 4229 1993 4299 ipse

277 4323 492 4379 habeat
525 4323 682 4379 hanc
713 4325 1080 4396 potestatem,
1105 4319 1286 4389 judex
1335 4322 1442 4374 est.
1477 4318 1623 4383 Quia
1670 4335 1800 4373 vero
1848 4324 1907 4370 ut
1937 4321 1992 4371 te

277 4417 596 4484 cognoscat
619 4429 734 4467 non
758 4410 966 4482 qucrit
987 4407 1164 4464 alium
1187 4412 1388 4463 testem
1416 4425 1431 4474 ;
1455 4407 1591 4478 quia
1614 4411 1672 4460 tu
1686 4404 1994 4476 ncjudica-

275 4501 362 4555 bit
388 4507 464 4568 te,
489 4502 667 4557 modo
684 4501 912 4556 vidette
935 4515 1080 4554 :non
1121 4501 1210 4553 est
1239 4497 1394 4551 unde
1431 4496 1598 4550 illum
1639 4494 1825 4562 fallas,
1859 4511 1990 4550 cum

276 4591 822 4662 cmperitjudicare.
847 4588 970 4644 Non
997 4587 1152 4643 enim
1179 4585 1422 4641 adhibes
1441 4585 1545 4640 tibi
1568 4585 1796 4656 aliquos
1819 4585 1993 4639 falsos

274 4684 481 4747 testes,
545 4681 642 4753 qui
706 4679 966 4751 judicem
1042 4678 1209 4733 illum
1271 4676 1498 4748 possint
1553 4675 1992 4741 circumvenire,

276 4772 517 4841 quando
575 4774 629 4825 te
672 4768 912 4840 coeperit
957 4767 1240 4838 judicare.
1301 4765 1452 4820 Deus
1505 4764 1610 4820 hoc
1666 4765 1769 4819 tibi
1805 4763 1991 4818 dicit:

273 4861 523 4926 Quando
564 4858 1003 4924 contemnebas,
1037 4872 1138 4928 ego
1186 4855 1451 4912 videbam
1483 4880 1496 4922 ;
1528 4859 1584 4909 et
1613 4855 1844 4925 quando
1877 4869 1992 4907 non

271 4949 578 5017 credebas,
603 4947 948 5005 sententiam
973 4962 1160 5002 meam
1185 4961 1298 5000 non
1333 4944 1681 4999 frustrabam
1719 4959 1732 4996 :
1766 4942 1994 4997 differe-

271 5038 434 5106 bam,
457 5055 572 5096 non
598 5038 957 5095 auferebam.
1001 5035 1254 5093 Noluisti
1297 5034 1498 5089 audire
1528 5033 1680 5105 quod
1726 5032 1993 5104 praecepi,

271 5129 485 5185 serties
509 5129 662 5200 quod
687 5126 948 5199 praedixi.
980 5125 1038 5180 Si
1074 5131 1269 5179 autem
1319 5121 1526 5177 audias
1574 5139 1698 5193 quas
1741 5122 1995 5192 praecipi,

275 5233 393 5272 non
427 5219 582 5275 mala
612 5215 832 5273 senties
876 5231 1003 5287 qua
1058 5213 1316 5286 praedixi,
1373 5213 1468 5268 sed
1520 5211 1670 5266 bona
1720 5210 1996 5281 percipies

274 5321 406 5376 quae
436 5307 704 5380 promisi.

355 5399 436 5453 1‘2.
474 5399 555 5455 Ne
591 5398 844 5469 aliquem
891 5413 1028 5453 sane
1083 5397 1311 5450 moveat
1355 5391 1504 5464 quod
1558 5392 1656 5458 ait,
1697 5391 1886 5447 Verum
1919 5397 1995 5446 est

263 5486 547 5554 judicium
569 5503 753 5543 meum
778 5503 795 5540 :
826 5487 958 5558 quia
989 5484 1136 5541 solus
1166 5498 1273 5538 non
1301 5498 1443 5547 sum,
1468 5482 1559 5535 sed
1587 5498 1686 5547 ego
1707 5488 1756 5534 et
1778 5484 1871 5551 qui
1890 5486 1995 5534 mi-

269 5579 348 5632 sit
388 5596 470 5636 me
529 5585 736 5644 Pater,-
770 5594 898 5636 cum
959 5576 1096 5632 alibi
1146 5575 1375 5641 dixerit,
1427 5571 1588 5626 Pater
1636 5587 1740 5625 non
1789 5571 1997 5643 judicat

1399 240 1859 302 'I‘RACTA’I‘US
1904 239 2194 300 XXXVII.
2244 243 2491 306 CAPUT
2547 245 2699 304 VIII.

3639 255 3795 314 1670

2089 395 2438 450 quemquam,
2487 381 2580 438 sed
2622 399 2777 437 omne
2815 383 3081 454 judicium
3138 384 3278 441 dedit
3335 388 3479 442 Filio
3535 389 3791 456 (Joan.v,

2089 470 2203 542 22).
2237 471 2362 525 Jam
2397 472 2453 525 in
2487 473 2704 528 eisdem
2730 475 2917 529 verbis
2940 475 3230 547 Evangelii
3267 479 3713 548 disputavimus,
3738 491 3794 537 et

2094 576 2249 614 nunc
2273 563 2676 626 admonemus,
2710 581 2822 618 non
2857 565 2963 619 hoc
2997 566 3122 620 ideo
3163 567 3408 636 dictum,
3441 570 3576 640 quia
3629 571 3795 625 Pater

2095 664 2205 702 non
2241 652 2349 704 erit
2379 667 2508 704 cum
2546 651 2685 706 Filio
2711 654 3050 722 judicante;
3085 657 3184 709 sed
3219 658 3496 726 quoniam
3544 658 3710 713 bonis
3740 667 3795 715 et

2095 741 2579 809 malisinjudicio
2620 743 2776 796 solus
2825 743 3001 797 Filius
3039 747 3352 815 apparebit,
3388 747 3444 802 in
3495 763 3561 803 ea
3611 749 3795 804 forma

2095 829 2150 883 in
2177 846 2292 900 qua
2311 847 2516 900 passus
2541 837 2647 897 est,
2673 839 2726 886 et
2746 837 3073 903 resurrexit,
3097 843 3153 890 et
3187 840 3447 893 ascendit
3469 842 3525 894 in
3559 841 3791 895 caelum.

2099 918 2405 990 Discipulis
2432 921 2646 992 quippe
2674 929 2806 976 tunc
2831 925 3330 994 conspicientibus
3363 931 3792 994 ascendentem,

2092 1023 2202 1066 vox
2230 1010 2492 1078 angelica
2522 1012 2735 1076 sonuit,
2769 1015 2857 1067 Sic
2889 1016 3081 1075 veniet.
3107 1018 3558 1084 quemadmodum
3580 1021 3793 1074 vidistis

2092 1111 2214 1150 eum
2243 1107 2461 1153 euntem
2509 1104 2565 1154 in
2616 1101 2808 1154 artum
2849 1101 2983 1172 (tot.
3020 1119 3058 1167 ι,
3094 1104 3220 1174 11);
3258 1105 3309 1159 id
3360 1112 3472 1171 est,
3513 1108 3570 1164 in
3613 1110 3796 1164 forma

2094 1186 2342 1240 hominis
2365 1190 2420 1242 in
2447 1190 2869 1257 quajuilicatus
2892 1199 2974 1245 est
3010 1195 3319 1260 judicabit,
3345 1202 3404 1250 ut
3443 1197 3614 1252 etiam
3649 1198 3792 1252 illud

2091 1274 2490 1346 prOphetieum
2515 1278 2840 1346 impleatur,
2881 1280 3152 1336 Videbunt
3174 1283 3232 1336 in
3256 1300 3414 1354 quem
3440 1297 3795 1360 pupugerunt

2090 1364 2274 1433 (Zacli.
2321 1382 2415 1430 xu,
2461 1366 2546 1431 l0;
2604 1369 2765 1421 Joan.
2825 1384 2938 1434 XIX,
2972 1371 3082 1438 37).
3135 1371 3277 1425 Cum
3331 1389 3463 1428 vero
3513 1378 3794 1431 euntibus

2083 1452 2263 1521 justis
2294 1451 2351 1505 in
2387 1455 2563 1506 vitam
2599 1459 2897 1518 azternam,
2930 1457 3262 1512 videbimus
3284 1475 3418 1514 eum
3451 1461 3623 1516 sicuti
3665 1471 3791 1530 est;

2091 1557 2203 1595 non
2228 1543 2338 1595 erit
2370 1542 2510 1596 illud
2554 1543 2838 1612 judicium
2882 1546 3137 1600 vivorum
3179 1551 3235 1602 et
3284 1555 3663 1616 mortuorum,
3695 1553 3792 1606 sed

2091 1631 2395 1700 praemium
2429 1634 2830 1688 tantummodo
2861 1634 3143 1692 vivorum.

2163 1719 2246 1775 13.
2274 1721 2411 1775 Item
2438 1737 2508 1776 ne
2532 1728 2758 1777 moveat
2778 1726 2928 1792 quod
2953 1724 3056 1788 ait,
3080 1727 3138 1780 In
3176 1727 3304 1796 Lege
3333 1737 3510 1786 vestra
3531 1734 3794 1800 scriptum

2087 1820 2164 1866 est
2192 1811 2322 1882 quia
2361 1813 2598 1868 duorum
2645 1814 2925 1870 hominum
2969 1820 3339 1874 testimonium
3383 1837 3573 1876 verum
3602 1828 3702 1882 est.
3735 1826 3794 1876 et

2092 1901 2218 1955 ideo
2241 1904 2540 1972 quisquam
2567 1905 2855 1959 existimet
2887 1921 2996 1959 non
3032 1907 3211 1963 fuisse
3233 1909 3395 1965 illam
3432 1910 3616 1980 legem
3668 1912 3787 1979 Dei,

2089 1992 2228 2060 quia
2250 2007 2361 2046 non
2388 1994 2608 2047 dictum
2633 1999 2740 2048 est.
2765 1994 2825 2047 In
2850 1994 3086 2064 legeDei
3109 2013 3122 2050 :
3147 1998 3612 2054 sciatitadictum
3638 2017 3787 2066 esse,

2093 2081 2152 2134 In
2187 2081 2320 2149 Lege
2347 2089 2546 2149 vestra,
2581 2087 2856 2154 tanquam
2902 2085 3135 2152 diceret,
3163 2087 3222 2142 in
3266 2089 3414 2160 Lege
3452 2107 3579 2161 quae
3629 2092 3792 2146 vobis

2089 2176 2176 2225 est
2205 2172 2378 2238 data;
2412 2190 2443 2227 a
2475 2189 2610 2243 quo,
2647 2175 2752 2228 nisi
2781 2191 2813 2228 a
2853 2173 3017 2231 Deo?
3054 2177 3219 2233 Sicut
3263 2178 3539 2247 dicimus,
3586 2182 3789 2238 Panem

2089 2267 2339 2315 nostrum
2368 2262 2750 2333 quotidianum
2773 2281 2792 2320 :
2824 2269 2880 2319 et
2903 2269 3092 2321 tamen
3117 2268 3390 2338 dicimus,
3418 2271 3490 2324 Da
3514 2271 3669 2326 nobis
3689 2271 3790 2325 ho-

2089 2348 2178 2403 die
2204 2351 2412 2418 (Matth.
2446 2367 2522 2417 γι,
2557 2351 2664 2422 11).

2575 2440 2999 2498 TRACTATUS
3039 2444 3310 2501 XXXVII.

2090 2529 2172 2582 Ab
2201 2543 2261 2584 eo
2290 2527 2430 2601 quod
2458 2529 2724 2600 scriptum
2753 2535 2850 2600 est,
2885 2529 3164 2588 Dicebant
3183 2550 3339 2604 ergo,
3369 2533 3474 2590 Ubi
3498 2541 3585 2591 est
3633 2542 3794 2608 pater

2161 2626 2298 2674 tuus
2319 2620 2346 2673 ?
2366 2637 2533 2692 usque
2563 2620 2632 2675 ad
2665 2620 2742 2686 id,
2767 2620 2836 2675 Et
2860 2637 3028 2676 nemo
3059 2623 3442 2694 apprehendit
3481 2640 3636 2693 eum,
3662 2628 3796 2696 quia

2162 2708 2422 2762 nondum
2464 2712 2700 2763 venerat
2731 2708 2869 2763 hora
2901 2710 3046 2780 ejus.
3085 2711 3215 2781 Cap.
3250 2729 3369 2781 νιιι,
3405 2713 3458 2780 ᾗ.
3495 2714 3581 2782 19,
3612 2716 3700 2768 20.

2165 2798 2213 2850 1.
2240 2798 2396 2862 Quod
2423 2797 2478 2851 in
2510 2801 2712 2852 sancto
2757 2797 3065 2868 Evangelia
3107 2801 3358 2856 breviter
3410 2803 3644 2873 dicitur,
3681 2823 3794 2861 non

2091 2886 2342 2941 breviter
2364 2887 2832 2957 Oportetexponi,
2859 2889 3093 2959 utquod
3127 2891 3379 2957 auditur,
3414 2892 3796 2965 intelligatur.

2092 2974 2278 3028 Verba
2299 2974 2452 3028 enim
2485 2975 2710 3030 Domini
2738 2991 2940 3045 pauca,
2966 2979 3064 3032 sed
3091 2994 3296 3049 magna
3335 2986 3474 3038 sunt
3496 3000 3510 3049 ;
3535 2999 3648 3039 non
3689 3002 3796 3040 nu-

2095 3080 2252 3120 mero
2275 3065 2632 3132 aestimanda,
2657 3065 2758 3119 sed
2778 3069 3056 3137 pondere;
3082 3084 3185 3124 nec
3206 3070 3334 3127 ideo
3355 3077 3797 3140 contemnenda,

2095 3155 2233 3226 quia
2257 3171 2470 3226 pauca;
2496 3156 2594 3208 sed
2622 3155 2750 3209 ideo
2773 3159 3103 3225 querenda,
3131 3160 3268 3230 quia
3311 3177 3542 3232 magna.
3566 3166 3673 3229 Qui
3695 3167 3796 3220 ad-

2095 3244 2288 3299 fuistis
2317 3244 2579 3298 liesterno
2604 3243 2715 3310 die,
2741 3245 3008 3312 audistis,
3035 3254 3096 3300 ut
3139 3248 3433 3315 potuimus
3481 3253 3800 3322 disputavi-

2098 3351 2227 3390 mus
2256 3350 2321 3387 ex
2352 3349 2417 3387 eo
2450 3332 2602 3402 quod
2636 3334 2716 3388 ait
2765 3333 3067 3398 Dominus,
3107 3337 3199 3391 Vos
3245 3339 3541 3406 secundum
3576 3357 3799 3396 carnem

2087 3422 2389 3495 judicatis;
2418 3438 2517 3490 ego
2545 3437 2654 3476 non
2668 3423 2856 3493 judico
2893 3439 3238 3495 quemquam.
3279 3427 3385 3481 Sed
3432 3435 3485 3482 et
3526 3431 3581 3484 si
3618 3431 3801 3499 judico

2094 3530 2213 3583 ego,
2230 3514 2505 3584 judicium
2525 3529 2707 3566 meum
2731 3528 2917 3566 verum
2939 3518 3052 3575 est;
3081 3517 3216 3584 quia
3245 3517 3388 3570 satus
3407 3533 3514 3571 non
3547 3533 3690 3586 sum,
3709 3520 3799 3573 sed

2095 3620 2192 3673 ego
2209 3608 2260 3657 et
2292 3605 2387 3674 qui
2416 3604 2565 3657 misit
2591 3619 2674 3657 me
2706 3607 2894 3657 Pater.
2930 3604 2989 3657 In
3042 3610 3160 3672 tege
3203 3610 3383 3660 vestra
3426 3610 3689 3678 scriptum
3722 3616 3803 3664 est

2098 3695 2239 3767 quod
2255 3696 2488 3750 duorum
2509 3695 2791 3749 hominum
2811 3695 3191 3750 testimonium
3222 3713 3411 3752 verum
3431 3703 3526 3754 est.
3552 3701 3661 3768 Ego
3681 3717 3804 3755 sum

2102 3788 2196 3856 qui
2217 3787 2584 3840 testimonium
2604 3785 2859 3855 perhibeo
2879 3785 2944 3840 de
2964 3801 3068 3852 me,
3089 3793 3140 3840 et
3169 3789 3537 3842 testimonium
3555 3791 3805 3860 perhibet

2102 3878 2166 3930 de
2195 3891 2277 3929 me
2298 3877 2394 3945 qui
2422 3874 2575 3928 misit
2611 3891 2696 3928 me
2746 3879 2913 3929 Pater
2970 3877 3151 3946 (Joau.
3197 3892 3317 3940 vm,
3354 3879 3572 3950 15-18).
3600 3880 3676 3936 Ex
3717 3881 3806 3935 bis

2102 3964 2292 4020 verbis
2325 3964 2613 4030 hesterno,
2650 3969 2712 4018 ut
2744 3964 2884 4028 dixi,
2915 3964 3008 4020 die
3040 3965 3303 4021 redditus
3325 3973 3411 4022 est
3439 3983 3630 4024 sermo
3660 3971 3804 4026 auri-

2107 4054 2215 4108 bus
2240 4058 2294 4106 et
2318 4052 2610 4106 mentibus
2631 4053 2857 4106 vestris.
2884 4057 3015 4108 Haec
3046 4071 3177 4108 cum
3215 4054 3500 4111 Dominus
3523 4060 3798 4126 dixisset;

2103 4144 2186 4198 illi
2212 4144 2307 4214 qui
2331 4143 2662 4208 audierunt,
2695 4144 2787 4197 Vos
2805 4143 3102 4198 secundum
3125 4161 3352 4200 carnem
3367 4147 3659 4217 judicatis,
3685 4165 3803 4204 ma—

2100 4235 2524 4289 nifestaverunt
2545 4233 2695 4302 quod
2711 4232 3037 4287 audierunt.
3060 4233 3679 4304 Responderuntenim
3699 4237 3810 4291 Do-

2099 4324 2258 4379 mino
2291 4323 2553 4393 loquenti
2586 4324 2656 4377 de
2684 4322 2794 4377 Deo
2826 4322 2987 4377 Patre
3019 4338 3142 4390 suo,
3173 4328 3229 4376 et
3266 4323 3555 4385 dixerunt,
3594 4325 3697 4382 Ubi
3725 4338 3807 4381 est

2093 4421 2255 4486 pater
2303 4419 2478 4467 tuus?
2533 4413 2762 4466 Patrem
2810 4411 3023 4466 Christi
3074 4412 3386 4468 carnaliter
3432 4423 3803 4484 acceperunt,

2095 4504 2228 4573 quia
2250 4502 2420 4555 verba
2470 4499 2681 4555 Christi
2730 4500 3058 4554 secundum
3105 4515 3338 4556 carnem
3365 4503 3802 4571 judicaverunt.

2095 4591 2234 4646 Erat
2264 4596 2457 4645 autem
2483 4589 2580 4658 qui
2606 4586 2948 4659 loquebatur
2968 4588 3024 4643 in
3045 4592 3244 4659 aperto
3275 4605 3431 4658 caro,
3476 4594 3532 4649 in
3579 4596 3805 4651 occulto

2095 4678 2352 4732 Verbum
2384 4692 2397 4731 :
2425 4677 2593 4732 homo
2619 4677 2984 4741 manifestus,
3011 4678 3159 4732 Deus
3202 4680 3486 4737 occultus.
3521 4682 3807 4739 Videbunt

2099 4767 2530 4832 indumentum,
2553 4770 2609 4820 et
2631 4767 3075 4821 contemnebant
3113 4767 3386 4825 indutum
3422 4786 3434 4824 :
3469 4781 3805 4829 contemne-

2099 4857 2258 4923 bant,
2279 4857 2414 4927 quia
2435 4855 2804 4923 nesciebant;
2827 4857 3184 4925 nesciebant,
3209 4859 3344 4927 quia
3369 4878 3482 4915 non
3506 4863 3798 4928 videbant;

2098 4963 2211 5001 non
2237 4945 2533 5014 videbant,
2554 4945 2691 5017 quia
2714 4946 2846 5003 caeci
2881 4951 3044 5001 erant
3073 4964 3086 5015 ;
3120 4947 3250 5002 ι)ωοὶ
3301 4955 3484 5017 erant,
3519 4952 3654 5021 quia
3688 4969 3799 5007 non

2099 5037 2431 5091 credebant.

2167 5128 2222 5178 2.
2254 5124 2566 5180 Videamus
2589 5139 2720 5196 ergo
2743 5130 2798 5181 et
2819 5125 2884 5180 ad
2909 5125 3029 5180 haec
3052 5123 3329 5181 Dominus
3370 5126 3509 5198 quid
3559 5146 3796 5202 respon-

2099 5213 2266 5268 derit.
2307 5212 2523 5276 Ubiest,
2549 5212 2843 5283 inquiunt,
2876 5219 3037 5282 pater
3061 5218 3233 5266 tuus?
3269 5214 3613 5273 Audivimus
3646 5219 3797 5275 enim

2100 5316 2154 5364 te
2178 5301 2548 5368 dicere,Sotus
2567 5318 2674 5355 non
2693 5317 2832 5367 sum,
2856 5300 2947 5354 sed
2967 5316 3063 5367 ego
3085 5307 3134 5355 et
3157 5305 3250 5370 qui
3290 5304 3440 5358 misit
3483 5323 3566 5361 me
3604 5310 3801 5364 Pater:

2102 5410 2215 5447 non
2241 5391 2427 5444 solum
2455 5395 2509 5444 te
2531 5391 2812 5455 videmus,
2841 5401 3057 5459 patrem
3086 5398 3248 5445 tuum
3272 5396 3463 5450 tecum
3501 5414 3612 5454 non
3657 5402 3809 5457 viJe-

2103 5496 2268 5544 mus;
2296 5478 2588 5550 quomodo
2612 5483 2664 5530 te
2686 5478 2830 5532 dicis
2854 5478 3042 5532 solum
3085 5495 3195 5533 non
3221 5497 3369 5551 esse,
3404 5488 3502 5541 sed
3530 5505 3662 5545 cum
3713 5509 3807 5562 pa-

2105 5576 2189 5624 tre
2225 5575 2321 5621 tuo
2351 5582 2480 5620 esse
2505 5566 2532 5618 ‘t
2563 5571 2664 5621 aut
2694 5567 2930 5621 ostende
2964 5566 3129 5623 nobis
3163 5575 3352 5626 tecum
3406 5591 3533 5633 esse
3584 5585 3804 5652 patrem
