4146 6186
301 266 485 340 1671

340 409 524 455 tuum.
560 401 626 457 Et
656 402 937 458 Dominus
971 400 1304 473 :Numquid
1334 418 1424 457 me
1465 403 1692 470 videtis,
1717 408 1777 458 ut
1818 403 2043 460 Patrem

339 492 645 546 ostendam
668 491 829 548 vobis
850 492 877 545 ‘I
906 491 1037 547 Haec
1068 492 1222 546 enim
1247 492 1530 564 sequitur,
1566 494 1672 549 hoc
1693 494 1819 549 suis
1852 493 2044 549 verbis

338 577 463 648 ipse
487 580 809 650 respondit,
835 595 1082 650 quorum
1124 581 1427 634 verborum
1470 580 1884 651 expositionem
1938 596 2043 635 nos

334 678 466 725 ante
486 670 827 740 praemissim
840 686 926 724 us.
957 668 1146 724 Videte
1166 668 1320 723 enim
1344 670 1484 739 quid
1508 669 1734 735 dixerit,
1758 672 1937 741 Neque
1955 686 2045 725 me

331 757 508 826 scitis,
530 775 704 832 neque
734 761 952 815 Putrem
984 775 1184 815 meum.
1218 759 1279 814 Si
1316 774 1403 813 me
1442 761 1681 821 sciretis,
1720 762 1956 828 forsitan
1993 761 2047 813 et

334 850 559 906 Patrem
579 866 758 906 meum
775 849 1008 905 sciretis.
1030 850 1235 904 Dicitis
1251 864 1408 920 ergo.
1441 850 1537 906 Ubi
1551 855 1630 903 est
1662 853 1829 904 Pater
1869 856 1997 904 tuus
2019 854 2046 901 .’

336 941 645 1010 quasijam
670 957 759 995 me
779 941 977 995 sciatis
1008 956 1021 994 :
1046 938 1215 1009 quasi
1238 945 1421 993 totum
1449 939 1555 993 hoc
1577 940 1687 993 sim
1712 939 1862 1010 quod
1890 937 2042 992 vide-

341 1032 438 1084 tis.
459 1030 607 1101 Ergo
624 1030 763 1100 quia
786 1045 877 1085 me
895 1045 1011 1084 non
1032 1030 1239 1097 nostis,
1258 1030 1385 1084 ideo
1406 1028 1569 1083 vobis
1594 1031 1821 1083 Patrem
1846 1044 2041 1083 meum

338 1138 456 1177 non
486 1119 747 1176 ostendo.
783 1120 868 1175 Me
899 1118 1117 1190 quippe
1151 1117 1445 1173 hominem
1496 1118 1736 1190 putatis,
1776 1117 1905 1173 ideo
1937 1116 2040 1172 Pa-

342 1215 492 1266 trem
524 1224 719 1266 meum
753 1208 1051 1264 hominem
1087 1208 1366 1279 quaeritis,
1400 1206 1534 1278 quia
1563 1206 1886 1263 secundum
1917 1222 2043 1262 ear-

341 1315 470 1355 nem
518 1298 826 1370 judicatis.
874 1298 1021 1360 Quia
1067 1312 1200 1351 vero
1259 1294 1585 1351 secundum
1635 1296 1788 1366 quod
1837 1295 2048 1350 videtis

334 1390 495 1446 aliud
523 1404 677 1455 sum,
716 1392 775 1445 et
822 1386 983 1443 aliud
1034 1387 1358 1442 secundum
1418 1387 1572 1456 quod
1623 1402 1737 1441 non
1787 1384 2043 1453 videtis;

337 1480 570 1535 Patrem
638 1482 833 1533 autem
883 1492 1077 1532 meum
1128 1475 1332 1547 loquor
1382 1475 1646 1532 occultus
1701 1476 2044 1532 occultum:

338 1570 503 1641 prius
522 1573 609 1625 est
630 1575 691 1624 ut
712 1584 804 1623 me
827 1566 1133 1637 noveritis;
1155 1571 1294 1623 tunc
1312 1569 1369 1621 et
1400 1566 1626 1623 Patrem
1667 1581 1861 1622 meum
1900 1565 2048 1621 scie-

340 1660 434 1717 tis.

409 1752 463 1807 3.
487 1752 550 1808 Si
562 1754 715 1809 enim
735 1766 821 1807 me
846 1752 1085 1817 sciretis,
1114 1754 1167 1807 et
1203 1753 1423 1807 Patrem
1462 1764 1643 1805 meum
1676 1749 1916 1820 forsitan
1949 1748 2053 1805 sci-

342 1843 495 1899 retis.
516 1840 618 1898 llle
645 1840 743 1915 qui
773 1842 971 1897 omnia
1013 1842 1145 1907 scit,
1179 1840 1415 1913 quando
1458 1841 1599 1895 dicit
1643 1839 1903 1909 forsitan,
1932 1854 2045 1893 non

341 1935 594 2004 dubitat,
616 1934 720 1989 sed
752 1934 1035 2004 increpat.
1063 1932 1303 1988 Attende
1323 1930 1478 1987 enim
1511 1930 1805 2001 quomodo
1854 1930 2049 1985 incre-

338 2022 532 2097 pative
562 2023 791 2079 dicatur
811 2023 1001 2093 ipsum
1025 2020 1285 2093 forsitan,
1309 2020 1463 2092 quod
1496 2020 1722 2075 videtur
1752 2035 1880 2074 esse
1922 2034 2046 2075 ver-

336 2116 477 2172 bum
500 2114 1025 2172 dubitationis.Sed
1051 2113 1429 2169 dubitationis
1445 2112 1683 2167 verbum
1709 2111 2046 2183 estquando

339 2208 554 2263 dicitur
574 2206 647 2263 ab
670 2206 925 2275 homine,
946 2205 1074 2261 ideo
1088 2204 1390 2260 dubitante
1411 2203 1549 2274 quia
1572 2202 1891 2259 nesciente:
1913 2219 2044 2259 cum

340 2315 476 2356 vero
506 2298 719 2354 dicitur
747 2313 781 2351 a
812 2297 928 2352 Deo
966 2296 1210 2351 verbum
1256 2294 1661 2363 dubitationis,
1694 2309 1828 2350 cum
1863 2293 2046 2349 Deum

343 2389 487 2445 nihil
513 2390 711 2460 utique
732 2385 924 2454 lateat,
940 2385 1040 2441 illa
1053 2385 1415 2441 dubitatione
1430 2384 2045 2457 arguiturinﬁdelitas,

344 2497 458 2535 non
491 2479 760 2550 opinatur
789 2475 1084 2532 divinitas.
1120 2475 1394 2531 Homines
1426 2475 1580 2531 enim
1627 2475 1698 2530 de
1742 2474 1832 2529 his
1873 2475 2046 2529 rebus

340 2585 486 2639 quas
518 2572 709 2625 certas
740 2566 983 2632 habent,
1016 2565 1332 2636 ailquando
1376 2564 1723 2635 increpative
1753 2562 2044 2623 dubitant.

339 2659 393 2712 id
424 2661 533 2723 est,
564 2657 803 2713 verbum
847 2653 1226 2709 dubitationis
1277 2658 1520 2724 ponunt,
1553 2670 1686 2708 cum
1735 2653 1905 2708 corde
1931 2668 2046 2708 non

338 2745 611 2800 dubitent
642 2744 838 2802 :velut
860 2744 908 2797 si
935 2741 1255 2813 indigneris
1279 2759 1440 2798 servo
1473 2749 1571 2797 tuo
1593 2749 1647 2797 et
1687 2743 1870 2811 dicas,
1902 2741 2047 2797 Con-

342 2836 559 2892 temnis
594 2850 681 2890 me
713 2850 728 2901 ;
762 2832 1089 2900 considera,
1138 2832 1377 2887 forsitan
1424 2831 1694 2888 dominus
1725 2836 1861 2886 tuus
1890 2848 2046 2886 sum.

346 2925 492 2981 Hinc
521 2930 577 2980 et
598 2924 911 2997 Apostolus
933 2923 1003 2978 ad
1029 2924 1310 2994 quosdam
1333 2926 1753 2992 contemptores
1785 2937 1924 2977 suos
1966 2921 2049 2976 lo-

346 3031 531 3087 quens
560 3014 642 3070 ait
674 3029 689 3072 :
734 3014 876 3069 Puto
912 3021 1116 3081 autem,
1148 3015 1196 3068 et
1235 3028 1337 3086 ego
1374 3012 1641 3083 Spiritum
1690 3012 1785 3068 Dei
1816 3012 2050 3082 Imbeo(l

349 3107 471 3163 Cor.
503 3121 605 3172 vir,
635 3105 745 3176 40).
796 3104 904 3169 Qui
951 3102 1111 3169 dicit,
1132 3112 1281 3175 puto,
1325 3103 1593 3158 dubitare
1653 3102 1880 3158 videtur
1908 3118 1921 3157 :
1947 3102 2045 3156 sed

349 3197 445 3253 ille
470 3195 826 3267 increpabat,
852 3211 965 3251 non
989 3194 1320 3250 dubitabat.
1348 3194 1415 3249 Et
1437 3194 1559 3265 ipse
1586 3194 1863 3248 Dominus
1886 3191 2048 3246 Chri-

344 3294 470 3342 stus
492 3284 605 3342 alio
624 3284 748 3340 loco
769 3284 1096 3355 increpans,
1112 3283 1514 3340 inﬁdelitatem
1542 3283 1797 3337 futuram
1819 3283 2048 3352 generis

344 3375 587 3431 humani
612 3390 627 3430 :
652 3373 788 3429 Cum
808 3376 1039 3442 venerit,
1063 3374 1274 3445 inquit,
1298 3373 1470 3427 Filius
1489 3371 1944 3444 hominis,putas,
1961 3371 2048 3426 in-

345 3468 521 3523 veniet
549 3465 710 3537 ﬁdem
740 3467 801 3521 in
832 3470 982 3520 terra
1010 3464 1160 3533 (Luc.
1190 3479 1348 3529 xvm,
1379 3463 1437 3533 8)
1456 3462 1483 3517 ‘t

414 3558 467 3613 4.
498 3554 652 3627 Jam,
696 3565 978 3628 quantum
1015 3553 1301 3623 existimo,
1339 3552 1707 3609 intellexistis
1754 3552 2047 3624 quomodo

342 3648 417 3703 sit
450 3648 703 3718 positum
732 3648 980 3715 forsitan
1013 3662 1034 3698 :
1061 3661 1131 3700 ne
1162 3643 1296 3715 quis
1324 3645 1631 3699 verborum
1667 3659 1956 3715 appensor
1995 3651 2049 3698 et

341 3738 699 3810 syllabarum
725 3736 1110 3802 examinator,
1132 3734 1312 3790 veluti
1333 3735 1507 3790 latine
1528 3732 1687 3805 loqui
1710 3733 1921 3805 sciens,
1952 3747 2048 3788 re-

344 3824 664 3897 prehendat
692 3825 930 3880 verbum
954 3825 1109 3895 quod
1134 3823 1278 3877 dixit
1303 3823 1399 3877 Dei
1431 3822 1713 3891 Verbum;
1758 3828 1812 3878 et
1865 3838 2050 3893 repre-

342 3913 646 3968 hendeudo
668 3912 769 3968 Dei
798 3910 1077 3978 Verbum,
1109 3928 1225 3967 non
1248 3911 1549 3983 eloquens,
1572 3910 1672 3966 sed
1720 3916 1920 3967 mutus
1953 3927 2047 3967 re—

341 4008 587 4057 maneat.
623 4000 764 4065 Quis
816 3999 968 4056 enim
1016 4000 1277 4071 loquitur
1325 4003 1426 4066 sic,
1468 4002 1756 4071 quomodo
1790 4002 2049 4071 loquitur

340 4089 591 4145 Verbum
616 4089 771 4160 quod
795 4092 918 4143 erat
935 4088 993 4143 in
1019 4086 1309 4160 principio
1331 4090 1483 4159 apud
1510 4088 1689 4144 Deum
1711 4087 1740 4143 't
1758 4087 1887 4144 Noti
1910 4105 2044 4144 ver-

340 4182 413 4235 ba
457 4180 573 4237 ista
624 4178 1017 4245 considerare,
1049 4183 1107 4234 et
1138 4194 1206 4234 ex
1254 4179 1346 4233 his
1392 4177 1581 4233 verbis
1605 4179 1851 4233 assuetis
1900 4178 2043 4234 illud

338 4270 585 4328 Verbum
608 4270 797 4328 metiri
819 4269 967 4326 velle
988 4268 1147 4341 quod
1168 4269 1321 4325 Deus
1343 4272 1449 4326 est.
1484 4270 1669 4324 Audis
1700 4268 1856 4324 enim
1904 4268 2045 4325 Ver—

336 4363 475 4417 bum
501 4366 559 4418 et
579 4360 902 4419 contemnis
927 4379 941 4428 ;
967 4360 1102 4415 audi
1136 4358 1319 4416 Deum
1359 4363 1416 4416 et
1456 4359 1630 4415 time:
1665 4360 1726 4415 In
1772 4361 2047 4431 principio

333 4458 453 4508 erat
477 4452 729 4509 Verbum.
761 4450 845 4507 Tu
904 4466 1140 4507 revocas
1194 4449 1265 4504 ad
1315 4464 1483 4506 usum
1542 4448 2046 4506 sermocinationis

336 4548 471 4607 tum,
494 4545 552 4597 et
571 4541 717 4597 dicis
735 4541 888 4613 apud
912 4545 987 4606 te,
1010 4540 1159 4606 Quid
1184 4544 1273 4596 est
1292 4540 1532 4596 verbum
1553 4539 1581 4593 ?
1611 4541 1747 4612 quid
1765 4556 2041 4612 magnum

337 4636 427 4687 est
458 4634 698 4687 verbum
719 4631 747 4685 Ἰ
777 4634 947 4687 sonat
976 4637 1032 4685 et
1053 4630 1261 4686 transit
1287 4647 1301 4697 ;
1326 4631 1622 4685 verberato
1666 4647 1797 4686 aere
1842 4647 2043 4689 aurem

343 4722 616 4793 percutit,
664 4724 866 4791 postea
922 4736 1037 4776 non
1077 4720 1202 4775 erit.
1238 4719 1383 4774 Audi
1422 4721 1632 4788 adhuc,
1671 4721 1895 4777 Verbum
1924 4729 2045 4778 erat

338 4810 485 4881 apud
515 4813 741 4867 Deum:
773 4809 1065 4875 manebat,
1091 4826 1203 4865 non
1227 4809 1488 4865 sonando
1508 4810 1811 4865 transibat.
1837 4810 2043 4867 Adhuc

336 4904 479 4958 forte
532 4899 859 4957 contemnis
912 4913 927 4954 :
988 4898 1123 4953 Deus
1178 4905 1297 4954 erat
1350 4899 1591 4954 Verbum
1640 4899 1819 4967 (Joan.
1882 4918 1919 4968 ι,
1966 4903 2040 4971 1).

335 4992 502 5064 Apud
524 4991 799 5063 teipsum,
825 5006 857 5046 ο
881 4988 1078 5056 homo,
1102 5003 1234 5044 cum
1258 4988 1425 5043 estin
1449 4988 1619 5044 corde
1641 4993 1740 5045 tuo
1779 4992 2040 5066 verbum,

330 5084 498 5143 aliud
526 5090 619 5141 est
648 5099 824 5157 quam
855 5098 1033 5139 sonus
1064 5095 1078 5138 :
1113 5081 1211 5137 sed
1241 5080 1483 5137 verbum
1505 5082 1655 5153 quod
1679 5087 1766 5139 est
1787 5082 1944 5155 apud
1967 5090 2041 5153 te,

338 5178 404 5230 ut
431 5179 691 5231 transeat
718 5174 788 5229 ad
821 5187 935 5243 me,
969 5186 1181 5227 sonum
1226 5169 1391 5242 quasi
1439 5167 1768 5225 vehiculum
1819 5171 2041 5241 querit.

336 5266 598 5321 Assumit
621 5280 756 5337 ergo
774 5261 1276 5333 sonum,imponit
1298 5277 1359 5317 se
1382 5260 1802 5333 quodammodo
1841 5262 1899 5316 in
1944 5277 2043 5318 ve-

335 5353 988 5422 hiculum,transcurrit
1016 5368 1229 5414 aerem,
1254 5352 1405 5408 venit
1428 5352 1495 5407 ad
1538 5366 1652 5421 me,
1677 5366 1781 5407 nec
1828 5350 2045 5407 recedit

336 5447 475 5498 ate.
510 5444 696 5499 Sonus
743 5449 936 5500 autem
988 5454 1043 5499 ut
1091 5444 1310 5500 veniret
1357 5442 1430 5497 ad
1489 5456 1603 5512 me,
1636 5440 1875 5497 recessit
1905 5459 1935 5497 a
1966 5446 2043 5512 te,

342 5548 447 5588 nec
478 5532 733 5603 perstitit
762 5535 913 5605 apud
956 5550 1067 5589 me.
1116 5532 1367 5590 Verbum
1419 5549 1555 5604 ergo
1603 5533 1757 5602 quod
1807 5536 1930 5588 erat
1986 5532 2043 5588 in

342 5621 646 5689 cordetuo,
665 5623 942 5693 numquid
962 5639 1104 5678 sono
1128 5628 1508 5694 pi'aitereunte
1536 5622 1850 5693 praeteriit?
1882 5622 2045 5688 Quod

1284 266 1359 326 ΙΝ
1406 266 1731 327 JOANNlS
1776 264 2318 342 EVANGELIUM,
2367 270 2430 328 S.
2478 267 2909 330 AUGUSTINI

3702 266 3857 328 1612

2118 407 2445 478 'cogitabas
2478 407 2673 463 dixisti
2701 426 2713 475 ;
2739 412 2793 465 et
2817 408 2888 463 ud
2916 408 2987 463 ad
3013 424 3102 464 me
3135 407 3459 479 perveniret
3497 408 3651 478 quod
3701 407 3857 478 apud

2149 502 2203 552 te
2227 496 2456 564 latebat,
2482 496 2736 569 syllabas
2774 498 3017 552 sonuisti
3048 513 3062 551 :
3088 512 3269 553 sonus
3313 497 3671 570 syllabarum
3723 512 3858 569 per-

2147 584 2310 640 duxit
2332 586 2403 641 ad
2428 602 2626 641 aurem
2649 602 2838 643 meam
2861 587 3267 657 cogitationem
3294 592 3487 655 tuam;
3521 603 3625 659 per
3661 602 3858 643 aurern

2150 691 2336 731 meam
2358 676 2654 733 descendit
2675 676 2732 732 in
2758 692 2854 734 cor
2879 692 3070 732 meum
3090 678 3358 748 cogitatio
3382 682 3503 747 tua,
3526 693 3704 733 sonus
3725 693 3859 733 mo-

2148 763 2281 819 dius
2308 765 2683 822 transvolavit
2714 782 2728 820 :
2761 767 2999 822 verbum
3031 782 3167 822 vero
3191 765 3329 822 illud
3357 767 3511 839 quod
3536 768 3861 840 assumpsit

2148 870 2380 925 sonum,
2400 862 2710 928 antequam
2735 873 2992 924 sanares,
3018 865 3137 913 erat
3161 861 3307 928 apud
3334 865 3413 926 te;
3433 859 3570 929 quia
3584 856 3858 927 sonuisti,

2149 949 2237 999 est
2258 946 2409 1016 apud
2437 962 2550 1014 me,
2572 952 2765 1002 etnon
2800 946 3037 1003 recessit
3059 963 3092 1002 a
3115 952 3191 1002 te.
3239 948 3357 1002 Hoc
3406 949 3659 1017 attende,
3692 946 3857 1020 quis-

2148 1034 2281 1103 quis
2302 1051 2363 1090 es
2381 1035 2739 1092 examinator
2760 1052 3059 1092 sonorum.
3083 1035 3337 1091 Verbum
3365 1037 3463 1092 Dei
3505 1036 3858 1108 contemnis,

2148 1124 2247 1193 qui
2281 1126 2517 1180 verbum
2551 1125 2809 1181 hominis
2842 1143 2957 1181 non
2987 1125 3477 1198 comprehcndisl

2222 1217 2274 1266 5.
2306 1213 2430 1270 Scit
2458 1231 2594 1286 ergo
2625 1216 2823 1271 omnia
2855 1232 2956 1287 per
2986 1232 3157 1288 quem
3191 1216 3342 1271 facta
3372 1220 3511 1272 sunt
3550 1215 3771 1283 omnia,
3802 1222 3860 1272 et

2148 1306 2342 1358 tamen
2375 1301 2699 1360 dubitando
2730 1304 2993 1375 increpat
3027 1322 3040 1360 :
3074 1305 3133 1360 Si
3160 1321 3243 1361 me
3280 1307 3514 1373 sciretis,
3535 1307 3775 1376 forsitan
3804 1312 3860 1363 et

2150 1392 2372 1447 Patrem
2396 1408 2579 1448 meum
2601 1393 2837 1451 sciretis.
2872 1396 3137 1465 Increpat
3167 1393 3450 1450 inﬁdeles.
3484 1394 3625 1451 Nam
3676 1394 3857 1452 talem

2151 1482 2499 1538 sententiam
2533 1483 2670 1539 dixit
2701 1484 3039 1556 discipulis:
3067 1486 3167 1539 sed
3200 1484 3281 1539 ibi
3322 1502 3438 1541 non
3480 1491 3569 1541 est
3614 1485 3858 1541 verbum

2152 1572 2551 1640 dubitationis,
2577 1574 2714 1645 quia
2740 1591 2850 1630 non
2878 1574 2983 1629 fuit
3004 1591 3181 1630 causa
3201 1574 3565 1644 increpandae
3607 1573 3857 1631 inﬁdeli-

2150 1662 2311 1718 tatis.
2343 1661 2486 1718 Nam
2521 1664 2675 1735 quod
2711 1664 2877 1719 modo
2927 1664 3070 1719 dixit
3111 1664 3352 1731 Judaais,
3384 1664 3445 1718 Si
3490 1679 3575 1719 me
3622 1662 3861 1730 sciretis,

2149 1750 2381 1820 forsitan
2421 1758 2473 1806 et
2506 1754 2732 1807 Patrem
2759 1768 2939 1807 meum
2976 1754 3189 1808 sciretis
3218 1770 3236 1808 :
3268 1753 3411 1806 dixit
3456 1757 3513 1808 et
3555 1749 3863 1824 discipulis

2154 1842 2385 1912 quando
2416 1857 2548 1897 eum
2585 1841 2885 1913 Philippus
2908 1843 3308 1915 interrogavit,
3332 1842 3446 1898 imo
3470 1840 3863 1913 postulavitet

2153 1930 2252 1999 ait,
2290 1932 2540 1995 Domine,
2573 1932 2789 1986 ostende
2834 1931 2990 1984 nobis
3031 1932 3274 1998 Patrem,
3309 1937 3360 1986 et
3405 1930 3615 2001 sufficit
3664 1929 3861 1984 nobis:

2153 2019 2569 2090 quasidiceret,
2588 2020 2778 2092 Etipsi
2796 2023 2986 2091 tejam
3014 2021 3300 2088 novimus,
3325 2018 3646 2093 apparuisti
3672 2018 3863 2084 nobis,

2154 2109 2409 2165 vidimus
2438 2114 2515 2178 te,
2550 2110 2826 2182 dignatus
2851 2125 2914 2165 es
2943 2109 3154 2182 eligere
3177 2128 3301 2179 nos,
3328 2108 3508 2165 secuti
3548 2124 3756 2164 sumus
3788 2116 3865 2178 te,

2157 2202 2449 2258 mirabilia
2482 2208 2582 2258 tua
2610 2203 2885 2269 vidimus,
2910 2204 3085 2257 verba
3117 2203 3325 2258 salutis
3347 2201 3696 2271 audivimus,
3724 2217 3867 2273 pra:-

2155 2292 2723 2365 ceptasuscepimus,
2750 2293 3385 2365 promissasperamus;
3414 2289 3666 2346 multum
3692 2290 3865 2346 nobis

2155 2385 2416 2439 conferre
2448 2383 2754 2457 praesentia
2785 2389 2887 2439 tua
2916 2384 3041 2455 ipse
3072 2385 3344 2455 dignatus
3385 2399 3446 2437 es
3482 2397 3495 2437 :
3532 2382 3632 2437 sed
3664 2385 3865 2436 tamen

2154 2489 2288 2529 cum
2312 2478 2368 2530 te
2392 2476 2745 2542 noverimus,
2771 2474 2906 2545 quia
2932 2474 3156 2530 Patrem
3180 2474 3436 2530 nondum
3465 2471 3868 2543 novimus,in-

2154 2562 2528 2620 ﬂammamur
2545 2562 2833 2621 desiderio
2855 2564 3013 2619 illius
3032 2565 3261 2620 videndi
3285 2580 3457 2634 quem
3484 2562 3743 2618 nondum
3763 2577 3867 2616 no-

2154 2654 2340 2708 vimus
2376 2669 2388 2707 :
2425 2671 2489 2709 ac
2521 2670 2616 2725 per
2647 2654 2755 2711 hoc
2787 2655 2929 2725 quia
2957 2659 3011 2709 te
3044 2654 3335 2724 novimus,
3370 2656 3470 2708 sed
3530 2669 3644 2707 non
3695 2652 3865 2706 nobis

2153 2743 2392 2812 sufﬁcit,
2424 2746 2606 2799 donec
2637 2749 2693 2799 et
2726 2745 2951 2801 Patrem
3008 2744 3370 2810 noverimus;
3404 2742 3644 2800 ostende
3695 2740 3867 2796 nobis

2156 2830 2403 2901 Patrem,
2436 2839 2492 2889 et
2521 2833 2741 2889 eutticit
2767 2835 2954 2889 nobis.
2989 2834 3052 2887 Et
3085 2833 3368 2889 Dominus
3401 2836 3464 2887 ut
3501 2833 3714 2887 scirent
3746 2845 3864 2884 non

2155 2940 2216 2979 se
2250 2940 2417 2981 nosse
2443 2925 2601 2996 quod
2632 2942 2690 2981 se
2722 2926 3000 2995 putabant
3024 2925 3142 2995 jzim
3168 2941 3340 2979 nosse
3372 2940 3385 2978 :
3426 2924 3592 2978 Tanto
3623 2930 3874 2993 tempore

2159 3015 2429 3070 vobiscum
2455 3023 2664 3086 sum,et
2698 3032 2779 3070 me
2800 3016 3018 3069 nescitis
3037 3016 3346 3086 ?Pltilippe,
3376 3014 3471 3086 qui
3490 3028 3577 3067 me
3596 3010 3757 3081 vidit,
3781 3012 3867 3067 vi-

2156 3103 2237 3159 dit
2260 3112 2311 3160 et
2334 3110 2560 3161 Putrem
2577 3106 2754 3177 (Ioan.
2784 3121 2899 3170 xw,
2920 3106 2971 3167 8,
2996 3105 3071 3176 9).
3100 3105 3392 3175 Numquid
3420 3102 3584 3158 habet
3609 3103 3722 3158 ista
3739 3118 3872 3158 sen-

2158 3194 2339 3249 tentia
2368 3195 2611 3250 verbum
2642 3194 3076 3250 dubilationis?
3108 3192 3391 3263 numquid
3437 3192 3601 3257 dixit,
3633 3191 3743 3259 Qui
3775 3208 3872 3247 me

2158 3284 2319 3351 vidit,
2354 3284 2595 3339 forsitan
2627 3284 2771 3338 vidit
2800 3289 2855 3339 et
2888 3284 3109 3338 Patrem
3136 3282 3162 3336 ἲ)
3205 3284 3390 3347 Quare
3414 3282 3442 3335 ?
3479 3282 3624 3346 Quia
3682 3281 3870 3337 fidelis

2157 3373 2451 3441 audiebat,
2485 3389 2600 3427 non
2632 3372 2763 3427 fidei
2800 3378 3132 3443 persecutor
3168 3371 3328 3425 εἰειρο
3372 3388 3479 3423 non
3507 3376 3627 3425 erat
3673 3370 3869 3425 Domi-

2159 3479 2271 3518 nus
2292 3464 2639 3534 increpator,
2667 3463 2766 3516 sed
2802 3461 3020 3516 doctor.
3046 3464 3150 3525 Qui
3178 3476 3264 3513 mc
3296 3460 3448 3525 vidit,
3492 3460 3626 3513 ridit
3655 3465 3708 3513 et
3753 3459 3871 3513 Pa-

2158 3557 2332 3612 trem;
2364 3558 2419 3606 et
2452 3551 2567 3617 hic,
2602 3551 2661 3607 Si
2682 3568 2768 3605 me
2797 3554 3031 3618 sciretis,
3058 3560 3106 3605 et
3140 3552 3362 3603 Putrem
3400 3566 3578 3602 meum
3616 3550 3870 3603 sciretis:

2153 3640 2434 3699 tollamus
2455 3641 2695 3696 verbum
2719 3657 2828 3711 quo
2855 3645 3044 3695 notata
3068 3637 3864 3695 estintidelitasaudientium‘

2156 3743 2209 3790 et
2239 3734 2366 3806 ipsa
2395 3732 2682 3788 sententia
2712 3736 2818 3787 est.

2223 3824 2279 3877 6.
2313 3824 2441 3878 Jam
2469 3821 2741 3877 hesterno
2772 3823 2864 3877 die
2892 3818 3430 3876 commendavimus
3462 3816 3739 3873 Cbaritati
3772 3833 3869 3874 ve-

2155 3922 2310 3977 strae,
2333 3917 2387 3967 et
2412 3912 2670 3966 diximus
2692 3909 3009 3967 sententias
3030 3909 3275 3967 Joannis
3319 3907 3709 3979 evangelista,
3732 3907 3868 3978 qui-

2154 4005 2264 4059 bus
2297 4004 2464 4059 nobis
2500 4006 2697 4058 narrat
2728 4002 2881 4072 quod
2915 4020 2948 4057 a
2983 4002 3221 4057 Domino
3254 3999 3479 4066 didicit,
3513 4015 3618 4055 nec
3657 4000 3870 4055 discu-

2155 4092 2382 4148 tiendas
2415 4093 2592 4149 tuisse
2622 4092 2669 4148 si
2702 4091 2827 4147 fieri
2858 4097 3073 4163 posset,
3106 4091 3220 4146 nisi
3260 4090 3667 4147 hrereticorum
3700 4106 3868 4147 com-

2155 4188 2349 4239 menta
2405 4182 2833 4254 compellerent.
2894 4183 3148 4238 Breviter
3227 4198 3361 4252 ergo
3421 4182 3691 4237 hesterno
3748 4181 3865 4252 die,

2151 4273 2581 4330 insinuavimus
2626 4273 2907 4329 Cbaritati
2972 4277 3194 4342 vestrae,
3246 4288 3371 4328 esse
3420 4272 3719 4329 haereticos
3764 4273 3868 4345 qui

2150 4370 2432 4419 vocantur
2454 4362 2899 4433 Patripassiani,
2931 4364 3019 4417 vel
3054 4379 3087 4417 a
3117 4378 3223 4417 suo
3254 4370 3488 4418 auctore
3510 4360 3864 4417 Sabelliani:

2152 4452 2212 4507 lii
2250 4454 2451 4509 dicunt
2481 4452 2671 4524 ipsum
2705 4469 2834 4509 esse
2866 4452 3093 4507 Patrem
3127 4452 3223 4525 qui
3254 4457 3342 4507 est
3371 4452 3591 4521 Filius;
3624 4451 3869 4509 nomina

2152 4543 2401 4612 diversa,
2442 4559 2613 4597 unam
2647 4559 2779 4597 vero
2812 4559 2939 4597 esse
2971 4557 3303 4615 personam.
3345 4542 3487 4596 Cum
3521 4542 3662 4610 vult,
3697 4541 3868 4598 Pater

2151 4640 2259 4699 est,
2306 4633 2613 4703 inquiunt;
2666 4648 2797 4688 cum
2849 4631 2988 4701 vult,
3047 4631 3228 4686 Filius
3265 4647 3276 4685 :
3312 4635 3505 4687 tamen
3559 4648 3710 4687 unus
3754 4639 3865 4691 est-

2154 4725 2297 4777 ltem
2330 4728 2469 4778 sunt
2500 4723 2596 4777 alii
2622 4721 2869 4777 haeretici
2899 4722 2997 4794 qui
3029 4726 3306 4778 vocantur
3336 4721 3552 4776 Ariani.
3576 4721 3867 4781 Confiten-

2151 4816 2247 4869 tur
2277 4813 2513 4883 quidem
2549 4812 2781 4868 unicum
2811 4810 2996 4867 Patris
3022 4810 3227 4866 Filium
3256 4810 3560 4867 Dominum
3596 4816 3866 4871 nostrum

2148 4904 2352 4961 Jesum
2376 4902 2693 4967 Christum,
2715 4902 2877 4957 illum
2904 4902 3127 4957 Patrem
3155 4900 3301 4967 Filii,
3332 4902 3507 4957 istum
3532 4901 3738 4958 Filium
3768 4902 3867 4960 Pa-

2151 4997 2288 5066 tris;
2313 5010 2444 5050 eum
2471 4995 2569 5065 qui
2595 4998 2761 5049 Pater
2778 4998 2864 5049 est
2887 5010 2999 5047 non
3040 5009 3166 5047 esse
3209 4991 3443 5058 Filium,
3483 5008 3613 5048 eum
3641 4992 3867 5064 quiFi-

2149 5084 2265 5141 lius
2287 5092 2372 5140 est
2405 5100 2518 5140 non
2551 5099 2676 5138 esse
2706 5083 2930 5139 Patrem
2970 5099 2983 5138 :
3018 5083 3364 5137 conﬁtentur
3403 5081 3865 5151 generationem.

2151 5176 2251 5231 sed
2284 5181 2495 5246 negant
2528 5173 2935 5244 aequalitatem.
2972 5172 3109 5241 Nos,
3144 5171 3199 5227 id
3233 5178 3344 5239 est,
3385 5170 3672 5228 catholica
3713 5172 3869 5228 fides

2149 5264 2389 5321 veniens
2414 5265 2484 5320 de
2514 5265 2777 5319 doctrina
2806 5262 3239 5333 Apostolorum,
3274 5264 3535 5334 plantata
3564 5262 3626 5318 in
3666 5263 3867 5333 nobis,

2153 5372 2252 5428 per
2282 5355 2491 5411 seriem
2549 5353 2937 5410 successionis
2988 5360 3240 5426 accepta,
3293 5368 3435 5411 sana
3485 5354 3553 5409 ad
3605 5361 3868 5423 posteros

2150 5443 2629 5512 transmittenda,
2653 5444 2806 5501 inter
2828 5448 3121 5516 utrosque,
3146 5443 3202 5497 id
3229 5446 3338 5508 est,
3362 5443 3513 5499 inter
3542 5447 3866 5513 utrumque

2150 5549 2405 5592 errorem
2440 5536 2629 5591 tenuit
2678 5535 2997 5592 veritatem.
3036 5535 3099 5590 1n
3151 5551 3341 5591 errore
3389 5532 3863 5592 Sabellianorum

2150 5641 2304 5680 unus
2331 5629 2417 5681 est
2446 5625 2628 5691 solus,
2660 5617 2785 5698 ipse
2814 5632 2899 5683 est
2928 5625 3095 5683 Pater
3142 5625 3240 5696 qui
3289 5624 3470 5681 Filius
3504 5614 3610 5680 :in
3659 5637 3863 5680 errore
