4146 6186
304 272 461 332 1673

298 404 670 473 Arianorum,
707 402 853 461 alius
880 412 963 460 est
989 403 1231 476 quidem
1256 404 1442 473 Pater,
1476 405 1623 461 alius
1656 404 1835 461 Filius
1863 423 1876 473 ;
1911 406 2007 461 sed

298 493 423 565 ipse
455 493 634 551 Filius
666 511 782 550 non
813 493 998 550 solum
1039 493 1215 561 alius,
1248 496 1347 551 sed
1376 494 1551 551 etiam
1584 496 1744 550 aliud
1777 499 1866 550 est
1898 512 1910 549 :
1948 500 2007 550 tu

296 582 355 638 in
382 583 572 640 medio
605 584 797 655 quid?
844 583 1155 640 Exclusisti
1208 584 1622 654 sabellianum,
1673 584 1913 641 exclude
1955 587 2012 639 et

297 673 589 729 arianum.
622 678 814 741 Pater,
848 674 1014 729 Pater
1060 678 1186 741 est;
1236 674 1441 742 Filius,
1472 675 1653 731 Filius
1683 680 1804 731 est:
1839 675 2004 741 alius,

297 778 414 819 non
461 763 663 829 aliud;
715 764 854 835 quia
898 779 993 833 ego
1024 767 1074 819 et
1122 766 1304 832 Pater,
1342 765 1549 837 inquit,
1598 781 1771 819 unum
1820 781 2007 820 sumus

294 854 473 923 (han.
509 868 563 921 x,
596 853 710 927 30),
743 854 891 910 sicut
920 854 1095 910 etiam
1130 853 1399 910 hesterno
1439 854 1552 924 die,
1586 858 1867 927 quantum
1901 870 2008 926 po-

292 944 404 1009 tui,
435 943 855 1000 commendavi.
888 945 1032 1000 Cum
1064 944 1244 1012 audit,
1274 960 1485 1015 sumus,
1510 945 1779 1001 abscedat
1810 948 2007 1008 contu.

292 1049 398 1089 sus
419 1032 772 1090 sabellianus
798 1050 812 1101 ;
846 1050 977 1090 cum
997 1033 1178 1102 audit,
1198 1050 1396 1104 unum,
1426 1034 1698 1091 abscedat
1732 1038 2007 1094 confusus

292 1121 532 1178 arianus
557 1140 570 1179 :
595 1123 881 1194 gubernet
901 1122 1227 1180 catholicus
1248 1122 1398 1180 inter
1420 1132 1727 1194 utrumque
1742 1126 1870 1182 ﬁdei
1888 1143 2005 1182 suae

293 1212 615 1285 navigium,
646 1212 924 1285 quoniam
949 1214 1271 1270 cavendum
1301 1219 1388 1270 est
1414 1216 1471 1270 in
1495 1220 1743 1287 utroque
1766 1218 2003 1274 naufra-

291 1303 481 1374 gium.
513 1302 615 1359 Dic
636 1319 772 1375 ergo
795 1309 878 1375 tu,
922 1303 1078 1375 quod
1109 1304 1252 1360 dicit
1272 1304 1668 1376 Evangelium,
1703 1308 1810 1374 Ego
1832 1308 1882 1362 ei
1907 1309 2008 1363 Pa-

291 1396 376 1449 ter
406 1410 578 1449 unum
606 1411 811 1451 sumus.
836 1399 964 1453 Non
986 1410 1122 1468 ergo
1144 1395 1457 1466 diversum,
1482 1397 1615 1468 quia
1646 1413 1817 1453 unum
1837 1417 1859 1466 ;
1890 1415 2004 1456 non

286 1500 466 1553 unus,
498 1485 631 1556 quia
656 1502 863 1543 sumus.

353 1576 412 1632 7.
441 1572 619 1631 Paulo
649 1579 784 1631 ante
814 1575 981 1645 dixit,
1000 1576 1280 1633 Judicium
1300 1593 1480 1634 meum
1508 1594 1696 1634 verum
1723 1583 1842 1643 est;
1872 1580 2004 1653 quia

281 1663 438 1720 solus
467 1680 576 1721 non
605 1681 750 1736 sum,
779 1665 871 1722 sed
901 1682 1005 1739 ego
1030 1667 1129 1739 qui
1157 1669 1313 1724 misit
1353 1684 1440 1724 me
1468 1668 1634 1725 Pater
1661 1684 1683 1724 :
1721 1672 2000 1741 tanquam

285 1754 531 1825 diceret,
567 1756 698 1813 Ideo
724 1757 1008 1828 judicium
1035 1774 1227 1814 meum
1251 1763 1341 1815 est
1387 1775 1610 1827 verum,
1642 1760 1782 1832 quia
1820 1761 2001 1818 Filius

281 1844 386 1901 Dei
419 1860 577 1913 sum,
611 1846 749 1918 quia
778 1862 970 1903 verum
1022 1844 1251 1920 loquor,
1290 1847 1428 1919 quia
1458 1848 1586 1919 ipsa
1660 1851 1864 1906 veritas
1894 1867 2000 1924 ego

278 1951 441 1991 sum.
472 1935 574 1991 Isti
624 1935 937 1993 carnaliter
967 1936 1380 2010 intelligentes,
1432 1937 1726 2009 dixerunt,
1779 1941 1875 1997 Ubi
1922 1947 2001 1996 est

278 2029 446 2097 pater
469 2029 596 2080 tuus
616 2032 643 2079 .9
672 2025 845 2082 Modo
864 2026 1025 2095 audi,
1051 2027 1249 2083 ariane
1275 2046 1286 2082 :
1318 2029 1501 2100 Neque
1531 2044 1615 2083 me
1634 2030 1808 2097 scitis,
1830 2046 2001 2101 neque

284 2116 516 2170 Patrem
552 2131 774 2181 meum;
807 2116 947 2189 quia
974 2118 1023 2172 si
1068 2134 1153 2173 me
1180 2117 1416 2186 sciretis,
1455 2126 1509 2174 et
1557 2123 1779 2174 Patrem
1820 2137 1999 2176 mrum

274 2206 516 2260 sciretis.
533 2205 676 2268 Quid
699 2211 811 2273 est,
831 2205 881 2260 si
906 2207 1212 2264 mcsciretis
1230 2212 1281 2262 et
1294 2208 1542 2269 Patrem,
1561 2224 1743 2264 meum
1762 2212 1992 2271 sciretis,

273 2294 419 2354 nisi,
443 2310 542 2363 ego
566 2304 622 2350 et
652 2296 814 2351 Pater
834 2311 1005 2351 unum
1029 2313 1219 2352 sumus
1240 2302 1267 2352 .9
1284 2297 1527 2361 Quando
1554 2298 1717 2357 vides
1739 2299 1995 2373 aliquem

270 2383 455 2439 alicui
488 2383 740 2441 similem
776 2400 790 2439 :
822 2385 1087 2442 intendat
1111 2385 1376 2443 Charitas
1405 2394 1619 2459 vestra,
1653 2390 1997 2461 quotidiana

269 2469 496 2529 locutio
525 2480 645 2540 est;
682 2489 797 2528 non
829 2473 879 2529 si
903 2473 1063 2529 vobis
1084 2475 1335 2531 arduum
1369 2478 1522 2547 quod
1551 2494 1679 2535 esse
1698 2478 1996 2535 advertitis

270 2561 562 2619 usitatum
589 2578 603 2617 :
629 2562 865 2635 quando
881 2578 1018 2635 ergo
1049 2564 1211 2621 vides
1235 2564 1491 2637 aliquem
1513 2566 1684 2624 alicui
1712 2569 1992 2639 similem,

265 2656 328 2708 et
358 2652 520 2708 nosti
554 2659 612 2707 tu
645 2652 738 2707 cui
772 2652 987 2709 similis
1019 2654 1118 2719 sit,
1149 2653 1455 2712 admirans
1484 2656 1652 2726 dicis,
1695 2661 1994 2726 Quomodo

267 2742 386 2798 iste
436 2742 609 2799 homo
656 2742 869 2799 similis
899 2752 984 2800 est
1031 2742 1114 2799 illi
1148 2744 1370 2802 homini
1405 2746 1417 2801 Ξ
1452 2749 1569 2805 Hoc
1599 2765 1714 2805 non
1749 2751 1991 2814 diceres.

270 2832 389 2888 nisi
421 2834 539 2889 duo
569 2839 786 2890 essent.
812 2833 912 2890 Hic
934 2833 1030 2889 ille
1063 2835 1160 2909 qui
1186 2852 1320 2893 eum
1343 2837 1593 2910 ignorat,
1617 2841 1709 2896 cui
1734 2849 1791 2897 lu
1815 2841 1990 2898 istum

270 2922 537 2978 similem
562 2922 709 2979 dicis
735 2923 942 2992 :Itane,
966 2923 1173 2995 inquit,
1190 2925 1400 2982 similis
1414 2928 1537 2984 est?
1560 2930 1625 2984 Et
1648 2934 1705 2985 tu
1730 2932 1797 2987 ad
1814 2948 1948 2989 eum
1975 2951 1988 2990 :

267 3012 425 3076 Quid
456 3012 639 3081 enim,
674 3020 734 3068 tu
772 3012 939 3069 illum
974 3031 1092 3072 non
1131 3016 1326 3073 nosti?
1353 3021 1426 3074 At
1477 3019 1609 3076 ille:
1662 3020 1785 3078 Non
1836 3023 1991 3091 novi,

264 3100 641 3174 inquit.Jam
674 3107 759 3170 tu,
795 3102 1043 3160 utillum
1079 3121 1252 3178 quem
1279 3108 1484 3177 nescit,
1506 3108 1557 3165 ei
1590 3118 1789 3168 notum
1815 3112 1992 3170 facias

265 3208 337 3247 ex
372 3202 661 3264 praesente
691 3208 862 3265 quem
892 3194 1095 3262 cernit,
1146 3199 1463 3268 respondes
1493 3203 1551 3255 et
1598 3200 1742 3257 dicis
1774 3221 1786 3259 :
1823 3203 1991 3261 Hunc

264 3282 497 3352 vidisti,
529 3281 697 3338 illum
748 3282 967 3339 vidisti.
1001 3289 1126 3341 Non
1169 3287 1371 3358 utique
1427 3289 1564 3358 quia
1608 3291 1718 3348 hoc
1767 3293 1987 3363 dixisti,

267 3388 459 3428 unum
496 3388 624 3428 esse
654 3374 1023 3443 asseverasti,
1050 3380 1104 3432 et
1133 3374 1281 3432 duos
1312 3380 1538 3450 negasti
1570 3396 1583 3437 :
1619 3383 1719 3438 sed
1754 3389 1991 3455 propter

264 3461 727 3517 similitudinem
761 3462 874 3518 tale
904 3464 1115 3520 dedisti
1146 3482 1514 3539 responsum,
1551 3470 1735 3528 Istum
1757 3475 1909 3530 nosti
1932 3479 1991 3532 et

264 3551 439 3606 illum
494 3552 689 3619 nosti;
740 3551 906 3609 valde
956 3554 1111 3611 enim
1164 3556 1375 3613 similis
1416 3566 1523 3629 est,
1558 3570 1611 3618 et
1642 3564 1785 3619 nihil
1817 3567 1992 3623 distat

266 3642 534 3697 omnino.
572 3641 717 3698 Hinc
747 3647 803 3698 et
834 3643 1132 3714 Dominus,
1166 3647 1225 3702 Si
1247 3664 1353 3711 me.
1394 3650 1609 3723 inquit,
1667 3657 1898 3720 sciretis,
1939 3664 1991 3715 et

266 3732 495 3787 Patrem
524 3745 709 3785 meum
735 3733 965 3797 sciretis,
998 3749 1113 3790 non
1148 3735 1282 3807 quia
1313 3741 1483 3795 Pater
1527 3746 1619 3797 est
1649 3743 1848 3812 Filius,
1890 3747 1989 3801 sed

268 3820 407 3892 quia
438 3819 595 3875 Patri
639 3819 853 3876 similis
885 3821 1084 3879 Filius.
1118 3824 1435 3884 Erubescat
1464 3829 1721 3888 arianus.
1767 3833 1990 3893 Gratias

269 3908 524 3964 Domino
552 3907 693 3981 quia
722 3912 779 3965 et
808 3909 934 3983 ipse
957 3912 1197 3971 arianus
1221 3919 1463 3975 recessit
1483 3921 1554 3976 ab
1582 3939 1774 3979 errore
1796 3925 1989 3982 sabel‘

270 3996 449 4066 liano,
482 4001 539 4053 et
562 4013 676 4053 non
699 4002 789 4054 est
818 4001 1283 4072 patripassianus
1315 4023 1327 4062 :
1356 4025 1468 4064 non
1500 4010 1642 4068 dicit
1672 4013 1860 4084 ipsum
1884 4020 1989 4073 Pa-

272 4094 417 4141 trem
446 4085 725 4142 indutum
759 4104 933 4145 carne
961 4092 1192 4149 venisse
1218 4096 1289 4150 ad
1314 4095 1602 4167 homines,
1636 4102 1832 4174 ipsum
1864 4123 1989 4163 esse

274 4192 535 4248 passum,
567 4176 763 4247 ipsum
795 4182 1205 4254 resurrexisse,
1258 4190 1313 4241 et
1344 4190 1776 4259 quodammodo
1816 4196 1889 4251 ad
1922 4214 1983 4254 se

272 4265 647 4333 ascendisse;
680 4265 788 4322 hoc
819 4283 935 4324 non
960 4270 1137 4327 dicit:
1183 4277 1445 4345 agnoscit
1476 4295 1707 4337 mecum
1733 4284 1981 4355 Patrem,

273 4364 504 4452 Patrem
541 4377 678 4452 esse
707 4380 721 4433 ;
754 4370 807 4421 et
846 4365 1081 4436 Filium,
1114 4369 1321 4428 Filium
1360 4390 1508 4433 esse.
1544 4378 1677 4446 Sed,
1719 4398 1751 4436 ο
1785 4384 1981 4452 frater,

276 4451 505 4509 evasisti
535 4450 680 4507 illud
713 4455 1106 4528 naufragium,
1144 4476 1323 4532 quare
1370 4467 1562 4523 tendis
1594 4469 1655 4526 in
1688 4450 1986 4530 alterum?

278 4542 459 4607 Pater,
494 4540 663 4598 Pater
691 4552 775 4600 est
801 4563 814 4612 ;
851 4546 1053 4615 Filius,
1077 4549 1259 4608 Filius
1282 4559 1372 4610 est
1400 4572 1411 4611 :
1437 4573 1612 4628 quare
1634 4561 1779 4619 dicis
1809 4565 1981 4621 dissi-

279 4629 478 4687 milem
501 4631 527 4685 ‘i
548 4648 731 4703 quare
756 4633 1049 4693 diversum
1074 4638 1101 4694 τ
1131 4656 1311 4711 quare
1342 4645 1513 4702 aliam
1546 4652 1933 4709 substantiam
1957 4657 1986 4710 ‘2

279 4720 336 4812 Si
370 4719 682 4812 dissimilis
712 4729 884 4794 esset,
932 4729 1214 4798 numquid
1264 4732 1478 4791 diceret
1507 4738 1808 4811 discipulis
1840 4745 1982 4812 suis,

414 4810 670 4902 mevidit,
694 4812 887 4869 viditct
916 4818 1135 4875 Patrem
1152 4823 1181 4875 ?
1201 4826 1484 4896 numquid
1511 4810 1722 4887 diceret
1743 4810 1982 4902 Judaeis,

280 4900 341 4957 Si
369 4916 452 4956 me
479 4900 713 4970 sciretis,
744 4918 796 4959 et
813 4906 1034 4963 Patrem
1064 4926 1241 4967 meum
1268 4912 1522 4972 sciretis?
1552 4918 1712 4977 Unde
1738 4921 1857 4993 ,hoc
1887 4900 1983 4979 ve;

279 5005 408 5046 rum
439 4999 611 5059 esset,
663 4992 778 5048 nisi
826 4999 883 5051 et
929 4995 1072 5054 illud
1122 5016 1350 5075 verum,
1382 5006 1488 5077 Ego
1531 5012 1583 5065 et
1625 4992 1788 5067 Pater
1816 5028 1985 5069 unum

276 5095 461 5137 sumus
480 5085 509 5136 ?

341 5171 394 5224 8.
430 5172 557 5265 flare
606 5172 772 5265 verba
822 5174 1035 5235 locutus
1070 5191 1149 5237 est
1192 5184 1342 5243 Iesus
1382 5189 1440 5243 in
1478 5193 1865 5265 gazophylacio
1895 5194 1986 5252 do-

275 5274 396 5316 cens
418 5260 478 5315 in
510 5262 710 5335 templo
731 5282 750 5318 :
782 5280 993 5339 magna
1022 5269 1258 5343 fiducia,
1284 5277 1410 5334 sine
1432 5260 1654 5340 timore.
1682 5260 1804 5340 Non
1829 5286 1984 5342 enim

279 5354 575 5421 pateretur
602 5352 759 5422 quod
790 5356 989 5427 nollet,
1029 5362 1131 5433 qui
1175 5381 1280 5423 nec
1322 5376 1659 5429 nasceretur
1703 5375 1752 5430 si
1787 5375 1983 5432 nollet.

283 5440 540 5539 Denique
570 5443 709 5514 quid
730 5448 1120 5539 sequitnr7Et
1135 5470 1293 5513 nemo
1306 5462 1671 5531 apprehendit
1690 5482 1833 5531 eum.
1857 5467 1987 5539 quia

281 5528 517 5586 nondum
541 5541 808 5589 venerant
829 5534 963 5594 hora
979 5542 1112 5608 eius.
1140 5544 1258 5603 Hoc
1279 5528 1414 5607 item
1440 5554 1706 5610 nonnulli
1729 5528 1986 5615 curuan-

285 5618 475 5689 diunt,
508 5622 621 5679 sub
652 5623 772 5682 fato
814 5626 987 5688 fuisse
1030 5635 1337 5696 Dominum
1379 5640 1676 5703 Christum
1721 5650 1987 5716 credunt,

610 5750 880 5817 Panos.
926 5755 1161 5824 XXXV.

1410 272 1871 337 TltACTATUS
1913 272 2202 337 XXXVII.
2253 274 2514 342 CAPUT
2558 280 2717 345 VIII.

3666 290 3824 350 1674

2122 430 2179 479 et
2208 426 2438 502 dicuntf:
2472 432 2615 489 Ecce
2637 433 2898 491 Christus
2921 434 3172 495 habebat
3187 438 3391 496 fatum.
3417 440 3461 496 Ο
3483 441 3643 499 sicor
3665 447 3830 497 tuum

2121 532 2236 572 non
2267 527 2420 577 esset
2450 523 2697 595 fatuum,
2746 542 2860 581 non
2910 527 3172 585 crederes
3213 530 3437 587 fatum!
3497 531 3557 588 Si
3613 532 3827 597 fatum,

2118 605 2270 663 sicut
2301 613 2568 668 nonnulli
2604 614 3031 685 intellexerunt,
3066 635 3099 674 a
3149 619 3319 675 fando
3368 621 3590 678 dictum
3621 624 3732 688 est,
3761 620 3821 676 id

2117 700 2205 750 est
2234 714 2267 752 a
2296 698 2584 772 loquendo
2619 730 2633 772 ;
2664 705 2914 761 Verbum
2952 707 3049 762 Dei
3083 712 3375 779 quomodo
3408 710 3582 767 habet
3611 711 3822 781 fatum,

2118 787 2349 854 quando
2372 789 2429 845 in
2449 790 2573 861 ipso
2597 791 2779 849 Verbo
2811 795 3007 851 omnia
3035 802 3174 852 sunt
3195 814 3323 869 qum
3357 799 3591 856 condita
3637 804 3774 856 sunt
3794 798 3822 853 Ἰ

2118 877 2242 931 Non
2276 877 2431 934 enim
2463 880 2684 952 aliquid
2706 884 2851 940 Deus
2872 886 3176 942 constituit
3206 890 3359 960 quod
3380 892 3511 945 ante
3536 888 3820 957 nescivit;

2118 963 2178 1020 in
2212 964 2397 1024 Verbo
2431 969 2616 1041 ipsius
2648 980 2770 1028 erat
2793 976 2945 1045 quod
2979 976 3193 1033 factum
3223 986 3325 1034 est.
3360 979 3608 1035 Mundus
3638 980 3824 1037 factus

2121 1059 2247 1121 est;
2280 1065 2333 1111 et
2365 1059 2549 1116 factus
2573 1069 2678 1129 est,
2711 1070 2765 1119 et
2810 1064 2887 1119 ibi
2928 1070 3070 1122 erat.
3103 1069 3401 1132 Quomodo
3432 1077 3485 1124 et
3506 1069 3692 1125 factus
3714 1073 3825 1139 est,

2118 1148 2175 1199 et
2198 1145 2273 1199 ibi
2298 1152 2420 1202 erat
2439 1150 2629 1214 ?Quia
2651 1153 2859 1210 domus
2890 1173 3065 1226 quam
3087 1158 3334 1214 aediﬁcat
3364 1163 3633 1223 structor,
3660 1159 3824 1230 prius

2116 1232 2174 1288 in
2209 1238 2329 1291 arte
2356 1244 2514 1307 erat;
2551 1244 2606 1296 et
2662 1240 2741 1296 ibi
2784 1244 2992 1301 melius
3024 1251 3166 1317 erat,
3202 1248 3327 1305 sine
3366 1252 3668 1315 vetustate,
3700 1249 3826 1303 sine

2116 1323 2319 1380 ruina:
2356 1330 2548 1383 tamen
2574 1333 2924 1389 utostendat
2954 1339 3158 1402 artem,
3192 1338 3439 1393 fabricat
3467 1339 3703 1394 domum
3728 1355 3743 1406 ;
3768 1341 3825 1392 et

2111 1416 2389 1484 processit
2419 1419 2849 1489 quodammodo
2873 1426 3080 1481 domus
3112 1442 3181 1481 ex
3203 1427 3410 1483 domo:
3444 1431 3500 1484 et
3528 1429 3578 1484 si
3609 1428 3821 1483 domus

2114 1509 2266 1569 ruat,
2309 1522 2402 1561 ars
2434 1516 2648 1564 manet.
2688 1511 2775 1565 Ita
2825 1513 2973 1583 apud
3008 1513 3107 1570 Dei
3152 1515 3401 1571 Verbum
3432 1519 3595 1571 erant
3623 1515 3815 1572 omnia

2113 1610 2237 1666 quae
2270 1596 2497 1653 condita
2531 1605 2705 1669 sunt;
2741 1602 2873 1672 quia
2890 1604 3083 1659 omnia
3106 1606 3161 1660 in
3186 1607 3475 1677 sapientia
3496 1606 3626 1663 fecit
3655 1606 3813 1661 Deus

2110 1686 2279 1753 (Psal.
2315 1703 2433 1756 cm,
2462 1689 2577 1761 24),
2618 1695 2675 1747 et
2699 1696 2909 1748 cuncta
2959 1698 3095 1749 nota
3138 1695 3309 1753 fecit:
3344 1712 3461 1753 non
3490 1696 3645 1752 enim
3677 1694 3817 1766 quia

2112 1775 2245 1831 fecit
2276 1777 2500 1846 didicit,
2532 1781 2632 1836 sed
2667 1782 2802 1853 quia
2836 1789 3073 1840 noverat
3107 1786 3255 1841 fecit.
3293 1785 3471 1844 Nobis
3501 1785 3638 1857 quia
3669 1785 3819 1841 facta

2111 1871 2270 1934 sunt,
2298 1876 2433 1924 nota
2455 1875 2628 1939 sunt;
2654 1871 2736 1926 illi
2763 1874 2869 1928 nisi
2896 1879 3031 1930 nota
3048 1884 3259 1941 essent,
3288 1876 3439 1932 facta
3464 1892 3580 1932 non
3602 1878 3820 1932 essent.

2111 1958 2414 2013 Praecessit
2444 1975 2579 2031 ergo
2610 1960 2885 2017 Verbum.
2921 1968 2987 2017 Et
3038 1966 3176 2036 quid
3212 1970 3346 2022 ante
3376 1966 3629 2022 Verbum
3662 1964 3760 2021 Dei
3796 1964 3824 2019 ?

2108 2043 2264 2099 Nihil
2295 2047 2554 2102 omnino.
2588 2049 2733 2105 Nam
2766 2051 2816 2106 si
2844 2061 2991 2109 esset
3011 2053 3231 2126 aliquid
3256 2059 3412 2123 ante,
3447 2071 3563 2111 non
3590 2054 3815 2110 dictum

2107 2138 2283 2201 esset,
2314 2139 2372 2190 In
2404 2139 2677 2209 principio
2706 2150 2823 2195 erat
2860 2143 3082 2199 Verbum
3112 2163 3133 2209 ;
3173 2144 3297 2210 sed,
3332 2145 3393 2199 In
3427 2143 3712 2215 principio
3738 2144 3828 2198 fa-

2106 2228 2264 2279 ctum
2288 2225 2659 2285 estVerbum.
2690 2230 2943 2301 Denique
2966 2232 3036 2288 de
3057 2234 3272 2288 mundo
3286 2232 3424 2305 quid
3447 2232 3529 2289 ait
3554 2231 3821 2304 Moyses?

2103 2316 2163 2370 In
2195 2317 2461 2387 principio
2490 2318 2619 2387 fecit
2649 2320 2787 2374 Deus
2815 2320 3007 2375 cceium
3038 2328 3089 2377 et
3110 2328 3316 2377 terram
3344 2322 3501 2392 (Gen.
3535 2338 3577 2390 1,
3611 2322 3685 2390 1).
3718 2320 3814 2375 Fe-

2104 2405 2182 2460 cit
2206 2406 2360 2477 quod
2394 2422 2511 2463 non
2542 2412 2665 2463 erat
2696 2425 2709 2464 :
2744 2408 2792 2465 si
2820 2426 2957 2480 ergo
3006 2411 3134 2467 fecit
3163 2413 3317 2482 quod
3357 2428 3471 2467 non
3502 2414 3643 2478 erat,
3675 2414 3809 2465 ante

2103 2495 2244 2567 quid
2276 2501 2399 2553 erat
2428 2500 2456 2552 ?
2485 2499 2545 2553 In
2571 2498 2844 2572 principio
2869 2508 2989 2555 erat
3023 2500 3264 2557 Verbum.
3298 2502 3367 2557 Et
3415 2502 3571 2557 unde
3601 2498 3811 2556 cmlum

2102 2591 2158 2641 et
2188 2592 2339 2642 terra
2365 2588 2394 2641 ?
2432 2586 2626 2645 Omnia
2668 2606 2768 2661 per
2813 2592 2990 2662 ipsum
3022 2593 3166 2662 facta
3194 2599 3319 2647 sunt
3359 2592 3535 2665 (Joan.
3569 2607 3611 2660 1,
3645 2593 3696 2659 1,
3734 2592 3815 2663 3).

2101 2675 2187 2730 Tu
2221 2691 2356 2748 ergo
2388 2679 2555 2749 ponis
2578 2679 2869 2735 Christum
2902 2681 3011 2737 sub
3042 2682 3156 2737 fato
3177 2679 3205 2735 (ξ
3235 2680 3343 2737 Ubi
3377 2684 3514 2736 sunt
3562 2681 3719 2737 fata?
3748 2687 3814 2737 In

2101 2764 2263 2825 ccelo,
2307 2766 2526 2839 inquis,
2571 2767 2630 2823 in
2679 2770 2880 2825 ordine
2920 2774 2977 2826 et
3008 2770 3486 2828 conversionibus
3529 2768 3815 2827 siderum.

2103 2855 2394 2919 Quomodo
2441 2872 2573 2927 ergo
2622 2858 2805 2914 fatum
2853 2858 3050 2925 habet,
3116 2875 3219 2931 per
3263 2874 3434 2930 quem
3475 2858 3692 2915 factum
3724 2864 3815 2916 est

2099 2946 2305 3001 caelum
2338 2949 2394 3000 et
2424 2946 2617 3001 sidera
2647 2964 2661 3014 ;
2695 2963 2824 3002 cum
2858 2952 2959 3003 tua
2988 2948 3281 3017 voluntas,
3326 2949 3374 3005 si
3406 2953 3558 3005 recte
3597 2948 3812 3019 sapias.

2101 3036 2477 3090 transcendat
2498 3039 2554 3090 et
2584 3036 2777 3091 sidera
2806 3036 2833 3090 τ
2864 3038 2949 3091 An
2975 3039 3115 3109 quia
3146 3037 3295 3094 nosti
3334 3037 3544 3095 Christi
3578 3052 3813 3093 carnem

2100 3123 2282 3180 fuisse
2312 3125 2423 3179 sub
2454 3125 2619 3196 coelo,
2651 3124 2779 3181 ideo
2808 3131 2977 3198 putas
2996 3132 3054 3182 et
3074 3131 3416 3197 potestatem
3439 3127 3652 3184 Christi
3669 3129 3814 3184 sub-

2099 3214 2278 3270 ditem
2322 3213 2462 3270 coelo
2493 3214 2521 3270 ‘t

2167 3305 2222 3361 9.
2254 3304 2420 3373 Audi,
2457 3305 2633 3362 stulte
2658 3323 2671 3361 :
2695 3306 2941 3363 Nondum
2964 3312 3183 3364 venerat
3213 3307 3347 3364 hora
3373 3308 3508 3379 ejus,
3552 3325 3669 3365 non
3700 3325 3818 3380 qua

2099 3399 2405 3466 cogeretur
2435 3395 2603 3463 mori,
2652 3396 2751 3451 sed
2799 3414 2913 3468 qua
2954 3398 3293 3469 dignaretur
3323 3397 3527 3453 occidi.
3570 3397 3818 3455 Noverat

2099 3486 2252 3541 enim
2288 3485 2413 3556 ipse
2436 3487 2666 3555 quando
2698 3486 2936 3541 deberet
2962 3488 3103 3542 mori
3136 3505 3148 3543 :
3184 3487 3433 3542 intendit
3465 3488 3662 3544 omnia
3682 3504 3810 3559 quas

2100 3574 2375 3647 praedicta
2402 3579 2536 3629 sunt
2561 3575 2629 3629 de
2658 3574 2781 3643 illo,
2816 3586 2869 3631 et
2891 3577 3262 3647 exspectabat
3285 3579 3439 3634 finiri
3464 3580 3659 3637 omnia
3683 3598 3807 3654 quas

2100 3663 2369 3735 praedicta
2400 3667 2681 3719 suntante
2712 3666 2837 3734 ejus
2853 3666 3181 3737 passionem
3210 3668 3431 3739 futura;
3460 3672 3523 3726 ut
3544 3688 3676 3727 cum
3702 3673 3809 3728 im-

2099 3753 2248 3826 pleta
2288 3756 2499 3817 essent,
2532 3757 2671 3808 tunc
2702 3755 2924 3810 veniret
2952 3759 3009 3811 et
3040 3757 3251 3827 passio,
3284 3758 3682 3832 dispositionis
3717 3783 3810 3823 or-

2100 3842 2375 3912 dine,non
2391 3842 2548 3897 fatali
2565 3844 3193 3917 necessitate.Denique
3206 3848 3420 3921 audite,
3437 3855 3498 3907 ut
3522 3854 3804 3923 probetis:

2099 3934 2251 3991 inter
2280 3937 2481 3988 caetera
2501 3949 2623 4005 quae
2655 3934 2725 3990 de
2747 3934 2844 3992 illo
2868 3937 3211 4008 prephetata
3236 3945 3393 4009 sunt,
3426 3943 3703 4014 scriptum
3728 3952 3813 4004 est

2100 4025 2296 4092 etiam,
2331 4024 2607 4079 Dederunt
2636 4023 2698 4079 in
2728 4041 2899 4081 escam
2932 4043 3105 4083 meam
3134 4030 3226 4099 fel,
3265 4040 3313 4086 et
3342 4030 3403 4086 in
3432 4032 3529 4089 siti
3562 4051 3681 4092 mea
3708 4052 3812 4108 pa-

2099 4120 2351 4171 taverunt
2379 4128 2464 4168 me
2510 4119 2659 4169 aceto
2702 4115 2869 4186 (Psal.
2916 4133 3105 4184 vam,
3156 4118 3270 4187 2'2).
3314 4120 3612 4183 Quomodo
3662 4126 3813 4181 facta

2097 4207 2237 4277 sint,
2270 4206 2328 4261 in
2360 4205 2667 4278 Evangelio
2690 4208 2982 4265 novimus.
3011 4209 3172 4265 Prius
3200 4210 3482 4267 dederunt
3514 4213 3615 4283 fel;
3647 4230 3808 4271 accc-

2093 4296 2195 4368 pit,
2230 4296 2503 4367 gustavit,
2528 4300 2583 4351 et
2613 4296 2881 4367 despuit:
2918 4298 3197 4367 posteain
3225 4314 3391 4353 cruce
3431 4302 3711 4371 pendens,
3747 4310 3809 4358 ut

2093 4387 2288 4443 omnia
2326 4387 2600 4456 praedicta
2630 4389 3080 4456 complerentur,
3122 4386 3221 4441 ait.
3256 4386 3429 4443 Sitio:
3464 4397 3810 4461 acceperunt

2093 4478 2401 4549 spongiam
2452 4482 2608 4531 aceto
2658 4474 2911 4545 plenam,
2946 4474 3003 4528 in
3053 4475 3339 4531 arundine
3370 4476 3717 4548 ligaverunt,
3749 4487 3806 4537 et

2093 4563 2789 4636 admoveruntpendenti;
2816 4563 3037 4635 accepit
3057 4564 3151 4618 ille
3173 4568 3229 4619 et
3255 4566 3354 4633 ait,
3380 4568 3682 4635 Perfectum
3704 4574 3805 4626 est.

2094 4656 2241 4722 Quid
2272 4658 2382 4723 est,
2407 4655 2709 4723 Perfectum
2729 4656 2803 4709 est
2820 4656 2847 4708 ?
2874 4653 3113 4724 Impleta
3133 4657 3271 4710 sunt
3294 4656 3492 4713 omnia
3520 4674 3651 4729 quae
3672 4664 3808 4715 ante

2094 4745 2424 4817 passionem
2466 4759 2655 4800 meam
2706 4744 2934 4798 fuerant
2977 4743 3320 4815 prophetata
3361 4762 3374 4801 :
3421 4762 3557 4819 ergo
3611 4747 3805 4807 adhuc

2095 4836 2233 4908 quid
2267 4836 2361 4892 hic
2396 4835 2578 4891 facio?
2602 4834 2859 4906 Denique
2879 4841 3263 4907 posteaquam
3292 4836 3456 4906 dixit,
3490 4842 3802 4907 Perfectum

2095 4931 2193 4993 est,
2228 4926 2505 4982 inclinato
2531 4925 2709 4997 capite
2734 4923 2967 4980 tradidit
2987 4925 3241 4996 spiritum
3264 4928 3571 4996 (Joan.x1x,
3593 4928 3803 4995 28—30).

2097 5018 2393 5090 Numquid
2419 5016 2499 5073 illi
2526 5017 2952 5088 latronesjuxta
2968 5017 3199 5084 confixi,
3224 5020 3458 5088 quando
3473 5018 3805 5084 voluerunt,

2096 5107 2580 5181 exspiraverunt?
2610 5107 2983 5163 Tenebantur
3004 5108 3255 5164 vinculis
3286 5108 3504 5175 carnis,
3528 5106 3660 5179 quia
3690 5123 3807 5166 non

2097 5202 2261 5255 erant
2292 5201 2579 5253 creatores
2610 5195 2804 5252 carnis
2830 5212 2843 5251 :
2878 5194 3051 5250 clavis
3080 5195 3292 5251 conﬁxi
3333 5195 3432 5251 diu
3465 5195 3807 5254 cruciaban-

2098 5280 2209 5357 tnr,
2235 5287 2375 5360 quia
2396 5285 2721 5342 infirmitati
2746 5301 2856 5341 non
2888 5285 3362 5341 dominabantur.
3388 5285 3676 5344 Dominus
3707 5303 3809 5344 au-

2098 5382 2211 5435 tem
2244 5378 2476 5449 quando
2506 5376 2709 5442 voluit,
2732 5390 2959 5431 carnem
2986 5379 3051 5430 ut
3080 5378 3246 5431 utero
3266 5376 3534 5450 virginali
3552 5378 3804 5449 accepit:

2099 5469 2333 5540 quando
2348 5466 2545 5533 voluit,
2571 5466 2639 5521 ad
2665 5464 2929 5521 homines
2948 5466 3261 5535 processit;
3295 5468 3576 5539 quamdiu
3600 5469 3804 5538 voluit,

2098 5560 2251 5615 inter
2270 5555 2531 5614 homines
2553 5555 2724 5623 vixit;
2751 5554 2979 5625 quando
3002 5553 3205 5623 voluit,
3229 5573 3263 5611 a
3293 5572 3465 5614 carne
3497 5558 3801 5617 discessit:

2099 5647 2206 5704 hoc
2230 5650 2316 5703 est
2342 5644 2656 5719 potestatis,
2687 5660 2802 5701 non
2828 5644 3208 5702 necessitatis.
3244 5646 3400 5705 Hanc
3430 5664 3565 5721 ergo
3601 5649 3804 5706 horam

2887 5770 3485 5853 (Cinquante-trois.)
