4126 6194
316 327 471 386 1675

308 459 404 515 ille
435 459 820 532 exspectabat,
845 473 956 512 non
995 455 1246 523 fatalem,
1291 456 1389 510 sed
1423 459 1805 527 opportunam
1841 456 1896 506 et
1919 467 2013 505 vo-

310 551 621 605 luntariam
657 566 669 603 :
706 555 768 602 ut
800 547 960 618 prius
1012 545 1210 602 omnia
1241 545 1685 614 complerentur,
1723 559 1845 615 qua:
1880 543 2011 595 ante

309 641 634 711 passionem
670 638 858 710 ipsius
890 636 1164 707 compleri
1197 636 1510 704 oportebat.
1547 635 1689 690 Nam
1723 631 2010 704 quomodo

309 734 418 786 sub
446 731 547 785 fati
580 731 917 785 necessitate
953 729 1175 799 positus
1215 732 1356 787 erat,
1394 726 1491 797 qui
1529 725 1640 781 alio
1675 725 1796 779 loco
1831 724 2008 777 dixit:

309 823 640 874 Potestatem
673 818 839 871 habeo
862 816 1096 886 ponendi
1109 817 1356 869 animam
1382 831 1578 881 meum,
1611 821 1662 867 et
1689 816 2004 884 potestatem

307 909 473 964 habeo
505 907 705 962 iterum
728 907 980 960 sumendi
1001 922 1118 959 eam
1151 923 1169 958 :
1201 921 1358 958 nemo
1402 904 1543 958 tollit
1575 919 1700 958 eam
1730 920 1761 956 a
1793 916 1898 967 me,
1922 899 2014 954 sed

304 1015 396 1067 ego
429 1002 544 1069 ipse
572 1013 715 1067 pono
743 1013 860 1051 eam
892 1013 923 1048 a
957 1011 1060 1061 me,
1091 1001 1138 1049 et
1171 996 1372 1048 iterum
1402 1011 1553 1049 sumo
1585 1009 1701 1048 eam
1746 995 1922 1064 (Joan.
1955 1008 2009 1056 x,

305 1090 393 1159 18)
426 1088 453 1142 ?
485 1087 748 1142 Ostendit
799 1086 942 1139 hanc
978 1090 1344 1155 potestatem,
1397 1085 1622 1154 quando
1654 1100 1786 1137 eum
1825 1081 2012 1137 Judaei

303 1177 658 1246 quaerebant.
696 1175 862 1241 Quem
894 1175 1158 1244 quaeritis,
1189 1173 1426 1244 inquit?
1461 1174 1524 1227 Et
1556 1172 1674 1227 illi:
1712 1174 1911 1227 Jesum.
1948 1175 2015 1225 Et

301 1264 400 1319 ille
426 1282 438 1317 ε
465 1265 571 1332 Ego
602 1281 744 1319 sum.
774 1264 896 1327 Qua
916 1280 1049 1318 voce
1071 1264 1289 1331 audita,
1322 1263 1598 1318 redierunt
1631 1267 1770 1316 retro
1801 1270 1851 1314 et
1872 1261 2013 1315 ceci-

303 1354 498 1409 derunt
528 1354 628 1423 (Ιιί.
666 1370 820 1408 xvm.
859 1354 887 1406 4
917 1353 992 1422 6).

379 1445 463 1498 10.
498 1443 644 1498 Dicit
666 1442 900 1513 aliquis,
924 1442 1122 1497 Sihtnc
1162 1441 1219 1496 in
1246 1441 1343 1496 illo
1373 1446 1624 1513 potestas
1655 1445 1796 1505 erat,
1819 1455 2009 1508 quare,

302 1548 437 1589 cum
469 1532 649 1587 Judaei
682 1530 1025 1586 insultarent
1059 1531 1330 1601 pendenti
1355 1538 1405 1584 rt
1437 1530 1711 1596 dicerent,
1746 1529 1805 1584 Si
1837 1528 2014 1584 Filius

304 1623 398 1677 Dei
427 1629 524 1689 est,
557 1621 839 1676 descendat
878 1621 942 1676 de
965 1636 1124 1675 cruce
1156 1620 1363 1691 (Matth.
1399 1637 1572 1685 xxvn,
1607 1619 1718 1690 40),
1761 1634 1873 1673 non
1908 1619 2011 1671 de-

302 1710 549 1770 scendit.
584 1716 648 1765 ut
678 1710 763 1765 eis
793 1727 958 1765 suam
1003 1713 1342 1780 potestatem
1395 1709 1797 1764 descendendo
1841 1724 2012 1762 mon--

302 1799 566 1855 straret?
622 1798 766 1862 Quia
798 1798 1137 1870 patientiam
1188 1796 1450 1866 docebat,
1508 1797 1636 1852 ideo
1694 1796 2010 1868 potentiam

302 1885 624 1940 dittorebat.
667 1885 726 1941 Si
750 1886 905 1940 enim
939 1886 1103 1955 quasi
1135 1888 1464 1940 commotus
1505 1884 1574 1939 ad
1607 1899 1806 1939 eorum
1839 1883 2013 1938 verba

303 1976 692 2042 descenderet,
744 1974 930 2030 victus
999 1974 1386 2031 conviciorum
1436 1974 1633 2030 dolore
1690 1978 2009 2045 putaretur.

302 2066 543 2122 Prorsus
568 2081 682 2121 non
705 2065 1027 2132 descendit,
1054 2067 1202 2120 tixus
1225 2065 1558 2136 permansit,
1583 2064 1814 2135 quando
1843 2062 2013 2117 vellet

303 2157 707 2212 abscessurus.
743 2157 886 2210 Nam
921 2154 1058 2227 quid
1092 2154 1142 2210 ei
1175 2171 1442 2224 magnum
1477 2154 1586 2208 fuit
1616 2154 1686 2208 de
1719 2170 1887 2208 cruce
1918 2153 2010 2207 de-

301 2245 597 2313 scendere,
631 2245 727 2316 qui
757 2245 942 2316 potuit
963 2245 1312 2316 desepulcro
1340 2259 1642 2314 resurgere
1667 2244 1695 2297 ?
1715 2243 2010 2311 Intelliga-

300 2350 434 2390 mue
455 2349 591 2405 ergo
625 2350 740 2388 non
773 2333 982 2405 quibus
1008 2333 1527 2389 bocministratum
1551 2340 1655 2399 est,
1693 2332 2010 2402 potentiam

300 2421 530 2478 Domini
556 2421 736 2478 nostri
752 2421 889 2477 Jesu
912 2421 1128 2478 Christi
1153 2422 1439 2477 occultam
1464 2423 1620 2489 tunc,
1645 2420 2010 2475 manifestam

301 2511 558 2566 futuram
584 2510 640 2564 in
664 2509 890 2580 judicio
925 2526 937 2564 :
973 2509 1040 2564 de
1073 2526 1187 2581 quo
1219 2509 1436 2565 dictum
1469 2513 1572 2576 est,
1607 2509 1742 2564 Deus
1772 2510 2012 2575 mani/e-

301 2606 412 2654 stus
434 2599 631 2664 veniet,
670 2599 806 2654 Deus
855 2604 1036 2652 noster
1064 2602 1113 2654 et
1142 2614 1252 2652 non
1299 2597 1480 2652 silebit
1527 2596 1702 2669 (Psal.
1753 2614 1902 2664 xLix,
1933 2597 2008 2666 3).

303 2689 451 2752 Quid
471 2691 578 2754 est,
593 2689 917 2757 mani/estus
940 2688 1117 2742 veniet
1141 2688 1162 2738 Ρ
1183 2685 1328 2750 Quia
1348 2688 1804 2753 venitoccultus,
1823 2686 2014 2741 veniet

307 2777 655 2832 manifestus
677 2776 828 2832 Deus
849 2781 1063 2844 noster,
1094 2775 1201 2830 hoc
1223 2780 1311 2830 est
1340 2775 1627 2831 Christus.
1662 2778 1726 2830 Et
1756 2791 1864 2830 non
1884 2775 2012 2831 site-

309 2865 424 2921 bit:
457 2865 598 2936 quid
628 2869 737 2932 est,
772 2881 880 2921 non
910 2865 1135 2920 silebit?
1165 2864 1309 2929 Quia
1349 2865 1536 2936 primo
1560 2865 1739 2920 siluit.
1785 2865 1889 2920 Ubi
1923 2867 2010 2922 si-

312 2955 417 3012 luit
447 2954 474 3009 ?
500 2954 1052 3024 Quandojudicatus
1075 2957 1196 3021 est;
1233 2958 1296 3008 ut
1316 2954 1488 3009 etiam
1513 2954 1619 3009 hoc
1651 2954 2012 3024 impleretur,

312 3045 465 3116 quod
489 3051 540 3100 et
573 3044 850 3116 propheta
893 3045 1252 3116 praedixerat,
1286 3045 1437 3099 Sicut
1467 3043 1579 3099 ovis
1618 3044 1687 3098 ad
1725 3044 2016 3100 immolan-

311 3136 442 3188 dum
471 3133 663 3189 ductus
711 3137 805 3201 est,
838 3138 887 3187 et
932 3132 1071 3188 sicut
1117 3149 1291 3202 agnus
1328 3149 1509 3188 coram
1541 3134 1800 3189 tondente
1824 3151 1877 3189 se
1897 3133 2015 3188 sine

309 3237 457 3292 voce,
489 3224 567 3278 sic
593 3237 699 3278 non
734 3224 953 3293 aperuit
984 3238 1038 3276 os
1067 3239 1226 3276 suum
1273 3223 1422 3293 (lsai.
1470 3237 1588 3286 LIII,
1639 3224 1716 3293 7).
1769 3222 1828 3278 Si
1878 3237 2013 3293 ergo

309 3311 424 3383 pati
457 3311 654 3378 nollet,
689 3328 803 3368 non
836 3317 1161 3380 pateretur;
1196 3313 1242 3368 si
1277 3330 1389 3368 non
1423 3317 1738 3384 pateretur,
1771 3313 2012 3383 sanguis

305 3400 406 3456 ille
437 3419 550 3457 non
585 3401 921 3458 funderetur
954 3420 966 3469 ;
1001 3405 1047 3455 si
1083 3402 1325 3473 sanguis
1377 3401 1472 3457 ille
1506 3419 1616 3458 non
1653 3403 2009 3472 funderetur,

305 3492 562 3547 mundus
593 3508 708 3546 non
750 3492 1152 3547 redimeretur.
1201 3494 1457 3562 Agamus
1491 3492 1689 3563 itaque
1717 3493 1932 3563 gratias
1962 3501 2014 3549 et

306 3581 576 3652 potestati
608 3580 952 3647 divinitatis,
990 3586 1046 3636 et
1077 3582 1430 3636 miserationi
1465 3581 1821 3636 inﬁrmitatis
1845 3583 2010 3651 ejus:

304 3671 448 3726 etde
469 3670 690 3726 occulta
707 3671 965 3741 potentia
988 3687 1159 3742 quam
1184 3671 1366 3726 Judaei
1394 3687 1508 3725 non
1542 3678 1838 3737 noverant,
1863 3673 2015 3726 unde

307 3759 419 3812 illis
452 3760 623 3814 modo
655 3760 871 3814 dictum
905 3765 1008 3825 est,
1044 3761 1220 3831 Neque
1249 3776 1333 3814 me
1363 3761 1551 3827 nostis,
1583 3775 1756 3830 neque
1792 3761 2013 3814 Patrem

305 3862 489 3900 meum
511 3864 532 3908 ;
555 3851 610 3901 et
641 3846 711 3902 de
734 3863 904 3904 carne
936 3853 1206 3919 suscepta
1229 3865 1402 3919 quam
1426 3848 1609 3904 Judaei
1636 3854 1934 3916 noverant,
1957 3853 2014 3904 et

308 3934 478 4003 cujus
511 3935 755 4003 patriam
789 3936 1088 4003 sciebant;
1123 3938 1278 3992 unde
1309 3936 1424 3992 illis
1457 3937 1568 3992 alio
1601 3938 1724 3992 loco
1765 3938 1929 4006 dixit,
1953 3938 2015 3992 Et

305 4038 391 4076 me
424 4021 616 4089 nostis,
639 4027 686 4077 et
710 4023 853 4079 unde
882 4026 986 4080 sim
1007 4024 1174 4080 nostis
1205 4027 1380 4096 (Joan,
1417 4043 1515 4089 vn,
1546 4027 1659 4096 28).
1694 4025 2015 4098 Utrumque

305 4111 638 4167 noverimus
670 4113 727 4167 in
761 4112 1030 4180 Christo;
1065 4123 1117 4169 et
1149 4115 1301 4169 unde
1331 4115 1571 4186 aequalis
1618 4120 1708 4170 est
1756 4115 1926 4183 Patri,
1960 4121 2017 4172 et

306 4202 459 4256 unde
491 4200 589 4256 illo
625 4202 806 4273 major
849 4207 938 4257 est
978 4203 1162 4259 Pater.
1217 4203 1367 4259 Illud
1418 4203 1671 4258 Verbum
1725 4209 1833 4272 est,
1867 4205 2009 4261 illud

305 4309 476 4357 caro;
512 4291 654 4347 illud
678 4293 829 4349 Deus
862 4299 971 4363 est,
1003 4294 1146 4348 illud
1180 4294 1353 4350 homo
1379 4311 1390 4350 :
1417 4295 1518 4348 sed
1554 4310 1704 4348 unus
1735 4298 1824 4349 est
1853 4295 2016 4350 Chri-

304 4391 430 4438 stus
462 4382 614 4439 Deus
648 4387 703 4440 et
745 4383 935 4440 homo.

770 4558 1191 4615 TRACTATUS
1230 4557 1551 4614 XXXVIII.

305 4699 380 4752 Ab
413 4715 474 4753 eo
502 4698 642 4769 quod
681 4699 943 4766 scriptum
992 4706 1087 4764 cst,
1142 4697 1292 4752 Dixit
1349 4715 1480 4769 ergo
1531 4697 1611 4754 eis
1657 4698 1865 4754 Jesus:
1901 4699 2014 4770 Ego

377 4788 542 4852 vado,
577 4791 634 4843 et
663 4786 931 4859 quaeretis
965 4803 1056 4842 me
1082 4807 1097 4853 ;
1128 4803 1296 4857 usque
1319 4787 1387 4841 ad
1409 4787 1481 4847 id,
1516 4787 1666 4842 Dixit
1689 4788 1770 4844 eis
1799 4789 1971 4843 Jesus
1997 4803 2011 4843 :

375 4876 756 4950 Principium,
808 4876 944 4946 quia
992 4880 1048 4931 et
1108 4877 1315 4948 loquor
1363 4877 1543 4932 vobis.
1606 4879 1740 4948 Cap.
1793 4894 1913 4949 VIII,
1957 4879 2010 4946 ᾖ.

373 4968 567 5024 21-25.

373 5132 426 5187 4.
462 5130 648 5188 Lectio
697 5128 880 5187 sancti
926 5127 1223 5200 Evangelii
1274 5143 1401 5200 quae
1461 5130 1756 5199 praecessit
1789 5129 2014 5187 hodier-

301 5234 458 5284 nam,
503 5218 584 5274 ita
631 5218 1010 5284 concluserat,
1061 5215 1194 5286 quia
1227 5216 1440 5272 locutus
1497 5225 1574 5272 est
1611 5218 1801 5272 docens
1824 5221 1878 5272 in
1911 5235 2012 5288 ga-

300 5308 624 5377 zophylacio
677 5309 960 5373 Dominus,
1013 5323 1137 5378 quae
1188 5305 1389 5373 voluit,
1451 5310 1506 5362 et
1555 5323 1679 5377 qua:
1709 5307 1954 5362 audistis
1997 5323 2009 5362 :

304 5399 355 5449 ct
379 5399 914 5466 nemoapprehendit
931 5399 1220 5468 eum,quia
1244 5395 1489 5451 nondum
1514 5401 1731 5453 venerat
1752 5397 1881 5452 hora
1899 5397 2015 5468 ejus

307 5485 486 5555 (Joan.
520 5487 778 5554 vm.20).
831 5488 973 5542 Hinc
1019 5486 1379 5558 disputatum
1431 5492 1520 5542 est
1567 5487 1858 5543 dominico
1898 5487 2011 5554 die,

310 5575 466 5644 quod
498 5574 620 5646 ipse
651 5576 860 5632 donare
908 5576 1181 5644 dignatus
1213 5581 1322 5632 est.
1371 5577 1779 5634 Intimavimus
1815 5577 2012 5634 Chari-

308 5663 413 5720 tati
459 5668 658 5720 vestrae
691 5678 866 5736 quare
915 5662 1132 5719 dictum
1183 5664 1282 5732 sit,
1334 5666 1581 5720 Nonium
1624 5669 1841 5722 venerat
1881 5667 2013 5722 hora

1271 322 1359 381 IN
1405 320 1730 383 JOANNIS
1777 316 2316 388 EVANGELIUM,
2361 317 2423 376 S.
2472 315 2892 379 AUGUSTINI

3679 313 3834 374 1676

2119 449 2274 520 ejus:
2328 465 2397 504 ne
2440 451 2692 521 positum
2741 447 3034 504 Christum
3081 446 3189 502 sub
3237 445 3434 518 aliqua
3490 447 3835 504 necessitate

2122 538 2278 593 fatali
2311 537 2428 592 ulla
2458 538 2728 610 impietas
2775 537 3007 592 auderet
3039 536 3301 608 improbe
3332 535 3632 608 suspicari.
3674 542 3833 593 Non-

2119 631 2256 684 dum
2301 631 2454 685 enim
2505 637 2738 685 venerat
2788 630 2929 683 hora
2961 645 3076 700 qua
3107 644 3173 682 ex
3218 628 3419 682 ordine
3451 644 3576 696 suo,
3611 643 3830 683 secun-

2119 719 2258 772 dum
2294 735 2359 772 ea
2390 735 2514 788 quae
2539 719 2810 789 prmdicta
2835 719 3054 771 suntde
3077 717 3195 784 illo,
3223 733 3337 771 non
3363 715 3507 771 mori
3531 723 3834 788 cogeretur

2119 808 2357 877 invitus,
2392 812 2490 866 sed
2537 811 2903 866 occideretur
2934 813 3189 880 paratus.

2190 899 2223 951 2
2280 900 2445 954 Modo
2477 905 2670 955 autem
2703 901 2773 955 de
2803 900 2928 971 ipsa
2978 900 3245 970 passione
3283 916 3414 962 sua,
3473 916 3597 968 qua:
3649 903 3834 970 posita

2121 989 2239 1042 erat
2274 1005 2386 1043 non
2437 989 2493 1043 in
2529 990 2655 1058 ejus
2706 989 3068 1054 necessitate,
3113 987 3215 1042 sed
3249 993 3547 1058 potestate,
3598 992 3834 1044 locutus

2121 1081 2208 1132 est
2238 1077 2456 1132 Judaeis
2487 1079 2686 1133 dicens
2720 1094 2733 1132 :
2778 1080 2890 1149 Ego
2921 1077 3076 1132 vado.
3120 1077 3344 1132 Christo
3395 1077 3550 1131 enim
3586 1077 3834 1133 Domino

2124 1182 2273 1220 mors
2319 1167 2592 1237 profectio
2643 1167 2751 1221 fuit
2799 1167 2898 1221 illo
2933 1167 3083 1220 unde
3131 1171 3385 1232 venerat,
3418 1170 3473 1220 et
3529 1166 3683 1221 unde
3713 1183 3832 1221 non

2122 1256 2493 1311 discesserat.
2530 1257 2655 1326 Ego,
2704 1255 2919 1327 inquit,
2971 1256 3125 1324 vado,
3167 1266 3216 1310 et
3259 1255 3515 1326 quaeretis
3544 1274 3668 1310 me:
3715 1274 3830 1312 non

2121 1345 2428 1414 desiderio,
2462 1347 2554 1401 sed
2589 1346 2740 1401 odio.
2797 1346 2936 1403 Nam
2971 1344 3132 1400 illum
3168 1351 3544 1416 posteaquam
3579 1347 3834 1402 alieessit

2123 1433 2194 1488 ab
2225 1434 2408 1489 oculis
2429 1435 2754 1502 hominum,
2781 1434 3171 1505 inquisierunt
3194 1436 3622 1507 etquioderant
3650 1440 3704 1490 et
3728 1436 3832 1508 qui

2121 1524 2397 1578 amabant
2431 1541 2443 1578 :
2479 1523 2562 1578 illi
2596 1524 3017 1595 persequendo,
3052 1523 3134 1580 illl
3179 1523 3394 1579 habere
3427 1524 3729 1593 cupiendo.
3767 1526 3828 1580 In

2124 1613 2363 1668 Psalmis
2395 1614 2476 1667 ait
2505 1614 2628 1684 ipse
2665 1613 2938 1669 Dominus
2959 1629 3056 1683 per
3087 1613 3452 1684 prophetam,
3501 1614 3670 1670 Periit
3697 1617 3834 1686 fuga

2119 1717 2152 1755 a
2183 1717 2284 1768 me,
2317 1709 2370 1757 et
2409 1718 2517 1757 non
2564 1708 2641 1758 est
2688 1703 2788 1774 qui
2845 1703 3090 1774 requirat
3136 1705 3382 1758 animam
3431 1719 3603 1758 meam
3650 1702 3830 1770 (Psal.

2120 1806 2266 1858 chI,
2288 1791 2339 1855 5)
2367 1808 2379 1846 :
2414 1799 2466 1846 et
2493 1791 2707 1846 iterum
2731 1793 2810 1848 ait
2832 1793 2908 1848 ait
2938 1792 3049 1848 alio
3071 1791 3192 1848 loco
3216 1792 3274 1847 in
3297 1791 3556 1862 Psalmo,
3583 1793 3832 1861 Confun-

2118 1880 2322 1935 dantur
2349 1889 2402 1936 et
2427 1889 2788 1938 revereantur
2817 1881 3158 1954 requirentes
3177 1885 3426 1937 animam
3454 1897 3631 1938 meam
3653 1884 3828 1954 (Psal.

2118 1972 2444 2043 xxxrx,15).
2477 1972 2740 2043 Culpavit
2788 1973 2885 2043 qui
2936 1989 3050 2028 non
3100 1974 3482 2045 requirerent,
3533 1975 3832 2031 damnavit

2119 2063 2214 2130 qui
2233 2063 2610 2132 requirerent.
2637 2061 2852 2118 Malum
2876 2067 2961 2118 est
2980 2062 3137 2118 enim
3155 2079 3266 2118 non
3291 2078 3546 2134 quarere
3567 2065 3828 2122 animum

2120 2150 2354 2217 Christi,
2403 2152 2502 2207 sed
2537 2153 2826 2221 quomodo
2874 2169 3003 2208 eam
3036 2152 3396 2224 quissierunt
3425 2152 3737 2226 discipuli;
3772 2163 3832 2213 et

2121 2239 2339 2295 malum
2373 2244 2459 2296 est
2488 2257 2738 2311 quarere
2787 2242 3041 2298 animam
3087 2242 3318 2311 Christi,
3370 2243 3470 2298 sed
3531 2245 3831 2315 quomodo

2119 2346 2244 2386 eam
2277 2330 2458 2384 ludet
2483 2331 2868 2401 quaesierunt:
2901 2331 2986 2386 illi
3025 2331 3183 2386 enim
3214 2336 3276 2386 ut
3308 2331 3606 2402 baberent,
3642 2334 3737 2389 isti
3761 2339 3831 2390 ut

2118 2421 2443 2492 perderent.
2462 2421 2722 2493 Denique
2745 2422 2837 2477 isti
2861 2421 2997 2493 quia
3019 2423 3104 2478 sic
3126 2422 3458 2494 quaerebant
3475 2439 3634 2479 more
3651 2425 3826 2492 malo,

2121 2511 2291 2567 corde
2321 2526 2605 2582 perverso,
2639 2512 2776 2583 quid
2820 2517 3056 2568 secutus
3085 2513 3345 2584 adjunxit
3368 2513 3397 2566 ‘I
3429 2514 3688 2581 Qum'etis
3718 2530 3826 2581 me,

2119 2610 2190 2669 et,
2215 2616 2287 2655 ne
2318 2601 2532 2671 putetis
2551 2601 2690 2672 quia
2720 2603 2866 2658 bene
2892 2618 2981 2658 me
3020 2603 3295 2674 quaeritis,
3319 2604 3382 2658 in
3411 2608 3624 2674 peccato
3651 2614 3830 2661 vestro

2119 2691 2448 2746 moriemini.
2483 2690 2598 2746 Hoc
2627 2695 2716 2747 est
2746 2690 3032 2748 Christum
3068 2692 3219 2748 male
3250 2709 3463 2765 quare,
3504 2694 3560 2749 in
3596 2699 3831 2764 peccato

2120 2795 2223 2834 suo
2257 2780 2399 2834 mori
2433 2796 2444 2833 :
2481 2781 2587 2834 hoc
2617 2785 2707 2836 est
2735 2780 2902 2836 illum
2931 2782 3143 2849 odisse,
3178 2798 3277 2853 per
3301 2797 3472 2854 quem
3506 2787 3704 2854 posset
3732 2801 3833 2840 eo-

2117 2867 2239 2923 lum
2272 2867 2466 2924 salvus
2496 2885 2645 2924 esse.
2670 2871 2810 2925 Cum
2837 2871 2991 2926 enim
3024 2870 3291 2927 homines
3323 2887 3568 2942 quorum
3601 2890 3735 2945 spes
3768 2873 3830 2928 in

2123 2961 2235 3015 Deo
2267 2964 2374 3026 est,
2407 2976 2522 3016 non
2573 2961 2821 3015 debeant
2863 2961 3015 3016 mala
3045 2963 3282 3018 reddere
3323 2964 3469 3020 nec‘
3503 2980 3604 3035 pro
3637 2963 3833 3030 malis,

2122 3049 2436 3104 reddebant
2460 3050 2555 3105 isti
2581 3049 2733 3104 mala
2766 3066 2865 3120 pro
2894 3051 3083 3107 bonis.
3109 3053 3525 3107 Praanuntiavit
3553 3069 3689 3123 ergo
3715 3053 3835 3110 illis

2121 3139 2422 3208 Dominus,
2457 3140 2718 3211 dixitque
2749 3142 3101 3197 sententiam
3128 3145 3430 3212 praescius,
3461 3144 3614 3214 quod
3643 3145 3696 3198 in
3724 3160 3836 3200 suo

2122 3235 2352 3300 peccato
2383 3236 2762 3285 morerentur.
2799 3230 3014 3286 Deinde
3053 3231 3353 3303 adiungit:
3399 3233 3510 3300 Qua
3540 3248 3636 3301 ego
3665 3233 3832 3300 vado,

2120 3336 2209 3376 vos
2239 3337 2345 3376 non
2379 3324 2598 3388 potestis
2637 3324 2843 3376 venire.
2896 3323 3010 3378 Hoc
3059 3327 3146 3377 est
3197 3323 3502 3393 discipulis
3559 3325 3671 3380 alio
3703 3324 3833 3380 loco

2120 3409 2302 3477 dixit;
2338 3425 2441 3464 nec
2475 3416 2658 3464 tamen
2714 3411 2796 3466 eis
2861 3410 3024 3479 dixit,
3076 3413 3136 3466 In
3158 3415 3370 3482 peccato
3411 3420 3584 3469 vestro
3614 3416 3834 3469 morie-

2119 3501 2280 3556 mini.
2341 3498 2490 3565 Quid
2522 3504 2718 3555 autem
2777 3501 2976 3555 dixit?
3033 3501 3194 3565 Quod
3255 3507 3311 3556 et
3357 3502 3524 3558 istis:
3577 3504 3692 3572 Quo
3736 3515 3836 3575 ego

2119 3590 2273 3656 vado,
2315 3605 2404 3644 vos
2459 3591 2644 3643 venire
2702 3606 2810 3644 non
2865 3594 3081 3657 potestis
3140 3591 3315 3661 (Joan.
3357 3609 3480 3658 xm,
3538 3592 3646 3663 33).
3705 3594 3834 3649 Non

2121 3678 2558 3750 abstulitspem,
2584 3681 2684 3734 sed
2729 3681 2990 3751 praedixit
3013 3680 3374 3737 dilationem.
3409 3685 3644 3748 Quando
3674 3686 3834 3740 enim

2122 3768 2230 3824 hoc
2261 3769 2564 3839 discipulis
2597 3769 2877 3824 Dominus
2898 3769 3266 3841 loquebatur,
3285 3776 3420 3826 tunc
3437 3789 3547 3828 non
3565 3779 3837 3844 poterant

2121 3859 2315 3915 venire
2354 3859 2502 3928 quod
2535 3858 2629 3912 ille
2660 3859 2800 3925 ibat,
2835 3860 2937 3913 sed
2990 3865 3190 3929 postea
3221 3862 3452 3916 venturi
3487 3868 3688 3918 erant:
3734 3866 3835 3918 isti

2123 3952 2318 4006 autem
2359 3963 2685 4017 nunquam,
2717 3948 2929 4018 quibus
2971 3950 3246 4018 praescius
3276 3951 3436 4017 dixit,
3491 3953 3558 4006 In
3611 3963 3837 4023 peccato

2124 4048 2293 4095 vestro
2322 4038 2654 4093 moriemini.

2195 4130 2248 4184 3.
2283 4127 2384 4184 His
2415 4133 2610 4182 autem
2645 4127 2857 4183 auditis
2897 4129 3107 4195 verbis,
3143 4131 3436 4202 quomodo
3488 4131 3671 4187 solent
3703 4150 3838 4188 car—

2119 4234 2223 4274 nea
2261 4219 2605 4289 cogitantes,
2636 4227 2688 4272 et
2731 4218 3053 4273 secundum
3105 4235 3339 4274 carnem
3383 4220 3741 4290 judicantes,
3777 4229 3838 4279 et

2119 4312 2306 4364 totum
2331 4307 2639 4363 carnaliter
2657 4307 2960 4363 audientes
2983 4314 3154 4378 atque
3177 4308 3782 4378 sapientes,dixerunt
3818 4327 3835 4368 :

2119 4397 2393 4468 Numquid
2431 4397 2725 4466 interﬁciet
2772 4398 3146 4468 semetipsum;
3175 4399 3305 4471 quia
3361 4398 3533 4468 dixit,
3572 4401 3685 4469 Quo
3731 4417 3836 4468 ego

2118 4487 2282 4546 vado.
2315 4501 2408 4540 vos
2429 4501 2536 4539 non
2566 4487 2781 4555 potestis
2803 4487 3038 4540 venire?
3070 4486 3259 4542 Stulta
3279 4487 3475 4555 verba,
3508 4495 3554 4543 et
3591 4490 3836 4544 omnino

2117 4576 2468 4646 insipientia
2486 4575 2675 4645 plena.
2697 4575 2840 4640 Quid
2865 4574 3020 4630 enim
3048 4575 3076 4630 ?
3098 4593 3209 4631 non
3231 4581 3498 4646 poterant
3522 4577 3617 4634 illo
3634 4579 3837 4636 venire

2119 4683 2233 4737 quo
2257 4665 2353 4719 ille
2377 4664 2743 4735 perrexisset,
2767 4663 2815 4718 si
2849 4665 3579 4735 interticeretsemetipsum
3604 4667 3631 4721 ?
3656 4668 3838 4724 Num-

2119 4755 2257 4826 quid
2291 4753 2402 4824 ipsi
2428 4768 2540 4807 non
2566 4757 2731 4807 erant
2760 4753 3026 4808 morituri
3050 4753 3075 4806 ?
3099 4753 3242 4817 Quid
3265 4759 3354 4810 est
3371 4771 3530 4827 ergo,
3555 4757 3836 4830 Numquid

2118 4845 2407 4912 interﬁciet
2435 4843 2784 4912 semetipsum
2816 4859 2839 4908 ;
2875 4845 3006 4916 quia
3046 4843 3212 4913 dixit,
3238 4844 3350 4912 Quo
3397 4862 3494 4916 ego
3546 4847 3700 4917 vado,
3742 4865 3838 4904 vos

2116 4951 2226 4990 non
2255 4934 2472 5002 potestis
2494 4931 2681 4988 venire
2700 4935 2728 4986 ?
2757 4933 2816 4988 Si
2847 4933 2915 4988 de
2939 4941 3116 4989 morte
3145 4933 3396 4990 hominis
3424 4936 3658 5004 diceret,
3697 4939 3837 5007 quis

2118 5025 2293 5080 homo
2315 5039 2427 5079 non
2457 5022 2899 5094 moritur?Ergo
2917 5039 3020 5094 quo
3050 5040 3143 5095 ego
3165 5023 3300 5078 vado
3324 5025 3488 5091 dixit,
3507 5042 3620 5082 non
3645 5043 3782 5082 cum
3815 5027 3837 5061 ³

2141 5119 2235 5170 tur
2261 5115 2329 5168 ad
2373 5117 2639 5180 mortem,
2672 5114 2770 5168 sed
2806 5130 2916 5183 quo
2946 5114 3067 5169 ibat
3106 5115 3231 5186 ipso
3265 5121 3391 5186 post
3431 5123 3696 5173 mortem.
3741 5117 3837 5176 Illi

2119 5203 2316 5275 itaque
2347 5221 2458 5259 non
2493 5203 2905 5273 intelligentes,
2939 5205 3050 5260 ista
3080 5206 3523 5276 responderunt.

2187 5296 2238 5348 4.
2275 5294 2340 5348 Et
2371 5294 2652 5348 Dominus
2685 5293 2755 5348 ad
2807 5311 2902 5349 eos
2935 5294 3030 5365 qui
3081 5299 3294 5351 terram
3328 5296 3653 5368 sapiebant,
3691 5297 3832 5368 quid

2119 5384 2198 5440 ait
2226 5383 2252 5437 ‘t
2287 5385 2346 5438 Et
2376 5382 2591 5438 dicebat
2614 5385 2730 5438 eis:
2765 5385 2855 5438 Vos
2882 5383 2948 5438 de
2979 5385 3232 5440 deorsum
3260 5388 3411 5441 estis.
3448 5388 3579 5443 Ideo
3610 5393 3829 5443 terram

2119 5476 2352 5548 sapitis,
2386 5476 2482 5544 qui
2511 5474 2662 5530 sicut
2685 5480 2981 5545 serpentes
3012 5479 3227 5532 terram
3258 5477 3644 5534 manducatis.
3679 5479 3829 5544 Quid

2187 5615 2200 5647 ί
2238 5610 2414 5667 Abest,
2447 5623 2554 5669 nec,
2584 5609 2649 5658 ab
2680 5608 2929 5658 omnibus
2962 5611 3085 5660 Mes.

2184 5673 2203 5707 ⁸
2229 5673 2445 5736 Aliquot
2474 5673 2620 5732 Msa,
2653 5685 2760 5720 non
2792 5686 2906 5734 quo.
