4146 6186
337 292 490 352 16ῖ7

321 433 427 493 est,
461 432 676 482 terram
711 426 1076 482 manducetis
1099 427 1406 481 ?Terreuis
1438 431 1765 500 pascimini,
1795 432 2035 486 terrenis

317 516 710 584 delectamini,
746 515 992 571 terrenis
1015 515 1278 585 inhiatis,
1312 533 1546 574 sursum
1580 537 1679 575 cor
1711 538 1824 576 non
1859 521 2032 576 habe-

319 606 409 660 tis.
449 607 540 661 Vos
572 607 635 661 de
676 606 930 662 deorsum
970 608 1098 661 estis
1130 622 1148 659 :
1191 622 1291 677 ego
1334 606 1399 662 de
1455 613 1704 680 supernis
1747 627 1885 666 sum.
1947 612 2036 666 Vos

313 695 376 751 de
409 696 611 752 mundo
643 697 740 751 hoc
768 699 896 752 estis
927 713 945 751 :
967 711 1063 765 ego
1087 712 1196 752 non
1226 698 1343 752 sum
1374 700 1440 753 de
1479 698 1577 754 hoc
1623 704 1846 756 mundo.
1881 701 2037 764 Quo-

321 788 492 841 modo
525 787 682 842 enim
739 792 862 842 erat
920 788 990 842 de
1038 787 1276 856 mundo,
1328 805 1428 860 per
1477 806 1650 860 quem
1708 792 1889 846 factus
1949 799 2033 846 est

317 876 936 933 mundus?0mnesde
964 876 1183 932 mundo
1199 881 1326 948 post
1353 881 1639 934 mundum
1667 896 1680 946 ;
1709 881 1847 951 quia
1871 881 2032 950 prius

319 966 676 1032 mundus,ct
709 967 787 1021 sic
818 965 992 1020 homo
1017 966 1086 1020 de
1109 967 1365 1022 mundo:
1403 967 1566 1038 prius
1618 978 1809 1024 autem
1869 969 2034 1025 Chri-

316 1061 466 1125 stus,
511 1057 724 1112 deinde
757 1057 1012 1111 mundus
1043 1073 1056 1122 ;
1092 1057 1366 1127 quoniam
1399 1062 1534 1112 ante
1563 1060 1849 1115 mundum
1869 1060 2034 1116 Chri-

310 1154 457 1212 stus,
493 1151 626 1202 ante
657 1145 950 1201 Christum
975 1145 1120 1201 nihil
1153 1163 1166 1201 :
1203 1147 1338 1216 quia
1371 1149 1430 1202 in
1460 1150 1735 1220 principio
1757 1159 1874 1205 erat
1913 1153 2031 1206 Ver-

312 1239 445 1294 bum
471 1254 493 1299 ;
523 1239 710 1292 omnia
739 1251 837 1308 per
858 1238 1034 1307 ipsum
1062 1238 1218 1306 facta
1239 1243 1364 1291 sunt
1412 1237 1592 1308 (Joan.
1628 1256 1668 1305 ι,
1705 1241 1754 1302 1,
1801 1240 1902 1313 3).’
1941 1240 2034 1295 Sic

305 1326 698 1400 ergoeratille
721 1327 790 1380 de
812 1325 1100 1396 supernis.
1118 1325 1196 1380 De
1219 1326 1431 1398 quibus
1453 1329 2033 1398 supernis?Deacre?

305 1418 514 1474 Absit:
548 1416 626 1472 ibi
649 1421 706 1472 et
744 1430 877 1471 aves
907 1414 1162 1471 volitant.
1203 1417 1276 1472 De
1319 1416 1462 1472 ccelo
1513 1418 1665 1488 quod
1718 1419 1982 1476 videmus
2008 1421 2034 1474 ?

312 1508 380 1563 Et
403 1507 510 1562 hoc
543 1505 699 1561 absit
730 1520 744 1572 ;
779 1503 855 1558 ibi
887 1508 942 1559 et
972 1503 1158 1560 stella
1186 1513 1240 1561 et
1273 1506 1435 1562 solet
1469 1505 1609 1563 luna
1640 1508 2026 1564 circumeunt.

307 1598 397 1653 De
428 1594 707 1665 Angelis?
755 1594 954 1665 Neque
985 1594 1094 1650 hoc
1118 1594 1452 1667 intelligetis
1485 1613 1497 1652 :
1535 1613 1632 1669 per
1654 1597 1818 1652 illum
1845 1603 1901 1652 st
1923 1600 2032 1653 An-

305 1687 427 1759 geli
453 1685 584 1742 facti
605 1689 765 1749 sunt,
799 1700 900 1755 per
931 1699 1106 1756 quem
1130 1685 1328 1739 omnia
1360 1687 1512 1740 facta
1542 1691 1698 1741 sunt.
1721 1687 2027 1758 Dequibus

297 1793 448 1849 ergo
479 1774 748 1847 supernis
775 1773 1040 1829 Christus
1062 1772 1194 1829 tAb
1228 1774 1354 1846 ipso
1387 1779 1570 1831 Patre.
1593 1776 1748 1830 Nihil
1773 1777 1872 1832 illo
1917 1778 2026 1833 Deo

299 1867 605 1938 superius,
628 1864 726 1936 qui
759 1864 1013 1920 Verbum
1039 1866 1242 1936 genuit
1262 1866 1481 1937 aequale
1503 1867 1639 1934 sibi,
1673 1873 2022 1923 coaeternum

296 1956 444 2023 sibi,
477 1955 868 2026 unigenitum,
899 1953 1026 2009 sine
1063 1961 1341 2024 tempore,
1396 1972 1494 2026 per
1533 1972 1706 2026 quem
1757 1958 2024 2013 conderet

299 2051 598 2116 tempora.
635 2043 729 2098 Sic
760 2058 896 2113 ergo
941 2041 1137 2112 accipe
1179 2042 1474 2098 Christum
1535 2047 1602 2100 de
1636 2046 1922 2116 supernis,
1959 2052 2021 2102 ut

302 2133 545 2192 excedis
578 2132 923 2202 cogitatione
955 2139 1052 2186 tua
1085 2148 1258 2187 omne
1289 2133 1445 2204 quod
1469 2135 1681 2189 factum
1707 2141 1794 2190 est
1823 2152 1836 2202 ;
1889 2139 2021 2190 uni-

299 2240 540 2279 versam
588 2221 829 2278 omnino
869 2225 1223 2284 creaturam,
1282 2239 1453 2278 omne
1502 2239 1732 2294 corpus,
1787 2241 2021 2282 omnem

302 2314 618 2371 conditum
651 2311 952 2382 spiritum,
986 2326 1217 2366 omnem
1251 2328 1373 2367 rem
1413 2328 1644 2385 quoquo
1695 2315 1866 2370 modo
1903 2333 2024 2371 mu-

297 2404 554 2459 tabilem
592 2419 604 2458 :
642 2407 829 2457 totum
864 2401 1092 2470 excede,
1133 2402 1281 2456 sicut
1332 2404 1580 2458 excessit
1623 2404 1896 2471 Joannes,
1961 2411 2026 2461 ut

297 2494 703 2564 contingeret,
736 2493 800 2545 In
829 2491 1104 2560 principio
1125 2499 1244 2545 erat
1279 2491 1524 2562 Verbum,
1564 2496 1611 2546 et
1651 2494 1875 2548 Verbum
1906 2501 2026 2551 erat

296 2583 468 2655 apud
490 2583 682 2648 Deum,
713 2589 766 2636 et
796 2583 938 2635 Deus
967 2585 1085 2633 erat
1125 2579 1369 2634 Verbum.

378 2674 436 2728 5.
470 2674 588 2744 Ego
618 2686 774 2742 ergo,
809 2667 1018 2740 inquit,
1063 2670 1129 2722 de
1165 2673 1413 2740 supernis
1458 2687 1594 2726 sum.
1662 2671 1754 2727 Vos
1808 2672 1874 2728 de
1927 2673 2026 2727 ho-

300 2762 519 2819 mundo
548 2762 727 2817 estis:
755 2778 857 2830 ego
897 2773 1007 2814 non
1044 2775 1162 2815 sum
1211 2761 1284 2816 de
1329 2761 1428 2817 hoc
1473 2761 1672 2818 mundo
1721 2763 1852 2817 Dixi
1905 2779 2027 2833 ergo

299 2854 458 2908 votis
489 2853 619 2924 quia
647 2851 962 2908 moriemini
985 2855 1042 2909 in
1063 2854 1294 2926 peccatis
1320 2851 1529 2907 vestris.
1554 2851 2024 2921 Exposuitnobis,

297 2944 544 3009 fratres,
578 2943 716 3013 quid
741 2942 986 3014 intelligi
1020 2944 1287 3010 voluerit,
1325 2943 1421 2996 Vos
1449 2940 1515 2996 de
1539 2941 1635 2996 hoc
1653 2941 1855 2995 mundo
1878 2945 2026 2998 estis.

297 3033 440 3089 ideo
468 3033 686 3104 quippe
718 3033 880 3100 dixit,
935 3036 1024 3089 Vos
1053 3034 1117 3090 de
1142 3034 1244 3087 hoc
1273 3032 1472 3087 mundo
1505 3037 1652 3092 estis.
1709 3033 1849 3102 quia
1907 3049 2031 3102 pec-

297 3128 534 3179 catores
563 3127 749 3190 erant,
784 3123 1100 3194 quiainqui
1133 3132 1319 3190 erant,
1368 3121 1506 3193 quia
1541 3121 1802 3176 infideles
1843 3127 2026 3188 erant,

303 3212 453 3286 quia
486 3225 712 3268 terrena
744 3213 1066 3282 sepiebant.
1101 3213 1245 3268 Nam
1294 3213 1431 3283 quid
1476 3211 1639 3266 vobis
1690 3211 1920 3266 videtur
1959 3212 2028 3266 de

302 3302 534 3357 sanctis
578 3301 879 3372 Apostolis
908 3302 935 3356 ?
982 3303 1270 3367 Quantum
1321 3302 1600 3356 intererat
1632 3301 1782 3356 inter
1809 3301 2031 3356 Judaaos

307 3401 369 3449 et.
421 3391 778 3463 Apostolos?
823 3391 1112 3455 Quantum
1165 3392 1317 3447 inter
1382 3392 1652 3447 tenebras
1703 3397 1758 3446 et
1814 3390 2025 3458 lucem,

303 3488 596 3555 quantum
631 3483 785 3538 inter
816 3483 988 3538 fidem
1020 3488 1077 3539 et
1107 3483 1530 3549 infidelitatem,
1559 3486 1842 3553 quantum
1877 3483 2030 3537 inter

305 3575 593 3644 pietatem
626 3577 685 3628 et
714 3573 1097 3644 impietatem,
1133 3583 1418 3645 quantum
1454 3573 1602 3627 inter
1641 3589 1801 3643 spem
1836 3577 1894 3628 et
1936 3573 2028 3627 de-

303 3662 725 3733 sperationem,
759 3667 1045 3733 quantum
1077 3661 1227 3717 inter
1249 3661 1586 3716 cbaritatem
1636 3667 1694 3716 et
1741 3661 2027 3730 cupidita-

297 3758 423 3808 tem
449 3771 462 3806 :
488 3751 741 3806 multum
768 3767 900 3823 ergo
923 3751 1219 3806 intererat.
1244 3752 1389 3815 Quid
1420 3749 1600 3821 ergo?
1623 3751 1760 3822 quia
1793 3755 2020 3804 tantum

302 3842 614 3909 intererat,
658 3841 918 3911 Apostoli
951 3843 1022 3896 de
1057 3842 1274 3895 mundo
1333 3857 1446 3894 non
1479 3845 1658 3895 erant.
1711 3840 1766 3893 Si
1811 3838 2024 3910 cogites

304 3934 606 4004 quomodo
639 3931 760 3986 nati
795 3931 935 3994 sint,
967 3935 1024 3986 et
1053 3931 1205 3986 unde
1234 3931 1535 3998 venerint;
1566 3929 1698 4001 quia
1727 3945 1931 3986 omnes
1955 3946 2023 3985 ex

301 4022 496 4076 Adam
527 4025 828 4088 venerant,
861 4021 931 4076 de
963 4019 1069 4075 hoc
1094 4021 1510 4075 mundoerant.
1533 4019 1642 4075 Sed
1676 4019 1814 4089 quid
1831 4019 1915 4073 eis
1939 4019 2020 4074 ait

303 4111 438 4182 ipse
470 4109 804 4166 Dominus?
842 4110 948 4178 Ego
996 4126 1086 4166 vos
1133 4110 1199 4164 de
1271 4109 1473 4164 mundo
1528 4110 1667 4178 elegi
1697 4109 1713 4142 ¹
1765 4109 1867 4178 (Id.
1927 4126 2019 4174 xv,

307 4201 422 4269 19).
457 4199 563 4265 Qui
598 4214 734 4270 ergo
768 4199 837 4253 de
886 4199 1103 4254 mundo
1163 4202 1346 4267 erant,
1407 4199 1538 4253 facti
1599 4202 1736 4252 sunt
1783 4213 1899 4252 non
1943 4199 2015 4252 de

303 4291 553 4356 mundo,
600 4295 655 4346 et
703 4289 987 4361 pertinere
1041 4293 1341 4360 coeperunt
1392 4289 1461 4344 ad
1511 4304 1644 4343 eum
1697 4305 1798 4357 per
1845 4304 2015 4358 quem

297 4380 492 4436 factus
521 4385 611 4435 est
649 4379 926 4434 mundus.
963 4379 1058 4434 Isti
1091 4383 1282 4434 autem
1308 4383 1718 4434 remanserunt
1769 4393 1896 4433 esse
1945 4379 2016 4433 de

298 4469 545 4536 mundo,
594 4469 808 4540 quibus
857 4467 1078 4524 dictum
1136 4471 1244 4537 est,
1303 4467 1616 4523 Moriemini
1671 4466 1731 4520 in
1786 4465 2018 4537 peccatis-

299 4561 520 4615 vestris.

375 4649 425 4705 6.
467 4649 645 4706 Nemo
681 4664 815 4720 ergo
845 4647 1018 4711 dicat,
1075 4648 1297 4712 fratres,
1347 4646 1427 4702 De
1484 4646 1591 4702 hoc
1625 4646 1845 4701 mundo
1896 4661 2010 4700 non

302 4756 458 4794 sum.
494 4738 772 4809 Quisquis
803 4751 865 4793 es
887 4737 1084 4803 homo,
1118 4737 1188 4792 de
1221 4737 1327 4793 hoc
1351 4738 1568 4792 mundo
1598 4751 1692 4803 es;
1727 4736 1825 4791 sed
1858 4735 2012 4789 venit

302 4829 374 4886 ad
401 4839 454 4886 te
488 4829 585 4900 qui
610 4829 1070 4893 fecitmundum,
1102 4832 1158 4882 et
1180 4827 1445 4882 liberavit
1473 4832 1527 4882 te
1551 4829 1620 4883 de
1642 4827 1750 4882 hoc
1773 4826 2009 4881 mundo.

294 4918 356 4974 Si
389 4917 630 4973 delectat
678 4921 733 4974 te
775 4917 1054 4984 mundus,
1096 4933 1327 4986 semper
1357 4917 1442 4972 vis
1491 4933 1619 4974 esse
1668 4915 2014 4970 immundus

295 5009 342 5063 si
369 5009 708 5078 antemjam
742 5023 857 5062 non
888 5012 940 5062 te
971 5007 1220 5062 delectat
1249 5006 1342 5061 hic
1375 5005 1653 5071 mundus,
1681 5007 1806 5075 jam
1839 5010 1895 5060 tu
1949 5022 2010 5062 es

294 5097 582 5154 mundus.
611 5097 1025 5154 Verumtamen
1059 5097 1106 5153 si
1141 5113 1243 5168 per
1287 5095 1544 5168 aliquam
1597 5095 2007 5151 infirmitatem

289 5187 484 5242 adhuc
519 5198 569 5242 te
593 5185 840 5242 delectat
873 5186 1146 5253 mundus,
1176 5186 1396 5242 habitet
1423 5184 1480 5240 in
1521 5189 1575 5238 te
1607 5183 1706 5256 qui
1741 5183 2008 5249 mundat,

289 5282 352 5331 et
383 5277 496 5331 eris
532 5277 808 5332 mundus.
841 5276 899 5331 Si
931 5279 1125 5330 autem
1157 5274 1338 5330 fueris
1372 5275 1651 5340 mundus,
1682 5290 1794 5327 non
1832 5288 2010 5328 rema-

289 5366 460 5421 nebis
492 5367 550 5421 in
589 5366 808 5422 mundo
838 5383 854 5433 ;
888 5381 993 5420 nec
1026 5363 1225 5419 audies
1267 5363 1417 5434 quod
1452 5363 1766 5418 audierunt
1794 5361 2003 5426 Judaei,

286 5454 600 5511 Moriemini
631 5456 691 5510 in
712 5453 949 5526 peccatis
976 5451 1194 5509 vestris.
1219 5452 1433 5508 Omnes
1449 5452 1603 5508 enim
1627 5467 1759 5506 cum
1781 5460 2006 5522 peccato

284 5544 413 5602 nati
438 5561 685 5612 sumus;
719 5558 919 5599 omnes
942 5542 1184 5598 vivendo
1218 5543 1288 5597 ad
1315 5541 1368 5596 id
1391 5541 1549 5612 quod
1599 5542 1715 5596 nati
1766 5555 2000 5597 eramus

364 5678 381 5711 ι
405 5674 544 5736 κει,
576 5676 685 5739 Ego
712 5688 795 5726 vos
815 5673 878 5724 de
909 5673 1002 5725 hoc
1025 5673 1228 5724 mundo
1259 5673 1415 5736 elegi.

1427 297 1884 360 TRACTATUS
1932 297 2259 362 XXXVIII.
2305 303 2561 368 CAPUT
2606 310 2760 372 Vlll.

3705 326 3859 389 1678

2147 435 2496 508 addidimus,
2516 444 2810 513 magisque
2826 445 2894 499 de
2915 446 3124 499 mundo
3151 446 3705 527 factisumus,quam
3723 463 3856 519 tunc

2147 527 2373 592 quando
2406 530 2474 584 de
2510 533 2845 600 parentibus
2880 536 3090 590 nostris
3124 539 3243 592 nati
3275 557 3503 597 sumus.
3539 545 3604 599 Et
3629 549 3730 602 ubi
3763 568 3854 609 es-

2145 629 2361 680 semus,
2397 619 2444 673 si
2479 620 2574 675 ille
2616 639 2728 677 non
2764 624 3001 690 veniret,
3038 625 3136 695 qui
3163 644 3275 682 non
3312 629 3561 689 habebat
3612 639 3854 696 omnino

2145 711 2444 774 peccatum
2480 710 2518 775 ί,
2554 716 2616 766 ut
2647 713 2894 769 solveret
2945 733 3116 771 omne
3167 726 3457 787 peccatum
3494 724 3521 778 ?
3561 725 3622 780 In
3680 745 3853 798 quem

2142 793 2327 884 Judaei
2356 799 2492 869 quia
2526 817 2634 855 non
2671 805 3003 871 credebant,
3042 808 3246 861 merito
3295 811 3624 884 audierunt,
3649 793 3856 874 Morie-

2143 887 2284 976 miai
2316 887 2372 940 in
2401 891 2636 976 peccatis
2667 893 2856 948 vestris
2889 913 2906 948 :
2941 896 3075 964 quia
3125 913 3237 951 non
3290 899 3502 958 habere
3551 913 3851 976 peccatum

2145 969 2304 1025 nullo
2341 975 2511 1030 modo
2543 977 2842 1047 potuistis,
2870 983 2966 1053 qui
3003 998 3132 1038 cum
3157 991 3390 1052 peccato
3417 989 3533 1043 nati
3551 969 3725 1059 'estis,
3753 997 3851 1051 sed

2141 1065 2337 1156 tamen
2371 1064 2419 1118 si
2454 1067 2509 1120 in
2548 1085 2654 1134 ms,
2680 1070 2890 1140 inquit,
2911 1073 3442 1145 credideritis,cum
3464 1087 3695 1149 peccato
3716 1088 3851 1156 qui-

2140 1151 2272 1205 dem
2307 1155 2422 1208 nati
2447 1158 2604 1224 estis,
2639 1161 2738 1214 sed
2775 1161 2830 1214 in
2880 1169 3112 1232 peccato
3164 1171 3350 1221 vestro
3417 1171 3682 1227 morituri
3731 1151 3845 1231 non

2141 1241 2302 1295 estis.
2335 1242 2478 1299 Tota
2508 1262 2642 1317 ergo
2666 1247 2980 1305 infelicitas
3011 1252 3340 1309 Judnorum
3372 1257 3496 1328 ipsa
3529 1265 3672 1328 erat,
3707 1279 3844 1330 non,

2142 1338 2442 1423 peccatum
2478 1334 2710 1404 habere,
2746 1341 2844 1394 sed
2878 1339 2934 1394 in
2970 1344 3219 1411 peccatis
3252 1347 3416 1400 mori.
3446 1352 3558 1404 Hoc
3590 1356 3672 1406 est
3694 1356 3845 1423 quod

2141 1419 2310 1473 debet
2361 1421 2560 1492 fugere
2617 1427 2809 1482 omnis
2863 1428 3215 1487 Christianus
3257 1449 3270 1487 :
3327 1441 3562 1507 propter
3614 1419 3728 1495 hoc“
3772 1444 3842 1498 ad

2139 1508 2502 1580 Baptismum
2537 1515 2821 1585 curritur;
2859 1524 3089 1590 prepter
3120 1521 3227 1576 hoc
3259 1525 3357 1594 qui
3390 1529 3730 1597 egritudine
3761 1533 3845 1587 vel

2138 1599 2373 1690 aliunde
2405 1603 2820 1672 periclitantur,
2852 1608 2961 1662 sibi
2987 1609 3311 1667 desiderant
3349 1615 3679 1688 subveniri;
3706 1636 3840 1690 pro-

2136 1691 2264 1758 pter
2295 1688 2403 1746 hoc
2433 1692 2601 1749 etiam
2627 1709 2839 1765 sugens
2870 1697 3186 1766 parvulusa
3221 1706 3402 1757 matre
3435 1703 3546 1775 piis
3571 1688 3840 1763 manibus

2133 1775 2203 1829 ad
2240 1776 2552 1833 Ecclesium
2587 1781 2786 1849 fertur,
2824 1801 2891 1838 ne
2930 1785 3054 1840 sine
3097 1787 3391 1858 Baptismo
3441 1799 3623 1860 exeat,
3675 1799 3729 1850 et
3783 1796 3841 1853 in

2101 1871 2365 1935 peccato
2398 1884 2508 1939 quo
2555 1876 2726 1926 natus
2771 1878 2859 1928 est
2906 1875 3202 1931 moriatur.
3257 1879 3660 1939 Infelicissime
3700 1901 3840 1940 con-

2131 1956 2297 2024 ditio,
2334 1960 2547 2016 misera
2577 1979 2702 2016 sors
2737 1963 3002 2034 istorum,
3035 1968 3134 2036 qui
3170 1969 3239 2023 de
3281 1987 3376 2026 ore
3423 1973 3672 2030 veridico
3723 1993 3835 2031 au-

2129 2039 2478 2115 dierunt,'In
2507 2055 2736 2120 peccatis
2766 2058 2956 2110 vestris
2988 2057 3325 2116 moriemini.

2199 2137 2252 2191 7.
2281 2135 2439 2191 Unde
2465 2142 2654 2193 tamen
2690 2146 2794 2196 hoc
2826 2143 2909 2197 eis
2933 2145 3249 2217 contingat,
3283 2149 3513 2218 exponit
3547 2168 3558 2204 :
3594 2151 3652 2205 Si
3692 2157 3838 2209 enim

2129 2240 2236 2279 non
2265 2226 2602 2282 credideritis
2632 2233 2758 2299 quia
2790 2247 2891 2302 ego
2938 2251 3081 2301 sum,
3149 2239 3471 2292 moriemini
3501 2241 3559 2292 in
3597 2248 3835 2311 peccatis

2129 2318 2344 2370 vestris.
2379 2317 2582 2383 Credo,
2617 2320 2842 2389 fratres,
2878 2323 2934 2376 in
2968 2324 3067 2378 illa
3101 2326 3476 2383 multitudine
3499 2346 3624 2399 quin
3641 2330 3836 2388 Domi-

2132 2419 2269 2458 num
2297 2406 2585 2476 audiebat,
2612 2417 2663 2464 et
2696 2426 2793 2465 eos
2819 2411 2994 2466 fuisse
3018 2412 3111 2481 qui
3138 2415 3413 2469 credituri
3437 2423 3618 2471 erant.
3654 2422 3832 2483 Quasi

2129 2498 2320 2548 autem
2345 2495 2404 2550 in
2421 2513 2623 2554 omnes
2645 2506 3002 2570 processerat
3025 2503 3393 2558 severissima
3417 2504 3836 2578 illasententia,

2131 2587 2191 2640 In
2230 2592 2452 2656 peccato
2483 2597 2656 2644 vestro
2691 2593 3053 2656 moriemini;
3084 2609 3148 2648 ac
3182 2610 3282 2664 per
3331 2594 3438 2650 hoc
3488 2601 3545 2651 et
3590 2597 3707 2654 illis
3741 2601 3845 2671 qui

2134 2675 2410 2730 credituri
2444 2686 2624 2744 erant,
2660 2695 2791 2749 spes
2823 2689 2939 2735 erat
2972 2681 3170 2737 ablata
3201 2700 3213 2737 :
3252 2683 3332 2738 illi
3366 2685 3707 2752 sawiebant,
3756 2689 3845 2743 illi

2137 2764 2448 2832 timebant;
2475 2767 2591 2822 imo
2642 2786 2754 2824 non
2785 2769 3087 2836 timebant,
3124 2773 3222 2827 sed
3271 2775 3394 2842 jam
3435 2777 3842 2847 desperabant.

2138 2853 2443 2910 Revocavit
2473 2872 2570 2912 eos
2603 2857 2660 2912 in
2694 2876 2880 2926 spem,
2911 2861 3174 2929 adiunxit
3207 2863 3385 2928 enim,
3415 2865 3478 2919 Si
3515 2882 3624 2920 non
3675 2868 3847 2925 credi-

2134 2941 2330 2997 deritis
2359 2945 2498 3016 quia
2554 2963 2649 3016 ego
2696 2964 2837 3013 sum,
2880 2951 3200 3005 moriemini
3248 2951 3307 3006 in
3353 2954 3593 3023 peccatis
3630 2959 3842 3012 vestris.

2135 3037 2285 3104 Ergo
2318 3035 2365 3087 ei
2408 3036 2768 3093 credideritis
2799 3039 2935 3107 quia
2983 3056 3084 3110 ego
3144 3058 3301 3108 sum,
3355 3059 3466 3098 non
3516 3046 3846 3102 moriemini

2135 3120 2196 3175 in
2235 3123 2485 3193 peccatis
2524 3125 2748 3182 vestris.
2810 3127 3054 3182 Reddita
3085 3135 3169 3184 est
3222 3147 3354 3201 spes
3378 3133 3842 3204 deeperantibus,

2137 3212 2404 3267 excitatis
2438 3214 2587 3268 facta
2618 3219 2705 3270 est
2734 3216 3183 3286 dormientibus,
3224 3221 3499 3278 cordibus
3540 3225 3843 3296 evigilave-

2137 3307 2308 3358 runt:
2333 3302 2467 3357 inde
2487 3302 2722 3373 plurimi
2755 3305 3141 3372 crediderunt,
3169 3309 3320 3362 sicut
3343 3311 3631 3381 Evangelii
3657 3313 3841 3383 ipsius

2136 3394 2555 3464 consequentia
2624 3397 2932 3449 testantur.
2984 3397 3153 3450 Erant
3212 3399 3366 3452 enim
3411 3399 3526 3453 illic
3579 3403 3843 3458 membra

2135 3481 2372 3545 Christi,
2408 3497 2537 3550 quas
2569 3484 2828 3537 nondum
2889 3483 3252 3538 adhaeserant
3299 3487 3524 3556 corpori
3569 3487 3784 3544 Christi
3820 3506 3832 3544 :

2135 3575 2190 3626 et
2223 3571 2278 3624 in
2305 3570 2402 3625 illo
2437 3572 2647 3642 populo
2680 3591 2711 3626 a
2743 3589 2855 3643 quo
2888 3575 3196 3629 crucifixus
3225 3579 3333 3642 est,
3366 3592 3396 3628 a
3427 3593 3540 3647 quo
3584 3577 3640 3632 in
3681 3578 3836 3650 ligno

2134 3675 2454 3730 suspensus
2486 3665 2594 3726 est,
2619 3678 2650 3715 a
2674 3677 2786 3731 quo
2810 3663 3069 3732 pendens
3103 3663 3310 3718 irrisus
3333 3670 3439 3733 est,
3457 3683 3488 3720 a
3511 3682 3622 3735 quo
3640 3665 3840 3722 lancea

2133 3748 2464 3803 vulneratus
2495 3758 2599 3816 est,
2632 3768 2662 3804 a
2695 3767 2807 3820 quo
2844 3751 2970 3805 felle
3002 3755 3056 3804 et
3087 3757 3244 3806 aceto
3273 3758 3501 3822 potatus
3534 3759 3637 3823 est,
3676 3763 3837 3811 erant

2133 3839 2644 3904 membraChristi,
2679 3857 2780 3910 pro
2796 3842 3005 3910 quibus
3039 3843 3199 3908 dixit,
3232 3845 3412 3913 Pater,
3446 3848 3668 3916 ignosce
3699 3847 3836 3913 illis,

2132 3929 2263 4000 quia
2293 3929 2543 3982 nesciunt
2575 3929 2702 3999 quid
2731 3928 2965 3998 faciunt.
3002 3931 3144 3995 Quid
3178 3937 3367 3987 autem
3414 3950 3691 3990 converso
3723 3952 3837 3990 non

2131 4018 2473 4089 ignoscitur,
2507 4019 2555 4074 si
2588 4019 2754 4074 fusus
2785 4019 2999 4075 Christi
3034 4023 3274 4091 sanguis
3306 4023 3667 4094 ignoscitur?
3699 4026 3837 4091 Quis

2131 4107 2722 4176 homicidaldesperet,
2747 4109 2795 4164 si
2820 4109 2878 4163 in
2905 4126 3069 4180 spem
3093 4112 3355 4167 redditus
3375 4117 3462 4166 est
3483 4130 3641 4184 aquo
3657 4115 3833 4169 etiam

2131 4197 2626 4254 Christusoccisus
2646 4202 2733 4253 est
2753 4198 3320 4254 ‘tCredidcruntinde
3348 4201 3548 4267 multi;
3585 4203 3834 4256 donatus

2128 4292 2218 4343 est
2245 4287 2324 4341 eis
2355 4287 2596 4358 sanguis
2619 4287 2849 4353 Christi,
2887 4293 2951 4342 ut
2983 4288 3171 4359 magis
3219 4304 3350 4341 eum
3407 4287 3669 4342 biberent
3717 4306 3832 4358 quo

2127 4377 2532 4445 liberarentur,
2567 4393 2734 4446 quam
2761 4377 2840 4431 rei
2875 4378 2943 4431 de
2973 4377 3072 4431 illo
3104 4377 3285 4431 efl‘uso
3311 4379 3834 4448 tenerenturzquis

2127 4467 2394 4537 desperet
2432 4465 2459 4518 ‘t
2491 4466 2554 4520 Et
2586 4465 2632 4518 si
2667 4465 2725 4518 in
2759 4480 2924 4518 cruce
2949 4464 3096 4518 latro
3130 4464 3384 4519 salvatus
3407 4469 3516 4529 est,
3540 4469 3674 4520 ante
3697 4483 3834 4537 pau-

2125 4556 2310 4612 lulum
2375 4553 2684 4618 homicida,
2739 4557 2870 4623 post
2938 4551 3239 4622 paululum
3299 4557 3626 4616 accusatus,
3690 4571 3830 4610 con-

2124 4646 2328 4712 victus,
2363 4644 2695 4708 damnatus,
2721 4657 3066 4712 suspensus,
3102 4639 3416 4709 liberatus;
3461 4643 3578 4698 noli
3613 4644 3830 4701 mirari.

2125 4735 2230 4792 Ubi
2263 4735 2578 4798 convictus,
2613 4733 2690 4787 ibi
2723 4735 3033 4788 damnatus
3070 4750 3082 4787 :
3116 4733 3212 4789 sed
3250 4733 3328 4788 ibi
3380 4733 3681 4802 liberatus,
3733 4737 3831 4791 ubi

2125 4833 2386 4884 mutatus
2418 4829 2567 4900 (Luc.
2602 4842 2764 4891 xvm,
2807 4826 3019 4895 34-43).
3069 4825 3130 4880 In
3159 4824 3292 4880 hoc
3324 4841 3462 4896 ergo
3498 4826 3708 4897 populo
3739 4829 3828 4880 cui

2120 4919 2408 4973 Dominus
2439 4916 2801 4986 loquebatur,
2825 4920 2986 4971 erant
3019 4914 3115 4987 qui
3137 4914 3194 4968 in
3224 4919 3454 4984 peccato
3480 4931 3586 4969 suo
3608 4915 3835 4970 fuerant

2123 5008 2388 5062 morituri
2423 5025 2436 5063 :
2472 5010 2638 5062 erant
2669 5007 2841 5062 etiam
2873 5007 2969 5076 qui
3004 5005 3062 5058 in
3099 5006 3288 5076 ipsum
3323 5004 3416 5074 qui
3461 5003 3827 5076 loquebatur,

2124 5097 2352 5151 fuerant
2382 5097 2682 5164 credituri,
2718 5097 2863 5152 etab
2895 5095 3052 5150 omni
3088 5097 3322 5164 peccato
3355 5092 3661 5148 liberandi.

2193 5189 2246 5241 8.
2281 5189 2499 5243 Tamen
2534 5188 2640 5242 hoc
2669 5187 2903 5241 attende
2926 5185 3078 5254 quod
3111 5183 3187 5236 ait
3214 5181 3496 5238 Dominus
3526 5182 3828 5241 Christus:

2119 5279 2181 5332 Si
2210 5294 2318 5333 non
2377 5277 2724 5332 credideritis
2753 5277 2885 5346 quia
2931 5290 3032 5343 ςέιτ·
3063 5289 3209 5339 sum,
3256 5272 3568 5327 moriemini
3624 5277 3682 5327 in
3706 5291 3831 5347 pec-

2117 5367 2258 5424 catis
2288 5368 2502 5424 vestris.
2539 5367 2682 5429 Ouid
2718 5371 2824 5430 est,
2878 5365 2940 5417 Si
2987 5378 3097 5416 non
3145 5361 3489 5418 credideritis
3538 5367 3674 5435 quia
3734 5381 3832 5433 ego

2116 5459 2420 5527 sumitEgo
2443 5472 2584 5514 sum,
2625 5455 2760 5524 quid
2794 5453 2820 5506 ?
2851 5450 3004 5507 Nihil
3064 5451 3284 5507 addidit
3320 5470 3334 5519 ,'
3385 5456 3441 5507 et
3489 5454 3626 5522 quia
3684 5455 3831 5510 nihil

2119 5546 2339 5602 addidit
2397 5544 2644 5599 multum
2694 5547 2781 5598 est
2841 5542 2995 5614 quod
3049 5543 3493 5598 commendavit.
3520 5543 3832 5615 Exspecta-

2183 5673 2196 5706 ι
2227 5671 2371 5733 Mss,
2401 5670 2488 5732 qui
2509 5682 2606 5721 nan
2631 5667 3137 5734 habebatpeccatum
3162 5685 3181 5726 ί
3199 5670 3580 5733 praetermisso,
3604 5670 3830 5723 omnino.
