  <div class='ocr_page' id='page_1' title='image "/cluster/home/n/w/nwhite01/storage/ocr_20150623/35/hvd.32044054170956/189.png"; bbox 0 0 4126 6194; ppageno 0'>
   <div class='ocr_carea' id='block_1_1' title="bbox 284 295 445 358">
    <p class='ocr_par' dir='ltr' id='par_1_1' title="bbox 284 295 445 358">
     <span class='ocr_line' id='line_1_1' title="bbox 284 295 445 358; baseline -0.019 0"><span class='ocrx_word' id='word_1_1' title='bbox 284 295 445 358; x_wconf 80' lang='grc'>1679</span> 
     </span>
    </p>
   </div>
   <div class='ocr_carea' id='block_1_2' title="bbox 281 424 1986 496">
    <p class='ocr_par' dir='ltr' id='par_1_2' title="bbox 281 424 1986 496">
     <span class='ocr_line' id='line_1_2' title="bbox 281 424 1986 496; baseline -0.007 -9"><span class='ocrx_word' id='word_1_2' title='bbox 281 431 454 486; x_wconf 89' lang='lat' dir='ltr'>batur</span> <span class='ocrx_word' id='word_1_3' title='bbox 502 429 660 486; x_wconf 89' lang='lat' dir='ltr'>enim</span> <span class='ocrx_word' id='word_1_4' title='bbox 748 435 809 483; x_wconf 90' lang='lat' dir='ltr'>ut</span> <span class='ocrx_word' id='word_1_5' title='bbox 889 425 1106 481; x_wconf 85' lang='lat' dir='ltr'>diceret</span> <span class='ocrx_word' id='word_1_6' title='bbox 1170 424 1312 496; x_wconf 86' lang='lat' dir='ltr'>quid</span> <span class='ocrx_word' id='word_1_7' title='bbox 1388 428 1564 490; x_wconf 80' lang='lat' dir='ltr'>esset,</span> <span class='ocrx_word' id='word_1_8' title='bbox 1622 439 1727 480; x_wconf 90' lang='lat' dir='ltr'>ncc</span> <span class='ocrx_word' id='word_1_9' title='bbox 1797 430 1986 477; x_wconf 86' lang='lat' dir='ltr'>tamen</span> 
     </span>
    </p>
   </div>
   <div class='ocr_carea' id='block_1_3' title="bbox 281 512 1988 589">
    <p class='ocr_par' dir='ltr' id='par_1_3' title="bbox 281 512 1988 589">
     <span class='ocr_line' id='line_1_3' title="bbox 281 512 1988 589; baseline -0.006 -14"><span class='ocrx_word' id='word_1_10' title='bbox 281 520 443 575; x_wconf 83' lang='lat' dir='ltr'>dixit.</span> <span class='ocrx_word' id='word_1_11' title='bbox 477 520 623 584; x_wconf 85' lang='lat' dir='ltr'>Quid</span> <span class='ocrx_word' id='word_1_12' title='bbox 656 515 1099 589; x_wconf 76' lang='lat' dir='ltr'>exspectabatur</span> <span class='ocrx_word' id='word_1_13' title='bbox 1131 518 1193 569; x_wconf 91' lang='lat' dir='ltr'>ut</span> <span class='ocrx_word' id='word_1_14' title='bbox 1216 513 1475 569; x_wconf 73' lang='lat' dir='ltr'>diceret?</span> <span class='ocrx_word' id='word_1_15' title='bbox 1501 514 1688 577; x_wconf 80' lang='lat' dir='ltr'>Forte,</span> <span class='ocrx_word' id='word_1_16' title='bbox 1720 512 1841 567; x_wconf 97' lang='lat' dir='ltr'>Nisi</span> <span class='ocrx_word' id='word_1_17' title='bbox 1868 525 1988 565; x_wconf 87' lang='lat' dir='ltr'>cre-</span> 
     </span>
    </p>
   </div>
   <div class='ocr_carea' id='block_1_4' title="bbox 278 602 1989 681">
    <p class='ocr_par' dir='ltr' id='par_1_4' title="bbox 278 602 1989 681">
     <span class='ocr_line' id='line_1_4' title="bbox 278 602 1989 681; baseline -0.006 -16"><span class='ocrx_word' id='word_1_18' title='bbox 278 609 525 666; x_wconf 82' lang='lat' dir='ltr'>dideritis</span> <span class='ocrx_word' id='word_1_19' title='bbox 555 610 690 681; x_wconf 92' lang='lat' dir='ltr'>quia</span> <span class='ocrx_word' id='word_1_20' title='bbox 718 623 819 677; x_wconf 85' lang='lat' dir='ltr'>ego</span> <span class='ocrx_word' id='word_1_21' title='bbox 846 623 964 662; x_wconf 89' lang='lat' dir='ltr'>sum</span> <span class='ocrx_word' id='word_1_22' title='bbox 998 604 1257 659; x_wconf 79' lang='lat' dir='ltr'>Christus</span> <span class='ocrx_word' id='word_1_23' title='bbox 1289 623 1303 671; x_wconf 88' lang='lat'><strong>;</strong></span> <span class='ocrx_word' id='word_1_24' title='bbox 1328 602 1441 659; x_wconf 89' lang='lat' dir='ltr'>nisi</span> <span class='ocrx_word' id='word_1_25' title='bbox 1470 602 1815 659; x_wconf 72' lang='lat' dir='ltr'>credideritis</span> <span class='ocrx_word' id='word_1_26' title='bbox 1859 602 1989 671; x_wconf 86' lang='lat' dir='ltr'>quia</span> 
     </span>
    </p>
   </div>
   <div class='ocr_carea' id='block_1_5' title="bbox 279 693 1991 770">
    <p class='ocr_par' dir='ltr' id='par_1_5' title="bbox 279 693 1991 770">
     <span class='ocr_line' id='line_1_5' title="bbox 279 693 1991 770; baseline -0.008 -16"><span class='ocrx_word' id='word_1_27' title='bbox 279 716 375 770; x_wconf 87' lang='lat' dir='ltr'>ego</span> <span class='ocrx_word' id='word_1_28' title='bbox 422 715 541 754; x_wconf 89' lang='lat' dir='ltr'>sum</span> <span class='ocrx_word' id='word_1_29' title='bbox 590 698 691 754; x_wconf 86' lang='lat' dir='ltr'>Dei</span> <span class='ocrx_word' id='word_1_30' title='bbox 736 696 965 752; x_wconf 86' lang='lat' dir='ltr'>Filius:</span> <span class='ocrx_word' id='word_1_31' title='bbox 1001 698 1109 750; x_wconf 83' lang='lat' dir='ltr'>nisi</span> <span class='ocrx_word' id='word_1_32' title='bbox 1156 693 1506 749; x_wconf 83' lang='lat' dir='ltr'>credideritis</span> <span class='ocrx_word' id='word_1_33' title='bbox 1550 695 1682 764; x_wconf 78' lang='lat' dir='ltr'>quia</span> <span class='ocrx_word' id='word_1_34' title='bbox 1731 707 1823 762; x_wconf 82' lang='lat' dir='ltr'>ego</span> <span class='ocrx_word' id='word_1_35' title='bbox 1869 705 1991 744; x_wconf 92' lang='lat' dir='ltr'>sum</span> 
     </span>
    </p>
   </div>
   <div class='ocr_carea' id='block_1_6' title="bbox 280 779 1991 855">
    <p class='ocr_par' dir='ltr' id='par_1_6' title="bbox 280 779 1991 855">
     <span class='ocr_line' id='line_1_6' title="bbox 280 779 1991 855; baseline -0.008 -12"><span class='ocrx_word' id='word_1_36' title='bbox 280 791 535 845; x_wconf 83' lang='lat' dir='ltr'>Verbum</span> <span class='ocrx_word' id='word_1_37' title='bbox 568 788 753 843; x_wconf 92' lang='lat' dir='ltr'>Patris</span> <span class='ocrx_word' id='word_1_38' title='bbox 778 807 792 853; x_wconf 86' lang='lat'><strong>;</strong></span> <span class='ocrx_word' id='word_1_39' title='bbox 825 785 939 841; x_wconf 82' lang='lat' dir='ltr'>nisi</span> <span class='ocrx_word' id='word_1_40' title='bbox 962 784 1454 855; x_wconf 85' lang='lat' dir='ltr'>credideritisquia</span> <span class='ocrx_word' id='word_1_41' title='bbox 1473 799 1565 854; x_wconf 89' lang='lat' dir='ltr'>ego</span> <span class='ocrx_word' id='word_1_42' title='bbox 1585 799 1706 838; x_wconf 91' lang='lat' dir='ltr'>sum</span> <span class='ocrx_word' id='word_1_43' title='bbox 1727 779 1991 836; x_wconf 91' lang='lat' dir='ltr'>conditor</span> 
     </span>
    </p>
   </div>
   <div class='ocr_carea' id='block_1_7' title="bbox 282 870 1991 944">
    <p class='ocr_par' dir='ltr' id='par_1_7' title="bbox 282 870 1991 944">
     <span class='ocr_line' id='line_1_7' title="bbox 282 870 1991 944; baseline -0.008 -11"><span class='ocrx_word' id='word_1_44' title='bbox 282 877 485 933; x_wconf 87' lang='lat' dir='ltr'>mundi</span> <span class='ocrx_word' id='word_1_45' title='bbox 508 896 520 937; x_wconf 92' lang='lat'><strong>;</strong></span> <span class='ocrx_word' id='word_1_46' title='bbox 543 875 653 932; x_wconf 86' lang='lat' dir='ltr'>nisi</span> <span class='ocrx_word' id='word_1_47' title='bbox 672 873 1015 932; x_wconf 72' lang='lat' dir='ltr'>credideritis</span> <span class='ocrx_word' id='word_1_48' title='bbox 1036 876 1165 944; x_wconf 82' lang='lat' dir='ltr'>quia</span> <span class='ocrx_word' id='word_1_49' title='bbox 1186 889 1279 943; x_wconf 87' lang='lat' dir='ltr'>ego</span> <span class='ocrx_word' id='word_1_50' title='bbox 1298 889 1419 928; x_wconf 92' lang='lat' dir='ltr'>sum</span> <span class='ocrx_word' id='word_1_51' title='bbox 1437 870 1693 928; x_wconf 88' lang='lat' dir='ltr'>hominis</span> <span class='ocrx_word' id='word_1_52' title='bbox 1716 871 1991 925; x_wconf 78' lang='lat' dir='ltr'>formator</span> 
     </span>
    </p>
   </div>
   <div class='ocr_carea' id='block_1_8' title="bbox 284 960 1988 1029">
    <p class='ocr_par' dir='ltr' id='par_1_8' title="bbox 284 960 1988 1029">
     <span class='ocr_line' id='line_1_8' title="bbox 284 960 1988 1029; baseline -0.008 -7"><span class='ocrx_word' id='word_1_53' title='bbox 284 971 341 1022; x_wconf 91' lang='lat' dir='ltr'>et</span> <span class='ocrx_word' id='word_1_54' title='bbox 356 968 716 1028; x_wconf 80' lang='lat' dir='ltr'>reformator,</span> <span class='ocrx_word' id='word_1_55' title='bbox 743 968 967 1019; x_wconf 83' lang='lat' dir='ltr'>creator</span> <span class='ocrx_word' id='word_1_56' title='bbox 989 968 1366 1029; x_wconf 86' lang='lat' dir='ltr'>etrecrcator,</span> <span class='ocrx_word' id='word_1_57' title='bbox 1395 962 1578 1017; x_wconf 82' lang='lat' dir='ltr'>factor</span> <span class='ocrx_word' id='word_1_58' title='bbox 1600 964 1686 1016; x_wconf 86' lang='lat' dir='ltr'>est</span> <span class='ocrx_word' id='word_1_59' title='bbox 1710 960 1988 1014; x_wconf 85' lang='lat' dir='ltr'>refactor:</span> 
     </span>
    </p>
   </div>
   <div class='ocr_carea' id='block_1_9' title="bbox 282 1049 1993 1122">
    <p class='ocr_par' dir='ltr' id='par_1_9' title="bbox 282 1049 1993 1122">
     <span class='ocr_line' id='line_1_9' title="bbox 282 1049 1993 1122; baseline -0.008 -10"><span class='ocrx_word' id='word_1_60' title='bbox 282 1060 390 1112; x_wconf 83' lang='lat' dir='ltr'>nisz</span> <span class='ocrx_word' id='word_1_61' title='bbox 422 1057 529 1110; x_wconf 86' lang='lat' dir='ltr'>hoc</span> <span class='ocrx_word' id='word_1_62' title='bbox 548 1052 898 1109; x_wconf 80' lang='lat' dir='ltr'>credideritis</span> <span class='ocrx_word' id='word_1_63' title='bbox 932 1055 1060 1122; x_wconf 84' lang='lat' dir='ltr'>quia</span> <span class='ocrx_word' id='word_1_64' title='bbox 1091 1067 1183 1122; x_wconf 85' lang='lat' dir='ltr'>ego</span> <span class='ocrx_word' id='word_1_65' title='bbox 1233 1068 1376 1117; x_wconf 81' lang='lat' dir='ltr'>sum,</span> <span class='ocrx_word' id='word_1_66' title='bbox 1420 1049 1737 1105; x_wconf 83' lang='lat' dir='ltr'>moriemini</span> <span class='ocrx_word' id='word_1_67' title='bbox 1779 1049 1839 1102; x_wconf 89' lang='lat' dir='ltr'>in</span> <span class='ocrx_word' id='word_1_68' title='bbox 1874 1059 1993 1117; x_wconf 83' lang='lat' dir='ltr'>pec-</span> 
     </span>
    </p>
   </div>
   <div class='ocr_carea' id='block_1_10' title="bbox 279 1134 1989 1212">
    <p class='ocr_par' dir='ltr' id='par_1_10' title="bbox 279 1134 1989 1212">
     <span class='ocr_line' id='line_1_10' title="bbox 279 1134 1989 1212; baseline -0.008 -10"><span class='ocrx_word' id='word_1_69' title='bbox 279 1148 417 1202; x_wconf 75' lang='lat' dir='ltr'>catis</span> <span class='ocrx_word' id='word_1_70' title='bbox 439 1143 648 1199; x_wconf 81' lang='lat' dir='ltr'>vestris.</span> <span class='ocrx_word' id='word_1_71' title='bbox 685 1142 929 1197; x_wconf 86' lang='lat' dir='ltr'>Multum</span> <span class='ocrx_word' id='word_1_72' title='bbox 962 1148 1048 1195; x_wconf 85' lang='lat' dir='ltr'>est</span> <span class='ocrx_word' id='word_1_73' title='bbox 1079 1141 1234 1212; x_wconf 90' lang='lat' dir='ltr'>quod</span> <span class='ocrx_word' id='word_1_74' title='bbox 1267 1140 1344 1195; x_wconf 89' lang='lat' dir='ltr'>ait</span> <span class='ocrx_word' id='word_1_75' title='bbox 1375 1140 1588 1210; x_wconf 91' lang='lat' dir='ltr'>ipsum,</span> <span class='ocrx_word' id='word_1_76' title='bbox 1629 1141 1738 1210; x_wconf 89' lang='lat' dir='ltr'>Ego</span> <span class='ocrx_word' id='word_1_77' title='bbox 1774 1153 1894 1192; x_wconf 89' lang='lat' dir='ltr'>sum</span> <span class='ocrx_word' id='word_1_78' title='bbox 1923 1134 1941 1167; x_wconf 76' lang='grc' dir='ltr'>ί</span> <span class='ocrx_word' id='word_1_79' title='bbox 1975 1150 1989 1189; x_wconf 88' lang='lat'><strong>:</strong></span> 
     </span>
    </p>
   </div>
   <div class='ocr_carea' id='block_1_11' title="bbox 284 1229 1990 1307">
    <p class='ocr_par' dir='ltr' id='par_1_11' title="bbox 284 1229 1990 1307">
     <span class='ocr_line' id='line_1_11' title="bbox 284 1229 1990 1307; baseline -0.006 -18"><span class='ocrx_word' id='word_1_80' title='bbox 284 1234 424 1307; x_wconf 88' lang='lat' dir='ltr'>quia</span> <span class='ocrx_word' id='word_1_81' title='bbox 453 1233 533 1288; x_wconf 89' lang='lat' dir='ltr'>sic</span> <span class='ocrx_word' id='word_1_82' title='bbox 566 1232 786 1287; x_wconf 82' lang='lat' dir='ltr'>dixerat</span> <span class='ocrx_word' id='word_1_83' title='bbox 817 1236 872 1287; x_wconf 89' lang='lat' dir='ltr'>et</span> <span class='ocrx_word' id='word_1_84' title='bbox 916 1231 1069 1287; x_wconf 86' lang='lat' dir='ltr'>Deus</span> <span class='ocrx_word' id='word_1_85' title='bbox 1129 1230 1335 1303; x_wconf 78' lang='lat' dir='ltr'>Moysi,</span> <span class='ocrx_word' id='word_1_86' title='bbox 1392 1232 1498 1301; x_wconf 82' lang='lat' dir='ltr'>Ego</span> <span class='ocrx_word' id='word_1_87' title='bbox 1541 1247 1663 1286; x_wconf 84' lang='lat' dir='ltr'>sum</span> <span class='ocrx_word' id='word_1_88' title='bbox 1706 1229 1803 1301; x_wconf 85' lang='lat' dir='ltr'>qui</span> <span class='ocrx_word' id='word_1_89' title='bbox 1849 1242 1990 1281; x_wconf 88' lang='lat' dir='ltr'>sum.</span> 
     </span>
    </p>
   </div>
   <div class='ocr_carea' id='block_1_12' title="bbox 282 1317 1995 1396">
    <p class='ocr_par' dir='ltr' id='par_1_12' title="bbox 282 1317 1995 1396">
     <span class='ocr_line' id='line_1_12' title="bbox 282 1317 1995 1396; baseline -0.007 -15"><span class='ocrx_word' id='word_1_90' title='bbox 282 1326 420 1390; x_wconf 89' lang='lat' dir='ltr'>Quis</span> <span class='ocrx_word' id='word_1_91' title='bbox 451 1324 627 1396; x_wconf 89' lang='lat' dir='ltr'>digne</span> <span class='ocrx_word' id='word_1_92' title='bbox 654 1324 959 1394; x_wconf 79' lang='lat' dir='ltr'>eloquetur</span> <span class='ocrx_word' id='word_1_93' title='bbox 1004 1321 1141 1392; x_wconf 91' lang='lat' dir='ltr'>quid</span> <span class='ocrx_word' id='word_1_94' title='bbox 1175 1321 1273 1389; x_wconf 87' lang='lat' dir='ltr'>sit,</span> <span class='ocrx_word' id='word_1_95' title='bbox 1330 1328 1498 1376; x_wconf 83' lang='lat' dir='ltr'>sum?</span> <span class='ocrx_word' id='word_1_96' title='bbox 1534 1319 1796 1375; x_wconf 82' lang='lat' dir='ltr'>Mittebat</span> <span class='ocrx_word' id='word_1_97' title='bbox 1843 1317 1995 1372; x_wconf 85' lang='lat' dir='ltr'>Deus</span> 
     </span>
    </p>
   </div>
   <div class='ocr_carea' id='block_1_13' title="bbox 282 1410 1992 1488">
    <p class='ocr_par' dir='ltr' id='par_1_13' title="bbox 282 1410 1992 1488">
     <span class='ocr_line' id='line_1_13' title="bbox 282 1410 1992 1488; baseline -0.005 -18"><span class='ocrx_word' id='word_1_98' title='bbox 282 1433 386 1488; x_wconf 89' lang='lat' dir='ltr'>per</span> <span class='ocrx_word' id='word_1_99' title='bbox 408 1414 677 1487; x_wconf 82' lang='lat' dir='ltr'>angelum</span> <span class='ocrx_word' id='word_1_100' title='bbox 713 1428 1155 1484; x_wconf 82' lang='lat' dir='ltr'>suum,servum</span> <span class='ocrx_word' id='word_1_101' title='bbox 1180 1428 1352 1468; x_wconf 86' lang='lat' dir='ltr'>suum</span> <span class='ocrx_word' id='word_1_102' title='bbox 1384 1411 1617 1484; x_wconf 84' lang='lat' dir='ltr'>Moysen</span> <span class='ocrx_word' id='word_1_103' title='bbox 1644 1410 1717 1465; x_wconf 93' lang='lat' dir='ltr'>ad</span> <span class='ocrx_word' id='word_1_104' title='bbox 1740 1410 1992 1465; x_wconf 87' lang='lat' dir='ltr'>liberan-</span> 
     </span>
    </p>
   </div>
   <div class='ocr_carea' id='block_1_14' title="bbox 284 1499 1999 1575">
    <p class='ocr_par' dir='ltr' id='par_1_14' title="bbox 284 1499 1999 1575">
     <span class='ocr_line' id='line_1_14' title="bbox 284 1499 1999 1575; baseline -0.005 -15"><span class='ocrx_word' id='word_1_105' title='bbox 284 1506 423 1560; x_wconf 85' lang='lat' dir='ltr'>dum</span> <span class='ocrx_word' id='word_1_106' title='bbox 454 1520 522 1560; x_wconf 89' lang='lat' dir='ltr'>cx</span> <span class='ocrx_word' id='word_1_107' title='bbox 554 1504 791 1575; x_wconf 65' lang='lat' dir='ltr'>[Egypto</span> <span class='ocrx_word' id='word_1_108' title='bbox 850 1502 1126 1575; x_wconf 87' lang='lat' dir='ltr'>populum</span> <span class='ocrx_word' id='word_1_109' title='bbox 1166 1518 1341 1558; x_wconf 89' lang='lat' dir='ltr'>suum</span> <span class='ocrx_word' id='word_1_110' title='bbox 1397 1501 1643 1573; x_wconf 77' lang='lat' dir='ltr'>(legistis</span> <span class='ocrx_word' id='word_1_111' title='bbox 1692 1499 1846 1572; x_wconf 90' lang='lat' dir='ltr'>quod</span> <span class='ocrx_word' id='word_1_112' title='bbox 1897 1513 1999 1552; x_wconf 90' lang='lat' dir='ltr'>au-</span> 
     </span>
    </p>
   </div>
   <div class='ocr_carea' id='block_1_15' title="bbox 285 1587 1997 1658">
    <p class='ocr_par' dir='ltr' id='par_1_15' title="bbox 285 1587 1997 1658">
     <span class='ocr_line' id='line_1_15' title="bbox 285 1587 1997 1658; baseline -0.005 -10"><span class='ocrx_word' id='word_1_113' title='bbox 285 1592 479 1657; x_wconf 91' lang='lat' dir='ltr'>distis,</span> <span class='ocrx_word' id='word_1_114' title='bbox 508 1595 565 1647; x_wconf 89' lang='lat' dir='ltr'>et</span> <span class='ocrx_word' id='word_1_115' title='bbox 595 1590 820 1658; x_wconf 87' lang='lat' dir='ltr'>nostis;</span> <span class='ocrx_word' id='word_1_116' title='bbox 856 1604 1250 1645; x_wconf 87' lang='lat' dir='ltr'>commemoro</span> <span class='ocrx_word' id='word_1_117' title='bbox 1292 1590 1547 1658; x_wconf 90' lang='lat' dir='ltr'>tamen);</span> <span class='ocrx_word' id='word_1_118' title='bbox 1583 1587 1854 1642; x_wconf 88' lang='lat' dir='ltr'>mittebat</span> <span class='ocrx_word' id='word_1_119' title='bbox 1883 1589 1997 1640; x_wconf 90' lang='lat' dir='ltr'>tre-</span> 
     </span>
    </p>
   </div>
   <div class='ocr_carea' id='block_1_16' title="bbox 288 1676 1996 1748">
    <p class='ocr_par' dir='ltr' id='par_1_16' title="bbox 288 1676 1996 1748">
     <span class='ocr_line' id='line_1_16' title="bbox 288 1676 1996 1748; baseline -0.004 -12"><span class='ocrx_word' id='word_1_120' title='bbox 288 1685 597 1748; x_wconf 87' lang='lat' dir='ltr'>mentem;</span> <span class='ocrx_word' id='word_1_121' title='bbox 647 1683 1045 1746; x_wconf 90' lang='lat' dir='ltr'>excusantem,</span> <span class='ocrx_word' id='word_1_122' title='bbox 1090 1679 1191 1734; x_wconf 88' lang='lat' dir='ltr'>sed</span> <span class='ocrx_word' id='word_1_123' title='bbox 1240 1677 1631 1734; x_wconf 89' lang='lat' dir='ltr'>obedientem.</span> <span class='ocrx_word' id='word_1_124' title='bbox 1686 1676 1832 1732; x_wconf 90' lang='lat' dir='ltr'>Cum</span> <span class='ocrx_word' id='word_1_125' title='bbox 1866 1689 1996 1746; x_wconf 84' lang='lat' dir='ltr'>ergo</span> 
     </span>
    </p>
   </div>
   <div class='ocr_carea' id='block_1_17' title="bbox 287 1765 1993 1841">
    <p class='ocr_par' dir='ltr' id='par_1_17' title="bbox 287 1765 1993 1841">
     <span class='ocr_line' id='line_1_17' title="bbox 287 1765 1993 1841; baseline -0.004 -13"><span class='ocrx_word' id='word_1_126' title='bbox 287 1774 606 1839; x_wconf 78' lang='lat' dir='ltr'>excusaret,</span> <span class='ocrx_word' id='word_1_127' title='bbox 631 1768 1220 1841; x_wconf 89' lang='lat' dir='ltr'>aitDeo,quemloqui</span> <span class='ocrx_word' id='word_1_128' title='bbox 1258 1769 1318 1824; x_wconf 92' lang='lat' dir='ltr'>in</span> <span class='ocrx_word' id='word_1_129' title='bbox 1361 1767 1563 1838; x_wconf 84' lang='lat' dir='ltr'>angelo</span> <span class='ocrx_word' id='word_1_130' title='bbox 1606 1765 1993 1837; x_wconf 87' lang='lat' dir='ltr'>intelligebat:</span> 
     </span>
    </p>
   </div>
   <div class='ocr_carea' id='block_1_18' title="bbox 289 1855 1998 1929">
    <p class='ocr_par' dir='ltr' id='par_1_18' title="bbox 289 1855 1998 1929">
     <span class='ocr_line' id='line_1_18' title="bbox 289 1855 1998 1929; baseline -0.005 -13"><span class='ocrx_word' id='word_1_131' title='bbox 289 1860 351 1916; x_wconf 90' lang='lat' dir='ltr'>Si</span> <span class='ocrx_word' id='word_1_132' title='bbox 380 1858 587 1916; x_wconf 83' lang='lat' dir='ltr'>dixerit</span> <span class='ocrx_word' id='word_1_133' title='bbox 618 1858 763 1914; x_wconf 87' lang='lat' dir='ltr'>mihi</span> <span class='ocrx_word' id='word_1_134' title='bbox 788 1857 1053 1929; x_wconf 91' lang='lat' dir='ltr'>populus,</span> <span class='ocrx_word' id='word_1_135' title='bbox 1089 1861 1157 1912; x_wconf 86' lang='lat' dir='ltr'>Et</span> <span class='ocrx_word' id='word_1_136' title='bbox 1204 1858 1336 1928; x_wconf 88' lang='lat' dir='ltr'>quis</span> <span class='ocrx_word' id='word_1_137' title='bbox 1368 1863 1455 1913; x_wconf 85' lang='lat' dir='ltr'>cst</span> <span class='ocrx_word' id='word_1_138' title='bbox 1497 1856 1646 1913; x_wconf 84' lang='lat' dir='ltr'>Deus</span> <span class='ocrx_word' id='word_1_139' title='bbox 1691 1858 1790 1928; x_wconf 87' lang='lat' dir='ltr'>qui</span> <span class='ocrx_word' id='word_1_140' title='bbox 1838 1855 1998 1910; x_wconf 91' lang='lat' dir='ltr'>misit</span> 
     </span>
    </p>
   </div>
   <div class='ocr_carea' id='block_1_19' title="bbox 287 1946 1999 2020">
    <p class='ocr_par' dir='ltr' id='par_1_19' title="bbox 287 1946 1999 2020">
     <span class='ocr_line' id='line_1_19' title="bbox 287 1946 1999 2020; baseline -0.004 -15"><span class='ocrx_word' id='word_1_141' title='bbox 287 1954 366 2018; x_wconf 88' lang='lat' dir='ltr'>te,</span> <span class='ocrx_word' id='word_1_142' title='bbox 399 1948 538 2020; x_wconf 89' lang='lat' dir='ltr'>quid</span> <span class='ocrx_word' id='word_1_143' title='bbox 571 1948 653 2004; x_wconf 91' lang='lat' dir='ltr'>eis</span> <span class='ocrx_word' id='word_1_144' title='bbox 684 1947 871 2003; x_wconf 87' lang='lat' dir='ltr'>dicam</span> <span class='ocrx_word' id='word_1_145' title='bbox 902 1947 929 2001; x_wconf 70' lang='lat' dir='ltr'>‘t</span> <span class='ocrx_word' id='word_1_146' title='bbox 964 1947 1029 2001; x_wconf 86' lang='lat' dir='ltr'>Et</span> <span class='ocrx_word' id='word_1_147' title='bbox 1080 1946 1362 2002; x_wconf 89' lang='lat' dir='ltr'>Dominus</span> <span class='ocrx_word' id='word_1_148' title='bbox 1420 1946 1488 2001; x_wconf 83' lang='lat' dir='ltr'>ad</span> <span class='ocrx_word' id='word_1_149' title='bbox 1522 1961 1679 2013; x_wconf 90' lang='lat' dir='ltr'>eum,</span> <span class='ocrx_word' id='word_1_150' title='bbox 1740 1946 1847 2013; x_wconf 86' lang='lat' dir='ltr'>Ego</span> <span class='ocrx_word' id='word_1_151' title='bbox 1878 1961 1999 2000; x_wconf 83' lang='lat' dir='ltr'>sum</span> 
     </span>
    </p>
   </div>
   <div class='ocr_carea' id='block_1_20' title="bbox 290 2035 1998 2111">
    <p class='ocr_par' dir='ltr' id='par_1_20' title="bbox 290 2035 1998 2111">
     <span class='ocr_line' id='line_1_20' title="bbox 290 2035 1998 2111; baseline -0.002 -18"><span class='ocrx_word' id='word_1_152' title='bbox 290 2037 387 2111; x_wconf 89' lang='lat' dir='ltr'>qui</span> <span class='ocrx_word' id='word_1_153' title='bbox 412 2054 536 2093; x_wconf 89' lang='lat' dir='ltr'>sum</span> <span class='ocrx_word' id='word_1_154' title='bbox 564 2054 583 2092; x_wconf 90' lang='lat'><strong><em>:</em></strong></span> <span class='ocrx_word' id='word_1_155' title='bbox 615 2041 669 2093; x_wconf 91' lang='lat' dir='ltr'>et</span> <span class='ocrx_word' id='word_1_156' title='bbox 700 2036 985 2108; x_wconf 86' lang='lat' dir='ltr'>repetivit,</span> <span class='ocrx_word' id='word_1_157' title='bbox 1021 2036 1167 2091; x_wconf 87' lang='lat' dir='ltr'>Dices</span> <span class='ocrx_word' id='word_1_158' title='bbox 1198 2036 1331 2105; x_wconf 84' lang='lat' dir='ltr'>filiis</span> <span class='ocrx_word' id='word_1_159' title='bbox 1352 2035 1541 2103; x_wconf 88' lang='lat' dir='ltr'>Israel,</span> <span class='ocrx_word' id='word_1_160' title='bbox 1568 2035 1671 2103; x_wconf 95' lang='lat' dir='ltr'>Qui</span> <span class='ocrx_word' id='word_1_161' title='bbox 1703 2043 1795 2101; x_wconf 85' lang='lat' dir='ltr'>est,</span> <span class='ocrx_word' id='word_1_162' title='bbox 1847 2036 1998 2090; x_wconf 86' lang='lat' dir='ltr'>misit</span> 
     </span>
    </p>
   </div>
   <div class='ocr_carea' id='block_1_21' title="bbox 290 2120 1999 2198">
    <p class='ocr_par' dir='ltr' id='par_1_21' title="bbox 290 2120 1999 2198">
     <span class='ocr_line' id='line_1_21' title="bbox 290 2120 1999 2198; baseline -0.004 -12"><span class='ocrx_word' id='word_1_163' title='bbox 290 2145 377 2186; x_wconf 86' lang='lat' dir='ltr'>me</span> <span class='ocrx_word' id='word_1_164' title='bbox 406 2129 476 2184; x_wconf 90' lang='lat' dir='ltr'>ad</span> <span class='ocrx_word' id='word_1_165' title='bbox 504 2144 612 2185; x_wconf 88' lang='lat' dir='ltr'>vos.</span> <span class='ocrx_word' id='word_1_166' title='bbox 649 2127 774 2186; x_wconf 86' lang='lat' dir='ltr'>Non</span> <span class='ocrx_word' id='word_1_167' title='bbox 808 2127 969 2183; x_wconf 87' lang='lat' dir='ltr'>aitet</span> <span class='ocrx_word' id='word_1_168' title='bbox 999 2126 1101 2194; x_wconf 91' lang='lat' dir='ltr'>ibi,</span> <span class='ocrx_word' id='word_1_169' title='bbox 1137 2120 1251 2198; x_wconf 82' lang='lat' dir='ltr'>Ego</span> <span class='ocrx_word' id='word_1_170' title='bbox 1283 2142 1411 2182; x_wconf 91' lang='lat' dir='ltr'>sum</span> <span class='ocrx_word' id='word_1_171' title='bbox 1468 2127 1619 2183; x_wconf 88' lang='lat' dir='ltr'>Deus</span> <span class='ocrx_word' id='word_1_172' title='bbox 1653 2144 1667 2194; x_wconf 88' lang='lat'>;</span> <span class='ocrx_word' id='word_1_173' title='bbox 1701 2131 1823 2193; x_wconf 90' lang='lat' dir='ltr'>aut,</span> <span class='ocrx_word' id='word_1_174' title='bbox 1884 2126 1999 2197; x_wconf 88' lang='lat' dir='ltr'>Ego</span> 
     </span>
    </p>
   </div>
   <div class='ocr_carea' id='block_1_22' title="bbox 293 2214 1999 2287">
    <p class='ocr_par' dir='ltr' id='par_1_22' title="bbox 293 2214 1999 2287">
     <span class='ocr_line' id='line_1_22' title="bbox 293 2214 1999 2287; baseline -0.002 -14"><span class='ocrx_word' id='word_1_175' title='bbox 293 2234 424 2274; x_wconf 90' lang='lat' dir='ltr'>sum</span> <span class='ocrx_word' id='word_1_176' title='bbox 457 2216 661 2273; x_wconf 90' lang='lat' dir='ltr'>mundi</span> <span class='ocrx_word' id='word_1_177' title='bbox 700 2215 1055 2283; x_wconf 80' lang='lat' dir='ltr'>fabricator,-</span> <span class='ocrx_word' id='word_1_178' title='bbox 1086 2220 1203 2282; x_wconf 87' lang='lat' dir='ltr'>aut,</span> <span class='ocrx_word' id='word_1_179' title='bbox 1240 2214 1354 2287; x_wconf 87' lang='lat' dir='ltr'>Ego</span> <span class='ocrx_word' id='word_1_180' title='bbox 1414 2231 1549 2271; x_wconf 90' lang='lat' dir='ltr'>sum</span> <span class='ocrx_word' id='word_1_181' title='bbox 1588 2215 1850 2270; x_wconf 89' lang='lat' dir='ltr'>omnium</span> <span class='ocrx_word' id='word_1_182' title='bbox 1903 2231 1999 2270; x_wconf 92' lang='lat' dir='ltr'>re-</span> 
     </span>
    </p>
   </div>
   <div class='ocr_carea' id='block_1_23' title="bbox 290 2304 1998 2378">
    <p class='ocr_par' dir='ltr' id='par_1_23' title="bbox 290 2304 1998 2378">
     <span class='ocr_line' id='line_1_23' title="bbox 290 2304 1998 2378; baseline -0.003 -13"><span class='ocrx_word' id='word_1_183' title='bbox 290 2325 419 2365; x_wconf 91' lang='lat' dir='ltr'>rum</span> <span class='ocrx_word' id='word_1_184' title='bbox 449 2311 711 2375; x_wconf 87' lang='lat' dir='ltr'>creator;</span> <span class='ocrx_word' id='word_1_185' title='bbox 746 2310 865 2373; x_wconf 89' lang='lat' dir='ltr'>aut,</span> <span class='ocrx_word' id='word_1_186' title='bbox 900 2306 1017 2377; x_wconf 89' lang='lat' dir='ltr'>Ego</span> <span class='ocrx_word' id='word_1_187' title='bbox 1062 2322 1193 2360; x_wconf 89' lang='lat' dir='ltr'>sum</span> <span class='ocrx_word' id='word_1_188' title='bbox 1255 2305 1443 2377; x_wconf 88' lang='lat' dir='ltr'>ipsius</span> <span class='ocrx_word' id='word_1_189' title='bbox 1487 2305 1683 2378; x_wconf 89' lang='lat' dir='ltr'>populi</span> <span class='ocrx_word' id='word_1_190' title='bbox 1711 2304 1998 2362; x_wconf 88' lang='lat' dir='ltr'>liberandi</span> 
     </span>
    </p>
   </div>
   <div class='ocr_carea' id='block_1_24' title="bbox 288 2395 1998 2472">
    <p class='ocr_par' dir='ltr' id='par_1_24' title="bbox 288 2395 1998 2472">
     <span class='ocr_line' id='line_1_24' title="bbox 288 2395 1998 2472; baseline -0.002 -19"><span class='ocrx_word' id='word_1_191' title='bbox 288 2400 641 2472; x_wconf 83' lang='lat' dir='ltr'>propagator</span> <span class='ocrx_word' id='word_1_192' title='bbox 672 2411 686 2452; x_wconf 90' lang='lat'><strong>:</strong></span> <span class='ocrx_word' id='word_1_193' title='bbox 720 2397 821 2452; x_wconf 88' lang='lat' dir='ltr'>sed</span> <span class='ocrx_word' id='word_1_194' title='bbox 855 2395 963 2452; x_wconf 91' lang='lat' dir='ltr'>hoc</span> <span class='ocrx_word' id='word_1_195' title='bbox 996 2402 1241 2463; x_wconf 85' lang='lat' dir='ltr'>tantum,</span> <span class='ocrx_word' id='word_1_196' title='bbox 1285 2397 1393 2466; x_wconf 84' lang='lat' dir='ltr'>Ego</span> <span class='ocrx_word' id='word_1_197' title='bbox 1423 2412 1545 2450; x_wconf 89' lang='lat' dir='ltr'>sum</span> <span class='ocrx_word' id='word_1_198' title='bbox 1588 2397 1685 2466; x_wconf 89' lang='lat' dir='ltr'>qui</span> <span class='ocrx_word' id='word_1_199' title='bbox 1709 2412 1829 2451; x_wconf 87' lang='lat' dir='ltr'>sum</span> <span class='ocrx_word' id='word_1_200' title='bbox 1860 2412 1882 2460; x_wconf 90' lang='lat'><em>;</em></span> <span class='ocrx_word' id='word_1_201' title='bbox 1924 2402 1998 2464; x_wconf 79' lang='lat' dir='ltr'>et,</span> 
     </span>
    </p>
   </div>
   <div class='ocr_carea' id='block_1_25' title="bbox 293 2485 2002 2559">
    <p class='ocr_par' dir='ltr' id='par_1_25' title="bbox 293 2485 2002 2559">
     <span class='ocr_line' id='line_1_25' title="bbox 293 2485 2002 2559; baseline -0.003 -13"><span class='ocrx_word' id='word_1_202' title='bbox 293 2489 445 2545; x_wconf 87' lang='lat' dir='ltr'>Dices</span> <span class='ocrx_word' id='word_1_203' title='bbox 465 2488 599 2559; x_wconf 83' lang='lat' dir='ltr'>ﬁliis</span> <span class='ocrx_word' id='word_1_204' title='bbox 623 2487 809 2553; x_wconf 79' lang='lat' dir='ltr'>Israel,</span> <span class='ocrx_word' id='word_1_205' title='bbox 845 2486 949 2554; x_wconf 90' lang='lat' dir='ltr'>Qui</span> <span class='ocrx_word' id='word_1_206' title='bbox 976 2494 1056 2541; x_wconf 86' lang='lat' dir='ltr'>est</span> <span class='ocrx_word' id='word_1_207' title='bbox 1085 2504 1105 2552; x_wconf 85' lang='lat'><strong><em>;</em></strong></span> <span class='ocrx_word' id='word_1_208' title='bbox 1141 2502 1254 2541; x_wconf 88' lang='lat' dir='ltr'>non</span> <span class='ocrx_word' id='word_1_209' title='bbox 1288 2485 1533 2554; x_wconf 89' lang='lat' dir='ltr'>addidit,</span> <span class='ocrx_word' id='word_1_210' title='bbox 1567 2485 1674 2552; x_wconf 86' lang='lat' dir='ltr'>Qui</span> <span class='ocrx_word' id='word_1_211' title='bbox 1712 2490 1801 2541; x_wconf 88' lang='lat' dir='ltr'>est</span> <span class='ocrx_word' id='word_1_212' title='bbox 1854 2486 2002 2541; x_wconf 86' lang='lat' dir='ltr'>Deus</span> 
     </span>
    </p>
   </div>
   <div class='ocr_carea' id='block_1_26' title="bbox 292 2576 2002 2647">
    <p class='ocr_par' dir='ltr' id='par_1_26' title="bbox 292 2576 2002 2647">
     <span class='ocr_line' id='line_1_26' title="bbox 292 2576 2002 2647; baseline -0.003 -13"><span class='ocrx_word' id='word_1_213' title='bbox 292 2586 498 2645; x_wconf 88' lang='lat' dir='ltr'>vester,</span> <span class='ocrx_word' id='word_1_214' title='bbox 532 2576 629 2647; x_wconf 88' lang='lat' dir='ltr'>qui</span> <span class='ocrx_word' id='word_1_215' title='bbox 659 2584 743 2631; x_wconf 86' lang='lat' dir='ltr'>est</span> <span class='ocrx_word' id='word_1_216' title='bbox 776 2576 929 2631; x_wconf 89' lang='lat' dir='ltr'>Deus</span> <span class='ocrx_word' id='word_1_217' title='bbox 963 2579 1194 2646; x_wconf 88' lang='lat' dir='ltr'>patrum</span> <span class='ocrx_word' id='word_1_218' title='bbox 1226 2579 1578 2641; x_wconf 90' lang='lat' dir='ltr'>vestrorum,</span> <span class='ocrx_word' id='word_1_219' title='bbox 1620 2576 1722 2630; x_wconf 87' lang='lat' dir='ltr'>sed</span> <span class='ocrx_word' id='word_1_220' title='bbox 1772 2578 2002 2630; x_wconf 88' lang='lat' dir='ltr'>tantum</span> 
     </span>
    </p>
   </div>
   <div class='ocr_carea' id='block_1_27' title="bbox 294 2663 2007 2733">
    <p class='ocr_par' dir='ltr' id='par_1_27' title="bbox 294 2663 2007 2733">
     <span class='ocr_line' id='line_1_27' title="bbox 294 2663 2007 2733; baseline -0.002 -11"><span class='ocrx_word' id='word_1_221' title='bbox 294 2667 404 2722; x_wconf 92' lang='lat' dir='ltr'>hoc</span> <span class='ocrx_word' id='word_1_222' title='bbox 435 2666 598 2733; x_wconf 83' lang='lat' dir='ltr'>dixit,</span> <span class='ocrx_word' id='word_1_223' title='bbox 621 2666 729 2730; x_wconf 87' lang='lat' dir='ltr'>Qui</span> <span class='ocrx_word' id='word_1_224' title='bbox 757 2670 854 2733; x_wconf 87' lang='lat' dir='ltr'>cst,</span> <span class='ocrx_word' id='word_1_225' title='bbox 888 2665 1037 2719; x_wconf 85' lang='lat' dir='ltr'>misit</span> <span class='ocrx_word' id='word_1_226' title='bbox 1077 2680 1163 2719; x_wconf 88' lang='lat' dir='ltr'>me</span> <span class='ocrx_word' id='word_1_227' title='bbox 1182 2663 1252 2719; x_wconf 91' lang='lat' dir='ltr'>ad</span> <span class='ocrx_word' id='word_1_228' title='bbox 1281 2680 1389 2720; x_wconf 89' lang='lat' dir='ltr'>vos.</span> <span class='ocrx_word' id='word_1_229' title='bbox 1421 2664 1584 2720; x_wconf 87' lang='lat' dir='ltr'>Forte</span> <span class='ocrx_word' id='word_1_230' title='bbox 1603 2663 1853 2720; x_wconf 92' lang='lat' dir='ltr'>multum</span> <span class='ocrx_word' id='word_1_231' title='bbox 1886 2672 2007 2720; x_wconf 89' lang='lat' dir='ltr'>erat</span> 
     </span>
    </p>
   </div>
   <div class='ocr_carea' id='block_1_28' title="bbox 297 2752 2011 2825">
    <p class='ocr_par' dir='ltr' id='par_1_28' title="bbox 297 2752 2011 2825">
     <span class='ocr_line' id='line_1_28' title="bbox 297 2752 2011 2825; baseline -0.001 -14"><span class='ocrx_word' id='word_1_232' title='bbox 297 2760 354 2811; x_wconf 92' lang='lat' dir='ltr'>et</span> <span class='ocrx_word' id='word_1_233' title='bbox 400 2754 472 2810; x_wconf 89' lang='lat' dir='ltr'>ad</span> <span class='ocrx_word' id='word_1_234' title='bbox 504 2754 701 2825; x_wconf 91' lang='lat' dir='ltr'>ipsum</span> <span class='ocrx_word' id='word_1_235' title='bbox 733 2755 992 2825; x_wconf 83' lang='lat' dir='ltr'>Moysen,</span> <span class='ocrx_word' id='word_1_236' title='bbox 1048 2753 1199 2809; x_wconf 86' lang='lat' dir='ltr'>sicut</span> <span class='ocrx_word' id='word_1_237' title='bbox 1246 2752 1498 2807; x_wconf 89' lang='lat' dir='ltr'>multum</span> <span class='ocrx_word' id='word_1_238' title='bbox 1547 2753 1731 2809; x_wconf 88' lang='lat' dir='ltr'>estad</span> <span class='ocrx_word' id='word_1_239' title='bbox 1777 2769 1907 2820; x_wconf 87' lang='lat' dir='ltr'>nos,</span> <span class='ocrx_word' id='word_1_240' title='bbox 1953 2757 2011 2809; x_wconf 92' lang='lat' dir='ltr'>et</span> 
     </span>
    </p>
   </div>
   <div class='ocr_carea' id='block_1_29' title="bbox 298 2841 2011 2914">
    <p class='ocr_par' dir='ltr' id='par_1_29' title="bbox 298 2841 2011 2914">
     <span class='ocr_line' id='line_1_29' title="bbox 298 2841 2011 2914; baseline 0 -15"><span class='ocrx_word' id='word_1_241' title='bbox 298 2843 485 2899; x_wconf 89' lang='lat' dir='ltr'>multo</span> <span class='ocrx_word' id='word_1_242' title='bbox 516 2842 703 2914; x_wconf 87' lang='lat' dir='ltr'>magis</span> <span class='ocrx_word' id='word_1_243' title='bbox 735 2844 806 2898; x_wconf 90' lang='lat' dir='ltr'>ad</span> <span class='ocrx_word' id='word_1_244' title='bbox 841 2859 968 2906; x_wconf 89' lang='lat' dir='ltr'>nos,</span> <span class='ocrx_word' id='word_1_245' title='bbox 1001 2841 1327 2913; x_wconf 86' lang='lat' dir='ltr'>intelligere</span> <span class='ocrx_word' id='word_1_246' title='bbox 1347 2842 1484 2913; x_wconf 91' lang='lat' dir='ltr'>quid</span> <span class='ocrx_word' id='word_1_247' title='bbox 1519 2841 1741 2899; x_wconf 88' lang='lat' dir='ltr'>dictum</span> <span class='ocrx_word' id='word_1_248' title='bbox 1773 2843 1873 2911; x_wconf 91' lang='lat' dir='ltr'>sit,</span> <span class='ocrx_word' id='word_1_249' title='bbox 1906 2845 2011 2914; x_wconf 84' lang='lat' dir='ltr'>Ego</span> 
     </span>
    </p>
   </div>
   <div class='ocr_carea' id='block_1_30' title="bbox 297 2931 2014 3004">
    <p class='ocr_par' dir='ltr' id='par_1_30' title="bbox 297 2931 2014 3004">
     <span class='ocr_line' id='line_1_30' title="bbox 297 2931 2014 3004; baseline 0 -15"><span class='ocrx_word' id='word_1_250' title='bbox 297 2949 421 2989; x_wconf 87' lang='lat' dir='ltr'>sum</span> <span class='ocrx_word' id='word_1_251' title='bbox 451 2934 549 3004; x_wconf 88' lang='lat' dir='ltr'>qui</span> <span class='ocrx_word' id='word_1_252' title='bbox 574 2949 730 2997; x_wconf 81' lang='lat' dir='ltr'>sum;</span> <span class='ocrx_word' id='word_1_253' title='bbox 762 2936 837 2994; x_wconf 87' lang='lat' dir='ltr'>et,</span> <span class='ocrx_word' id='word_1_254' title='bbox 873 2933 979 3000; x_wconf 87' lang='lat' dir='ltr'>Qui</span> <span class='ocrx_word' id='word_1_255' title='bbox 1005 2934 1103 2991; x_wconf 85' lang='lat' dir='ltr'>est,</span> <span class='ocrx_word' id='word_1_256' title='bbox 1147 2931 1301 2987; x_wconf 88' lang='lat' dir='ltr'>misit</span> <span class='ocrx_word' id='word_1_257' title='bbox 1334 2948 1419 2987; x_wconf 87' lang='lat' dir='ltr'>me</span> <span class='ocrx_word' id='word_1_258' title='bbox 1449 2932 1518 2987; x_wconf 88' lang='lat' dir='ltr'>ad</span> <span class='ocrx_word' id='word_1_259' title='bbox 1548 2948 1657 2989; x_wconf 88' lang='lat' dir='ltr'>vos.</span> <span class='ocrx_word' id='word_1_260' title='bbox 1692 2933 1758 2988; x_wconf 88' lang='lat' dir='ltr'>Et</span> <span class='ocrx_word' id='word_1_261' title='bbox 1788 2933 1835 2989; x_wconf 88' lang='lat' dir='ltr'>si</span> <span class='ocrx_word' id='word_1_262' title='bbox 1870 2933 2014 2989; x_wconf 85' lang='lat' dir='ltr'>forte</span> 
     </span>
    </p>
   </div>
   <div class='ocr_carea' id='block_1_31' title="bbox 304 3021 2013 3096">
    <p class='ocr_par' dir='ltr' id='par_1_31' title="bbox 304 3021 2013 3096">
     <span class='ocr_line' id='line_1_31' title="bbox 304 3021 2013 3096; baseline -0.001 -15"><span class='ocrx_word' id='word_1_263' title='bbox 304 3027 535 3095; x_wconf 86' lang='lat' dir='ltr'>caperet</span> <span class='ocrx_word' id='word_1_264' title='bbox 592 3023 838 3093; x_wconf 85' lang='lat' dir='ltr'>Moyses,</span> <span class='ocrx_word' id='word_1_265' title='bbox 888 3021 973 3076; x_wconf 90' lang='lat' dir='ltr'>illi</span> <span class='ocrx_word' id='word_1_266' title='bbox 1042 3021 1114 3077; x_wconf 90' lang='lat' dir='ltr'>ad</span> <span class='ocrx_word' id='word_1_267' title='bbox 1167 3038 1313 3093; x_wconf 90' lang='lat' dir='ltr'>quos</span> <span class='ocrx_word' id='word_1_268' title='bbox 1373 3022 1717 3078; x_wconf 89' lang='lat' dir='ltr'>mittebatur</span> <span class='ocrx_word' id='word_1_269' title='bbox 1779 3027 2013 3096; x_wconf 86' lang='lat' dir='ltr'>quando</span> 
     </span>
    </p>
   </div>
   <div class='ocr_carea' id='block_1_32' title="bbox 304 3112 2018 3186">
    <p class='ocr_par' dir='ltr' id='par_1_32' title="bbox 304 3112 2018 3186">
     <span class='ocr_line' id='line_1_32' title="bbox 304 3112 2018 3186; baseline 0.001 -17"><span class='ocrx_word' id='word_1_270' title='bbox 304 3117 587 3185; x_wconf 87' lang='lat' dir='ltr'>caperent</span> <span class='ocrx_word' id='word_1_271' title='bbox 616 3113 643 3168; x_wconf 85' lang='lat'><strong>?</strong></span> <span class='ocrx_word' id='word_1_272' title='bbox 672 3112 911 3169; x_wconf 87' lang='lat' dir='ltr'>Distulit</span> <span class='ocrx_word' id='word_1_273' title='bbox 937 3128 1073 3184; x_wconf 85' lang='lat' dir='ltr'>ergo</span> <span class='ocrx_word' id='word_1_274' title='bbox 1106 3112 1391 3169; x_wconf 89' lang='lat' dir='ltr'>Dominus</span> <span class='ocrx_word' id='word_1_275' title='bbox 1422 3114 1575 3185; x_wconf 89' lang='lat' dir='ltr'>quod</span> <span class='ocrx_word' id='word_1_276' title='bbox 1609 3130 1812 3186; x_wconf 90' lang='lat' dir='ltr'>capere</span> <span class='ocrx_word' id='word_1_277' title='bbox 1842 3115 2018 3172; x_wconf 87' lang='lat' dir='ltr'>homo</span> 
     </span>
    </p>
   </div>
   <div class='ocr_carea' id='block_1_33' title="bbox 308 3202 2015 3275">
    <p class='ocr_par' dir='ltr' id='par_1_33' title="bbox 308 3202 2015 3275">
     <span class='ocr_line' id='line_1_33' title="bbox 308 3202 2015 3275; baseline 0 -14"><span class='ocrx_word' id='word_1_278' title='bbox 308 3219 428 3261; x_wconf 87' lang='lat' dir='ltr'>non</span> <span class='ocrx_word' id='word_1_279' title='bbox 452 3206 667 3275; x_wconf 90' lang='lat' dir='ltr'>posset,</span> <span class='ocrx_word' id='word_1_280' title='bbox 699 3207 756 3259; x_wconf 91' lang='lat' dir='ltr'>et</span> <span class='ocrx_word' id='word_1_281' title='bbox 786 3202 1007 3259; x_wconf 85' lang='lat' dir='ltr'>addidit</span> <span class='ocrx_word' id='word_1_282' title='bbox 1038 3203 1192 3275; x_wconf 92' lang='lat' dir='ltr'>quod</span> <span class='ocrx_word' id='word_1_283' title='bbox 1223 3218 1427 3274; x_wconf 90' lang='lat' dir='ltr'>capere</span> <span class='ocrx_word' id='word_1_284' title='bbox 1452 3208 1649 3274; x_wconf 83' lang='lat' dir='ltr'>posset</span> <span class='ocrx_word' id='word_1_285' title='bbox 1690 3220 1705 3259; x_wconf 92' lang='lat'><strong>:</strong></span> <span class='ocrx_word' id='word_1_286' title='bbox 1748 3204 2015 3275; x_wconf 83' lang='lat' dir='ltr'>adjunxit</span> 
     </span>
    </p>
   </div>
   <div class='ocr_carea' id='block_1_34' title="bbox 309 3293 2017 3364">
    <p class='ocr_par' dir='ltr' id='par_1_34' title="bbox 309 3293 2017 3364">
     <span class='ocr_line' id='line_1_34' title="bbox 309 3293 2017 3364; baseline -0.001 -13"><span class='ocrx_word' id='word_1_287' title='bbox 309 3294 464 3352; x_wconf 91' lang='lat' dir='ltr'>enim</span> <span class='ocrx_word' id='word_1_288' title='bbox 495 3298 552 3350; x_wconf 90' lang='lat' dir='ltr'>et</span> <span class='ocrx_word' id='word_1_289' title='bbox 581 3295 681 3363; x_wconf 86' lang='lat' dir='ltr'>ait,</span> <span class='ocrx_word' id='word_1_290' title='bbox 726 3295 836 3364; x_wconf 87' lang='lat' dir='ltr'>Ego</span> <span class='ocrx_word' id='word_1_291' title='bbox 882 3310 1006 3349; x_wconf 88' lang='lat' dir='ltr'>sum</span> <span class='ocrx_word' id='word_1_292' title='bbox 1054 3295 1195 3349; x_wconf 90' lang='lat' dir='ltr'>Dcus</span> <span class='ocrx_word' id='word_1_293' title='bbox 1239 3293 1542 3362; x_wconf 85' lang='lat' dir='ltr'>Abraham,</span> <span class='ocrx_word' id='word_1_294' title='bbox 1573 3300 1626 3350; x_wconf 85' lang='lat' dir='ltr'>et</span> <span class='ocrx_word' id='word_1_295' title='bbox 1668 3296 1805 3351; x_wconf 89' lang='lat' dir='ltr'>Deus</span> <span class='ocrx_word' id='word_1_296' title='bbox 1844 3298 2017 3364; x_wconf 79' lang='lat' dir='ltr'>Isaac,</span> 
     </span>
    </p>
   </div>
   <div class='ocr_carea' id='block_1_35' title="bbox 310 3384 2016 3458">
    <p class='ocr_par' dir='ltr' id='par_1_35' title="bbox 310 3384 2016 3458">
     <span class='ocr_line' id='line_1_35' title="bbox 310 3384 2016 3458; baseline 0.001 -17"><span class='ocrx_word' id='word_1_297' title='bbox 310 3391 364 3441; x_wconf 82' lang='lat' dir='ltr'>et</span> <span class='ocrx_word' id='word_1_298' title='bbox 393 3386 536 3441; x_wconf 84' lang='lat' dir='ltr'>Deus</span> <span class='ocrx_word' id='word_1_299' title='bbox 564 3384 728 3440; x_wconf 74' lang='lat' dir='ltr'>Iacob</span> <span class='ocrx_word' id='word_1_300' title='bbox 767 3384 959 3455; x_wconf 73' lang='lat' dir='ltr'>(Exod.</span> <span class='ocrx_word' id='word_1_301' title='bbox 992 3401 1078 3454; x_wconf 82' lang='lat' dir='ltr'><strong>III,</strong></span> <span class='ocrx_word' id='word_1_302' title='bbox 1109 3384 1312 3457; x_wconf 82' lang='grc'>13-15).</span> <span class='ocrx_word' id='word_1_303' title='bbox 1361 3389 1482 3441; x_wconf 83' lang='grc' dir='ltr'>Ηοο</span> <span class='ocrx_word' id='word_1_304' title='bbox 1525 3389 1714 3456; x_wconf 83' lang='lat' dir='ltr'>potest</span> <span class='ocrx_word' id='word_1_305' title='bbox 1764 3403 1969 3458; x_wconf 90' lang='lat' dir='ltr'>capere</span> <span class='ocrx_word' id='word_1_306' title='bbox 2000 3401 2016 3443; x_wconf 88' lang='lat'><strong>:</strong></span> 
     </span>
    </p>
   </div>
   <div class='ocr_carea' id='block_1_36' title="bbox 306 3473 1887 3549">
    <p class='ocr_par' dir='ltr' id='par_1_36' title="bbox 306 3473 1887 3549">
     <span class='ocr_line' id='line_1_36' title="bbox 306 3473 1887 3549; baseline 0.001 -18"><span class='ocrx_word' id='word_1_307' title='bbox 306 3473 454 3531; x_wconf 89' lang='lat' dir='ltr'>Nam</span> <span class='ocrx_word' id='word_1_308' title='bbox 484 3477 603 3548; x_wconf 86' lang='lat' dir='ltr'>Ego</span> <span class='ocrx_word' id='word_1_309' title='bbox 635 3491 755 3530; x_wconf 86' lang='lat' dir='ltr'>sum</span> <span class='ocrx_word' id='word_1_310' title='bbox 783 3476 878 3547; x_wconf 90' lang='lat' dir='ltr'>qui</span> <span class='ocrx_word' id='word_1_311' title='bbox 904 3491 1045 3543; x_wconf 88' lang='lat' dir='ltr'>sum,</span> <span class='ocrx_word' id='word_1_312' title='bbox 1080 3490 1202 3543; x_wconf 67' lang='lat' dir='ltr'>quas</span> <span class='ocrx_word' id='word_1_313' title='bbox 1223 3491 1379 3531; x_wconf 90' lang='lat' dir='ltr'>mens</span> <span class='ocrx_word' id='word_1_314' title='bbox 1410 3479 1599 3546; x_wconf 87' lang='lat' dir='ltr'>potest</span> <span class='ocrx_word' id='word_1_315' title='bbox 1628 3492 1831 3549; x_wconf 91' lang='lat' dir='ltr'>capere</span> <span class='ocrx_word' id='word_1_316' title='bbox 1859 3478 1887 3532; x_wconf 82' lang='lat'>‘?</span> 
     </span>
    </p>
   </div>
   <div class='ocr_carea' id='block_1_37' title="bbox 378 3563 2022 3637">
    <p class='ocr_par' dir='ltr' id='par_1_37' title="bbox 378 3563 2022 3637">
     <span class='ocr_line' id='line_1_37' title="bbox 378 3563 2022 3637; baseline 0.005 -19"><span class='ocrx_word' id='word_1_317' title='bbox 378 3566 433 3621; x_wconf 88' lang='lat'>9.</span> <span class='ocrx_word' id='word_1_318' title='bbox 466 3564 611 3629; x_wconf 88' lang='lat' dir='ltr'>Quid</span> <span class='ocrx_word' id='word_1_319' title='bbox 644 3580 779 3635; x_wconf 88' lang='lat' dir='ltr'>ergo</span> <span class='ocrx_word' id='word_1_320' title='bbox 810 3581 917 3620; x_wconf 91' lang='lat' dir='ltr'>nos</span> <span class='ocrx_word' id='word_1_321' title='bbox 948 3563 975 3618; x_wconf 66' lang='lat' dir='ltr'>‘i</span> <span class='ocrx_word' id='word_1_322' title='bbox 1008 3564 1434 3621; x_wconf 89' lang='lat' dir='ltr'>audebimusne</span> <span class='ocrx_word' id='word_1_323' title='bbox 1465 3565 1688 3637; x_wconf 89' lang='lat' dir='ltr'>aliquid</span> <span class='ocrx_word' id='word_1_324' title='bbox 1721 3567 1913 3624; x_wconf 86' lang='lat' dir='ltr'>dicere</span> <span class='ocrx_word' id='word_1_325' title='bbox 1953 3584 2022 3625; x_wconf 87' lang='lat' dir='ltr'>ex</span> 
     </span>
    </p>
   </div>
   <div class='ocr_carea' id='block_1_38' title="bbox 305 3654 2020 3726">
    <p class='ocr_par' dir='ltr' id='par_1_38' title="bbox 305 3654 2020 3726">
     <span class='ocr_line' id='line_1_38' title="bbox 305 3654 2020 3726; baseline 0.002 -15"><span class='ocrx_word' id='word_1_326' title='bbox 305 3654 415 3711; x_wconf 89' lang='lat' dir='ltr'>hoc</span> <span class='ocrx_word' id='word_1_327' title='bbox 437 3655 591 3725; x_wconf 91' lang='lat' dir='ltr'>quod</span> <span class='ocrx_word' id='word_1_328' title='bbox 627 3654 848 3709; x_wconf 89' lang='lat' dir='ltr'>dictum</span> <span class='ocrx_word' id='word_1_329' title='bbox 882 3657 992 3720; x_wconf 89' lang='lat' dir='ltr'>est,</span> <span class='ocrx_word' id='word_1_330' title='bbox 1019 3654 1125 3724; x_wconf 79' lang='lat' dir='ltr'>Ego</span> <span class='ocrx_word' id='word_1_331' title='bbox 1153 3670 1272 3709; x_wconf 90' lang='lat' dir='ltr'>sum</span> <span class='ocrx_word' id='word_1_332' title='bbox 1298 3657 1392 3726; x_wconf 88' lang='lat' dir='ltr'>qui</span> <span class='ocrx_word' id='word_1_333' title='bbox 1418 3671 1581 3710; x_wconf 83' lang='lat' dir='ltr'>sum:</span> <span class='ocrx_word' id='word_1_334' title='bbox 1610 3656 1697 3711; x_wconf 90' lang='lat' dir='ltr'>vel</span> <span class='ocrx_word' id='word_1_335' title='bbox 1730 3656 1921 3726; x_wconf 89' lang='lat' dir='ltr'>potius</span> <span class='ocrx_word' id='word_1_336' title='bbox 1952 3673 2020 3714; x_wconf 87' lang='lat' dir='ltr'>ex</span> 
     </span>
    </p>
   </div>
   <div class='ocr_carea' id='block_1_39' title="bbox 306 3743 2020 3814">
    <p class='ocr_par' dir='ltr' id='par_1_39' title="bbox 306 3743 2020 3814">
     <span class='ocr_line' id='line_1_39' title="bbox 306 3743 2020 3814; baseline 0.001 -15"><span class='ocrx_word' id='word_1_337' title='bbox 306 3743 415 3799; x_wconf 89' lang='lat' dir='ltr'>hoc</span> <span class='ocrx_word' id='word_1_338' title='bbox 448 3744 601 3814; x_wconf 91' lang='lat' dir='ltr'>quod</span> <span class='ocrx_word' id='word_1_339' title='bbox 632 3743 944 3798; x_wconf 90' lang='lat' dir='ltr'>Dominum</span> <span class='ocrx_word' id='word_1_340' title='bbox 978 3743 1169 3799; x_wconf 87' lang='lat' dir='ltr'>dicere</span> <span class='ocrx_word' id='word_1_341' title='bbox 1200 3743 1469 3810; x_wconf 88' lang='lat' dir='ltr'>audistis,</span> <span class='ocrx_word' id='word_1_342' title='bbox 1507 3746 1632 3801; x_wconf 85' lang='lat' dir='ltr'>Nisi</span> <span class='ocrx_word' id='word_1_343' title='bbox 1668 3746 2020 3803; x_wconf 82' lang='lat' dir='ltr'>credideritis</span> 
     </span>
    </p>
   </div>
   <div class='ocr_carea' id='block_1_40' title="bbox 305 3833 2017 3904">
    <p class='ocr_par' dir='ltr' id='par_1_40' title="bbox 305 3833 2017 3904">
     <span class='ocr_line' id='line_1_40' title="bbox 305 3833 2017 3904; baseline 0.002 -16"><span class='ocrx_word' id='word_1_344' title='bbox 305 3836 435 3904; x_wconf 89' lang='lat' dir='ltr'>quia</span> <span class='ocrx_word' id='word_1_345' title='bbox 464 3849 561 3901; x_wconf 88' lang='lat' dir='ltr'>ego</span> <span class='ocrx_word' id='word_1_346' title='bbox 590 3848 728 3899; x_wconf 91' lang='lat' dir='ltr'>sum,</span> <span class='ocrx_word' id='word_1_347' title='bbox 764 3833 1083 3888; x_wconf 85' lang='lat' dir='ltr'>moriemini</span> <span class='ocrx_word' id='word_1_348' title='bbox 1116 3834 1171 3887; x_wconf 86' lang='lat' dir='ltr'>in</span> <span class='ocrx_word' id='word_1_349' title='bbox 1198 3835 1433 3904; x_wconf 86' lang='lat' dir='ltr'>peccatis</span> <span class='ocrx_word' id='word_1_350' title='bbox 1462 3838 1651 3890; x_wconf 84' lang='lat' dir='ltr'>vestris</span> <span class='ocrx_word' id='word_1_351' title='bbox 1681 3839 1709 3889; x_wconf 87' lang='lat'><strong><em>?</em></strong></span> <span class='ocrx_word' id='word_1_352' title='bbox 1740 3839 1897 3892; x_wconf 83' lang='lat' dir='ltr'>Itane</span> <span class='ocrx_word' id='word_1_353' title='bbox 1929 3837 2017 3892; x_wconf 88' lang='lat' dir='ltr'>bis</span> 
     </span>
    </p>
   </div>
   <div class='ocr_carea' id='block_1_41' title="bbox 301 3920 2018 3998">
    <p class='ocr_par' dir='ltr' id='par_1_41' title="bbox 301 3920 2018 3998">
     <span class='ocr_line' id='line_1_41' title="bbox 301 3920 2018 3998; baseline 0.003 -22"><span class='ocrx_word' id='word_1_354' title='bbox 301 3921 527 3978; x_wconf 88' lang='lat' dir='ltr'>viribus</span> <span class='ocrx_word' id='word_1_355' title='bbox 557 3921 705 3975; x_wconf 90' lang='lat' dir='ltr'>meis</span> <span class='ocrx_word' id='word_1_356' title='bbox 728 3920 971 3977; x_wconf 86' lang='lat' dir='ltr'>tantillis</span> <span class='ocrx_word' id='word_1_357' title='bbox 1004 3925 1060 3975; x_wconf 90' lang='lat' dir='ltr'>ct</span> <span class='ocrx_word' id='word_1_358' title='bbox 1092 3937 1236 3991; x_wconf 89' lang='lat' dir='ltr'>pene</span> <span class='ocrx_word' id='word_1_359' title='bbox 1258 3922 1457 3991; x_wconf 91' lang='lat' dir='ltr'>nullis,</span> <span class='ocrx_word' id='word_1_360' title='bbox 1483 3925 1706 3981; x_wconf 89' lang='lat' dir='ltr'>audebo</span> <span class='ocrx_word' id='word_1_361' title='bbox 1728 3926 2018 3998; x_wconf 83' lang='lat' dir='ltr'>disputare</span> 
     </span>
    </p>
   </div>
   <div class='ocr_carea' id='block_1_42' title="bbox 306 4010 2019 4082">
    <p class='ocr_par' dir='ltr' id='par_1_42' title="bbox 306 4010 2019 4082">
     <span class='ocr_line' id='line_1_42' title="bbox 306 4010 2019 4082; baseline 0.006 -16"><span class='ocrx_word' id='word_1_362' title='bbox 306 4010 446 4082; x_wconf 90' lang='lat' dir='ltr'>quid</span> <span class='ocrx_word' id='word_1_363' title='bbox 474 4011 548 4066; x_wconf 88' lang='lat' dir='ltr'>sit</span> <span class='ocrx_word' id='word_1_364' title='bbox 578 4012 728 4080; x_wconf 89' lang='lat' dir='ltr'>quod</span> <span class='ocrx_word' id='word_1_365' title='bbox 757 4011 835 4065; x_wconf 89' lang='lat' dir='ltr'>ait</span> <span class='ocrx_word' id='word_1_366' title='bbox 857 4011 1136 4067; x_wconf 90' lang='lat' dir='ltr'>Dominus</span> <span class='ocrx_word' id='word_1_367' title='bbox 1176 4012 1464 4082; x_wconf 89' lang='lat' dir='ltr'>Christus,</span> <span class='ocrx_word' id='word_1_368' title='bbox 1508 4016 1629 4071; x_wconf 87' lang='lat' dir='ltr'>Nisi</span> <span class='ocrx_word' id='word_1_369' title='bbox 1674 4018 2019 4076; x_wconf 75' lang='lat' dir='ltr'>credideritis</span> 
     </span>
    </p>
   </div>
   <div class='ocr_carea' id='block_1_43' title="bbox 304 4100 2014 4179">
    <p class='ocr_par' dir='ltr' id='par_1_43' title="bbox 304 4100 2014 4179">
     <span class='ocr_line' id='line_1_43' title="bbox 304 4100 2014 4179; baseline 0.007 -26"><span class='ocrx_word' id='word_1_370' title='bbox 304 4100 433 4170; x_wconf 85' lang='lat' dir='ltr'>quia</span> <span class='ocrx_word' id='word_1_371' title='bbox 464 4112 557 4169; x_wconf 85' lang='lat' dir='ltr'>ego</span> <span class='ocrx_word' id='word_1_372' title='bbox 588 4114 710 4153; x_wconf 91' lang='lat' dir='ltr'>sum</span> <span class='ocrx_word' id='word_1_373' title='bbox 736 4101 764 4153; x_wconf 87' lang='lat'><strong><em>?</em></strong></span> <span class='ocrx_word' id='word_1_374' title='bbox 794 4100 1029 4155; x_wconf 86' lang='lat' dir='ltr'>Audcbo</span> <span class='ocrx_word' id='word_1_375' title='bbox 1065 4102 1258 4171; x_wconf 91' lang='lat' dir='ltr'>ipsum</span> <span class='ocrx_word' id='word_1_376' title='bbox 1283 4102 1593 4159; x_wconf 86' lang='lat' dir='ltr'>Dominum</span> <span class='ocrx_word' id='word_1_377' title='bbox 1614 4106 2014 4179; x_wconf 85' lang='lat' dir='ltr'>interrogare:</span> 
     </span>
    </p>
   </div>
   <div class='ocr_carea' id='block_1_44' title="bbox 305 4187 2004 4267">
    <p class='ocr_par' dir='ltr' id='par_1_44' title="bbox 305 4187 2004 4267">
     <span class='ocr_line' id='line_1_44' title="bbox 305 4187 2004 4267; baseline 0.005 -23"><span class='ocrx_word' id='word_1_378' title='bbox 305 4187 500 4244; x_wconf 83' lang='lat' dir='ltr'>audite</span> <span class='ocrx_word' id='word_1_379' title='bbox 531 4204 623 4243; x_wconf 92' lang='lat' dir='ltr'>me</span> <span class='ocrx_word' id='word_1_380' title='bbox 656 4188 1111 4259; x_wconf 79' lang='lat' dir='ltr'>interrogantem</span> <span class='ocrx_word' id='word_1_381' title='bbox 1146 4190 1337 4260; x_wconf 92' lang='lat' dir='ltr'>potius</span> <span class='ocrx_word' id='word_1_382' title='bbox 1378 4207 1555 4261; x_wconf 91' lang='lat' dir='ltr'>quam</span> <span class='ocrx_word' id='word_1_383' title='bbox 1586 4194 2004 4267; x_wconf 84' lang='lat' dir='ltr'>disputantem,</span> 
     </span>
    </p>
   </div>
   <div class='ocr_carea' id='block_1_45' title="bbox 303 4277 2011 4353">
    <p class='ocr_par' dir='ltr' id='par_1_45' title="bbox 303 4277 2011 4353">
     <span class='ocr_line' id='line_1_45' title="bbox 303 4277 2011 4353; baseline 0.006 -20"><span class='ocrx_word' id='word_1_384' title='bbox 303 4277 494 4350; x_wconf 88' lang='lat' dir='ltr'>magis</span> <span class='ocrx_word' id='word_1_385' title='bbox 516 4282 868 4349; x_wconf 68' lang='lat' dir='ltr'>quaerentem</span> <span class='ocrx_word' id='word_1_386' title='bbox 887 4294 1058 4349; x_wconf 89' lang='lat' dir='ltr'>quam</span> <span class='ocrx_word' id='word_1_387' title='bbox 1074 4285 1546 4350; x_wconf 74' lang='lat' dir='ltr'>praesumentem,</span> <span class='ocrx_word' id='word_1_388' title='bbox 1568 4282 1760 4353; x_wconf 88' lang='lat' dir='ltr'>potius</span> <span class='ocrx_word' id='word_1_389' title='bbox 1777 4284 2011 4343; x_wconf 88' lang='lat' dir='ltr'>discen-</span> 
     </span>
    </p>
   </div>
   <div class='ocr_carea' id='block_1_46' title="bbox 306 4369 2007 4447">
    <p class='ocr_par' dir='ltr' id='par_1_46' title="bbox 306 4369 2007 4447">
     <span class='ocr_line' id='line_1_46' title="bbox 306 4369 2007 4447; baseline 0.006 -22"><span class='ocrx_word' id='word_1_390' title='bbox 306 4379 419 4425; x_wconf 89' lang='lat' dir='ltr'>tem</span> <span class='ocrx_word' id='word_1_391' title='bbox 454 4385 631 4440; x_wconf 89' lang='lat' dir='ltr'>quam</span> <span class='ocrx_word' id='word_1_392' title='bbox 650 4369 975 4434; x_wconf 88' lang='lat' dir='ltr'>docentem,</span> <span class='ocrx_word' id='word_1_393' title='bbox 1005 4374 1061 4425; x_wconf 90' lang='lat' dir='ltr'>et</span> <span class='ocrx_word' id='word_1_394' title='bbox 1092 4374 1245 4426; x_wconf 88' lang='lat' dir='ltr'>certe</span> <span class='ocrx_word' id='word_1_395' title='bbox 1275 4373 1332 4427; x_wconf 86' lang='lat' dir='ltr'>in</span> <span class='ocrx_word' id='word_1_396' title='bbox 1357 4389 1447 4428; x_wconf 89' lang='lat' dir='ltr'>me</span> <span class='ocrx_word' id='word_1_397' title='bbox 1478 4374 1561 4428; x_wconf 86' lang='lat' dir='ltr'>vel</span> <span class='ocrx_word' id='word_1_398' title='bbox 1587 4392 1689 4447; x_wconf 90' lang='lat' dir='ltr'>per</span> <span class='ocrx_word' id='word_1_399' title='bbox 1710 4392 1801 4432; x_wconf 84' lang='lat' dir='ltr'>me</span> <span class='ocrx_word' id='word_1_400' title='bbox 1832 4377 2007 4435; x_wconf 88' lang='lat' dir='ltr'>etiam</span> 
     </span>
    </p>
   </div>
   <div class='ocr_carea' id='block_1_47' title="bbox 302 4461 2009 4540">
    <p class='ocr_par' dir='ltr' id='par_1_47' title="bbox 302 4461 2009 4540">
     <span class='ocr_line' id='line_1_47' title="bbox 302 4461 2009 4540; baseline 0.006 -26"><span class='ocrx_word' id='word_1_401' title='bbox 302 4477 406 4516; x_wconf 88' lang='lat' dir='ltr'>vos</span> <span class='ocrx_word' id='word_1_402' title='bbox 437 4461 811 4532; x_wconf 85' lang='lat' dir='ltr'>interrogate.</span> <span class='ocrx_word' id='word_1_403' title='bbox 846 4462 1054 4517; x_wconf 58' lang='lat' dir='ltr'>Praslo</span> <span class='ocrx_word' id='word_1_404' title='bbox 1086 4466 1175 4517; x_wconf 89' lang='lat' dir='ltr'>est</span> <span class='ocrx_word' id='word_1_405' title='bbox 1205 4463 1379 4518; x_wconf 89' lang='lat' dir='ltr'>etiam</span> <span class='ocrx_word' id='word_1_406' title='bbox 1426 4462 1551 4534; x_wconf 91' lang='lat' dir='ltr'>ipse</span> <span class='ocrx_word' id='word_1_407' title='bbox 1593 4468 1876 4524; x_wconf 84' lang='lat' dir='ltr'>Dominus</span> <span class='ocrx_word' id='word_1_408' title='bbox 1908 4469 2009 4540; x_wconf 87' lang='lat' dir='ltr'>qui</span> 
     </span>
    </p>
   </div>
   <div class='ocr_carea' id='block_1_48' title="bbox 305 4550 2009 4623">
    <p class='ocr_par' dir='ltr' id='par_1_48' title="bbox 305 4550 2009 4623">
     <span class='ocr_line' id='line_1_48' title="bbox 305 4550 2009 4623; baseline 0.005 -18"><span class='ocrx_word' id='word_1_409' title='bbox 305 4550 521 4620; x_wconf 90' lang='lat' dir='ltr'>ubique</span> <span class='ocrx_word' id='word_1_410' title='bbox 551 4554 663 4617; x_wconf 89' lang='lat' dir='ltr'>est,</span> <span class='ocrx_word' id='word_1_411' title='bbox 694 4551 896 4606; x_wconf 89' lang='lat' dir='ltr'>audiat</span> <span class='ocrx_word' id='word_1_412' title='bbox 926 4552 1323 4623; x_wconf 82' lang='lat' dir='ltr'>interrogandi</span> <span class='ocrx_word' id='word_1_413' title='bbox 1358 4553 1653 4621; x_wconf 78' lang='lat' dir='ltr'>all‘ectum,</span> <span class='ocrx_word' id='word_1_414' title='bbox 1695 4561 1751 4613; x_wconf 91' lang='lat' dir='ltr'>et</span> <span class='ocrx_word' id='word_1_415' title='bbox 1797 4558 2009 4615; x_wconf 87' lang='lat' dir='ltr'>intelli-</span> 
     </span>
    </p>
   </div>
   <div class='ocr_carea' id='block_1_49' title="bbox 304 4640 2006 4715">
    <p class='ocr_par' dir='ltr' id='par_1_49' title="bbox 304 4640 2006 4715">
     <span class='ocr_line' id='line_1_49' title="bbox 304 4640 2006 4715; baseline 0.005 -20"><span class='ocrx_word' id='word_1_416' title='bbox 304 4640 473 4711; x_wconf 89' lang='lat' dir='ltr'>gendi</span> <span class='ocrx_word' id='word_1_417' title='bbox 508 4644 741 4711; x_wconf 75' lang='lat' dir='ltr'>praestet</span> <span class='ocrx_word' id='word_1_418' title='bbox 772 4641 1061 4697; x_wconf 77' lang='lat' dir='ltr'>ell‘ectum.</span> <span class='ocrx_word' id='word_1_419' title='bbox 1096 4642 1236 4698; x_wconf 83' lang='lat' dir='ltr'>Nam</span> <span class='ocrx_word' id='word_1_420' title='bbox 1261 4660 1365 4715; x_wconf 87' lang='lat' dir='ltr'>ego</span> <span class='ocrx_word' id='word_1_421' title='bbox 1389 4645 1605 4715; x_wconf 84' lang='lat' dir='ltr'>quibus</span> <span class='ocrx_word' id='word_1_422' title='bbox 1628 4647 1836 4715; x_wconf 83' lang='lat' dir='ltr'>verbis,</span> <span class='ocrx_word' id='word_1_423' title='bbox 1862 4652 1919 4703; x_wconf 84' lang='lat' dir='ltr'>et</span> <span class='ocrx_word' id='word_1_424' title='bbox 1957 4650 2006 4704; x_wconf 82' lang='lat' dir='ltr'>si</span> 
     </span>
    </p>
   </div>
   <div class='ocr_carea' id='block_1_50' title="bbox 302 4729 2008 4807">
    <p class='ocr_par' dir='ltr' id='par_1_50' title="bbox 302 4729 2008 4807">
     <span class='ocr_line' id='line_1_50' title="bbox 302 4729 2008 4807; baseline 0.006 -24"><span class='ocrx_word' id='word_1_425' title='bbox 302 4731 449 4784; x_wconf 80' lang='lat' dir='ltr'>forte</span> <span class='ocrx_word' id='word_1_426' title='bbox 479 4729 702 4801; x_wconf 89' lang='lat' dir='ltr'>aliquid</span> <span class='ocrx_word' id='word_1_427' title='bbox 728 4730 915 4800; x_wconf 90' lang='lat' dir='ltr'>capio,</span> <span class='ocrx_word' id='word_1_428' title='bbox 949 4732 1260 4799; x_wconf 90' lang='lat' dir='ltr'>perducere</span> <span class='ocrx_word' id='word_1_429' title='bbox 1293 4750 1529 4804; x_wconf 89' lang='lat' dir='ltr'>possum</span> <span class='ocrx_word' id='word_1_430' title='bbox 1554 4738 1711 4807; x_wconf 91' lang='lat' dir='ltr'>quod</span> <span class='ocrx_word' id='word_1_431' title='bbox 1740 4738 1901 4803; x_wconf 79' lang='lat' dir='ltr'>capio</span> <span class='ocrx_word' id='word_1_432' title='bbox 1937 4740 2008 4794; x_wconf 91' lang='lat' dir='ltr'>ad</span> 
     </span>
    </p>
   </div>
   <div class='ocr_carea' id='block_1_51' title="bbox 306 4818 2011 4899">
    <p class='ocr_par' dir='ltr' id='par_1_51' title="bbox 306 4818 2011 4899">
     <span class='ocr_line' id='line_1_51' title="bbox 306 4818 2011 4899; baseline 0.005 -26"><span class='ocrx_word' id='word_1_433' title='bbox 306 4818 479 4874; x_wconf 86' lang='lat' dir='ltr'>corda</span> <span class='ocrx_word' id='word_1_434' title='bbox 507 4825 694 4874; x_wconf 87' lang='lat' dir='ltr'>vestra</span> <span class='ocrx_word' id='word_1_435' title='bbox 715 4821 741 4859; x_wconf 67' lang='lat'><strong>9</strong></span> <span class='ocrx_word' id='word_1_436' title='bbox 770 4818 1041 4885; x_wconf 86' lang='lat' dir='ltr'>Quisnam</span> <span class='ocrx_word' id='word_1_437' title='bbox 1074 4822 1289 4878; x_wconf 81' lang='lat' dir='ltr'>sufficit</span> <span class='ocrx_word' id='word_1_438' title='bbox 1320 4840 1501 4879; x_wconf 88' lang='lat' dir='ltr'>sonus</span> <span class='ocrx_word' id='word_1_439' title='bbox 1524 4824 1550 4879; x_wconf 66' lang='lat'>“2</span> <span class='ocrx_word' id='word_1_440' title='bbox 1577 4841 1703 4897; x_wconf 63' lang='lat' dir='ltr'>quas</span> <span class='ocrx_word' id='word_1_441' title='bbox 1752 4828 2011 4899; x_wconf 85' lang='lat' dir='ltr'>suppetit</span> 
     </span>
    </p>
   </div>
   <div class='ocr_carea' id='block_1_52' title="bbox 305 4906 2009 4987">
    <p class='ocr_par' dir='ltr' id='par_1_52' title="bbox 305 4906 2009 4987">
     <span class='ocr_line' id='line_1_52' title="bbox 305 4906 2009 4987; baseline 0.006 -24"><span class='ocrx_word' id='word_1_442' title='bbox 305 4906 673 4979; x_wconf 84' lang='lat' dir='ltr'>eloquentia?</span> <span class='ocrx_word' id='word_1_443' title='bbox 693 4923 822 4981; x_wconf 73' lang='lat' dir='ltr'>qua:</span> <span class='ocrx_word' id='word_1_444' title='bbox 846 4907 995 4964; x_wconf 91' lang='lat' dir='ltr'>vires</span> <span class='ocrx_word' id='word_1_445' title='bbox 1027 4908 1391 4983; x_wconf 87' lang='lat' dir='ltr'>intelligendi</span> <span class='ocrx_word' id='word_1_446' title='bbox 1410 4911 1437 4966; x_wconf 63' lang='grc' dir='ltr'>’ξ</span> <span class='ocrx_word' id='word_1_447' title='bbox 1459 4930 1581 4985; x_wconf 67' lang='lat' dir='ltr'>quas</span> <span class='ocrx_word' id='word_1_448' title='bbox 1614 4916 1855 4973; x_wconf 83' lang='lat' dir='ltr'>facultas</span> <span class='ocrx_word' id='word_1_449' title='bbox 1876 4933 2009 4987; x_wconf 87' lang='lat' dir='ltr'>pro-</span> 
     </span>
    </p>
   </div>
   <div class='ocr_carea' id='block_1_53' title="bbox 302 4996 583 5054">
    <p class='ocr_par' dir='ltr' id='par_1_53' title="bbox 302 4996 583 5054">
     <span class='ocr_line' id='line_1_53' title="bbox 302 4996 583 5054; baseline -0.007 -1"><span class='ocrx_word' id='word_1_450' title='bbox 302 4996 524 5054; x_wconf 79' lang='lat' dir='ltr'>ferendi</span> <span class='ocrx_word' id='word_1_451' title='bbox 556 4996 583 5051; x_wconf 81' lang='lat'><strong>?</strong></span> 
     </span>
    </p>
   </div>
   <div class='ocr_carea' id='block_1_54' title="bbox 376 5087 2008 5165">
    <p class='ocr_par' dir='ltr' id='par_1_54' title="bbox 376 5087 2008 5165">
     <span class='ocr_line' id='line_1_54' title="bbox 376 5087 2008 5165; baseline 0.007 -23"><span class='ocrx_word' id='word_1_452' title='bbox 376 5087 465 5146; x_wconf 90' lang='grc'>10.</span> <span class='ocrx_word' id='word_1_453' title='bbox 499 5088 695 5145; x_wconf 89' lang='lat' dir='ltr'>Dicam</span> <span class='ocrx_word' id='word_1_454' title='bbox 726 5104 864 5161; x_wconf 88' lang='lat' dir='ltr'>ergo</span> <span class='ocrx_word' id='word_1_455' title='bbox 905 5090 1150 5147; x_wconf 90' lang='lat' dir='ltr'>Domino</span> <span class='ocrx_word' id='word_1_456' title='bbox 1200 5096 1397 5150; x_wconf 90' lang='lat' dir='ltr'>nostro</span> <span class='ocrx_word' id='word_1_457' title='bbox 1426 5096 1564 5149; x_wconf 84' lang='lat' dir='ltr'>Jesu</span> <span class='ocrx_word' id='word_1_458' title='bbox 1614 5094 1864 5165; x_wconf 85' lang='lat' dir='ltr'>Christo,</span> <span class='ocrx_word' id='word_1_459' title='bbox 1916 5099 2008 5154; x_wconf 89' lang='lat' dir='ltr'>di-</span> 
     </span>
    </p>
   </div>
   <div class='ocr_carea' id='block_1_55' title="bbox 305 5179 2007 5253">
    <p class='ocr_par' dir='ltr' id='par_1_55' title="bbox 305 5179 2007 5253">
     <span class='ocr_line' id='line_1_55' title="bbox 305 5179 2007 5253; baseline 0.008 -20"><span class='ocrx_word' id='word_1_460' title='bbox 305 5193 452 5247; x_wconf 90' lang='lat' dir='ltr'>cam,</span> <span class='ocrx_word' id='word_1_461' title='bbox 485 5179 760 5236; x_wconf 85' lang='lat' dir='ltr'>etaudiat</span> <span class='ocrx_word' id='word_1_462' title='bbox 789 5196 883 5237; x_wconf 90' lang='lat' dir='ltr'>me</span> <span class='ocrx_word' id='word_1_463' title='bbox 913 5180 953 5235; x_wconf 68' lang='grc' dir='ltr'>ε.</span> <span class='ocrx_word' id='word_1_464' title='bbox 978 5182 1159 5237; x_wconf 88' lang='lat' dir='ltr'>Credo</span> <span class='ocrx_word' id='word_1_465' title='bbox 1193 5188 1558 5253; x_wconf 66' lang='lat' dir='ltr'>praesentem,</span> <span class='ocrx_word' id='word_1_466' title='bbox 1611 5187 1851 5244; x_wconf 89' lang='lat' dir='ltr'>omnino</span> <span class='ocrx_word' id='word_1_467' title='bbox 1892 5207 2007 5247; x_wconf 86' lang='lat' dir='ltr'>non</span> 
     </span>
    </p>
   </div>
   <div class='ocr_carea' id='block_1_56' title="bbox 304 5269 2010 5351">
    <p class='ocr_par' dir='ltr' id='par_1_56' title="bbox 304 5269 2010 5351">
     <span class='ocr_line' id='line_1_56' title="bbox 304 5269 2010 5351; baseline 0.008 -28"><span class='ocrx_word' id='word_1_468' title='bbox 304 5269 508 5326; x_wconf 91' lang='lat' dir='ltr'>dubito</span> <span class='ocrx_word' id='word_1_469' title='bbox 540 5269 699 5341; x_wconf 88' lang='lat' dir='ltr'>;ipse</span> <span class='ocrx_word' id='word_1_470' title='bbox 730 5270 884 5327; x_wconf 89' lang='lat' dir='ltr'>enim</span> <span class='ocrx_word' id='word_1_471' title='bbox 917 5270 1077 5342; x_wconf 77' lang='lat' dir='ltr'>dixit,</span> <span class='ocrx_word' id='word_1_472' title='bbox 1114 5273 1244 5328; x_wconf 88' lang='lat' dir='ltr'>Ecce</span> <span class='ocrx_word' id='word_1_473' title='bbox 1264 5289 1358 5344; x_wconf 86' lang='lat' dir='ltr'>ego</span> <span class='ocrx_word' id='word_1_474' title='bbox 1389 5274 1662 5332; x_wconf 85' lang='lat' dir='ltr'>vobiscum</span> <span class='ocrx_word' id='word_1_475' title='bbox 1692 5294 1809 5333; x_wconf 88' lang='lat' dir='ltr'>sum</span> <span class='ocrx_word' id='word_1_476' title='bbox 1840 5296 2010 5351; x_wconf 86' lang='lat' dir='ltr'>usque</span> 
     </span>
    </p>
   </div>
   <div class='ocr_carea' id='block_1_57' title="bbox 304 5358 2012 5441">
    <p class='ocr_par' dir='ltr' id='par_1_57' title="bbox 304 5358 2012 5441">
     <span class='ocr_line' id='line_1_57' title="bbox 304 5358 2012 5441; baseline 0.008 -28"><span class='ocrx_word' id='word_1_477' title='bbox 304 5358 370 5413; x_wconf 88' lang='lat' dir='ltr'>in</span> <span class='ocrx_word' id='word_1_478' title='bbox 396 5362 918 5419; x_wconf 82' lang='lat' dir='ltr'>consummationem</span> <span class='ocrx_word' id='word_1_479' title='bbox 940 5363 1364 5435; x_wconf 62' lang='lat' dir='ltr'>saecutiwatth.</span> <span class='ocrx_word' id='word_1_480' title='bbox 1398 5382 1591 5438; x_wconf 80' lang='lat' dir='ltr'>xxvm,</span> <span class='ocrx_word' id='word_1_481' title='bbox 1639 5366 1749 5441; x_wconf 79' lang='lat'>20).</span> <span class='ocrx_word' id='word_1_482' title='bbox 1803 5368 1845 5423; x_wconf 95' lang='grc' dir='ltr'><strong>Ο</strong></span> <span class='ocrx_word' id='word_1_483' title='bbox 1893 5372 2012 5427; x_wconf 87' lang='lat' dir='ltr'>Do-</span> 
     </span>
    </p>
   </div>
   <div class='ocr_carea' id='block_1_58' title="bbox 372 5517 2011 5597">
    <p class='ocr_par' dir='ltr' id='par_1_58' title="bbox 372 5517 2011 5597">
     <span class='ocr_line' id='line_1_58' title="bbox 372 5517 2011 5597; baseline 0.01 -31"><span class='ocrx_word' id='word_1_484' title='bbox 372 5517 601 5597; x_wconf 14' lang='lat' dir='ltr'>iqSAicAEr.</span> <span class='ocrx_word' id='word_1_485' title='bbox 633 5519 795 5597; x_wconf 46' lang='grc' dir='ltr'>ἱέρειά.</span> <span class='ocrx_word' id='word_1_486' title='bbox 833 5523 965 5573; x_wconf 85' lang='lat' dir='ltr'>Ven.</span> <span class='ocrx_word' id='word_1_487' title='bbox 998 5521 1164 5573; x_wconf 84' lang='lat' dir='ltr'>Lov.:</span> <span class='ocrx_word' id='word_1_488' title='bbox 1210 5525 1430 5577; x_wconf 75' lang='lat' dir='ltr'>Multum</span> <span class='ocrx_word' id='word_1_489' title='bbox 1478 5537 1554 5580; x_wconf 79' lang='lat' dir='ltr'>est</span> <span class='ocrx_word' id='word_1_490' title='bbox 1600 5530 1740 5596; x_wconf 84' lang='lat' dir='ltr'>quod</span> <span class='ocrx_word' id='word_1_491' title='bbox 1779 5532 1857 5583; x_wconf 86' lang='lat' dir='ltr'>ait</span> <span class='ocrx_word' id='word_1_492' title='bbox 1880 5532 2011 5597; x_wconf 81' lang='lat' dir='ltr'>ipse,</span> 
     </span>
    </p>
   </div>
   <div class='ocr_carea' id='block_1_59' title="bbox 308 5579 702 5644">
    <p class='ocr_par' dir='ltr' id='par_1_59' title="bbox 308 5579 702 5644">
     <span class='ocr_line' id='line_1_59' title="bbox 308 5579 702 5644; baseline -0.01 -12"><span class='ocrx_word' id='word_1_493' title='bbox 308 5583 417 5644; x_wconf 83' lang='lat' dir='ltr'>Ego</span> <span class='ocrx_word' id='word_1_494' title='bbox 437 5594 572 5644; x_wconf 86' lang='lat' dir='ltr'>sum.</span> <span class='ocrx_word' id='word_1_495' title='bbox 635 5579 702 5628; x_wconf 90' lang='lat' dir='ltr'>M.</span> 
     </span>
    </p>
   </div>
   <div class='ocr_carea' id='block_1_60' title="bbox 376 5643 1644 5708">
    <p class='ocr_par' dir='ltr' id='par_1_60' title="bbox 376 5643 1644 5708">
     <span class='ocr_line' id='line_1_60' title="bbox 376 5643 1644 5708; baseline 0.009 -14"><span class='ocrx_word' id='word_1_496' title='bbox 376 5643 572 5708; x_wconf 73' lang='lat' dir='ltr'>2Apud</span> <span class='ocrx_word' id='word_1_497' title='bbox 602 5643 683 5693; x_wconf 85' lang='lat' dir='ltr'>Er.</span> <span class='ocrx_word' id='word_1_498' title='bbox 717 5644 879 5707; x_wconf 88' lang='lat' dir='ltr'>Lugd.</span> <span class='ocrx_word' id='word_1_499' title='bbox 917 5649 969 5695; x_wconf 90' lang='lat' dir='ltr'>et</span> <span class='ocrx_word' id='word_1_500' title='bbox 996 5647 1146 5704; x_wconf 87' lang='lat' dir='ltr'>Ven.,</span> <span class='ocrx_word' id='word_1_501' title='bbox 1182 5650 1358 5701; x_wconf 76' lang='lat' dir='ltr'>audiet</span> <span class='ocrx_word' id='word_1_502' title='bbox 1382 5667 1478 5702; x_wconf 85' lang='lat' dir='ltr'>me.</span> <span class='ocrx_word' id='word_1_503' title='bbox 1574 5655 1644 5707; x_wconf 87' lang='lat' dir='ltr'>M.</span> 
     </span>
    </p>
   </div>
   <div class='ocr_carea' id='block_1_61' title="bbox 1236 283 2861 363">
    <p class='ocr_par' dir='ltr' id='par_1_61' title="bbox 1236 283 2861 363">
     <span class='ocr_line' id='line_1_61' title="bbox 1236 283 2861 363; baseline -0.004 -12"><span class='ocrx_word' id='word_1_504' title='bbox 1236 291 1315 351; x_wconf 93' lang='lat' dir='ltr'>IN</span> <span class='ocrx_word' id='word_1_505' title='bbox 1359 290 1683 352; x_wconf 83' lang='lat' dir='ltr'>JOANNIS</span> <span class='ocrx_word' id='word_1_506' title='bbox 1727 285 2266 363; x_wconf 79' lang='lat' dir='ltr'>EVANGELIUM,</span> <span class='ocrx_word' id='word_1_507' title='bbox 2314 285 2379 345; x_wconf 91' lang='lat' dir='ltr'>S.</span> <span class='ocrx_word' id='word_1_508' title='bbox 2426 283 2861 346; x_wconf 81' lang='lat' dir='ltr'>AUGUSTINI</span> 
     </span>
    </p>
   </div>
   <div class='ocr_carea' id='block_1_62' title="bbox 3656 278 3817 340">
    <p class='ocr_par' dir='ltr' id='par_1_62' title="bbox 3656 278 3817 340">
     <span class='ocr_line' id='line_1_62' title="bbox 3656 278 3817 340; baseline -0.019 0"><span class='ocrx_word' id='word_1_509' title='bbox 3656 278 3817 340; x_wconf 82' lang='lat'>1680</span> 
     </span>
    </p>
   </div>
   <div class='ocr_carea' id='block_1_63' title="bbox 2098 414 3819 487">
    <p class='ocr_par' dir='ltr' id='par_1_63' title="bbox 2098 414 3819 487">
     <span class='ocr_line' id='line_1_63' title="bbox 2098 414 3819 487; baseline -0.002 -13"><span class='ocrx_word' id='word_1_510' title='bbox 2098 418 2254 474; x_wconf 90' lang='lat' dir='ltr'>mine</span> <span class='ocrx_word' id='word_1_511' title='bbox 2298 416 2450 473; x_wconf 91' lang='lat' dir='ltr'>Deus</span> <span class='ocrx_word' id='word_1_512' title='bbox 2482 422 2696 485; x_wconf 87' lang='lat' dir='ltr'>noster,</span> <span class='ocrx_word' id='word_1_513' title='bbox 2728 415 2867 487; x_wconf 90' lang='lat' dir='ltr'>quid</span> <span class='ocrx_word' id='word_1_514' title='bbox 2892 415 3153 487; x_wconf 89' lang='lat' dir='ltr'>estquod</span> <span class='ocrx_word' id='word_1_515' title='bbox 3184 414 3334 483; x_wconf 87' lang='lat' dir='ltr'>aisti,</span> <span class='ocrx_word' id='word_1_516' title='bbox 3368 414 3487 471; x_wconf 87' lang='lat' dir='ltr'>Nisi</span> <span class='ocrx_word' id='word_1_517' title='bbox 3514 415 3819 473; x_wconf 86' lang='lat' dir='ltr'>credideri-</span> 
     </span>
    </p>
   </div>
   <div class='ocr_carea' id='block_1_64' title="bbox 2099 505 3818 580">
    <p class='ocr_par' dir='ltr' id='par_1_64' title="bbox 2099 505 3818 580">
     <span class='ocr_line' id='line_1_64' title="bbox 2099 505 3818 580; baseline -0.001 -16"><span class='ocrx_word' id='word_1_518' title='bbox 2099 511 2169 565; x_wconf 87' lang='lat' dir='ltr'>tis</span> <span class='ocrx_word' id='word_1_519' title='bbox 2199 510 2325 580; x_wconf 91' lang='lat' dir='ltr'>quia</span> <span class='ocrx_word' id='word_1_520' title='bbox 2355 524 2454 577; x_wconf 86' lang='lat' dir='ltr'>ego</span> <span class='ocrx_word' id='word_1_521' title='bbox 2484 524 2602 563; x_wconf 89' lang='lat' dir='ltr'>sum</span> <span class='ocrx_word' id='word_1_522' title='bbox 2634 514 2661 562; x_wconf 69' lang='grc' dir='ltr'><em>Ρ</em></span> <span class='ocrx_word' id='word_1_523' title='bbox 2688 507 2837 571; x_wconf 83' lang='lat' dir='ltr'>Quid</span> <span class='ocrx_word' id='word_1_524' title='bbox 2868 505 3018 562; x_wconf 91' lang='lat' dir='ltr'>enim</span> <span class='ocrx_word' id='word_1_525' title='bbox 3053 522 3169 562; x_wconf 91' lang='lat' dir='ltr'>non</span> <span class='ocrx_word' id='word_1_526' title='bbox 3194 510 3281 561; x_wconf 88' lang='lat' dir='ltr'>est</span> <span class='ocrx_word' id='word_1_527' title='bbox 3300 521 3501 562; x_wconf 90' lang='lat' dir='ltr'>eorum</span> <span class='ocrx_word' id='word_1_528' title='bbox 3544 523 3672 578; x_wconf 76' lang='lat' dir='ltr'>quas</span> <span class='ocrx_word' id='word_1_529' title='bbox 3727 507 3818 563; x_wconf 82' lang='lat' dir='ltr'>fe-</span> 
     </span>
    </p>
   </div>
   <div class='ocr_carea' id='block_1_65' title="bbox 2099 595 3811 668">
    <p class='ocr_par' dir='ltr' id='par_1_65' title="bbox 2099 595 3811 668">
     <span class='ocr_line' id='line_1_65' title="bbox 2099 595 3811 668; baseline -0.001 -15"><span class='ocrx_word' id='word_1_530' title='bbox 2099 598 2230 654; x_wconf 89' lang='lat' dir='ltr'>cisti</span> <span class='ocrx_word' id='word_1_531' title='bbox 2259 598 2286 652; x_wconf 84' lang='lat'><strong>?</strong></span> <span class='ocrx_word' id='word_1_532' title='bbox 2322 597 2605 668; x_wconf 86' lang='lat' dir='ltr'>Numquid</span> <span class='ocrx_word' id='word_1_533' title='bbox 2638 595 2848 652; x_wconf 83' lang='lat' dir='ltr'>ccelum</span> <span class='ocrx_word' id='word_1_534' title='bbox 2881 612 2996 652; x_wconf 82' lang='lat' dir='ltr'>non</span> <span class='ocrx_word' id='word_1_535' title='bbox 3028 596 3164 652; x_wconf 81' lang='lat' dir='ltr'>est?</span> <span class='ocrx_word' id='word_1_536' title='bbox 3188 596 3479 667; x_wconf 90' lang='lat' dir='ltr'>numquid</span> <span class='ocrx_word' id='word_1_537' title='bbox 3511 604 3661 652; x_wconf 89' lang='lat' dir='ltr'>terra</span> <span class='ocrx_word' id='word_1_538' title='bbox 3689 613 3811 652; x_wconf 91' lang='lat' dir='ltr'>non</span> 
     </span>
    </p>
   </div>
   <div class='ocr_carea' id='block_1_66' title="bbox 2098 686 3812 759">
    <p class='ocr_par' dir='ltr' id='par_1_66' title="bbox 2098 686 3812 759">
     <span class='ocr_line' id='line_1_66' title="bbox 2098 686 3812 759; baseline -0.001 -16"><span class='ocrx_word' id='word_1_539' title='bbox 2098 697 2183 744; x_wconf 85' lang='lat' dir='ltr'>est</span> <span class='ocrx_word' id='word_1_540' title='bbox 2207 686 2234 742; x_wconf 53' lang='grc' dir='ltr'>(ξ</span> <span class='ocrx_word' id='word_1_541' title='bbox 2267 689 2554 759; x_wconf 89' lang='lat' dir='ltr'>numquid</span> <span class='ocrx_word' id='word_1_542' title='bbox 2579 704 2691 743; x_wconf 92' lang='lat' dir='ltr'>non</span> <span class='ocrx_word' id='word_1_543' title='bbox 2723 692 2859 742; x_wconf 90' lang='lat' dir='ltr'>sunt</span> <span class='ocrx_word' id='word_1_544' title='bbox 2891 703 2958 742; x_wconf 91' lang='lat' dir='ltr'>ea</span> <span class='ocrx_word' id='word_1_545' title='bbox 2989 703 3112 756; x_wconf 67' lang='lat' dir='ltr'>qua:</span> <span class='ocrx_word' id='word_1_546' title='bbox 3138 686 3196 742; x_wconf 90' lang='lat' dir='ltr'>in</span> <span class='ocrx_word' id='word_1_547' title='bbox 3249 692 3401 741; x_wconf 84' lang='lat' dir='ltr'>terra</span> <span class='ocrx_word' id='word_1_548' title='bbox 3452 692 3509 742; x_wconf 89' lang='lat' dir='ltr'>et</span> <span class='ocrx_word' id='word_1_549' title='bbox 3548 688 3606 743; x_wconf 90' lang='lat' dir='ltr'>in</span> <span class='ocrx_word' id='word_1_550' title='bbox 3664 687 3812 742; x_wconf 71' lang='lat' dir='ltr'>coelo</span> 
     </span>
    </p>
   </div>
   <div class='ocr_carea' id='block_1_67' title="bbox 2102 775 3815 848">
    <p class='ocr_par' dir='ltr' id='par_1_67' title="bbox 2102 775 3815 848">
     <span class='ocr_line' id='line_1_67' title="bbox 2102 775 3815 848; baseline -0.001 -16"><span class='ocrx_word' id='word_1_551' title='bbox 2102 780 2240 832; x_wconf 90' lang='lat' dir='ltr'>sunt</span> <span class='ocrx_word' id='word_1_552' title='bbox 2268 779 2295 831; x_wconf 77' lang='lat' dir='ltr'>‘t</span> <span class='ocrx_word' id='word_1_553' title='bbox 2312 777 2595 848; x_wconf 89' lang='lat' dir='ltr'>numquid</span> <span class='ocrx_word' id='word_1_554' title='bbox 2626 776 2796 833; x_wconf 90' lang='lat' dir='ltr'>homo</span> <span class='ocrx_word' id='word_1_555' title='bbox 2820 776 2942 847; x_wconf 77' lang='lat' dir='ltr'>ipse</span> <span class='ocrx_word' id='word_1_556' title='bbox 2964 776 3057 832; x_wconf 90' lang='lat' dir='ltr'>cui</span> <span class='ocrx_word' id='word_1_557' title='bbox 3086 775 3341 847; x_wconf 87' lang='lat' dir='ltr'>loqueris</span> <span class='ocrx_word' id='word_1_558' title='bbox 3358 792 3472 831; x_wconf 88' lang='lat' dir='ltr'>non</span> <span class='ocrx_word' id='word_1_559' title='bbox 3492 780 3581 831; x_wconf 89' lang='lat' dir='ltr'>est</span> <span class='ocrx_word' id='word_1_560' title='bbox 3597 777 3626 831; x_wconf 93' lang='lat'><strong>?</strong></span> <span class='ocrx_word' id='word_1_561' title='bbox 3649 793 3815 831; x_wconf 88' lang='lat' dir='ltr'>num-</span> 
     </span>
    </p>
   </div>
   <div class='ocr_carea' id='block_1_68' title="bbox 2102 864 3815 939">
    <p class='ocr_par' dir='ltr' id='par_1_68' title="bbox 2102 864 3815 939">
     <span class='ocr_line' id='line_1_68' title="bbox 2102 864 3815 939; baseline -0.001 -18"><span class='ocrx_word' id='word_1_562' title='bbox 2102 865 2239 939; x_wconf 91' lang='lat' dir='ltr'>quid</span> <span class='ocrx_word' id='word_1_563' title='bbox 2266 866 2509 939; x_wconf 90' lang='lat' dir='ltr'>angelus</span> <span class='ocrx_word' id='word_1_564' title='bbox 2532 882 2703 937; x_wconf 87' lang='lat' dir='ltr'>quem</span> <span class='ocrx_word' id='word_1_565' title='bbox 2729 867 2916 922; x_wconf 87' lang='lat' dir='ltr'>mittis</span> <span class='ocrx_word' id='word_1_566' title='bbox 2939 882 3055 921; x_wconf 91' lang='lat' dir='ltr'>non</span> <span class='ocrx_word' id='word_1_567' title='bbox 3082 871 3170 922; x_wconf 89' lang='lat' dir='ltr'>est</span> <span class='ocrx_word' id='word_1_568' title='bbox 3192 864 3293 920; x_wconf 89' lang='lat' dir='ltr'>?Si</span> <span class='ocrx_word' id='word_1_569' title='bbox 3316 867 3516 921; x_wconf 88' lang='lat' dir='ltr'>omnia</span> <span class='ocrx_word' id='word_1_570' title='bbox 3531 872 3672 921; x_wconf 88' lang='lat' dir='ltr'>sunt</span> <span class='ocrx_word' id='word_1_571' title='bbox 3692 866 3815 921; x_wconf 65' lang='lat' dir='ltr'>haec</span> 
     </span>
    </p>
   </div>
   <div class='ocr_carea' id='block_1_69' title="bbox 2101 955 3816 1029">
    <p class='ocr_par' dir='ltr' id='par_1_69' title="bbox 2101 955 3816 1029">
     <span class='ocr_line' id='line_1_69' title="bbox 2101 955 3816 1029; baseline -0.001 -17"><span class='ocrx_word' id='word_1_572' title='bbox 2101 973 2232 1029; x_wconf 68' lang='lat' dir='ltr'>quae</span> <span class='ocrx_word' id='word_1_573' title='bbox 2260 973 2359 1027; x_wconf 91' lang='lat' dir='ltr'>per</span> <span class='ocrx_word' id='word_1_574' title='bbox 2391 963 2444 1011; x_wconf 86' lang='lat' dir='ltr'>te</span> <span class='ocrx_word' id='word_1_575' title='bbox 2473 956 2622 1012; x_wconf 77' lang='lat' dir='ltr'>facta</span> <span class='ocrx_word' id='word_1_576' title='bbox 2643 964 2801 1023; x_wconf 83' lang='lat' dir='ltr'>sunt,</span> <span class='ocrx_word' id='word_1_577' title='bbox 2834 955 2977 1027; x_wconf 90' lang='lat' dir='ltr'>quid</span> <span class='ocrx_word' id='word_1_578' title='bbox 3008 959 3098 1011; x_wconf 86' lang='lat' dir='ltr'>est</span> <span class='ocrx_word' id='word_1_579' title='bbox 3145 958 3293 1026; x_wconf 91' lang='lat' dir='ltr'>quod</span> <span class='ocrx_word' id='word_1_580' title='bbox 3360 956 3469 1012; x_wconf 89' lang='lat' dir='ltr'>tibi</span> <span class='ocrx_word' id='word_1_581' title='bbox 3512 956 3816 1028; x_wconf 85' lang='lat' dir='ltr'>proprium</span> 
     </span>
    </p>
   </div>
   <div class='ocr_carea' id='block_1_70' title="bbox 2101 1044 3817 1118">
    <p class='ocr_par' dir='ltr' id='par_1_70' title="bbox 2101 1044 3817 1118">
     <span class='ocr_line' id='line_1_70' title="bbox 2101 1044 3817 1118; baseline 0 -17"><span class='ocrx_word' id='word_1_582' title='bbox 2101 1046 2383 1118; x_wconf 86' lang='lat' dir='ltr'>quiddam</span> <span class='ocrx_word' id='word_1_583' title='bbox 2412 1046 2654 1101; x_wconf 87' lang='lat' dir='ltr'>tenuisti</span> <span class='ocrx_word' id='word_1_584' title='bbox 2686 1046 2877 1116; x_wconf 87' lang='lat' dir='ltr'>ipsum</span> <span class='ocrx_word' id='word_1_585' title='bbox 2903 1061 3048 1113; x_wconf 90' lang='lat' dir='ltr'>esse,</span> <span class='ocrx_word' id='word_1_586' title='bbox 3081 1047 3233 1116; x_wconf 81' lang='lat' dir='ltr'>quod</span> <span class='ocrx_word' id='word_1_587' title='bbox 3262 1044 3392 1101; x_wconf 87' lang='lat' dir='ltr'>aliis</span> <span class='ocrx_word' id='word_1_588' title='bbox 3432 1062 3546 1100; x_wconf 91' lang='lat' dir='ltr'>non</span> <span class='ocrx_word' id='word_1_589' title='bbox 3577 1046 3817 1115; x_wconf 69' lang='lat' dir='ltr'>dedisti,</span> 
     </span>
    </p>
   </div>
   <div class='ocr_carea' id='block_1_71' title="bbox 2105 1136 3819 1208">
    <p class='ocr_par' dir='ltr' id='par_1_71' title="bbox 2105 1136 3819 1208">
     <span class='ocr_line' id='line_1_71' title="bbox 2105 1136 3819 1208; baseline 0 -15"><span class='ocrx_word' id='word_1_590' title='bbox 2105 1142 2168 1193; x_wconf 90' lang='lat' dir='ltr'>ut</span> <span class='ocrx_word' id='word_1_591' title='bbox 2198 1145 2257 1193; x_wconf 90' lang='lat' dir='ltr'>tu</span> <span class='ocrx_word' id='word_1_592' title='bbox 2289 1136 2450 1192; x_wconf 91' lang='lat' dir='ltr'>solus</span> <span class='ocrx_word' id='word_1_593' title='bbox 2477 1153 2636 1192; x_wconf 89' lang='lat' dir='ltr'>esses</span> <span class='ocrx_word' id='word_1_594' title='bbox 2666 1136 2693 1190; x_wconf 87' lang='lat'><strong>?</strong></span> <span class='ocrx_word' id='word_1_595' title='bbox 2727 1140 2863 1191; x_wconf 82' lang='lat' dir='ltr'>Nam</span> <span class='ocrx_word' id='word_1_596' title='bbox 2896 1138 3178 1205; x_wconf 88' lang='lat' dir='ltr'>quomodo</span> <span class='ocrx_word' id='word_1_597' title='bbox 3200 1137 3398 1206; x_wconf 89' lang='lat' dir='ltr'>audio,</span> <span class='ocrx_word' id='word_1_598' title='bbox 3432 1141 3539 1208; x_wconf 80' lang='lat' dir='ltr'>Ego</span> <span class='ocrx_word' id='word_1_599' title='bbox 3568 1153 3688 1192; x_wconf 88' lang='lat' dir='ltr'>sum</span> <span class='ocrx_word' id='word_1_600' title='bbox 3719 1140 3819 1207; x_wconf 88' lang='lat' dir='ltr'>qui</span> 
     </span>
    </p>
   </div>
   <div class='ocr_carea' id='block_1_72' title="bbox 2102 1225 3819 1298">
    <p class='ocr_par' dir='ltr' id='par_1_72' title="bbox 2102 1225 3819 1298">
     <span class='ocr_line' id='line_1_72' title="bbox 2102 1225 3819 1298; baseline -0.001 -13"><span class='ocrx_word' id='word_1_601' title='bbox 2102 1243 2266 1290; x_wconf 82' lang='lat' dir='ltr'>sum;</span> <span class='ocrx_word' id='word_1_602' title='bbox 2299 1226 2467 1298; x_wconf 90' lang='lat' dir='ltr'>quasi</span> <span class='ocrx_word' id='word_1_603' title='bbox 2500 1227 2615 1282; x_wconf 86' lang='lat' dir='ltr'>alia</span> <span class='ocrx_word' id='word_1_604' title='bbox 2640 1242 2755 1281; x_wconf 91' lang='lat' dir='ltr'>non</span> <span class='ocrx_word' id='word_1_605' title='bbox 2781 1226 2897 1281; x_wconf 85' lang='lat' dir='ltr'>sint</span> <span class='ocrx_word' id='word_1_606' title='bbox 2928 1225 2955 1280; x_wconf 84' lang='lat'><strong>?</strong></span> <span class='ocrx_word' id='word_1_607' title='bbox 3000 1230 3057 1282; x_wconf 92' lang='lat' dir='ltr'>et</span> <span class='ocrx_word' id='word_1_608' title='bbox 3105 1227 3392 1296; x_wconf 90' lang='lat' dir='ltr'>quomodo</span> <span class='ocrx_word' id='word_1_609' title='bbox 3443 1229 3637 1295; x_wconf 79' lang='lat' dir='ltr'>audio,</span> <span class='ocrx_word' id='word_1_610' title='bbox 3672 1228 3819 1283; x_wconf 83' lang='lat' dir='ltr'>Nisit</span> 
     </span>
    </p>
   </div>
   <div class='ocr_carea' id='block_1_73' title="bbox 2101 1315 3820 1388">
    <p class='ocr_par' dir='ltr' id='par_1_73' title="bbox 2101 1315 3820 1388">
     <span class='ocr_line' id='line_1_73' title="bbox 2101 1315 3820 1388; baseline -0.002 -13"><span class='ocrx_word' id='word_1_611' title='bbox 2101 1316 2442 1375; x_wconf 84' lang='lat' dir='ltr'>credideritis</span> <span class='ocrx_word' id='word_1_612' title='bbox 2472 1319 2604 1388; x_wconf 87' lang='lat' dir='ltr'>quia</span> <span class='ocrx_word' id='word_1_613' title='bbox 2621 1332 2719 1385; x_wconf 88' lang='lat' dir='ltr'>ego</span> <span class='ocrx_word' id='word_1_614' title='bbox 2741 1332 2861 1371; x_wconf 88' lang='lat' dir='ltr'>sum</span> <span class='ocrx_word' id='word_1_615' title='bbox 2891 1318 2917 1369; x_wconf 71' lang='grc' dir='ltr'>ε)</span> <span class='ocrx_word' id='word_1_616' title='bbox 2949 1315 3036 1372; x_wconf 90' lang='lat' dir='ltr'>llli</span> <span class='ocrx_word' id='word_1_617' title='bbox 3065 1317 3223 1372; x_wconf 88' lang='lat' dir='ltr'>enim</span> <span class='ocrx_word' id='word_1_618' title='bbox 3247 1332 3360 1371; x_wconf 90' lang='lat' dir='ltr'>non</span> <span class='ocrx_word' id='word_1_619' title='bbox 3392 1322 3559 1372; x_wconf 88' lang='lat' dir='ltr'>erant</span> <span class='ocrx_word' id='word_1_620' title='bbox 3588 1318 3690 1387; x_wconf 89' lang='lat' dir='ltr'>qui</span> <span class='ocrx_word' id='word_1_621' title='bbox 3720 1335 3820 1373; x_wconf 85' lang='lat' dir='ltr'>au-</span> 
     </span>
    </p>
   </div>
   <div class='ocr_carea' id='block_1_74' title="bbox 2105 1405 3817 1478">
    <p class='ocr_par' dir='ltr' id='par_1_74' title="bbox 2105 1405 3817 1478">
     <span class='ocr_line' id='line_1_74' title="bbox 2105 1405 3817 1478; baseline -0.002 -13"><span class='ocrx_word' id='word_1_622' title='bbox 2105 1408 2340 1465; x_wconf 87' lang='lat' dir='ltr'>diebant</span> <span class='ocrx_word' id='word_1_623' title='bbox 2358 1406 2385 1461; x_wconf 72' lang='lat'><strong><em>?</em></strong></span> <span class='ocrx_word' id='word_1_624' title='bbox 2417 1410 2483 1461; x_wconf 83' lang='lat' dir='ltr'>Et</span> <span class='ocrx_word' id='word_1_625' title='bbox 2502 1407 2553 1461; x_wconf 91' lang='lat' dir='ltr'>si</span> <span class='ocrx_word' id='word_1_626' title='bbox 2584 1411 2912 1478; x_wconf 84' lang='lat' dir='ltr'>peccatores</span> <span class='ocrx_word' id='word_1_627' title='bbox 2939 1410 3122 1473; x_wconf 89' lang='lat' dir='ltr'>erant,</span> <span class='ocrx_word' id='word_1_628' title='bbox 3149 1405 3417 1462; x_wconf 88' lang='lat' dir='ltr'>homines</span> <span class='ocrx_word' id='word_1_629' title='bbox 3455 1411 3642 1462; x_wconf 87' lang='lat' dir='ltr'>erant.</span> <span class='ocrx_word' id='word_1_630' title='bbox 3667 1408 3817 1472; x_wconf 88' lang='lat' dir='ltr'>Quid</span> 
     </span>
    </p>
   </div>
   <div class='ocr_carea' id='block_1_75' title="bbox 2105 1495 3816 1569">
    <p class='ocr_par' dir='ltr' id='par_1_75' title="bbox 2105 1495 3816 1569">
     <span class='ocr_line' id='line_1_75' title="bbox 2105 1495 3816 1569; baseline -0.001 -16"><span class='ocrx_word' id='word_1_631' title='bbox 2105 1513 2238 1569; x_wconf 85' lang='lat' dir='ltr'>ergo</span> <span class='ocrx_word' id='word_1_632' title='bbox 2268 1497 2414 1555; x_wconf 86' lang='lat' dir='ltr'>facio</span> <span class='ocrx_word' id='word_1_633' title='bbox 2441 1498 2469 1553; x_wconf 88' lang='lat'>?</span> <span class='ocrx_word' id='word_1_634' title='bbox 2499 1496 2644 1563; x_wconf 88' lang='lat' dir='ltr'>Quid</span> <span class='ocrx_word' id='word_1_635' title='bbox 2675 1495 2723 1551; x_wconf 89' lang='lat' dir='ltr'>si</span> <span class='ocrx_word' id='word_1_636' title='bbox 2756 1496 2954 1568; x_wconf 89' lang='lat' dir='ltr'>ipsum</span> <span class='ocrx_word' id='word_1_637' title='bbox 3001 1509 3146 1562; x_wconf 85' lang='lat' dir='ltr'>esse,</span> <span class='ocrx_word' id='word_1_638' title='bbox 3197 1495 3351 1550; x_wconf 85' lang='lat' dir='ltr'>dicat</span> <span class='ocrx_word' id='word_1_639' title='bbox 3382 1498 3583 1563; x_wconf 74' lang='lat' dir='ltr'>cordi,</span> <span class='ocrx_word' id='word_1_640' title='bbox 3649 1496 3816 1551; x_wconf 86' lang='lat' dir='ltr'>intus</span> 
     </span>
    </p>
   </div>
   <div class='ocr_carea' id='block_1_76' title="bbox 2106 1583 3815 1658">
    <p class='ocr_par' dir='ltr' id='par_1_76' title="bbox 2106 1583 3815 1658">
     <span class='ocr_line' id='line_1_76' title="bbox 2106 1583 3815 1658; baseline -0.002 -14"><span class='ocrx_word' id='word_1_641' title='bbox 2106 1588 2281 1658; x_wconf 88' lang='lat' dir='ltr'>dicat,</span> <span class='ocrx_word' id='word_1_642' title='bbox 2306 1586 2781 1658; x_wconf 87' lang='lat' dir='ltr'>intusloquatur;</span> <span class='ocrx_word' id='word_1_643' title='bbox 2811 1585 2984 1641; x_wconf 89' lang='lat' dir='ltr'>homo</span> <span class='ocrx_word' id='word_1_644' title='bbox 3007 1583 3246 1641; x_wconf 89' lang='lat' dir='ltr'>interior</span> <span class='ocrx_word' id='word_1_645' title='bbox 3271 1584 3489 1655; x_wconf 87' lang='lat' dir='ltr'>audiat,</span> <span class='ocrx_word' id='word_1_646' title='bbox 3521 1600 3687 1641; x_wconf 87' lang='lat' dir='ltr'>mens</span> <span class='ocrx_word' id='word_1_647' title='bbox 3714 1602 3815 1641; x_wconf 83' lang='lat' dir='ltr'>ca-</span> 
     </span>
    </p>
   </div>
   <div class='ocr_carea' id='block_1_77' title="bbox 2106 1676 3812 1749">
    <p class='ocr_par' dir='ltr' id='par_1_77' title="bbox 2106 1676 3812 1749">
     <span class='ocr_line' id='line_1_77' title="bbox 2106 1676 3812 1749; baseline 0.001 -17"><span class='ocrx_word' id='word_1_648' title='bbox 2106 1679 2223 1749; x_wconf 88' lang='lat' dir='ltr'>piat</span> <span class='ocrx_word' id='word_1_649' title='bbox 2259 1692 2392 1734; x_wconf 88' lang='lat' dir='ltr'>vere</span> <span class='ocrx_word' id='word_1_650' title='bbox 2422 1693 2583 1734; x_wconf 87' lang='lat' dir='ltr'>esse:</span> <span class='ocrx_word' id='word_1_651' title='bbox 2618 1682 2705 1733; x_wconf 92' lang='lat' dir='ltr'>est</span> <span class='ocrx_word' id='word_1_652' title='bbox 2734 1676 2891 1733; x_wconf 89' lang='lat' dir='ltr'>enim</span> <span class='ocrx_word' id='word_1_653' title='bbox 2931 1692 3157 1748; x_wconf 87' lang='lat' dir='ltr'>semper</span> <span class='ocrx_word' id='word_1_654' title='bbox 3203 1676 3407 1733; x_wconf 88' lang='lat' dir='ltr'>eodem</span> <span class='ocrx_word' id='word_1_655' title='bbox 3461 1677 3634 1732; x_wconf 91' lang='lat' dir='ltr'>modo</span> <span class='ocrx_word' id='word_1_656' title='bbox 3662 1692 3812 1734; x_wconf 86' lang='lat' dir='ltr'>esse.</span> 
     </span>
    </p>
   </div>
   <div class='ocr_carea' id='block_1_78' title="bbox 2106 1765 3819 1841">
    <p class='ocr_par' dir='ltr' id='par_1_78' title="bbox 2106 1765 3819 1841">
     <span class='ocr_line' id='line_1_78' title="bbox 2106 1765 3819 1841; baseline -0.001 -17"><span class='ocrx_word' id='word_1_657' title='bbox 2106 1768 2243 1841; x_wconf 79' lang='lat' dir='ltr'>(Res</span> <span class='ocrx_word' id='word_1_658' title='bbox 2264 1767 2419 1823; x_wconf 89' lang='lat' dir='ltr'>enim</span> <span class='ocrx_word' id='word_1_659' title='bbox 2452 1765 2960 1838; x_wconf 83' lang='lat' dir='ltr'>aliqua,quaelibet</span> <span class='ocrx_word' id='word_1_660' title='bbox 2987 1765 3265 1822; x_wconf 90' lang='lat' dir='ltr'>omnino:</span> <span class='ocrx_word' id='word_1_661' title='bbox 3300 1766 3469 1836; x_wconf 88' lang='lat' dir='ltr'>quasi</span> <span class='ocrx_word' id='word_1_662' title='bbox 3517 1767 3659 1838; x_wconf 75' lang='lat' dir='ltr'>ccepi</span> <span class='ocrx_word' id='word_1_663' title='bbox 3693 1767 3819 1823; x_wconf 89' lang='lat' dir='ltr'>dis-</span> 
     </span>
    </p>
   </div>
   <div class='ocr_carea' id='block_1_79' title="bbox 2106 1855 3816 1929">
    <p class='ocr_par' dir='ltr' id='par_1_79' title="bbox 2106 1855 3816 1929">
     <span class='ocr_line' id='line_1_79' title="bbox 2106 1855 3816 1929; baseline 0 -16"><span class='ocrx_word' id='word_1_664' title='bbox 2106 1862 2335 1929; x_wconf 90' lang='lat' dir='ltr'>putare,</span> <span class='ocrx_word' id='word_1_665' title='bbox 2366 1862 2421 1913; x_wconf 91' lang='lat' dir='ltr'>et</span> <span class='ocrx_word' id='word_1_666' title='bbox 2451 1857 2644 1912; x_wconf 84' lang='lat' dir='ltr'>destiti</span> <span class='ocrx_word' id='word_1_667' title='bbox 2676 1872 2970 1928; x_wconf 81' lang='lat' dir='ltr'>quaerere;</span> <span class='ocrx_word' id='word_1_668' title='bbox 3021 1856 3168 1912; x_wconf 82' lang='lat' dir='ltr'>forte</span> <span class='ocrx_word' id='word_1_669' title='bbox 3223 1857 3380 1927; x_wconf 90' lang='lat' dir='ltr'>quod</span> <span class='ocrx_word' id='word_1_670' title='bbox 3426 1856 3624 1912; x_wconf 88' lang='lat' dir='ltr'>audivi</span> <span class='ocrx_word' id='word_1_671' title='bbox 3684 1855 3816 1913; x_wconf 88' lang='lat' dir='ltr'>volo</span> 
     </span>
    </p>
   </div>
   <div class='ocr_carea' id='block_1_80' title="bbox 2106 1946 3814 2019">
    <p class='ocr_par' dir='ltr' id='par_1_80' title="bbox 2106 1946 3814 2019">
     <span class='ocr_line' id='line_1_80' title="bbox 2106 1946 3814 2019; baseline 0 -16"><span class='ocrx_word' id='word_1_672' title='bbox 2106 1948 2289 2019; x_wconf 90' lang='lat' dir='ltr'>loqui,</span> <span class='ocrx_word' id='word_1_673' title='bbox 2325 1948 2547 2003; x_wconf 90' lang='lat' dir='ltr'>auditui</span> <span class='ocrx_word' id='word_1_674' title='bbox 2574 1963 2699 2003; x_wconf 90' lang='lat' dir='ltr'>meo</span> <span class='ocrx_word' id='word_1_675' title='bbox 2728 1948 2827 2003; x_wconf 89' lang='lat' dir='ltr'>det</span> <span class='ocrx_word' id='word_1_676' title='bbox 2854 1946 3300 2003; x_wconf 84' lang='lat' dir='ltr'>exsultationem</span> <span class='ocrx_word' id='word_1_677' title='bbox 3355 1949 3413 2003; x_wconf 90' lang='lat' dir='ltr'>et</span> <span class='ocrx_word' id='word_1_678' title='bbox 3433 1951 3624 2003; x_wconf 88' lang='lat' dir='ltr'>vestro</span> <span class='ocrx_word' id='word_1_679' title='bbox 3675 1963 3814 2003; x_wconf 89' lang='lat' dir='ltr'>cum</span> 
     </span>
    </p>
   </div>
   <div class='ocr_carea' id='block_1_81' title="bbox 2104 2036 3813 2110">
    <p class='ocr_par' dir='ltr' id='par_1_81' title="bbox 2104 2036 3813 2110">
     <span class='ocr_line' id='line_1_81' title="bbox 2104 2036 3813 2110; baseline -0.001 -15"><span class='ocrx_word' id='word_1_680' title='bbox 2104 2037 2382 2110; x_wconf 87' lang='lat' dir='ltr'>loquor):</span> <span class='ocrx_word' id='word_1_681' title='bbox 2419 2053 2512 2094; x_wconf 89' lang='lat' dir='ltr'>res</span> <span class='ocrx_word' id='word_1_682' title='bbox 2559 2037 2711 2093; x_wconf 89' lang='lat' dir='ltr'>enim</span> <span class='ocrx_word' id='word_1_683' title='bbox 2759 2036 3051 2108; x_wconf 67' lang='lat' dir='ltr'>quaslibet,</span> <span class='ocrx_word' id='word_1_684' title='bbox 3102 2052 3343 2109; x_wconf 88' lang='lat' dir='ltr'>prorsus</span> <span class='ocrx_word' id='word_1_685' title='bbox 3391 2036 3813 2109; x_wconf 82' lang='lat' dir='ltr'>qualicumque</span> 
     </span>
    </p>
   </div>
   <div class='ocr_carea' id='block_1_82' title="bbox 2106 2126 3811 2195">
    <p class='ocr_par' dir='ltr' id='par_1_82' title="bbox 2106 2126 3811 2195">
     <span class='ocr_line' id='line_1_82' title="bbox 2106 2126 3811 2195; baseline -0.002 -10"><span class='ocrx_word' id='word_1_686' title='bbox 2106 2127 2470 2193; x_wconf 86' lang='lat' dir='ltr'>excellentia,</span> <span class='ocrx_word' id='word_1_687' title='bbox 2502 2128 2552 2183; x_wconf 88' lang='lat' dir='ltr'>si</span> <span class='ocrx_word' id='word_1_688' title='bbox 2584 2126 2885 2182; x_wconf 85' lang='lat' dir='ltr'>mutabilis</span> <span class='ocrx_word' id='word_1_689' title='bbox 2914 2130 3021 2195; x_wconf 90' lang='lat' dir='ltr'>est,</span> <span class='ocrx_word' id='word_1_690' title='bbox 3044 2143 3160 2181; x_wconf 89' lang='lat' dir='ltr'>non</span> <span class='ocrx_word' id='word_1_691' title='bbox 3190 2143 3323 2182; x_wconf 88' lang='lat' dir='ltr'>vere</span> <span class='ocrx_word' id='word_1_692' title='bbox 3343 2134 3429 2182; x_wconf 88' lang='lat' dir='ltr'>est</span> <span class='ocrx_word' id='word_1_693' title='bbox 3454 2145 3469 2194; x_wconf 86' lang='lat'><strong>;</strong></span> <span class='ocrx_word' id='word_1_694' title='bbox 3505 2143 3620 2183; x_wconf 89' lang='lat' dir='ltr'>non</span> <span class='ocrx_word' id='word_1_695' title='bbox 3650 2129 3811 2183; x_wconf 88' lang='lat' dir='ltr'>enim</span> 
     </span>
    </p>
   </div>
   <div class='ocr_carea' id='block_1_83' title="bbox 2107 2216 3811 2288">
    <p class='ocr_par' dir='ltr' id='par_1_83' title="bbox 2107 2216 3811 2288">
     <span class='ocr_line' id='line_1_83' title="bbox 2107 2216 3811 2288; baseline -0.002 -12"><span class='ocrx_word' id='word_1_696' title='bbox 2107 2222 2196 2276; x_wconf 90' lang='lat' dir='ltr'>est</span> <span class='ocrx_word' id='word_1_697' title='bbox 2216 2219 2295 2274; x_wconf 89' lang='lat' dir='ltr'>ibi</span> <span class='ocrx_word' id='word_1_698' title='bbox 2318 2234 2518 2274; x_wconf 89' lang='lat' dir='ltr'>verum</span> <span class='ocrx_word' id='word_1_699' title='bbox 2541 2233 2690 2285; x_wconf 87' lang='lat' dir='ltr'>esse,</span> <span class='ocrx_word' id='word_1_700' title='bbox 2715 2216 2815 2271; x_wconf 91' lang='lat' dir='ltr'>ubi</span> <span class='ocrx_word' id='word_1_701' title='bbox 2845 2220 2935 2272; x_wconf 89' lang='lat' dir='ltr'>est</span> <span class='ocrx_word' id='word_1_702' title='bbox 2951 2220 3008 2272; x_wconf 88' lang='lat' dir='ltr'>et</span> <span class='ocrx_word' id='word_1_703' title='bbox 3028 2231 3143 2271; x_wconf 91' lang='lat' dir='ltr'>non</span> <span class='ocrx_word' id='word_1_704' title='bbox 3160 2232 3307 2273; x_wconf 83' lang='lat' dir='ltr'>esse.</span> <span class='ocrx_word' id='word_1_705' title='bbox 3331 2216 3627 2288; x_wconf 87' lang='lat' dir='ltr'>Quidquid</span> <span class='ocrx_word' id='word_1_706' title='bbox 3651 2217 3811 2273; x_wconf 87' lang='lat' dir='ltr'>enim</span> 
     </span>
    </p>
   </div>
   <div class='ocr_carea' id='block_1_84' title="bbox 2110 2308 3815 2380">
    <p class='ocr_par' dir='ltr' id='par_1_84' title="bbox 2110 2308 3815 2380">
     <span class='ocr_line' id='line_1_84' title="bbox 2110 2308 3815 2380; baseline 0.001 -15"><span class='ocrx_word' id='word_1_707' title='bbox 2110 2308 2318 2366; x_wconf 88' lang='lat' dir='ltr'>mutari</span> <span class='ocrx_word' id='word_1_708' title='bbox 2343 2312 2551 2380; x_wconf 90' lang='lat' dir='ltr'>potest,</span> <span class='ocrx_word' id='word_1_709' title='bbox 2572 2312 2866 2364; x_wconf 87' lang='lat' dir='ltr'>mutatum</span> <span class='ocrx_word' id='word_1_710' title='bbox 2897 2323 3010 2364; x_wconf 90' lang='lat' dir='ltr'>non</span> <span class='ocrx_word' id='word_1_711' title='bbox 3032 2312 3118 2363; x_wconf 90' lang='lat' dir='ltr'>est</span> <span class='ocrx_word' id='word_1_712' title='bbox 3139 2308 3298 2379; x_wconf 88' lang='lat' dir='ltr'>quod</span> <span class='ocrx_word' id='word_1_713' title='bbox 3327 2312 3477 2365; x_wconf 86' lang='lat' dir='ltr'>erat:</span> <span class='ocrx_word' id='word_1_714' title='bbox 3502 2308 3552 2365; x_wconf 86' lang='lat' dir='ltr'>si</span> <span class='ocrx_word' id='word_1_715' title='bbox 3584 2325 3697 2366; x_wconf 89' lang='lat' dir='ltr'>non</span> <span class='ocrx_word' id='word_1_716' title='bbox 3721 2314 3815 2366; x_wconf 83' lang='lat' dir='ltr'>est</span> 
     </span>
    </p>
   </div>
   <div class='ocr_carea' id='block_1_85' title="bbox 2110 2399 3813 2474">
    <p class='ocr_par' dir='ltr' id='par_1_85' title="bbox 2110 2399 3813 2474">
     <span class='ocr_line' id='line_1_85' title="bbox 2110 2399 3813 2474; baseline -0.001 -17"><span class='ocrx_word' id='word_1_717' title='bbox 2110 2402 2262 2474; x_wconf 90' lang='lat' dir='ltr'>quod</span> <span class='ocrx_word' id='word_1_718' title='bbox 2295 2406 2437 2469; x_wconf 89' lang='lat' dir='ltr'>erat,</span> <span class='ocrx_word' id='word_1_719' title='bbox 2471 2417 2630 2457; x_wconf 86' lang='lat' dir='ltr'>more</span> <span class='ocrx_word' id='word_1_720' title='bbox 2663 2400 2930 2472; x_wconf 61' lang='lat' dir='ltr'>quaedam</span> <span class='ocrx_word' id='word_1_721' title='bbox 2971 2399 3053 2455; x_wconf 92' lang='lat' dir='ltr'>ibi</span> <span class='ocrx_word' id='word_1_722' title='bbox 3083 2400 3235 2456; x_wconf 86' lang='lat' dir='ltr'>facta</span> <span class='ocrx_word' id='word_1_723' title='bbox 3276 2405 3405 2469; x_wconf 86' lang='lat' dir='ltr'>est;</span> <span class='ocrx_word' id='word_1_724' title='bbox 3449 2406 3813 2472; x_wconf 90' lang='lat' dir='ltr'>peremptum</span> 
     </span>
    </p>
   </div>
   <div class='ocr_carea' id='block_1_86' title="bbox 2112 2489 3819 2562">
    <p class='ocr_par' dir='ltr' id='par_1_86' title="bbox 2112 2489 3819 2562">
     <span class='ocr_line' id='line_1_86' title="bbox 2112 2489 3819 2562; baseline -0.001 -15"><span class='ocrx_word' id='word_1_725' title='bbox 2112 2500 2197 2547; x_wconf 90' lang='lat' dir='ltr'>est</span> <span class='ocrx_word' id='word_1_726' title='bbox 2228 2490 2446 2562; x_wconf 88' lang='lat' dir='ltr'>aliquid</span> <span class='ocrx_word' id='word_1_727' title='bbox 2479 2490 2559 2546; x_wconf 85' lang='lat' dir='ltr'>ibi</span> <span class='ocrx_word' id='word_1_728' title='bbox 2591 2492 2746 2562; x_wconf 91' lang='lat' dir='ltr'>quod</span> <span class='ocrx_word' id='word_1_729' title='bbox 2778 2493 2919 2558; x_wconf 89' lang='lat' dir='ltr'>erat,</span> <span class='ocrx_word' id='word_1_730' title='bbox 2952 2494 3139 2546; x_wconf 88' lang='lat' dir='ltr'>etnon</span> <span class='ocrx_word' id='word_1_731' title='bbox 3173 2494 3282 2546; x_wconf 87' lang='lat' dir='ltr'>est.</span> <span class='ocrx_word' id='word_1_732' title='bbox 3315 2489 3566 2562; x_wconf 87' lang='lat' dir='ltr'>Nigredo</span> <span class='ocrx_word' id='word_1_733' title='bbox 3587 2496 3819 2546; x_wconf 87' lang='lat' dir='ltr'>mortua</span> 
     </span>
    </p>
   </div>
   <div class='ocr_carea' id='block_1_87' title="bbox 2115 2578 3821 2652">
    <p class='ocr_par' dir='ltr' id='par_1_87' title="bbox 2115 2578 3821 2652">
     <span class='ocr_line' id='line_1_87' title="bbox 2115 2578 3821 2652; baseline 0 -16"><span class='ocrx_word' id='word_1_734' title='bbox 2115 2585 2203 2637; x_wconf 90' lang='lat' dir='ltr'>est</span> <span class='ocrx_word' id='word_1_735' title='bbox 2231 2581 2291 2636; x_wconf 90' lang='lat' dir='ltr'>in</span> <span class='ocrx_word' id='word_1_736' title='bbox 2322 2580 2507 2652; x_wconf 89' lang='lat' dir='ltr'>capite</span> <span class='ocrx_word' id='word_1_737' title='bbox 2522 2579 2866 2636; x_wconf 86' lang='lat' dir='ltr'>albescentis</span> <span class='ocrx_word' id='word_1_738' title='bbox 2881 2580 3053 2646; x_wconf 90' lang='lat' dir='ltr'>senis,</span> <span class='ocrx_word' id='word_1_739' title='bbox 3086 2578 3458 2652; x_wconf 90' lang='lat' dir='ltr'>pulchritudo</span> <span class='ocrx_word' id='word_1_740' title='bbox 3480 2584 3709 2637; x_wconf 89' lang='lat' dir='ltr'>mortua</span> <span class='ocrx_word' id='word_1_741' title='bbox 3729 2586 3821 2636; x_wconf 86' lang='lat' dir='ltr'>est</span> 
     </span>
    </p>
   </div>
   <div class='ocr_carea' id='block_1_88' title="bbox 2115 2670 3825 2743">
    <p class='ocr_par' dir='ltr' id='par_1_88' title="bbox 2115 2670 3825 2743">
     <span class='ocr_line' id='line_1_88' title="bbox 2115 2670 3825 2743; baseline 0.001 -17"><span class='ocrx_word' id='word_1_742' title='bbox 2115 2671 2173 2726; x_wconf 92' lang='lat' dir='ltr'>in</span> <span class='ocrx_word' id='word_1_743' title='bbox 2216 2688 2452 2743; x_wconf 91' lang='lat' dir='ltr'>corpore</span> <span class='ocrx_word' id='word_1_744' title='bbox 2483 2671 2619 2727; x_wconf 82' lang='lat' dir='ltr'>fessi</span> <span class='ocrx_word' id='word_1_745' title='bbox 2649 2673 2706 2726; x_wconf 89' lang='lat' dir='ltr'>et</span> <span class='ocrx_word' id='word_1_746' title='bbox 2735 2670 2960 2725; x_wconf 91' lang='lat' dir='ltr'>incurvi</span> <span class='ocrx_word' id='word_1_747' title='bbox 2983 2672 3409 2738; x_wconf 78' lang='lat' dir='ltr'>senis,mortuaa</span> <span class='ocrx_word' id='word_1_748' title='bbox 3428 2678 3567 2727; x_wconf 90' lang='lat' dir='ltr'>sunt</span> <span class='ocrx_word' id='word_1_749' title='bbox 3587 2672 3739 2728; x_wconf 87' lang='lat' dir='ltr'>vires</span> <span class='ocrx_word' id='word_1_750' title='bbox 3759 2672 3825 2728; x_wconf 87' lang='lat' dir='ltr'>in</span> 
     </span>
    </p>
   </div>
   <div class='ocr_carea' id='block_1_89' title="bbox 2119 2759 3827 2833">
    <p class='ocr_par' dir='ltr' id='par_1_89' title="bbox 2119 2759 3827 2833">
     <span class='ocr_line' id='line_1_89' title="bbox 2119 2759 3827 2833; baseline -0.001 -16"><span class='ocrx_word' id='word_1_751' title='bbox 2119 2761 2964 2833; x_wconf 81' lang='lat' dir='ltr'>corporelanguentis,mortua</span> <span class='ocrx_word' id='word_1_752' title='bbox 2992 2766 3083 2816; x_wconf 91' lang='lat' dir='ltr'>est</span> <span class='ocrx_word' id='word_1_753' title='bbox 3120 2761 3292 2816; x_wconf 84' lang='lat' dir='ltr'>statio</span> <span class='ocrx_word' id='word_1_754' title='bbox 3321 2759 3381 2815; x_wconf 90' lang='lat' dir='ltr'>in</span> <span class='ocrx_word' id='word_1_755' title='bbox 3423 2777 3661 2832; x_wconf 89' lang='lat' dir='ltr'>corpore</span> <span class='ocrx_word' id='word_1_756' title='bbox 3689 2777 3827 2817; x_wconf 86' lang='lat' dir='ltr'>am-</span> 
     </span>
    </p>
   </div>
   <div class='ocr_carea' id='block_1_90' title="bbox 2122 2850 3827 2924">
    <p class='ocr_par' dir='ltr' id='par_1_90' title="bbox 2122 2850 3827 2924">
     <span class='ocr_line' id='line_1_90' title="bbox 2122 2850 3827 2924; baseline -0.001 -14"><span class='ocrx_word' id='word_1_757' title='bbox 2122 2851 2402 2920; x_wconf 88' lang='lat' dir='ltr'>bulantis,</span> <span class='ocrx_word' id='word_1_758' title='bbox 2437 2854 2667 2907; x_wconf 89' lang='lat' dir='ltr'>mortua</span> <span class='ocrx_word' id='word_1_759' title='bbox 2696 2856 2785 2907; x_wconf 89' lang='lat' dir='ltr'>est</span> <span class='ocrx_word' id='word_1_760' title='bbox 2840 2850 3159 2908; x_wconf 88' lang='lat' dir='ltr'>ambulatio</span> <span class='ocrx_word' id='word_1_761' title='bbox 3205 2850 3265 2907; x_wconf 89' lang='lat' dir='ltr'>in</span> <span class='ocrx_word' id='word_1_762' title='bbox 3314 2866 3549 2924; x_wconf 90' lang='lat' dir='ltr'>corpore</span> <span class='ocrx_word' id='word_1_763' title='bbox 3587 2853 3827 2919; x_wconf 87' lang='lat' dir='ltr'>stantis,</span> 
     </span>
    </p>
   </div>
   <div class='ocr_carea' id='block_1_91' title="bbox 2124 2939 3827 3015">
    <p class='ocr_par' dir='ltr' id='par_1_91' title="bbox 2124 2939 3827 3015">
     <span class='ocr_line' id='line_1_91' title="bbox 2124 2939 3827 3015; baseline -0.002 -16"><span class='ocrx_word' id='word_1_764' title='bbox 2124 2948 2355 3000; x_wconf 89' lang='lat' dir='ltr'>mortuo</span> <span class='ocrx_word' id='word_1_765' title='bbox 2387 2946 2475 2997; x_wconf 86' lang='lat' dir='ltr'>est</span> <span class='ocrx_word' id='word_1_766' title='bbox 2503 2939 2824 2997; x_wconf 89' lang='lat' dir='ltr'>ambulatio</span> <span class='ocrx_word' id='word_1_767' title='bbox 2853 2945 2910 2996; x_wconf 90' lang='lat' dir='ltr'>et</span> <span class='ocrx_word' id='word_1_768' title='bbox 2939 2940 3113 2997; x_wconf 87' lang='lat' dir='ltr'>statio</span> <span class='ocrx_word' id='word_1_769' title='bbox 3162 2940 3221 2997; x_wconf 93' lang='lat' dir='ltr'>in</span> <span class='ocrx_word' id='word_1_770' title='bbox 3271 2957 3507 3015; x_wconf 86' lang='lat' dir='ltr'>corpore</span> <span class='ocrx_word' id='word_1_771' title='bbox 3544 2942 3827 3012; x_wconf 86' lang='lat' dir='ltr'>jacentis,</span> 
     </span>
    </p>
   </div>
   <div class='ocr_carea' id='block_1_92' title="bbox 2127 3029 3833 3104">
    <p class='ocr_par' dir='ltr' id='par_1_92' title="bbox 2127 3029 3833 3104">
     <span class='ocr_line' id='line_1_92' title="bbox 2127 3029 3833 3104; baseline -0.001 -15"><span class='ocrx_word' id='word_1_772' title='bbox 2127 3036 2357 3089; x_wconf 90' lang='lat' dir='ltr'>mortua</span> <span class='ocrx_word' id='word_1_773' title='bbox 2387 3037 2475 3088; x_wconf 92' lang='lat' dir='ltr'>est</span> <span class='ocrx_word' id='word_1_774' title='bbox 2503 3030 2717 3088; x_wconf 90' lang='lat' dir='ltr'>locutio</span> <span class='ocrx_word' id='word_1_775' title='bbox 2747 3029 2806 3086; x_wconf 92' lang='lat' dir='ltr'>in</span> <span class='ocrx_word' id='word_1_776' title='bbox 2836 3029 3042 3102; x_wconf 83' lang='lat' dir='ltr'>lingua</span> <span class='ocrx_word' id='word_1_777' title='bbox 3070 3032 3314 3088; x_wconf 88' lang='lat' dir='ltr'>tacentis</span> <span class='ocrx_word' id='word_1_778' title='bbox 3341 3047 3354 3085; x_wconf 93' lang='lat'>:</span> <span class='ocrx_word' id='word_1_779' title='bbox 3387 3031 3668 3104; x_wconf 89' lang='lat' dir='ltr'>quidquid</span> <span class='ocrx_word' id='word_1_780' title='bbox 3694 3047 3833 3087; x_wconf 85' lang='lat' dir='ltr'>mu-</span> 
     </span>
    </p>
   </div>
   <div class='ocr_carea' id='block_1_93' title="bbox 2126 3120 3834 3193">
    <p class='ocr_par' dir='ltr' id='par_1_93' title="bbox 2126 3120 3834 3193">
     <span class='ocr_line' id='line_1_93' title="bbox 2126 3120 3834 3193; baseline -0.002 -13"><span class='ocrx_word' id='word_1_781' title='bbox 2126 3128 2285 3180; x_wconf 84' lang='lat' dir='ltr'>tatur</span> <span class='ocrx_word' id='word_1_782' title='bbox 2313 3126 2369 3179; x_wconf 91' lang='lat' dir='ltr'>et</span> <span class='ocrx_word' id='word_1_783' title='bbox 2397 3126 2486 3179; x_wconf 89' lang='lat' dir='ltr'>est</span> <span class='ocrx_word' id='word_1_784' title='bbox 2515 3121 2666 3193; x_wconf 88' lang='lat' dir='ltr'>quod</span> <span class='ocrx_word' id='word_1_785' title='bbox 2691 3136 2807 3175; x_wconf 90' lang='lat' dir='ltr'>non</span> <span class='ocrx_word' id='word_1_786' title='bbox 2837 3124 2977 3191; x_wconf 87' lang='lat' dir='ltr'>erat,</span> <span class='ocrx_word' id='word_1_787' title='bbox 3000 3120 3167 3176; x_wconf 92' lang='lat' dir='ltr'>video</span> <span class='ocrx_word' id='word_1_788' title='bbox 3197 3120 3277 3176; x_wconf 90' lang='lat' dir='ltr'>ibi</span> <span class='ocrx_word' id='word_1_789' title='bbox 3296 3121 3615 3193; x_wconf 80' lang='lat' dir='ltr'>quamdam</span> <span class='ocrx_word' id='word_1_790' title='bbox 3651 3122 3834 3178; x_wconf 88' lang='lat' dir='ltr'>vitam</span> 
     </span>
    </p>
   </div>
   <div class='ocr_carea' id='block_1_94' title="bbox 2127 3209 3839 3285">
    <p class='ocr_par' dir='ltr' id='par_1_94' title="bbox 2127 3209 3839 3285">
     <span class='ocr_line' id='line_1_94' title="bbox 2127 3209 3839 3285; baseline -0.001 -16"><span class='ocrx_word' id='word_1_791' title='bbox 2127 3214 2189 3269; x_wconf 91' lang='lat' dir='ltr'>in</span> <span class='ocrx_word' id='word_1_792' title='bbox 2220 3230 2284 3271; x_wconf 91' lang='lat' dir='ltr'>eo</span> <span class='ocrx_word' id='word_1_793' title='bbox 2317 3212 2469 3285; x_wconf 92' lang='lat' dir='ltr'>quod</span> <span class='ocrx_word' id='word_1_794' title='bbox 2493 3216 2603 3277; x_wconf 79' lang='lat' dir='ltr'>est,</span> <span class='ocrx_word' id='word_1_795' title='bbox 2635 3216 2693 3268; x_wconf 90' lang='lat' dir='ltr'>et</span> <span class='ocrx_word' id='word_1_796' title='bbox 2718 3217 2957 3265; x_wconf 89' lang='lat' dir='ltr'>mortem</span> <span class='ocrx_word' id='word_1_797' title='bbox 2997 3209 3055 3266; x_wconf 92' lang='lat' dir='ltr'>in</span> <span class='ocrx_word' id='word_1_798' title='bbox 3079 3228 3145 3267; x_wconf 92' lang='lat' dir='ltr'>eo</span> <span class='ocrx_word' id='word_1_799' title='bbox 3179 3211 3333 3283; x_wconf 90' lang='lat' dir='ltr'>quod</span> <span class='ocrx_word' id='word_1_800' title='bbox 3387 3211 3515 3267; x_wconf 89' lang='lat' dir='ltr'>fuit.</span> <span class='ocrx_word' id='word_1_801' title='bbox 3575 3212 3839 3284; x_wconf 84' lang='lat' dir='ltr'>Denique</span> 
     </span>
    </p>
   </div>
   <div class='ocr_carea' id='block_1_95' title="bbox 2131 3300 3841 3376">
    <p class='ocr_par' dir='ltr' id='par_1_95' title="bbox 2131 3300 3841 3376">
     <span class='ocr_line' id='line_1_95' title="bbox 2131 3300 3841 3376; baseline -0.001 -16"><span class='ocrx_word' id='word_1_802' title='bbox 2131 3306 2201 3360; x_wconf 91' lang='lat' dir='ltr'>de</span> <span class='ocrx_word' id='word_1_803' title='bbox 2233 3308 2460 3360; x_wconf 85' lang='lat' dir='ltr'>mortuo</span> <span class='ocrx_word' id='word_1_804' title='bbox 2491 3318 2623 3358; x_wconf 89' lang='lat' dir='ltr'>cum</span> <span class='ocrx_word' id='word_1_805' title='bbox 2655 3300 2889 3367; x_wconf 87' lang='lat' dir='ltr'>dicitur,</span> <span class='ocrx_word' id='word_1_806' title='bbox 2913 3300 3021 3359; x_wconf 89' lang='lat' dir='ltr'>Ubi</span> <span class='ocrx_word' id='word_1_807' title='bbox 3049 3307 3139 3357; x_wconf 88' lang='lat' dir='ltr'>est</span> <span class='ocrx_word' id='word_1_808' title='bbox 3157 3301 3329 3357; x_wconf 89' lang='lat' dir='ltr'>homo</span> <span class='ocrx_word' id='word_1_809' title='bbox 3351 3301 3449 3359; x_wconf 91' lang='lat' dir='ltr'>ille</span> <span class='ocrx_word' id='word_1_810' title='bbox 3474 3304 3503 3357; x_wconf 89' lang='lat'><strong>?</strong></span> <span class='ocrx_word' id='word_1_811' title='bbox 3522 3304 3841 3376; x_wconf 84' lang='lat' dir='ltr'>responde-</span> 
     </span>
    </p>
   </div>
   <div class='ocr_carea' id='block_1_96' title="bbox 2131 3391 3841 3464">
    <p class='ocr_par' dir='ltr' id='par_1_96' title="bbox 2131 3391 3841 3464">
     <span class='ocr_line' id='line_1_96' title="bbox 2131 3391 3841 3464; baseline -0.001 -13"><span class='ocrx_word' id='word_1_812' title='bbox 2131 3398 2247 3455; x_wconf 91' lang='lat' dir='ltr'>tur.</span> <span class='ocrx_word' id='word_1_813' title='bbox 2281 3393 2431 3450; x_wconf 89' lang='lat' dir='ltr'>Fuit.</span> <span class='ocrx_word' id='word_1_814' title='bbox 2472 3395 2517 3448; x_wconf 92' lang='grc' dir='ltr'><strong>Ο</strong></span> <span class='ocrx_word' id='word_1_815' title='bbox 2557 3391 2766 3448; x_wconf 86' lang='lat' dir='ltr'>veritas</span> <span class='ocrx_word' id='word_1_816' title='bbox 2787 3407 2914 3464; x_wconf 79' lang='lat' dir='ltr'>quae</span> <span class='ocrx_word' id='word_1_817' title='bbox 2944 3407 3075 3447; x_wconf 90' lang='lat' dir='ltr'>vere</span> <span class='ocrx_word' id='word_1_818' title='bbox 3105 3391 3203 3448; x_wconf 84' lang='lat' dir='ltr'>es!</span> <span class='ocrx_word' id='word_1_819' title='bbox 3251 3391 3394 3449; x_wconf 85' lang='lat' dir='ltr'>Nam</span> <span class='ocrx_word' id='word_1_820' title='bbox 3446 3392 3507 3448; x_wconf 90' lang='lat' dir='ltr'>in</span> <span class='ocrx_word' id='word_1_821' title='bbox 3560 3394 3841 3450; x_wconf 86' lang='lat' dir='ltr'>omnibus</span> 
     </span>
    </p>
   </div>
   <div class='ocr_carea' id='block_1_97' title="bbox 2130 3480 3841 3554">
    <p class='ocr_par' dir='ltr' id='par_1_97' title="bbox 2130 3480 3841 3554">
     <span class='ocr_line' id='line_1_97' title="bbox 2130 3480 3841 3554; baseline -0.001 -14"><span class='ocrx_word' id='word_1_822' title='bbox 2130 3481 2455 3540; x_wconf 89' lang='lat' dir='ltr'>actionibus</span> <span class='ocrx_word' id='word_1_823' title='bbox 2476 3485 2533 3537; x_wconf 89' lang='lat' dir='ltr'>et</span> <span class='ocrx_word' id='word_1_824' title='bbox 2564 3481 2817 3537; x_wconf 90' lang='lat' dir='ltr'>motibus</span> <span class='ocrx_word' id='word_1_825' title='bbox 2850 3480 3087 3551; x_wconf 86' lang='lat' dir='ltr'>nostris,</span> <span class='ocrx_word' id='word_1_826' title='bbox 3109 3484 3165 3537; x_wconf 92' lang='lat' dir='ltr'>et</span> <span class='ocrx_word' id='word_1_827' title='bbox 3186 3481 3244 3535; x_wconf 93' lang='lat' dir='ltr'>in</span> <span class='ocrx_word' id='word_1_828' title='bbox 3270 3481 3428 3537; x_wconf 89' lang='lat' dir='ltr'>omni</span> <span class='ocrx_word' id='word_1_829' title='bbox 3453 3498 3690 3554; x_wconf 88' lang='lat' dir='ltr'>prorsus</span> <span class='ocrx_word' id='word_1_830' title='bbox 3716 3484 3841 3553; x_wconf 85' lang='lat' dir='ltr'>agi-</span> 
     </span>
    </p>
   </div>
   <div class='ocr_carea' id='block_1_98' title="bbox 2132 3571 3843 3644">
    <p class='ocr_par' dir='ltr' id='par_1_98' title="bbox 2132 3571 3843 3644">
     <span class='ocr_line' id='line_1_98' title="bbox 2132 3571 3843 3644; baseline -0.001 -15"><span class='ocrx_word' id='word_1_831' title='bbox 2132 3573 2346 3631; x_wconf 87' lang='lat' dir='ltr'>tatione</span> <span class='ocrx_word' id='word_1_832' title='bbox 2372 3576 2647 3629; x_wconf 62' lang='lat' dir='ltr'>creatura:</span> <span class='ocrx_word' id='word_1_833' title='bbox 2678 3572 2797 3628; x_wconf 91' lang='lat' dir='ltr'>duo</span> <span class='ocrx_word' id='word_1_834' title='bbox 2828 3575 3095 3642; x_wconf 83' lang='lat' dir='ltr'>tempore</span> <span class='ocrx_word' id='word_1_835' title='bbox 3123 3571 3377 3639; x_wconf 87' lang='lat' dir='ltr'>invenio,</span> <span class='ocrx_word' id='word_1_836' title='bbox 3398 3572 3758 3644; x_wconf 65' lang='lat' dir='ltr'>praeteritum</span> <span class='ocrx_word' id='word_1_837' title='bbox 3782 3579 3843 3629; x_wconf 88' lang='lat' dir='ltr'>et</span> 
     </span>
    </p>
   </div>
   <div class='ocr_carea' id='block_1_99' title="bbox 2130 3661 3838 3736">
    <p class='ocr_par' dir='ltr' id='par_1_99' title="bbox 2130 3661 3838 3736">
     <span class='ocr_line' id='line_1_99' title="bbox 2130 3661 3838 3736; baseline -0.001 -14"><span class='ocrx_word' id='word_1_838' title='bbox 2130 3667 2410 3722; x_wconf 88' lang='lat' dir='ltr'>futurum.</span> <span class='ocrx_word' id='word_1_839' title='bbox 2445 3666 2705 3721; x_wconf 63' lang='lat' dir='ltr'>Praesens</span> <span class='ocrx_word' id='word_1_840' title='bbox 2738 3680 2951 3736; x_wconf 71' lang='lat' dir='ltr'>quaero,</span> <span class='ocrx_word' id='word_1_841' title='bbox 2986 3661 3132 3719; x_wconf 90' lang='lat' dir='ltr'>nihil</span> <span class='ocrx_word' id='word_1_842' title='bbox 3163 3667 3277 3719; x_wconf 87' lang='lat' dir='ltr'>stat</span> <span class='ocrx_word' id='word_1_843' title='bbox 3309 3680 3323 3719; x_wconf 89' lang='lat'><strong>:</strong></span> <span class='ocrx_word' id='word_1_844' title='bbox 3356 3662 3511 3736; x_wconf 90' lang='lat' dir='ltr'>quod</span> <span class='ocrx_word' id='word_1_845' title='bbox 3541 3663 3680 3731; x_wconf 89' lang='lat' dir='ltr'>dixi,</span> <span class='ocrx_word' id='word_1_846' title='bbox 3707 3666 3838 3736; x_wconf 87' lang='lat' dir='ltr'>jam</span> 
     </span>
    </p>
   </div>
   <div class='ocr_carea' id='block_1_100' title="bbox 2130 3753 3834 3826">
    <p class='ocr_par' dir='ltr' id='par_1_100' title="bbox 2130 3753 3834 3826">
     <span class='ocr_line' id='line_1_100' title="bbox 2130 3753 3834 3826; baseline -0.001 -14"><span class='ocrx_word' id='word_1_847' title='bbox 2130 3774 2244 3812; x_wconf 89' lang='lat' dir='ltr'>non</span> <span class='ocrx_word' id='word_1_848' title='bbox 2275 3760 2392 3824; x_wconf 90' lang='lat' dir='ltr'>est;</span> <span class='ocrx_word' id='word_1_849' title='bbox 2422 3756 2574 3826; x_wconf 92' lang='lat' dir='ltr'>quod</span> <span class='ocrx_word' id='word_1_850' title='bbox 2607 3755 2874 3810; x_wconf 89' lang='lat' dir='ltr'>dicturus</span> <span class='ocrx_word' id='word_1_851' title='bbox 2905 3769 3061 3823; x_wconf 88' lang='lat' dir='ltr'>sum,</span> <span class='ocrx_word' id='word_1_852' title='bbox 3083 3753 3347 3809; x_wconf 91' lang='lat' dir='ltr'>nondum</span> <span class='ocrx_word' id='word_1_853' title='bbox 3379 3758 3501 3809; x_wconf 90' lang='lat' dir='ltr'>est:</span> <span class='ocrx_word' id='word_1_854' title='bbox 3536 3754 3694 3825; x_wconf 92' lang='lat' dir='ltr'>quod</span> <span class='ocrx_word' id='word_1_855' title='bbox 3724 3755 3834 3810; x_wconf 83' lang='lat' dir='ltr'>feci</span> 
     </span>
    </p>
   </div>
   <div class='ocr_carea' id='block_1_101' title="bbox 2122 3845 3837 3921">
    <p class='ocr_par' dir='ltr' id='par_1_101' title="bbox 2122 3845 3837 3921">
     <span class='ocr_line' id='line_1_101' title="bbox 2122 3845 3837 3921; baseline -0.002 -16"><span class='ocrx_word' id='word_1_856' title='bbox 2122 3851 2245 3921; x_wconf 89' lang='lat' dir='ltr'>jam</span> <span class='ocrx_word' id='word_1_857' title='bbox 2280 3864 2394 3904; x_wconf 92' lang='lat' dir='ltr'>non</span> <span class='ocrx_word' id='word_1_858' title='bbox 2426 3852 2550 3913; x_wconf 84' lang='lat' dir='ltr'>est;</span> <span class='ocrx_word' id='word_1_859' title='bbox 2584 3846 2737 3916; x_wconf 89' lang='lat' dir='ltr'>quod</span> <span class='ocrx_word' id='word_1_860' title='bbox 2769 3845 3027 3901; x_wconf 82' lang='lat' dir='ltr'>facturus</span> <span class='ocrx_word' id='word_1_861' title='bbox 3056 3860 3212 3911; x_wconf 88' lang='lat' dir='ltr'>sum,</span> <span class='ocrx_word' id='word_1_862' title='bbox 3234 3845 3495 3901; x_wconf 90' lang='lat' dir='ltr'>nondum</span> <span class='ocrx_word' id='word_1_863' title='bbox 3527 3848 3610 3901; x_wconf 89' lang='lat' dir='ltr'>est</span> <span class='ocrx_word' id='word_1_864' title='bbox 3641 3845 3837 3917; x_wconf 87' lang='lat' dir='ltr'>:quod</span> 
     </span>
    </p>
   </div>
   <div class='ocr_carea' id='block_1_102' title="bbox 2126 3935 3831 4010">
    <p class='ocr_par' dir='ltr' id='par_1_102' title="bbox 2126 3935 3831 4010">
     <span class='ocr_line' id='line_1_102' title="bbox 2126 3935 3831 4010; baseline -0.002 -15"><span class='ocrx_word' id='word_1_865' title='bbox 2126 3940 2263 4007; x_wconf 88' lang='lat' dir='ltr'>vixi,</span> <span class='ocrx_word' id='word_1_866' title='bbox 2288 3940 2412 4010; x_wconf 89' lang='lat' dir='ltr'>jam</span> <span class='ocrx_word' id='word_1_867' title='bbox 2447 3953 2561 3993; x_wconf 92' lang='lat' dir='ltr'>non</span> <span class='ocrx_word' id='word_1_868' title='bbox 2594 3939 2681 3992; x_wconf 86' lang='lat' dir='ltr'>est</span> <span class='ocrx_word' id='word_1_869' title='bbox 2709 3950 2723 4002; x_wconf 91' lang='lat'><strong>;</strong></span> <span class='ocrx_word' id='word_1_870' title='bbox 2756 3936 2908 4006; x_wconf 84' lang='lat' dir='ltr'>quod</span> <span class='ocrx_word' id='word_1_871' title='bbox 2932 3935 3197 3991; x_wconf 88' lang='lat' dir='ltr'>victurus</span> <span class='ocrx_word' id='word_1_872' title='bbox 3227 3950 3381 4005; x_wconf 81' lang='lat' dir='ltr'>sum,</span> <span class='ocrx_word' id='word_1_873' title='bbox 3424 3935 3685 3991; x_wconf 86' lang='lat' dir='ltr'>nondum</span> <span class='ocrx_word' id='word_1_874' title='bbox 3717 3943 3831 3992; x_wconf 88' lang='lat' dir='ltr'>est.</span> 
     </span>
    </p>
   </div>
   <div class='ocr_carea' id='block_1_103' title="bbox 2129 4026 3829 4087">
    <p class='ocr_par' dir='ltr' id='par_1_103' title="bbox 2129 4026 3829 4087">
     <span class='ocr_line' id='line_1_103' title="bbox 2129 4026 3829 4087; baseline -0.002 -2"><span class='ocrx_word' id='word_1_875' title='bbox 2129 4029 2488 4087; x_wconf 82' lang='lat' dir='ltr'>Praeteritum</span> <span class='ocrx_word' id='word_1_876' title='bbox 2504 4033 2562 4084; x_wconf 88' lang='lat' dir='ltr'>et</span> <span class='ocrx_word' id='word_1_877' title='bbox 2581 4028 2843 4082; x_wconf 85' lang='lat' dir='ltr'>futurum</span> <span class='ocrx_word' id='word_1_878' title='bbox 2866 4026 3098 4082; x_wconf 90' lang='lat' dir='ltr'>invenio</span> <span class='ocrx_word' id='word_1_879' title='bbox 3130 4026 3189 4080; x_wconf 91' lang='lat' dir='ltr'>in</span> <span class='ocrx_word' id='word_1_880' title='bbox 3214 4026 3374 4081; x_wconf 89' lang='lat' dir='ltr'>omni</span> <span class='ocrx_word' id='word_1_881' title='bbox 3412 4030 3567 4081; x_wconf 88' lang='lat' dir='ltr'>motu</span> <span class='ocrx_word' id='word_1_882' title='bbox 3599 4040 3829 4081; x_wconf 89' lang='lat' dir='ltr'>rerum:</span> 
     </span>
    </p>
   </div>
   <div class='ocr_carea' id='block_1_104' title="bbox 2126 4115 3832 4189">
    <p class='ocr_par' dir='ltr' id='par_1_104' title="bbox 2126 4115 3832 4189">
     <span class='ocr_line' id='line_1_104' title="bbox 2126 4115 3832 4189; baseline -0.001 -16"><span class='ocrx_word' id='word_1_883' title='bbox 2126 4119 2185 4173; x_wconf 91' lang='lat' dir='ltr'>in</span> <span class='ocrx_word' id='word_1_884' title='bbox 2218 4117 2453 4174; x_wconf 89' lang='lat' dir='ltr'>veritate</span> <span class='ocrx_word' id='word_1_885' title='bbox 2482 4133 2609 4189; x_wconf 79' lang='lat' dir='ltr'>quae</span> <span class='ocrx_word' id='word_1_886' title='bbox 2643 4120 2860 4180; x_wconf 87' lang='lat' dir='ltr'>manet,</span> <span class='ocrx_word' id='word_1_887' title='bbox 2895 4115 3253 4187; x_wconf 66' lang='lat' dir='ltr'>praeteritum</span> <span class='ocrx_word' id='word_1_888' title='bbox 3279 4119 3337 4170; x_wconf 89' lang='lat' dir='ltr'>et</span> <span class='ocrx_word' id='word_1_889' title='bbox 3386 4115 3650 4170; x_wconf 90' lang='lat' dir='ltr'>futurum</span> <span class='ocrx_word' id='word_1_890' title='bbox 3710 4131 3832 4172; x_wconf 90' lang='lat' dir='ltr'>non</span> 
     </span>
    </p>
   </div>
   <div class='ocr_carea' id='block_1_105' title="bbox 2118 4202 3832 4277">
    <p class='ocr_par' dir='ltr' id='par_1_105' title="bbox 2118 4202 3832 4277">
     <span class='ocr_line' id='line_1_105' title="bbox 2118 4202 3832 4277; baseline -0.002 -13"><span class='ocrx_word' id='word_1_891' title='bbox 2118 4208 2371 4277; x_wconf 89' lang='lat' dir='ltr'>invenio,</span> <span class='ocrx_word' id='word_1_892' title='bbox 2404 4207 2505 4263; x_wconf 87' lang='lat' dir='ltr'>sed</span> <span class='ocrx_word' id='word_1_893' title='bbox 2537 4206 2729 4262; x_wconf 91' lang='lat' dir='ltr'>solum</span> <span class='ocrx_word' id='word_1_894' title='bbox 2762 4220 3038 4277; x_wconf 71' lang='lat' dir='ltr'>praesens,</span> <span class='ocrx_word' id='word_1_895' title='bbox 3070 4212 3123 4259; x_wconf 89' lang='lat' dir='ltr'>et</span> <span class='ocrx_word' id='word_1_896' title='bbox 3154 4202 3263 4261; x_wconf 88' lang='lat' dir='ltr'>hoc</span> <span class='ocrx_word' id='word_1_897' title='bbox 3289 4204 3832 4275; x_wconf 89' lang='lat' dir='ltr'>incorruptibiliter,</span> 
     </span>
    </p>
   </div>
   <div class='ocr_carea' id='block_1_106' title="bbox 2119 4294 3832 4371">
    <p class='ocr_par' dir='ltr' id='par_1_106' title="bbox 2119 4294 3832 4371">
     <span class='ocr_line' id='line_1_106' title="bbox 2119 4294 3832 4371; baseline -0.003 -16"><span class='ocrx_word' id='word_1_898' title='bbox 2119 4297 2353 4371; x_wconf 89' lang='lat' dir='ltr'>quodin</span> <span class='ocrx_word' id='word_1_899' title='bbox 2386 4301 2650 4352; x_wconf 89' lang='lat' dir='ltr'>creatura</span> <span class='ocrx_word' id='word_1_900' title='bbox 2682 4312 2795 4351; x_wconf 90' lang='lat' dir='ltr'>non</span> <span class='ocrx_word' id='word_1_901' title='bbox 2825 4299 2932 4352; x_wconf 87' lang='lat' dir='ltr'>est.</span> <span class='ocrx_word' id='word_1_902' title='bbox 2958 4294 3191 4350; x_wconf 91' lang='lat' dir='ltr'>Discute</span> <span class='ocrx_word' id='word_1_903' title='bbox 3223 4309 3416 4350; x_wconf 90' lang='lat' dir='ltr'>rerum</span> <span class='ocrx_word' id='word_1_904' title='bbox 3442 4295 3832 4365; x_wconf 86' lang='lat' dir='ltr'>mutationes,</span> 
     </span>
    </p>
   </div>
   <div class='ocr_carea' id='block_1_107' title="bbox 2119 4383 3835 4452">
    <p class='ocr_par' dir='ltr' id='par_1_107' title="bbox 2119 4383 3835 4452">
     <span class='ocr_line' id='line_1_107' title="bbox 2119 4383 3835 4452; baseline -0.002 -8"><span class='ocrx_word' id='word_1_905' title='bbox 2119 4388 2379 4444; x_wconf 89' lang='lat' dir='ltr'>invenies</span> <span class='ocrx_word' id='word_1_906' title='bbox 2410 4386 2539 4443; x_wconf 90' lang='lat' dir='ltr'>Fuit</span> <span class='ocrx_word' id='word_1_907' title='bbox 2569 4390 2625 4441; x_wconf 93' lang='lat' dir='ltr'>et</span> <span class='ocrx_word' id='word_1_908' title='bbox 2654 4384 2812 4441; x_wconf 86' lang='lat' dir='ltr'>Erit:</span> <span class='ocrx_word' id='word_1_909' title='bbox 2850 4384 3037 4450; x_wconf 74' lang='lat' dir='ltr'>cogita</span> <span class='ocrx_word' id='word_1_910' title='bbox 3066 4385 3268 4451; x_wconf 89' lang='lat' dir='ltr'>Deum,</span> <span class='ocrx_word' id='word_1_911' title='bbox 3295 4383 3554 4439; x_wconf 87' lang='lat' dir='ltr'>invenies</span> <span class='ocrx_word' id='word_1_912' title='bbox 3578 4385 3696 4452; x_wconf 84' lang='lat' dir='ltr'>Est,</span> <span class='ocrx_word' id='word_1_913' title='bbox 3730 4386 3835 4441; x_wconf 90' lang='lat' dir='ltr'>ubi</span> 
     </span>
    </p>
   </div>
   <div class='ocr_carea' id='block_1_108' title="bbox 2120 4473 3837 4547">
    <p class='ocr_par' dir='ltr' id='par_1_108' title="bbox 2120 4473 3837 4547">
     <span class='ocr_line' id='line_1_108' title="bbox 2120 4473 3837 4547; baseline -0.002 -14"><span class='ocrx_word' id='word_1_914' title='bbox 2120 4478 2249 4534; x_wconf 88' lang='lat' dir='ltr'>Fuit</span> <span class='ocrx_word' id='word_1_915' title='bbox 2270 4483 2325 4533; x_wconf 90' lang='lat' dir='ltr'>et</span> <span class='ocrx_word' id='word_1_916' title='bbox 2356 4476 2473 4532; x_wconf 90' lang='lat' dir='ltr'>Erit</span> <span class='ocrx_word' id='word_1_917' title='bbox 2494 4493 2622 4533; x_wconf 88' lang='lat' dir='ltr'>esse</span> <span class='ocrx_word' id='word_1_918' title='bbox 2653 4492 2769 4532; x_wconf 90' lang='lat' dir='ltr'>non</span> <span class='ocrx_word' id='word_1_919' title='bbox 2828 4474 3031 4547; x_wconf 89' lang='lat' dir='ltr'>possit.</span> <span class='ocrx_word' id='word_1_920' title='bbox 3065 4473 3136 4530; x_wconf 90' lang='lat' dir='ltr'>Ut</span> <span class='ocrx_word' id='word_1_921' title='bbox 3165 4489 3301 4545; x_wconf 86' lang='lat' dir='ltr'>ergo</span> <span class='ocrx_word' id='word_1_922' title='bbox 3322 4479 3380 4530; x_wconf 89' lang='lat' dir='ltr'>et</span> <span class='ocrx_word' id='word_1_923' title='bbox 3410 4481 3468 4529; x_wconf 88' lang='lat' dir='ltr'>tu</span> <span class='ocrx_word' id='word_1_924' title='bbox 3511 4475 3615 4540; x_wconf 89' lang='lat' dir='ltr'>sis,</span> <span class='ocrx_word' id='word_1_925' title='bbox 3670 4479 3837 4531; x_wconf 89' lang='lat' dir='ltr'>tran-</span> 
     </span>
    </p>
   </div>
   <div class='ocr_carea' id='block_1_109' title="bbox 2120 4562 3840 4637">
    <p class='ocr_par' dir='ltr' id='par_1_109' title="bbox 2120 4562 3840 4637">
     <span class='ocr_line' id='line_1_109' title="bbox 2120 4562 3840 4637; baseline -0.002 -15"><span class='ocrx_word' id='word_1_926' title='bbox 2120 4569 2328 4623; x_wconf 91' lang='lat' dir='ltr'>scende</span> <span class='ocrx_word' id='word_1_927' title='bbox 2358 4568 2610 4637; x_wconf 88' lang='lat' dir='ltr'>tempus.</span> <span class='ocrx_word' id='word_1_928' title='bbox 2627 4565 2734 4620; x_wconf 89' lang='lat' dir='ltr'>Sed</span> <span class='ocrx_word' id='word_1_929' title='bbox 2758 4564 2890 4636; x_wconf 91' lang='lat' dir='ltr'>quis</span> <span class='ocrx_word' id='word_1_930' title='bbox 2914 4564 3287 4619; x_wconf 88' lang='lat' dir='ltr'>transcendet</span> <span class='ocrx_word' id='word_1_931' title='bbox 3300 4562 3521 4619; x_wconf 89' lang='lat' dir='ltr'>viribus</span> <span class='ocrx_word' id='word_1_932' title='bbox 3536 4563 3699 4619; x_wconf 79' lang='lat' dir='ltr'>suis?</span> <span class='ocrx_word' id='word_1_933' title='bbox 3717 4567 3840 4618; x_wconf 89' lang='lat' dir='ltr'>Le-</span> 
     </span>
    </p>
   </div>
   <div class='ocr_carea' id='block_1_110' title="bbox 2118 4653 3836 4728">
    <p class='ocr_par' dir='ltr' id='par_1_110' title="bbox 2118 4653 3836 4728">
     <span class='ocr_line' id='line_1_110' title="bbox 2118 4653 3836 4728; baseline -0.001 -15"><span class='ocrx_word' id='word_1_934' title='bbox 2118 4661 2211 4713; x_wconf 87' lang='lat' dir='ltr'>vet</span> <span class='ocrx_word' id='word_1_935' title='bbox 2249 4658 2387 4713; x_wconf 91' lang='lat' dir='ltr'>illuc</span> <span class='ocrx_word' id='word_1_936' title='bbox 2417 4656 2513 4712; x_wconf 93' lang='lat' dir='ltr'>ille</span> <span class='ocrx_word' id='word_1_937' title='bbox 2545 4655 2643 4728; x_wconf 92' lang='lat' dir='ltr'>qui</span> <span class='ocrx_word' id='word_1_938' title='bbox 2678 4654 2826 4710; x_wconf 83' lang='lat' dir='ltr'>Patri</span> <span class='ocrx_word' id='word_1_939' title='bbox 2858 4654 3024 4725; x_wconf 88' lang='lat' dir='ltr'>dixit,</span> <span class='ocrx_word' id='word_1_940' title='bbox 3062 4653 3183 4710; x_wconf 81' lang='lat' dir='ltr'>Volo</span> <span class='ocrx_word' id='word_1_941' title='bbox 3231 4656 3291 4708; x_wconf 86' lang='lat' dir='ltr'>ut</span> <span class='ocrx_word' id='word_1_942' title='bbox 3338 4654 3432 4709; x_wconf 83' lang='lat' dir='ltr'>ubi</span> <span class='ocrx_word' id='word_1_943' title='bbox 3471 4669 3568 4723; x_wconf 87' lang='lat' dir='ltr'>ego</span> <span class='ocrx_word' id='word_1_944' title='bbox 3591 4669 3735 4724; x_wconf 85' lang='lat' dir='ltr'>sum,</span> <span class='ocrx_word' id='word_1_945' title='bbox 3783 4665 3836 4711; x_wconf 85' lang='lat' dir='ltr'>et</span> 
     </span>
    </p>
   </div>
   <div class='ocr_carea' id='block_1_111' title="bbox 2119 4743 3839 4820">
    <p class='ocr_par' dir='ltr' id='par_1_111' title="bbox 2119 4743 3839 4820">
     <span class='ocr_line' id='line_1_111' title="bbox 2119 4743 3839 4820; baseline -0.002 -16"><span class='ocrx_word' id='word_1_946' title='bbox 2119 4750 2227 4820; x_wconf 83' lang='lat' dir='ltr'>ipsi</span> <span class='ocrx_word' id='word_1_947' title='bbox 2255 4748 2367 4803; x_wconf 85' lang='lat' dir='ltr'>sint</span> <span class='ocrx_word' id='word_1_948' title='bbox 2395 4763 2625 4803; x_wconf 89' lang='lat' dir='ltr'>mecum.</span> <span class='ocrx_word' id='word_1_949' title='bbox 2654 4746 2769 4802; x_wconf 83' lang='lat' dir='ltr'>Hoc</span> <span class='ocrx_word' id='word_1_950' title='bbox 2799 4745 2998 4817; x_wconf 86' lang='lat' dir='ltr'>itaque</span> <span class='ocrx_word' id='word_1_951' title='bbox 3028 4743 3376 4815; x_wconf 90' lang='lat' dir='ltr'>promittens</span> <span class='ocrx_word' id='word_1_952' title='bbox 3408 4760 3479 4800; x_wconf 89' lang='lat' dir='ltr'>ue</span> <span class='ocrx_word' id='word_1_953' title='bbox 3508 4744 3839 4801; x_wconf 89' lang='lat' dir='ltr'>moriamur</span> 
     </span>
    </p>
   </div>
   <div class='ocr_carea' id='block_1_112' title="bbox 2120 4835 3838 4913">
    <p class='ocr_par' dir='ltr' id='par_1_112' title="bbox 2120 4835 3838 4913">
     <span class='ocr_line' id='line_1_112' title="bbox 2120 4835 3838 4913; baseline -0.002 -18"><span class='ocrx_word' id='word_1_954' title='bbox 2120 4841 2178 4895; x_wconf 91' lang='lat' dir='ltr'>in</span> <span class='ocrx_word' id='word_1_955' title='bbox 2209 4840 2462 4913; x_wconf 88' lang='lat' dir='ltr'>peccatis</span> <span class='ocrx_word' id='word_1_956' title='bbox 2494 4838 2727 4907; x_wconf 85' lang='lat' dir='ltr'>nostris,</span> <span class='ocrx_word' id='word_1_957' title='bbox 2757 4836 2902 4892; x_wconf 90' lang='lat' dir='ltr'>nihil</span> <span class='ocrx_word' id='word_1_958' title='bbox 2936 4835 3093 4892; x_wconf 85' lang='lat' dir='ltr'>aliud</span> <span class='ocrx_word' id='word_1_959' title='bbox 3124 4836 3405 4892; x_wconf 89' lang='lat' dir='ltr'>Dominus</span> <span class='ocrx_word' id='word_1_960' title='bbox 3444 4836 3619 4893; x_wconf 84' lang='lat' dir='ltr'>Jesus</span> <span class='ocrx_word' id='word_1_961' title='bbox 3662 4836 3838 4893; x_wconf 86' lang='lat' dir='ltr'>Chri-</span> 
     </span>
    </p>
   </div>
   <div class='ocr_carea' id='block_1_113' title="bbox 2119 4925 3836 4996">
    <p class='ocr_par' dir='ltr' id='par_1_113' title="bbox 2119 4925 3836 4996">
     <span class='ocr_line' id='line_1_113' title="bbox 2119 4925 3836 4996; baseline -0.002 -10"><span class='ocrx_word' id='word_1_962' title='bbox 2119 4935 2246 4986; x_wconf 86' lang='lat' dir='ltr'>stus</span> <span class='ocrx_word' id='word_1_963' title='bbox 2278 4929 2421 4986; x_wconf 89' lang='lat' dir='ltr'>mihi</span> <span class='ocrx_word' id='word_1_964' title='bbox 2453 4930 2679 4985; x_wconf 77' lang='lat' dir='ltr'>videtur</span> <span class='ocrx_word' id='word_1_965' title='bbox 2710 4928 2801 4984; x_wconf 91' lang='lat' dir='ltr'>his</span> <span class='ocrx_word' id='word_1_966' title='bbox 2823 4926 3009 4983; x_wconf 80' lang='lat' dir='ltr'>verbis</span> <span class='ocrx_word' id='word_1_967' title='bbox 3041 4925 3281 4996; x_wconf 85' lang='lat' dir='ltr'>dixisse,</span> <span class='ocrx_word' id='word_1_968' title='bbox 3324 4926 3443 4984; x_wconf 81' lang='lat' dir='ltr'>Nisi</span> <span class='ocrx_word' id='word_1_969' title='bbox 3487 4927 3836 4983; x_wconf 81' lang='lat' dir='ltr'>credideritis</span> 
     </span>
    </p>
   </div>
   <div class='ocr_carea' id='block_1_114' title="bbox 2117 5015 3835 5094">
    <p class='ocr_par' dir='ltr' id='par_1_114' title="bbox 2117 5015 3835 5094">
     <span class='ocr_line' id='line_1_114' title="bbox 2117 5015 3835 5094; baseline -0.001 -19"><span class='ocrx_word' id='word_1_970' title='bbox 2117 5022 2248 5094; x_wconf 88' lang='lat' dir='ltr'>quia</span> <span class='ocrx_word' id='word_1_971' title='bbox 2277 5036 2374 5090; x_wconf 84' lang='lat' dir='ltr'>ego</span> <span class='ocrx_word' id='word_1_972' title='bbox 2403 5036 2524 5075; x_wconf 83' lang='lat' dir='ltr'>sum</span> <span class='ocrx_word' id='word_1_973' title='bbox 2554 5036 2573 5073; x_wconf 90' lang='lat'><strong><em>:</em></strong></span> <span class='ocrx_word' id='word_1_974' title='bbox 2606 5034 2844 5090; x_wconf 89' lang='lat' dir='ltr'>prorsus</span> <span class='ocrx_word' id='word_1_975' title='bbox 2877 5016 3021 5073; x_wconf 90' lang='lat' dir='ltr'>nihil</span> <span class='ocrx_word' id='word_1_976' title='bbox 3069 5016 3228 5072; x_wconf 88' lang='lat' dir='ltr'>aliud</span> <span class='ocrx_word' id='word_1_977' title='bbox 3267 5015 3411 5072; x_wconf 87' lang='lat' dir='ltr'>mihi</span> <span class='ocrx_word' id='word_1_978' title='bbox 3460 5017 3691 5074; x_wconf 87' lang='lat' dir='ltr'>videtur</span> <span class='ocrx_word' id='word_1_979' title='bbox 3742 5017 3835 5073; x_wconf 90' lang='lat' dir='ltr'>his</span> 
     </span>
    </p>
   </div>
   <div class='ocr_carea' id='block_1_115' title="bbox 2117 5105 3836 5180">
    <p class='ocr_par' dir='ltr' id='par_1_115' title="bbox 2117 5105 3836 5180">
     <span class='ocr_line' id='line_1_115' title="bbox 2117 5105 3836 5180; baseline -0.002 -13"><span class='ocrx_word' id='word_1_980' title='bbox 2117 5110 2310 5168; x_wconf 86' lang='lat' dir='ltr'>verbis</span> <span class='ocrx_word' id='word_1_981' title='bbox 2326 5109 2544 5166; x_wconf 87' lang='lat' dir='ltr'>dixisse</span> <span class='ocrx_word' id='word_1_982' title='bbox 2565 5124 2741 5180; x_wconf 89' lang='lat' dir='ltr'>quam</span> <span class='ocrx_word' id='word_1_983' title='bbox 2757 5108 2885 5176; x_wconf 89' lang='lat' dir='ltr'>hoc,</span> <span class='ocrx_word' id='word_1_984' title='bbox 2909 5107 3033 5163; x_wconf 87' lang='lat' dir='ltr'>Nisi</span> <span class='ocrx_word' id='word_1_985' title='bbox 3059 5105 3400 5162; x_wconf 84' lang='lat' dir='ltr'>credideritis</span> <span class='ocrx_word' id='word_1_986' title='bbox 3414 5106 3545 5179; x_wconf 76' lang='lat' dir='ltr'>quia</span> <span class='ocrx_word' id='word_1_987' title='bbox 3564 5122 3660 5176; x_wconf 88' lang='lat' dir='ltr'>ego</span> <span class='ocrx_word' id='word_1_988' title='bbox 3678 5106 3836 5164; x_wconf 84' lang='lat' dir='ltr'>Deus</span> 
     </span>
    </p>
   </div>
   <div class='ocr_carea' id='block_1_116' title="bbox 2115 5195 3837 5269">
    <p class='ocr_par' dir='ltr' id='par_1_116' title="bbox 2115 5195 3837 5269">
     <span class='ocr_line' id='line_1_116' title="bbox 2115 5195 3837 5269; baseline -0.005 -10"><span class='ocrx_word' id='word_1_989' title='bbox 2115 5206 2256 5263; x_wconf 86' lang='lat' dir='ltr'>sum,</span> <span class='ocrx_word' id='word_1_990' title='bbox 2288 5200 2611 5258; x_wconf 85' lang='lat' dir='ltr'>moriemini</span> <span class='ocrx_word' id='word_1_991' title='bbox 2631 5198 2689 5252; x_wconf 89' lang='lat' dir='ltr'>in</span> <span class='ocrx_word' id='word_1_992' title='bbox 2727 5197 2958 5268; x_wconf 86' lang='lat' dir='ltr'>peccatis</span> <span class='ocrx_word' id='word_1_993' title='bbox 2978 5198 3184 5252; x_wconf 79' lang='lat' dir='ltr'>vestris.</span> <span class='ocrx_word' id='word_1_994' title='bbox 3235 5196 3406 5263; x_wconf 89' lang='lat' dir='ltr'>Bene,</span> <span class='ocrx_word' id='word_1_995' title='bbox 3450 5195 3566 5253; x_wconf 91' lang='lat' dir='ltr'>Deo</span> <span class='ocrx_word' id='word_1_996' title='bbox 3596 5196 3837 5269; x_wconf 69' lang='lat' dir='ltr'>gratias,</span> 
     </span>
    </p>
   </div>
   <div class='ocr_carea' id='block_1_117' title="bbox 2120 5285 3833 5365">
    <p class='ocr_par' dir='ltr' id='par_1_117' title="bbox 2120 5285 3833 5365">
     <span class='ocr_line' id='line_1_117' title="bbox 2120 5285 3833 5365; baseline -0.002 -18"><span class='ocrx_word' id='word_1_997' title='bbox 2120 5294 2258 5365; x_wconf 88' lang='lat' dir='ltr'>quia</span> <span class='ocrx_word' id='word_1_998' title='bbox 2282 5290 2448 5359; x_wconf 86' lang='lat' dir='ltr'>dixit,</span> <span class='ocrx_word' id='word_1_999' title='bbox 2470 5288 2589 5345; x_wconf 87' lang='lat' dir='ltr'>Nisi</span> <span class='ocrx_word' id='word_1_1000' title='bbox 2615 5286 2961 5344; x_wconf 82' lang='lat' dir='ltr'>credideritis</span> <span class='ocrx_word' id='word_1_1001' title='bbox 2992 5303 3009 5342; x_wconf 91' lang='lat'><strong><em>:</em></strong></span> <span class='ocrx_word' id='word_1_1002' title='bbox 3040 5302 3159 5343; x_wconf 91' lang='lat' dir='ltr'>non</span> <span class='ocrx_word' id='word_1_1003' title='bbox 3190 5286 3351 5356; x_wconf 86' lang='lat' dir='ltr'>dixit,</span> <span class='ocrx_word' id='word_1_1004' title='bbox 3385 5285 3509 5345; x_wconf 90' lang='lat' dir='ltr'>Nisi</span> <span class='ocrx_word' id='word_1_1005' title='bbox 3544 5288 3833 5359; x_wconf 86' lang='lat' dir='ltr'>ceperitis.</span> 
     </span>
    </p>
   </div>
   <div class='ocr_carea' id='block_1_118' title="bbox 2120 5378 3835 5451">
    <p class='ocr_par' dir='ltr' id='par_1_118' title="bbox 2120 5378 3835 5451">
     <span class='ocr_line' id='line_1_118' title="bbox 2120 5378 3835 5451; baseline -0.002 -11"><span class='ocrx_word' id='word_1_1006' title='bbox 2120 5383 2262 5449; x_wconf 90' lang='lat' dir='ltr'>Quis</span> <span class='ocrx_word' id='word_1_1007' title='bbox 2292 5382 2449 5439; x_wconf 90' lang='lat' dir='ltr'>enim</span> <span class='ocrx_word' id='word_1_1008' title='bbox 2482 5381 2590 5437; x_wconf 91' lang='lat' dir='ltr'>hoc</span> <span class='ocrx_word' id='word_1_1009' title='bbox 2612 5378 2804 5451; x_wconf 84' lang='lat' dir='ltr'>capiat</span> <span class='ocrx_word' id='word_1_1010' title='bbox 2831 5380 2858 5434; x_wconf 88' lang='lat'><strong>?</strong></span> <span class='ocrx_word' id='word_1_1011' title='bbox 2890 5381 3007 5436; x_wconf 80' lang='lat' dir='ltr'>Aut</span> <span class='ocrx_word' id='word_1_1012' title='bbox 3038 5394 3187 5447; x_wconf 88' lang='lat' dir='ltr'>vere,</span> <span class='ocrx_word' id='word_1_1013' title='bbox 3213 5379 3349 5451; x_wconf 85' lang='lat' dir='ltr'>quia</span> <span class='ocrx_word' id='word_1_1014' title='bbox 3379 5394 3555 5436; x_wconf 89' lang='lat' dir='ltr'>ausus</span> <span class='ocrx_word' id='word_1_1015' title='bbox 3576 5396 3708 5437; x_wconf 90' lang='lat' dir='ltr'>sum</span> <span class='ocrx_word' id='word_1_1016' title='bbox 3750 5382 3835 5437; x_wconf 78' lang='lat' dir='ltr'>di-</span> 
     </span>
    </p>
   </div>
   <div class='ocr_carea' id='block_1_119' title="bbox 2125 5467 3837 5543">
    <p class='ocr_par' dir='ltr' id='par_1_119' title="bbox 2125 5467 3837 5543">
     <span class='ocr_line' id='line_1_119' title="bbox 2125 5467 3837 5543; baseline -0.004 -11"><span class='ocrx_word' id='word_1_1017' title='bbox 2125 5489 2271 5543; x_wconf 81' lang='lat' dir='ltr'>cere,</span> <span class='ocrx_word' id='word_1_1018' title='bbox 2307 5475 2364 5530; x_wconf 85' lang='lat' dir='ltr'>et</span> <span class='ocrx_word' id='word_1_1019' title='bbox 2390 5470 2499 5528; x_wconf 88' lang='lat' dir='ltr'>visi</span> <span class='ocrx_word' id='word_1_1020' title='bbox 2531 5470 2669 5527; x_wconf 92' lang='lat' dir='ltr'>estis</span> <span class='ocrx_word' id='word_1_1021' title='bbox 2701 5468 3025 5542; x_wconf 84' lang='lat' dir='ltr'>intelligere</span> <span class='ocrx_word' id='word_1_1022' title='bbox 3059 5476 3098 5541; x_wconf 81' lang='grc' dir='ltr'>ι,</span> <span class='ocrx_word' id='word_1_1023' title='bbox 3132 5467 3355 5542; x_wconf 88' lang='lat' dir='ltr'>aliquid</span> <span class='ocrx_word' id='word_1_1024' title='bbox 3391 5469 3464 5527; x_wconf 83' lang='lat' dir='ltr'>de</span> <span class='ocrx_word' id='word_1_1025' title='bbox 3493 5473 3653 5528; x_wconf 86' lang='lat' dir='ltr'>tanta</span> <span class='ocrx_word' id='word_1_1026' title='bbox 3682 5470 3837 5528; x_wconf 72' lang='lat' dir='ltr'>inef-</span> 
     </span>
    </p>
   </div>
   <div class='ocr_carea' id='block_1_120' title="bbox 2190 5652 3405 5717">
    <p class='ocr_par' dir='ltr' id='par_1_120' title="bbox 2190 5652 3405 5717">
     <span class='ocr_line' id='line_1_120' title="bbox 2190 5652 3405 5717; baseline 0 -10"><span class='ocrx_word' id='word_1_1027' title='bbox 2190 5656 2374 5709; x_wconf 64' lang='lat' dir='ltr'>iLov..</span> <span class='ocrx_word' id='word_1_1028' title='bbox 2407 5666 2458 5705; x_wconf 80' lang='lat' dir='ltr'>et</span> <span class='ocrx_word' id='word_1_1029' title='bbox 2484 5656 2611 5706; x_wconf 84' lang='lat' dir='ltr'>nisi.</span> <span class='ocrx_word' id='word_1_1030' title='bbox 2637 5655 2701 5706; x_wconf 77' lang='lat' dir='ltr'>At</span> <span class='ocrx_word' id='word_1_1031' title='bbox 2734 5654 2863 5705; x_wconf 88' lang='lat' dir='ltr'>editi</span> <span class='ocrx_word' id='word_1_1032' title='bbox 2897 5652 2983 5705; x_wconf 88' lang='lat' dir='ltr'>alii</span> <span class='ocrx_word' id='word_1_1033' title='bbox 3015 5656 3066 5705; x_wconf 87' lang='lat' dir='ltr'>et</span> <span class='ocrx_word' id='word_1_1034' title='bbox 3098 5653 3248 5717; x_wconf 55' lang='grc' dir='ltr'>Μαι,</span> <span class='ocrx_word' id='word_1_1035' title='bbox 3282 5653 3405 5709; x_wconf 82' lang='lat' dir='ltr'>visi.</span> 
     </span>
    </p>
   </div>
  </div>
