4146 6186
332 279 476 338 1681

325 410 611 467 fabilitate
635 414 867 486 cepistis
888 415 915 470 ?
944 415 999 470 Si
1031 431 1166 487 ergo
1189 434 1304 474 non
1337 419 1517 489 capis,
1545 421 1687 476 fides
1721 426 1774 475 te
1806 421 2037 479 liberat.

328 501 462 557 ldeo
492 507 551 558 et
586 504 865 561 Dominus
881 522 994 562 non
1016 506 1114 574 ait,
1134 506 1257 563 Nisi
1289 510 1557 579 ceperitis
1580 511 1717 581 quia
1748 527 1847 583 ego
1869 529 2036 582 sum;

328 593 426 647 sed
450 594 607 662 quod
633 597 898 665 poterant
919 594 1083 664 dixit,
1116 596 1237 653 Nisi
1265 599 1606 656 credideritis
1623 602 1750 673 quia
1782 616 1875 671 ego
1895 619 2037 673 sum,

326 686 646 738 moriemini
674 687 734 739 in
761 687 995 756 peccatis
1026 691 1240 744 vestris.

405 774 489 829 11.
524 772 593 829 Et
620 774 704 830 illi
737 792 965 849 semper
1012 784 1238 835 terrena
1282 779 1571 852 sapientes
1624 789 1678 838 et
1708 799 1928 855 semper
1956 798 2038 839 se-

327 863 584 920 cundum
627 880 861 923 carnem
912 867 1214 926 audientes
1263 875 1319 925 et
1349 872 1785 943 respondentes,
1820 873 1957 943 quid
1990 872 2042 928 ei

329 952 655 1011 dixerunt?
714 957 787 1011 Tu
835 959 961 1029 quis
1004 962 1100 1014 es!
1127 959 1250 1014 Non
1283 960 1435 1015 enim
1466 976 1599 1017 cum
1641 961 1859 1029 dixisti,
1922 962 2045 1017 Nisi

327 1042 675 1100 credideritis
702 1048 838 1117 quia
866 1062 963 1116 ego
1008 1064 1151 1116 sum,
1203 1048 1473 1104 addidisti
1521 1049 1657 1121 quid
1690 1066 1867 1106 esses.
1902 1050 2041 1115 Quis

330 1148 416 1202 es,
451 1137 515 1189 ut
544 1135 897 1192 credamus?
924 1137 993 1192 Et
1024 1136 1139 1206 ille,
1173 1137 1544 1210 Principium.
1579 1138 1721 1195 Ecce
1769 1141 1919 1210 quod
1955 1145 2044 1197 est

329 1238 479 1279 esse.
517 1222 873 1295 Principium
900 1227 1110 1282 mutari
1135 1244 1247 1283 non
1272 1231 1494 1299 potest:
1522 1228 1873 1301 principium
1899 1228 1957 1284 in
1983 1247 2044 1285 se

332 1322 551 1383 manet,
584 1318 642 1370 et
672 1314 907 1371 innovat
927 1318 1123 1373 omnia
1149 1334 1162 1387 ;
1186 1317 1539 1390 principium
1567 1321 1673 1387 est,
1707 1318 1799 1374 cui
1824 1318 2042 1375 dictum

330 1410 443 1471 est,
480 1407 553 1461 Tu
582 1411 766 1461 autem
806 1408 947 1463 idem
986 1410 1101 1480 ipse
1146 1425 1225 1477 es,
1256 1417 1309 1465 et
1353 1410 1491 1465 anni
1546 1412 1628 1465 tui
1656 1426 1764 1466 non
1795 1411 2044 1481 deﬁcient

330 1496 505 1567 (Psal.
538 1512 613 1563 cr,
642 1496 756 1569 28).
807 1496 1173 1570 Principium,
1226 1498 1325 1566 ait,
1368 1501 1497 1570 quia
1527 1498 1544 1533 ί
1577 1503 1626 1556 et
1657 1500 1847 1573 loquor
1874 1502 2041 1557 vobis.

333 1585 689 1657 Principium
724 1602 815 1641 me
847 1588 1079 1657 credite,
1112 1605 1184 1645 ne
1225 1588 1554 1645 moriemini
1581 1591 1640 1645 in
1673 1590 1926 1662 peccatis
1954 1608 2047 1647 ve-

329 1674 492 1731 stris.
512 1673 815 1747 Tanquam
839 1677 994 1733 enim
1026 1678 1085 1732 in
1117 1693 1182 1735 eo
1197 1680 1350 1750 quod
1376 1678 1669 1748 dixerunt,
1708 1680 1781 1733 Tu
1811 1678 1933 1752 quis
1953 1681 2047 1736 es?

331 1763 482 1819 nihil
543 1763 701 1819 aliud
742 1765 989 1822 dixerint
1038 1784 1237 1839 quam,
1271 1768 1413 1833 Quid
1471 1775 1523 1824 te
1554 1784 1680 1824 esse
1713 1768 2047 1825 credimus?

327 1854 654 1925 respondit,
688 1854 1037 1926 Principium
1068 1873 1086 1917 .'
1110 1857 1163 1913 id
1187 1861 1294 1925 est,
1317 1856 1667 1929 Principium
1695 1875 1786 1914 me
1808 1858 2043 1915 credite.

330 1947 397 2001 In
430 1958 617 2016 grzeco
641 1961 896 2016 namque
926 1945 1152 2017 eloquio
1195 1947 1563 2014 discernitur,
1599 1949 1752 2019 quod
1806 1965 1921 2004 non
1945 1964 2049 2020 po-

332 2043 442 2091 test
474 2036 533 2091 in
567 2034 767 2091 latino.
799 2037 962 2108 Apud
988 2053 1205 2108 graecos
1221 2038 1377 2094 enim
1411 2038 1677 2095 feminini
1710 2038 1938 2111 generis
1960 2041 2049 2095 est

329 2124 707 2197 principium,
741 2125 891 2182 sicut
933 2128 1088 2198 apud
1128 2145 1231 2185 nos
1262 2129 1349 2184 lex
1383 2130 1610 2201 generis
1642 2128 1906 2183 feminini
1936 2132 2046 2195 est,

330 2231 463 2286 quae
494 2216 646 2287 apud
677 2214 804 2271 illos
828 2220 918 2272 est
948 2216 1256 2273 masculini
1284 2234 1297 2272 :
1330 2218 1481 2274 sicut
1514 2216 1796 2290 sapientia
1816 2219 1871 2272 et
1892 2216 2045 2288 apud

330 2321 441 2360 nos
472 2309 531 2360 et
560 2304 712 2376 apud
736 2303 870 2362 illos
900 2306 1129 2379 generis
1159 2306 1419 2364 feminini
1448 2314 1554 2363 est.
1587 2306 1947 2363 Consuetudo
1969 2305 2047 2362 lo-

328 2395 584 2452 cutionis
614 2396 743 2453 ideo
775 2412 876 2469 per
904 2397 1164 2455 diversas
1195 2398 1428 2471 linguas
1456 2398 1636 2455 variat
1658 2413 1868 2471 genera
1882 2412 2043 2453 voca-

331 2485 635 2557 bulorum,
658 2487 797 2558 quia
821 2487 881 2543 in
913 2487 1058 2561 ipsis
1085 2489 1256 2546 rebus
1280 2506 1395 2545 non
1418 2489 1645 2546 invenis
1678 2485 2043 2545 sexum.Non

328 2575 492 2632 enim
525 2576 813 2649 sapientia
845 2593 971 2634 vere
1004 2578 1215 2634 femina
1247 2583 1358 2649 est,
1392 2595 1524 2635 cum
1549 2578 1814 2634 Christus
1845 2577 1923 2632 sit
1944 2575 2044 2632 Dei

329 2667 630 2740 Sapientia
661 2668 703 2741 (Ι
736 2668 858 2728 Cor.
891 2686 933 2736 ι,
962 2670 1079 2742 24),
1111 2675 1169 2727 et
1200 2670 1461 2727 Christus
1492 2669 1816 2743 appelletur
1837 2682 2045 2739 genere

329 2759 676 2829 masculino,
728 2760 1014 2832 sapientia
1057 2761 1358 2829 feminino.
1407 2762 1551 2818 Cum
1611 2778 1745 2834 ergo
1786 2760 2046 2815 dicerent

327 2849 533 2918 Judaei,
562 2850 636 2905 Tu
663 2850 788 2923 quis
817 2854 914 2907 es?
942 2850 1039 2907 ille
1070 2851 1171 2923 qui
1210 2852 1431 2908 sciebat
1485 2866 1614 2907 esse
1642 2850 1720 2905 ibi
1757 2848 2042 2920 quosdam

329 2940 678 3010 credituros,
705 2945 759 2997 et
780 2941 909 2998 ideo
932 2941 1170 3012 dixisse,
1196 2948 1278 2999 Tu
1304 2944 1424 3015 quis
1448 2957 1502 2997 es
1525 2944 1552 2995 ?
1573 2944 1635 2995 ut
1665 2938 1882 2995 scirent
1902 2936 2041 3008 quid

326 3028 499 3085 illum
550 3030 782 3087 credere
825 3030 1123 3100 deberent,
1155 3030 1473 3104 respondit,
1506 3028 1854 3099 Principium
1877 3044 1895 3081 :
1928 3043 2044 3083 non

332 3124 615 3191 tanquam
645 3119 881 3188 diceret,
915 3119 1273 3193 Principium
1314 3136 1445 3176 sum
1472 3140 1486 3191 ;
1522 3120 1622 3176 sed
1655 3126 1930 3189 tanquam
1963 3114 2046 3171 di-

332 3215 511 3277 ceret,
534 3210 897 3283 Principium
914 3228 1005 3268 me
1026 3211 1262 3268 credite.
1288 3211 1446 3276 Quod
1469 3210 1529 3266 in
1548 3224 1815 3266 sermone
1835 3222 2042 3280 graeco,

334 3304 403 3355 ut
434 3299 575 3367 dixi,
609 3300 903 3358 evidenter
945 3309 1202 3375 apparet,
1252 3303 1352 3359 ubi
1400 3300 1665 3358 feminini
1705 3299 1928 3372 generis
1960 3300 2047 3354 est

334 3390 696 3463 principium
744 3392 839 3464 (a).
874 3392 1039 3449 Velut
1085 3394 1135 3450 si
1172 3393 1344 3450 vellet
1374 3393 1565 3449 dicere
1592 3409 1652 3448 se
1681 3407 1808 3448 esse
1837 3389 2044 3445 verita-

337 3484 481 3549 tem,
517 3486 576 3538 et
622 3482 973 3552 dicentibus,
1002 3484 1075 3537 Tu
1129 3486 1250 3556 quis
1280 3486 1373 3539 es?
1403 3482 1796 3554 responderet,
1828 3478 2049 3534 Verita-

335 3577 457 3629 tem
486 3592 499 3641 ;
531 3572 1034 3629 cumvideaturad
1069 3574 1123 3628 id
1147 3574 1300 3646 quod
1329 3572 1550 3630 dictum
1573 3577 1683 3638 est,
1720 3574 1794 3627 'I‘u
1815 3571 1934 3643 quis
1952 3574 2049 3625 es?

338 3665 698 3735 respondere
736 3663 1030 3733 debuisse,
1070 3663 1343 3735 Veritas;
1387 3664 1443 3720 id
1489 3671 1592 3733 est,
1637 3663 1860 3719 Veritas
1891 3675 2047 3717 sum.

335 3754 448 3809 Sed
482 3752 657 3809 altius
689 3754 1011 3826 respondit,
1044 3770 1177 3811 cum
1206 3754 1417 3811 videret
1448 3771 1547 3810 eos
1573 3754 1653 3808 ita
1685 3751 1918 3820 dixisse,
1952 3750 2047 3816 Tu,

336 3844 462 3914 quis
479 3843 575 3899 es?
606 3858 672 3898 ac
702 3842 751 3898 si
783 3843 1061 3899 dicerent.
1094 3843 1374 3908 Quoniam
1422 3844 1525 3900 abs
1572 3847 1627 3898 te
1693 3839 2047 3908 audivimus,

337 3932 464 3988 Nisi
479 3932 831 3989 credideritis
860 3937 991 4006 quia
1022 3950 1114 4005 ego
1143 3951 1285 4004 sum,
1308 3934 1442 4006 quid
1476 3938 1532 3989 te
1560 3948 1682 3989 esse
1709 3927 2051 3988 credemus?

339 4022 410 4075 ad
434 4022 543 4077 hoc
565 4023 889 4093 respondit,
912 4024 1263 4093 Principium
1282 4042 1301 4081 :
1323 4027 1603 4095 tanquam
1624 4023 1858 4088 diceret,
1880 4020 2050 4076 Priu-

341 4111 560 4183 cipium
596 4128 689 4169 me
711 4112 945 4169 credite.
968 4114 1039 4169 Et
1059 4114 1299 4185 addidit,
1341 4116 1471 4187 quia
1501 4121 1551 4170 et
1582 4113 1776 4183 loquor
1803 4108 2048 4169 vobis:id

342 4206 455 4271 est,
486 4202 626 4273 quia
673 4202 919 4260 humilis
958 4210 1191 4277 propter
1233 4220 1333 4260 vos
1383 4205 1587 4274 factus,
1620 4205 1692 4259 ad
1741 4203 1851 4259 ista
1880 4201 2053 4257 verba

341 4292 636 4349 descendi.
659 4292 807 4350 Nam
839 4294 888 4351 si
930 4295 1283 4368 principium
1324 4295 1497 4352 sicuti
1546 4302 1652 4366 est,
1683 4294 1764 4349 ita
1795 4294 2054 4348 maneret

343 4384 495 4455 apud
526 4385 785 4450 Patrem,
811 4388 875 4440 ut
904 4401 1021 4442 non
1050 4384 1330 4458 acciperet
1354 4386 1602 4442 formam
1633 4382 1783 4441 servi
1804 4388 1861 4439 et
1878 4382 2051 4437 homo

340 4474 681 4546 loqueretur
731 4473 1111 4547 hominibus;
1166 4478 1453 4548 quomodo
1495 4477 1545 4532 ei
1577 4476 1894 4544 crederent,
1920 4488 2053 4529 cum

345 4564 575 4622 infirma
600 4564 1156 4639 cordaintelligibile
1182 4566 1442 4623 Verbum
1474 4566 1601 4623 sine
1629 4581 1765 4623 voce
1795 4561 2054 4621 sensibili

346 4655 545 4711 audire
592 4671 708 4711 non
758 4655 1041 4728 possent?
1068 4656 1239 4729 Ergo,
1290 4657 1499 4729 inquit,
1551 4656 1762 4713 credite
1802 4670 1895 4710 me
1926 4667 2055 4709 esse

343 4744 702 4818 principium
730 4762 743 4813 ;
774 4746 932 4817 quia,
957 4746 1309 4816 utcredatis,
1336 4764 1451 4803 non
1485 4747 1673 4803 solum
1706 4742 1975 4812 sum,sed
2000 4744 2056 4797 et

342 4835 556 4907 loquor
583 4835 773 4893 vobis.
807 4835 915 4893 Sed
961 4838 1031 4893 de
1072 4837 1177 4894 hac
1226 4854 1287 4894 re
1332 4838 1456 4909 jam
1498 4837 1752 4894 multum
1783 4838 1869 4892 est
1897 4832 2055 4903 loqui

344 4925 507 4981 vobis
540 4943 554 4982 :
586 4924 811 4997 placeat
832 4927 1027 4999 itaque
1048 4926 1332 4984 Charitati
1359 4931 1559 4984 vestra:
1584 4931 1648 4983 ut
1668 4926 1818 4999 quod
1853 4926 2054 4991 restat,

348 5014 446 5072 illo
486 5016 800 5087 adjuvante
831 5033 1150 5088 servemus,
1184 5018 1438 5076 crastino
1470 5016 1768 5073 reddituri.

845 5161 1263 5220 TRACTATUS
1300 5163 1547 5221 XXXIX.

350 5281 422 5338 Ab
451 5298 512 5339 eo
542 5281 688 5355 quod
715 5281 981 5353 scriptum
1028 5290 1127 5352 est,
1161 5282 1345 5339 Multa
1384 5282 1569 5339 habeo
1602 5282 1672 5338 de
1702 5282 1864 5339 vobis
1895 5282 2055 5355 loqui

412 5420 430 5453 1
454 5415 613 5479 Editi,
645 5415 751 5479 qui.
787 5415 853 5465 At
885 5414 1124 5479 plerique
1152 5414 1296 5475 Mss.,
1325 5414 1455 5479 quia
1475 5430 1494 5463 :
1518 5413 1670 5478 juxta
1685 5426 1942 5479 graecum,
1959 5413 2053 5465 oti.

408 5480 480 5540 (α)
505 5477 572 5543 in
592 5476 769 5543 gr'agco
787 5483 865 5527 est
883 5476 969 5543 id};
988 5476 1172 5543 arcuere
1189 5494 1206 5527 :
1223 5476 1381 5543 Aquod
1412 5476 1948 5543 nonnullis’adverbii
1971 5491 2060 5526 so-

348 5539 803 5614 num‘hic‘habet.
830 5545 888 5614 ut
923 5539 1127 5614 Latinis
1144 5539 1412 5614 principio
1434 5547 1486 5614 et
1510 5541 1736 5614 primum
1767 5556 1796 5614 :I
1810 5541 1889 5614 sic
1918 5544 2057 5614 certe

350 5603 1005 5668 sonabatChrygostomo
1042 5604 1109 5653 At
1142 5603 1571 5668 interpretationi
1598 5604 1882 5667 Augustini
1920 5604 2061 5655 favet

353 5665 693 5724 Ambrosius,
724 5665 1050 5725 Bernartius.
1086 5670 1186 5717 etc.

1440 286 1912 351 TRACTATUS
1957 291 2220 354 XXXIX.
2269 296 2522 357 CAPUT
2568 297 2725 357 Vlll.

3689 298 3844 361 i682

2223 432 2278 481 et
2302 429 2601 497 julicare;
2634 446 2800 500 usque
2829 430 2896 483 ait
2930 432 3006 495 id,
3046 429 3109 484 Et
3161 446 3274 486 nou
3298 437 3688 503 cognoverunt
3710 431 3849 501 quia

2221 523 2449 575 Patrem
2483 520 2609 589 ejus
2641 519 2868 575 dicebat
2898 520 3099 575 Deum.
3136 521 3268 591 Cap.
3300 537 3419 588 vm,
3453 523 3507 589 Ῡ.
3528 522 3621 588 26,
3650 525 3740 575 27.

2224 611 2274 666 1.
2310 612 2495 666 Verba
2538 609 2766 665 Domini
2816 610 2998 666 nostri
3043 615 3177 667 Jesu
3222 610 3592 682 Christique
3651 610 3853 666 habuit

2152 716 2286 755 cum
2343 700 2583 761 Judzeis,
2616 699 2696 755 ita
2750 701 3060 757 moderans
3104 700 3391 773 loquelam
3415 716 3603 771 suam,
3636 702 3700 756 ut
3722 700 3852 755 caaci

2152 807 2268 846 non
2291 790 2570 850 viderent,
2605 794 2661 845 et
2702 789 2900 846 fideles
2943 789 3139 847 oculos
3181 790 3490 862 aperirent,
3524 806 3655 863 qua:
3682 787 3855 846 hodie

2154 880 2223 935 de
2256 884 2454 935 sancto
2515 878 2822 951 Evangelio
2876 880 3105 936 recitata
3138 885 3294 949 sunt,
3329 880 3443 937 ista
3473 883 3613 937 sunt
3644 894 3659 936 :
3690 879 3857 934 Dice-

2154 972 2284 1027 bant
2313 987 2445 1043 ergo
2474 972 2669 1040 Judaei,
2705 972 2777 1027 Tu
2807 974 2931 1042 quis
2958 975 3053 1028 es?
3076 971 3219 1037 Quia
3234 968 3857 1043 dixeratsupraDomi-

2152 1078 2287 1129 nus,
2313 1061 2433 1117 Nisi
2460 1062 2807 1118 credideritis
2834 1064 2961 1132 quia
2976 1078 3068 1131 ego
3098 1079 3242 1130 sum,
3266 1063 3573 1117 moriemini
3588 1064 3643 1115 in
3664 1074 3857 1131 pecca-

2151 1154 2222 1206 tis
2252 1151 2444 1206 vestris
2477 1150 2655 1221 (Joan.
2681 1168 2802 1219 vm,
2834 1152 2924 1219 25,
2955 1152 3068 1221 24).
3093 1153 3173 1206 Ad
3205 1152 3311 1206 hoc
3332 1167 3467 1222 ergo
3492 1149 3595 1218 illi,
3630 1150 3702 1204 Tu
3734 1150 3858 1218 quis

2155 1248 2245 1297 es?
2274 1240 2455 1296 veluti
2488 1245 2808 1310 qumrentes
2829 1257 2996 1296 nosse
3019 1240 3073 1295 in
3101 1258 3271 1311 quem
3296 1242 3572 1296 deberent
3594 1238 3852 1306 credere,

2154 1348 2226 1387 ne
2256 1330 2313 1386 in
2348 1346 2453 1385 suo
2485 1333 2715 1400 peccato
2749 1333 3131 1383 morerentur.
3163 1328 3475 1399 Respondit
3504 1325 3858 1388 dicentibus,

2156 1422 2225 1475 Tu
2261 1419 2383 1491 quis
2414 1421 2507 1475 es?
2537 1422 2593 1473 et
2625 1418 2723 1487 ait,
2758 1419 3116 1487 Principium,
3149 1418 3275 1488 quia
3306 1422 3358 1471 et
3388 1415 3583 1486 loquor
3609 1414 3777 1468 vobis.
3800 1411 3860 1465 Si

2156 1527 2216 1567 se
2248 1509 2393 1565 dixit
2424 1510 2841 1565 Dominusesse
2866 1506 3429 1580 principium,qua3ri
3454 1507 3643 1576 potest
3662 1508 3860 1557 utrum

2155 1605 2212 1657 et
2242 1602 2410 1656 Pater
2434 1600 2786 1672 principium
2814 1600 2910 1654 sit.
2936 1598 2990 1653 8i
3015 1598 3169 1654 enim
3202 1597 3378 1653 Filius
3398 1593 3749 1667 principium
3773 1594 3864 1646 est

2157 1692 2254 1763 qui
2288 1691 2463 1746 habet
2494 1690 2741 1757 Patrem,
2776 1694 2992 1761 quanto
3049 1688 3276 1744 facilius
3326 1683 3742 1755 intelligendus
3779 1683 3867 1737 est

2159 1782 2317 1837 Deus
2352 1781 2512 1836 Pater
2533 1796 2661 1837 esse
2683 1780 3061 1851 principium,
3078 1778 3175 1849 qui
3198 1777 3372 1833 habet
3401 1774 3633 1847 quidem
3654 1771 3865 1828 Filium

2159 1873 2249 1929 cui
2284 1877 2450 1928 Pater
2471 1872 2565 1940 sit,
2600 1872 2699 1928 sed
2724 1887 2838 1927 non
2872 1870 3046 1926 habet
3095 1870 3164 1924 de
3208 1884 3324 1940 quo
3345 1866 3466 1923 sit?
3496 1864 3678 1920 Filius
3708 1862 3865 1918 enim

2157 1961 2342 2018 Patris
2373 1965 2459 2017 est
2491 1960 2690 2023 Filius,
2723 1965 2781 2016 et
2811 1960 2976 2015 Pater
3010 1959 3211 2030 utique
3244 1957 3370 2012 Filii
3406 1957 3576 2011 Pater
3605 1956 3728 2009 est:
3764 1951 3867 2006 sed

2156 2050 2310 2107 Deus
2346 2051 2416 2105 de
2464 2049 2578 2107 Deo
2623 2050 2805 2105 Filius
2844 2049 3075 2113 dicitur,
3116 2046 3315 2101 lumen
3340 2042 3655 2100 delumine
3689 2038 3865 2093 Filius

2155 2139 2370 2195 dicitur
2403 2156 2415 2193 :
2451 2140 2619 2195 Pater
2669 2138 2880 2194 dicitur
2925 2137 3147 2204 lumen,
3182 2135 3281 2191 sed
3334 2150 3449 2189 non
3488 2133 3558 2187 de
3597 2128 3819 2185 lumine
3851 2142 3865 2193 ;

2158 2228 2325 2284 Pater
2354 2228 2562 2284 dicitur
2596 2229 2766 2295 Deus,
2799 2227 2897 2283 sed
2928 2242 3041 2281 non
3081 2224 3151 2281 de
3182 2228 3314 2279 Deo.
3348 2222 3407 2279 Si
3440 2236 3570 2291 ergo
3602 2219 3756 2274 Deus
3797 2217 3868 2271 de

2160 2318 2292 2385 Deo,
2318 2316 2517 2373 lumen
2550 2318 2619 2374 de
2638 2316 2860 2372 lumine
2884 2314 3233 2387 principium
3254 2319 3367 2379 est;
3393 2313 3613 2384 quanto
3636 2305 3865 2362 facilius

2156 2409 2504 2481 intelligitur
2534 2406 2884 2479 principium
2912 2405 3109 2461 lumen
3134 2405 3205 2459 de
3236 2419 3349 2474 quo
3381 2400 3603 2466 lumen,
3632 2401 3689 2453 et
3716 2397 3864 2452 Deus

2155 2502 2227 2559 de
2256 2516 2368 2572 quo
2400 2499 2553 2555 Deus
2574 2498 2602 2552 ?
2642 2496 2882 2554 Videtur
2904 2496 3101 2568 itaque
3130 2493 3472 2559 absurdum,
3515 2483 3861 2547 charissimi,

2155 2594 2218 2647 ut
2249 2589 2427 2645 Filius
2460 2588 2727 2644 dicamus
2758 2584 3136 2659 principium,
3168 2589 3223 2639 et
3252 2582 3476 2638 Patrem
3509 2575 3861 2648 principium

2156 2697 2269 2737 non
2293 2680 2578 2737 dicamus.

2224 2771 2278 2825 2.
2311 2770 2419 2826 Sed
2452 2768 2591 2841 quid
2617 2763 3189 2840 agemus?numquid
3222 2762 3336 2818 duo
3359 2753 3862 2829 eruntprincipia?

2153 2860 2481 2917 Cavendum
2507 2865 2591 2914 est
2612 2858 2722 2914 hoc
2744 2857 2952 2913 dicere.
2979 2854 3127 2922 Quid
3157 2868 3292 2925 ergo
3312 2849 3340 2906 τ
3371 2849 3419 2906 si
3452 2848 3683 2904 etPater
3703 2844 3863 2917 prin-

2154 2951 2370 3022 cipium
2400 2953 2458 3005 et
2488 2948 2670 3004 Filius
2702 2945 3069 3019 principium,
3105 2942 3396 3015 quomodo
3428 2955 3542 2997 non
3564 2940 3679 2993 duo
3704 2933 3867 3007 prin-

2155 3040 2342 3112 cipia‘l
2373 3036 2672 3105 Quomodo
2718 3035 2968 3091 dicimus
3018 3035 3242 3090 Patrem
3300 3031 3488 3087 Deum
3549 3031 3606 3084 et
3654 3023 3865 3082 Filium

2157 3133 2361 3198 Deum,
2403 3144 2507 3185 nec
2522 3131 2713 3183 tamen
2746 3126 2994 3182 dicimus
3017 3125 3165 3179 duos
3197 3124 3356 3177 deos.
3388 3120 3560 3175 Nefas
3599 3121 3689 3173 est
3708 3114 3863 3172 enim

2155 3222 2347 3278 dicere
2377 3220 2525 3275 duos
2555 3218 2713 3286 deos,
2746 3216 2905 3271 nefas
2929 3218 3014 3269 est
3036 3213 3223 3267 dicere
3248 3215 3366 3266 tres
3399 3210 3538 3265 deos
3560 3223 3573 3263 :
3596 3210 3651 3264 et
3671 3210 3861 3262 tamen

2156 3311 2254 3385 qui
2284 3312 2452 3367 Pater
2474 3312 2583 3374 est,
2615 3324 2730 3363 non
2762 3309 2850 3362 est
2904 3303 3117 3372 Filius;
3148 3302 3248 3373 qui
3282 3299 3462 3355 Filius
3502 3302 3613 3385 est,
3644 3312 3757 3385 non
3780 3298 3867 3350 est

2154 3382 2343 3457 Pater.
2370 3399 2623 3471 Spiritus
2648 3404 2840 3454 autem
2864 3397 3101 3450 sanctus
3131 3388 3323 3445 Patris
3349 3390 3406 3442 et
3437 3384 3564 3440 Filii
3591 3382 3864 3454 Spiritus,

2158 3507 2261 3548 nec
2305 3490 2470 3546 Pater
2518 3492 2607 3544 est
2637 3503 2742 3543 nec
2798 3485 2997 3541 Filius.
3023 3478 3295 3548 Quamvis
3322 3491 3480 3548 ergo,
3514 3473 3659 3529 sicut
3698 3486 3866 3526 aures

2157 3580 2456 3638 catholicae
2516 3582 2657 3635 sunt
2700 3574 2934 3632 erudita:
2984 3573 3042 3628 in
3074 3567 3295 3643 gremio
3342 3564 3544 3620 matris
3575 3559 3865 3628 Ecclesiae,

2158 3687 2263 3729 nec
2292 3670 2391 3725 ille
2422 3668 2523 3741 qui
2553 3672 2641 3724 est
2662 3667 2823 3722 Pater
2852 3664 2932 3720 sit
2962 3661 3163 3729 Filius,
3198 3673 3302 3714 nec
3332 3655 3428 3711 ille
3450 3652 3546 3725 qui
3568 3656 3658 3707 est
3694 3647 3867 3741 Filius

2158 3763 2236 3819 sit
2268 3738 2458 3826 Pater,
2499 3774 2602 3814 nec
2645 3756 2896 3827 Spiritus
2948 3755 3185 3809 sanctus
3218 3746 3406 3804 Patris
3436 3749 3492 3801 et
3522 3742 3646 3797 Filii
3674 3742 3747 3798 sit
3776 3738 3867 3795 vel

2160 3851 2339 3909 Filius
2369 3849 2455 3906 vel
2491 3849 2806 3913 Pater,tres
2838 3845 2976 3902 deos
3025 3850 3218 3897 tamen
3259 3852 3386 3894 esse
3420 3850 3535 3891 non
3566 3831 3815 3889 dicimus
3848 3831 3862 3870 ε

2160 3940 2426 4015 quamvis
2459 3935 2802 4010 deisingulis
2833 3934 2882 3991 si
2904 3935 3214 4005 quaeratur,
3239 3940 3477 3985 necesse
3507 3926 3595 3981 est
3624 3922 3695 3978 de
3725 3935 3868 3992 quo-

2160 4047 2407 4103 cumque
2438 4028 2777 4101 interrogati
2810 4025 3107 4091 fuerimus,
3139 4022 3324 4078 Deum
3356 4033 3485 4076 esse
3508 4017 3813 4072 fateamur.

2233 4123 2287 4179 3.
2314 4123 2380 4177 Et
2438 4120 2695 4177 absurda
2743 4117 2854 4174 ista
2881 4116 3150 4172 videntur
3179 4109 3516 4168 hominibus
3546 4104 3714 4163 solita
3743 4106 3864 4158 tra-

2160 4212 2437 4270 hentibus
2468 4211 2538 4267 ad
2569 4207 2823 4278 insolita,
2847 4204 3098 4261 visibilis
3141 4203 3211 4257 ad
3262 4195 3594 4262 invisibilia,
3637 4194 3865 4249 creatu-

2162 4321 2285 4360 ram
2318 4298 2795 4373 comparantibus
2844 4293 3117 4351 Creatori.
3170 4291 3532 4359 lnterrogant
3569 4281 3727 4373 enim
3748 4296 3864 4373 nos

2164 4368 2478 4466 aliquando
2509 4387 2776 4445 infideles
2804 4392 2859 4441 et
2899 4384 3100 4440 dicunt
3131 4398 3143 4435 :
3172 4379 3620 4466 Patremdquem
3652 4368 3864 4466 dicitis,

2165 4457 2345 4540 Deum
2368 4479 2562 4535 dicitis
2579 4474 3106 4547 ?,Respondemus:
3134 4468 3336 4525 Deum.
3362 4463 3571 4522 Filium
3596 4474 3771 4533 quem
3784 4457 3868 4514 di-

2163 4572 2318 4640 citis,
2375 4572 2550 4626 Deum
2598 4564 2810 4631 dicitis,
2844 4560 3289 4635 Respondemus
3318 4561 3525 4612 Deum.
3575 4548 3864 4624 Spiritum

2164 4664 2435 4720 sanctum
2468 4673 2636 4729 quem
2668 4653 2881 4721 dicitis,
2904 4658 3088 4709 Deum
3120 4646 3314 4705 dicitis
3335 4640 3816 4715 ‘iRespondemus
3848 4653 3861 4692 :

2166 4754 2370 4809 Deum.
2413 4749 2585 4821 Ergo,
2629 4744 2925 4817 inquiunt,
2970 4742 3135 4797 Pater
3189 4742 3245 4794 et
3292 4736 3469 4791 Filius
3517 4736 3575 4789 et
3612 4729 3866 4821 Spiritus

2164 4845 2400 4899 sanctus
2428 4819 2544 4896 tres
2573 4840 2712 4894 sunt
2741 4833 2869 4891 dii?
2901 4830 3346 4904 Respondemus
3371 4841 3385 4880 :
3407 4824 3557 4880 Non.
3605 4819 3867 4875 Turban-

2164 4935 2277 5001 tur,
2312 4931 2450 5004 quia
2480 4944 2593 4986 non
2616 4924 3027 4983 illuminantur
3052 4917 3457 4976 :corclausum
3479 4904 3867 5004 habent,quia

2165 4999 2373 5079 clavim
2404 5019 2538 5075 fidei
2571 5034 2685 5074 non
2716 5016 2951 5071 habent.
2986 5014 3099 5068 Nos
3140 5026 3295 5080 ergo,
3328 5008 3552 5069 fratres,
3587 4999 3697 5053 fide
3720 5012 3867 5067 prte-

2164 5114 2425 5182 cedente,
2459 5127 2585 5183 qua
2616 5112 2787 5166 sanat
2814 5105 3051 5161 oculum
3082 5100 3269 5158 cordis
3292 5094 3497 5159 nostri,
3520 5090 3672 5184 quod
3695 5084 3867 5184 intel-

2164 5175 2549 5275 ligimus,'sine
2569 5197 2920 5255 obscuritate
2941 5192 3235 5262 capiamus
3264 5184 3445 5257 ;quod
3462 5197 3575 5237 non
3594 5175 3869 5275 intelligi-

2166 5266 3199 5363 mvus,sinedubitationecredamusza
3213 5275 3590 5332 fundamento
3606 5266 3737 5324 fidei
3754 5283 3866 5323 non

2168 5362 2529 5445 recedamus,
2551 5384 2616 5434 ut
2636 5378 2708 5433 ad
2723 5375 2951 5432 culmen
2977 5367 3344 5444 perfectionis
3368 5363 3693 5421 veniamus.
3721 5362 3868 5414 Deus

2169 5481 2256 5532 est
2269 5477 2456 5541 Pater,
2481 5473 2632 5527 Deus
2651 5471 2739 5523 est
2761 5465 2960 5525 Filius.
2984 5463 3133 5517 Deus
3154 5464 3239 5515 est
3255 5456 3509 5529 Spiritus
3523 5455 3759 5508 sanctus
3783 5453 3868 5505 :et

2166 5571 2363 5624 tamen
2382 5567 2552 5619 Pater
2569 5575 2680 5617 non
2702 5560 2789 5614 est
2807 5555 2904 5628 qui
2920 5553 3233 5621 Filius,nec
3248 5546 3426 5604 Filius
3444 5547 3534 5602 est
3555 5543 3654 5615 qui
3676 5542 3862 5608 Pater,

2164 5652 2530 5727 necSpiritus
2542 5650 2779 5708 sanctus
2792 5644 2981 5702 Patris
2993 5647 3050 5702 et
3070 5639 3198 5699 Filii
3220 5636 3474 5712 Spiritus
3487 5641 3580 5692 aut
3596 5632 3762 5688 Pater
3777 5632 3867 5684 est
