4146 6186
311 261 466 325 1683

310 403 413 453 aut
444 398 645 454 Filius.
678 396 922 452 Trinitas
958 412 1109 451 unus
1141 395 1290 450 Deus
1318 413 1329 449 :
1361 396 1617 451 Trinitas
1651 413 1764 450 una
1788 393 2016 450 :ctcrni—

311 494 423 556 tas,
457 505 573 543 una
608 492 881 559 potestas,
917 501 1035 540 una
1080 485 1359 554 majestas
1382 502 1395 551 ;
1419 489 1533 541 tres
1560 489 1603 553 ¹,
1636 485 1735 540 sed
1770 502 1879 539 non
1914 482 2015 538 dii.

314 584 436 633 Non
472 577 611 631 mihi
648 575 1037 631 calumniator
1067 575 1462 645 respondeat:
1497 575 1643 637 Quid
1680 589 1816 646 ergo
1860 570 2015 628 tres?

312 668 370 723 Si
404 668 557 723 enim
585 671 719 733 tres,
755 667 854 735 ait,
887 669 1108 735 Oportet
1132 666 1286 719 dicas
1312 664 1450 735 quid
1475 668 1611 721 tres.
1638 664 1975 734 Respondeo
2002 678 2015 715 :

314 758 478 813 Pater
507 763 561 812 et
590 756 767 811 Filius
799 760 853 811 et
889 754 1142 826 Spiritus
1174 759 1435 809 sanctus.
1471 758 1632 822 Ecce,
1661 752 1869 823 inquit.
1905 761 2016 807 tres

315 846 508 901 dixisti
537 871 550 913 ς
587 849 678 902 sed
716 844 855 916 quid
889 848 1005 900 tres
1029 844 1305 914 exprime.
1334 844 1457 899 Imo
1480 846 1541 898 tu
1566 859 1845 898 numera:
1884 857 2015 896 nam

315 951 421 1006 ego
452 935 714 1007 compleo
746 942 881 1001 tres,
916 950 1045 990 cum
1079 933 1226 1001 dico,
1261 932 1423 989 Pater
1454 937 1509 988 et
1542 932 1721 987 Filius
1747 934 1805 986 et
1834 928 2016 1001 Spiri-

315 1028 412 1079 tus
432 1030 687 1082 sanctus.
722 1026 779 1079 Id
803 1024 957 1079 enim
988 1024 1140 1095 quod
1173 1024 1341 1079 Pater
1371 1024 1440 1078 ad
1484 1037 1543 1078 so
1574 1026 1681 1087 est,
1716 1021 1866 1078 Deus
1899 1028 2015 1086 est;

316 1114 473 1185 quod
494 1116 561 1169 ad
584 1114 909 1179 Filiumest,
927 1116 1097 1169 Pater
1127 1119 1215 1169 est
1242 1115 1422 1185 :quod
1440 1112 1617 1169 Filius
1642 1114 1737 1168 sed
1763 1114 2015 1183 seipsum

314 1206 417 1267 est,
450 1203 603 1259 Deus
634 1208 718 1259 est
748 1220 761 1258 :
798 1204 949 1275 quod
982 1205 1050 1258 ad
1086 1204 1308 1259 Patrem
1332 1208 1440 1270 est,
1477 1202 1654 1258 Filius
1684 1210 1789 1258 est.

385 1294 437 1349 4.
472 1294 584 1349 Ista
606 1310 732 1365 quae
756 1295 884 1350 dico
908 1294 1148 1363 potestis
1191 1296 1261 1349 de
1308 1293 1794 1350 similitudinibus
1837 1308 2016 1363 agno-

316 1398 474 1439 scere
508 1382 883 1455 quotidianis.
910 1383 1091 1438 Homo
1124 1391 1174 1439 et
1215 1383 1358 1438 alter
1386 1383 1581 1449 homo,
1606 1382 1655 1437 si
1686 1381 1783 1437 ille
1814 1382 1885 1437 sit
1918 1398 2014 1453 pa-

312 1475 421 1538 ter,
451 1470 548 1525 ille
582 1470 735 1525 ﬁlius
768 1488 782 1538 ;
817 1471 967 1541 quod
993 1471 1163 1525 homo
1186 1474 1291 1535 est,
1316 1470 1387 1525 ad
1410 1470 1668 1540 seipsum
1690 1473 1779 1525 est
1809 1486 1823 1537 ;
1857 1470 2013 1539 quod

314 1568 471 1631 pater
495 1565 602 1629 est,
634 1561 702 1613 ad
743 1560 925 1615 ﬁlium
961 1564 1049 1615 est
1082 1575 1094 1612 :
1130 1564 1184 1614 et
1242 1560 1396 1615 ﬁlius
1420 1560 1573 1630 quod
1605 1558 1777 1614 homo
1800 1566 1906 1627 est,
1942 1558 2013 1614 ad

315 1650 575 1720 seipsum
608 1653 697 1703 est
726 1665 743 1702 .·
770 1650 918 1720 quod
963 1654 1157 1704 autem
1200 1648 1354 1705 ﬁlius
1383 1657 1485 1718 est,
1520 1648 1592 1704 ad
1642 1653 1864 1720 patrem
1907 1652 2014 1704 est.

312 1736 481 1794 Pater
510 1740 663 1794 enim
698 1756 907 1795 nomen
940 1745 1028 1794 est
1059 1740 1277 1795 dictum
1311 1740 1381 1794 ad
1426 1738 1733 1810 aliquid.et
1762 1739 1913 1794 ﬁlius
1944 1740 2015 1794 ad

311 1828 524 1900 aliquid
572 1845 585 1884 :
616 1830 715 1885 sed
750 1830 844 1885 isti
912 1831 1025 1885 duo
1075 1830 1342 1885 homines
1401 1835 1554 1885 sunt.
1586 1832 1657 1884 At
1688 1846 1817 1885 vero
1850 1831 2018 1885 Pater

308 1918 459 1975 Deus
490 1921 561 1976 ad
595 1920 811 1990 aliquid
845 1928 929 1977 est
961 1922 1146 1990 Pater,
1179 1922 1235 1976 id
1270 1925 1359 1977 est
1389 1921 1459 1976 ad
1486 1921 1727 1990 Filium;
1752 1926 1806 1977 et
1838 1922 2017 1977 Filius

309 2011 462 2065 Deus
491 2010 562 2065 ad
595 2010 812 2082 aliquid
839 2015 922 2066 est
950 2011 1143 2078 Filius,
1169 2011 1226 2065 id
1260 2018 1349 2067 est
1378 2011 1449 2066 ad
1484 2012 1703 2067 Patrem
1738 2028 1751 2065 :
1780 2014 1877 2067 sed
1902 2028 2016 2068 non

308 2101 828 2171 quomodoilliduo
847 2102 1113 2157 homines
1135 2106 1287 2169 sunt,
1323 2101 1407 2157 sic
1437 2101 1531 2157 isti
1560 2103 1673 2157 duo
1705 2103 1803 2159 dii.
1828 2104 2016 2167 Quare

309 2190 417 2247 hoc
450 2208 563 2247 non
600 2193 679 2247 ita
709 2198 797 2247 est
829 2191 952 2247 ibi?
982 2192 1280 2257 Quiaillud
1300 2192 1480 2262 aliud,
1510 2192 1617 2247 hoc
1639 2197 1833 2248 autem
1856 2192 2011 2248 aliud

310 2286 434 2336 est:
467 2280 605 2353 quia
634 2281 733 2339 illa
765 2282 1039 2338 divinitas
1061 2286 1166 2338 est.
1203 2282 1297 2337 Est
1328 2283 1405 2337 ibi
1446 2282 1668 2355 aliquid
1704 2282 2013 2349 ineffabile,

310 2372 463 2443 quod
498 2372 688 2431 verbis
716 2372 988 2444 explicari
1015 2390 1127 2430 non
1178 2373 1384 2445 possit,
1428 2378 1491 2428 ut
1520 2379 1576 2429 et
1607 2388 1889 2429 numerus
1921 2372 2012 2441 sit,

309 2469 367 2519 et
389 2479 669 2519 numerus
706 2479 817 2519 non
850 2464 944 2518 sit.
967 2463 1166 2519 Videte
1189 2463 1343 2518 enim
1368 2464 1557 2519 .sinon
1583 2464 1750 2535 quasi
1778 2470 2016 2535 apparet

305 2567 610 2619 numerus,
642 2553 810 2608 Pater
840 2561 891 2608 et
923 2553 1099 2608 Filius
1120 2558 1174 2608 et
1198 2554 1449 2625 Spiritus
1468 2559 1704 2609 sanctus
1734 2554 2011 2610 Trinitas.

304 2642 362 2695 Si
394 2647 526 2702 tres,
563 2642 702 2713 quid
727 2644 887 2698 tres?
917 2642 1121 2697 Deﬁcit
1152 2658 1452 2697 numerus.
1489 2644 1574 2698 Ita
1608 2644 1757 2697 Deus
1790 2659 1890 2697 nec
1923 2660 2014 2699 re-

304 2731 455 2786 cedit
486 2748 517 2785 a
548 2746 811 2800 numero,
845 2746 948 2786 nec
979 2731 1208 2801 capitur
1256 2747 1519 2789 numero.
1544 2731 1688 2795 Quia
1720 2738 1835 2788 tres
1856 2738 2013 2802 sunt,

305 2822 580 2890 tanquam
610 2823 697 2875 est
746 2835 1025 2875 numerus
1060 2836 1073 2874 :
1108 2822 1156 2875 si
1193 2821 1405 2890 quaeris
1446 2821 1586 2891 quid
1620 2826 1756 2887 tres,
1792 2839 1905 2877 non
1930 2826 2017 2878 est

305 2923 603 2963 numerus.
632 2907 794 2963 Unde
825 2910 1047 2964 dictum
1084 2912 1194 2977 est,
1220 2911 1447 2981 Magnus
1470 2911 1729 2967 Dominus
1761 2920 1945 2967 noster
1964 2918 2018 2968 et

304 3013 507 3065 magna
537 2997 711 3053 virtus
739 2999 876 3065 eius,
909 3004 960 3053 et
999 3000 1294 3069 sapientiae
1342 3002 1461 3071 ejus
1508 3017 1616 3056 non
1647 3009 1725 3056 est
1753 3017 2020 3057 numerus

306 3086 480 3154 (Psal.
539 3087 727 3151 xw,6.
759 3086 837 3157 5),
878 3085 979 3141 Ubi
1038 3087 1291 3159 cogitare
1348 3088 1615 3159 cceperis,
1659 3089 1870 3160 incipis
1901 3107 2019 3145 nu-

317 3191 534 3232 merere
567 3192 578 3230 :
605 3175 705 3230 ubi
739 3178 1154 3245 numeraveris,
1180 3176 1323 3248 quid
1356 3178 1749 3234 numeraveris
1771 3195 1883 3235 non
1920 3198 2016 3252 po-

308 3268 398 3320 tes
430 3265 797 3336 respondere.
834 3265 1018 3333 Pater,
1052 3266 1218 3321 Pater
1264 3274 1353 3323 est
1388 3283 1400 3333 ;
1436 3267 1638 3335 Filius,
1675 3268 1853 3324 Filius
1885 3275 2014 3341 est;

308 3354 559 3426 Spiritus
590 3360 853 3421 sanctus,
884 3356 1133 3427 Spiritus
1159 3362 1395 3412 sanctus
1418 3361 1505 3412 est
1534 3373 1545 3411 :
1572 3356 1727 3427 quod
1758 3363 1892 3413 sunt
1922 3358 2016 3416 isti

307 3449 447 3512 tres,
479 3446 645 3500 Pater
674 3454 726 3502 et
758 3445 940 3501 Filius
959 3450 1014 3500 et
1044 3447 1299 3516 Spiritus
1322 3451 1560 3502 sanctus
1582 3446 1744 3502 ?Non
1772 3449 2018 3505 tresdii?

306 3535 447 3590 Non.
475 3533 599 3590 Non
632 3538 750 3590 tres
793 3536 1266 3605 omnipotentes?
1299 3535 1448 3591 Non.
1485 3536 1607 3590 Non
1643 3540 1760 3591 tres
1810 3539 2015 3594 mundi

309 3631 597 3683 creatures
618 3624 645 3680 ?
675 3630 820 3681 Non.
854 3625 1001 3696 Ergo
1038 3627 1405 3697 omnipotens
1443 3627 1603 3684 Pater
1634 3630 2017 3702 Omnipotens

310 3716 503 3786 plane.
539 3718 684 3786 Ergo
736 3722 787 3770 et
842 3714 1017 3770 Filius
1060 3732 1171 3771 non
1205 3718 1613 3787 omnipotens?
1647 3717 1818 3774 Plane
1848 3727 1900 3775 et
1932 3720 2019 3774 Fi-

310 3804 427 3858 lius
457 3803 870 3873 omnipotens?
900 3805 1046 3875 Ergo
1069 3810 1124 3860 et
1143 3806 1393 3877 Spiritus
1425 3812 1662 3863 sanctus
1687 3825 1801 3865 non
1833 3808 2018 3865 omni-

314 3891 652 3961 potens?Et
685 3892 809 3961 ipse
848 3894 1239 3964 omnipotens.
1301 3896 1443 3950 Tres
1489 3912 1622 3967 ergo
1657 3898 2017 3969 omnipoten-

316 3985 400 4034 tes
430 3980 457 4031 ?
489 3976 634 4046 Non,
660 3979 761 4033 sed
794 3996 945 4034 unus
978 3982 1371 4051 omnipotens.
1409 3985 1520 4038 Hoc
1556 3986 1677 4040 solo
1711 4002 2017 4042 numerum

315 4068 618 4123 insinuant
641 4070 791 4139 quod
820 4070 887 4123 ad
915 4070 1158 4125 invicem
1185 4076 1343 4137 sunt,
1370 4089 1481 4127 non
1507 4074 1659 4144 quod
1685 4076 1753 4129 ad
1780 4092 1840 4130 se
1862 4082 2016 4131 sunt.

314 4156 459 4222 Quia
487 4159 641 4214 enim
674 4158 826 4215 Deus
859 4159 1021 4215 Pater
1050 4162 1118 4215 ad
1151 4178 1211 4216 se
1238 4168 1318 4216 est
1354 4166 1499 4217 Deus
1532 4164 1710 4218 simul
1734 4181 1858 4219 cum
1880 4165 2020 4222 Filio

318 4255 369 4304 et
415 4248 630 4320 Spiritu
665 4253 887 4314 sancto,
924 4267 1035 4306 non
1086 4258 1223 4306 sunt
1273 4259 1383 4307 tres
1419 4253 1536 4319 dii;
1571 4254 1709 4325 quia
1746 4256 1813 4310 ad
1844 4272 1905 4311 se
1937 4260 2025 4311 est

318 4339 689 4411 omnipotens
726 4340 901 4396 simul
936 4357 1066 4396 cum
1119 4340 1263 4397 Filio
1314 4350 1365 4397 et
1403 4343 1617 4414 Spiritu
1652 4349 1872 4413 sancto,
1907 4363 2022 4402 non

318 4433 459 4485 sunt
488 4434 606 4485 tres
636 4431 1059 4503 omnipotentes
1094 4447 1106 4484 :
1134 4430 1417 4503 quiajvero
1452 4449 1562 4487 non
1598 4434 1663 4487 ad
1708 4450 1769 4489 se
1800 4442 1883 4490 est
1915 4438 2023 4490 Pa-

319 4521 425 4588 ter,
454 4518 557 4573 sed
588 4519 658 4574 ad
710 4520 916 4575 Filium
945 4540 958 4589 ;
994 4538 1100 4576 nec
1150 4520 1328 4576 Filius
1361 4522 1431 4577 ad
1465 4538 1523 4577 se
1555 4527 1664 4593 est,
1694 4526 1790 4579 sed
1824 4526 1888 4580 ad
1924 4525 2027 4579 Pa-

318 4612 498 4664 trem:
538 4625 643 4663 nec
671 4610 919 4679 Spiritus
952 4612 1017 4665 ad
1052 4628 1136 4679 se,
1171 4611 1224 4666 in
1259 4628 1324 4667 eo
1358 4614 1511 4682 quod
1539 4612 1750 4669 dicitur
1778 4615 2025 4687 Spiritus

320 4696 505 4751 Patris
526 4700 582 4752 et
617 4696 774 4765 Filii;
803 4716 914 4755 non
945 4705 1031 4754 est
1060 4701 1192 4770 quid
1255 4701 1441 4756 dicam
1476 4706 1616 4772 tres,
1649 4702 1762 4759 nisi
1796 4704 2023 4761 Patrem

326 4791 382 4842 et
403 4786 608 4842 Filium
643 4792 698 4842 et
729 4788 1007 4860 Spiritum
1062 4796 1330 4844 sanctum
1396 4809 1578 4847 unum
1616 4798 1815 4860 Deum,
1844 4810 2021 4851 unum

324 4876 798 4948 omnipotentem.
832 4880 976 4950 Ergo
1008 4896 1190 4934 unum
1224 4880 1596 4950 principium.

394 4970 448 5024 5.
476 4968 731 5040 Accipite
764 4967 981 5041 aliquid
1010 4970 1079 5024 de
1110 4969 1421 5040 Scripturis
1453 4972 1689 5041 sanctis,
1726 4975 1877 5029 unde
1918 4974 2026 5030 hoc

326 5057 477 5128 quod
493 5055 703 5112 dicitur
724 5058 1315 5127 utcumquecapiatis.
1344 5061 1722 5129 Posteaquam
1747 5060 2027 5118 Dominus

328 5152 517 5201 noster
578 5145 747 5201 Jesus
804 5146 1073 5201 Christus
1131 5145 1461 5215 resurrexit,
1529 5150 1583 5200 et
1648 5163 1780 5202 cum
1850 5150 2029 5205 voluit

328 5235 587 5289 ascendit
617 5236 672 5291 in
708 5234 937 5303 cmlum,
974 5236 1170 5291 decem
1194 5233 1396 5289 diebus
1430 5234 1547 5289 illic
1580 5234 1836 5307 impletis
1870 5238 2029 5293 misit

327 5318 463 5374 inde
494 5321 764 5391 Spiritum
796 5331 1105 5381 sanctum:
1139 5342 1250 5398 quo
1301 5324 1520 5396 impleti
1555 5321 1665 5395 lqui
1698 5327 1937 5383 aderant
1968 5327 2025 5382 in

397 5496 409 5528 ¹
436 5494 590 5555 Editi,
624 5504 725 5544 tres
752 5515 996 5569 personae.
1029 5506 1109 5554 At.
1134 5506 1255 5569 Mss.
1290 5518 1474 5555 omnes
1508 5509 1688 5556 carent
1711 5518 2032 5569 voce,perso-

326 5569 406 5606 me
426 5572 457 5628 ε.
474 5570 697 5619 eamque
722 5570 952 5632 expungi
983 5568 1338 5618 Lovanienses
1358 5571 1411 5617 in
1434 5568 1885 5632 Castigationibus
1902 5568 2030 5618 tomi

328 5632 459 5671 nom
493 5630 872 5683 praeceperant.

1258 262 1337 320 IN
1382 257 1711 361 JOANNI’S
1756 255 2300 330 EVANGELIUM,
2348 258 2412 317 S.
2460 254 2881 320 AUGUSTINI

3670 260 3827 323 1684

2125 392 2385 448 conclavi
2423 410 2557 459 uno,
2589 396 2849 450 omnium
2879 393 3141 466 gentium
3181 393 3401 465 linguis
3425 405 3722 468 coeperunt
3747 397 3835 452 lo-

2125 483 2246 555 qui.
2274 483 2552 539 Miraculo
2575 484 2831 540 exterriti
2858 483 3079 539 Domini
3104 484 3523 553 interfectores,
3554 501 3839 559 compun-

2127 574 2201 627 cti
2236 573 2569 641 doluerunt,
2597 573 2860 630 dolentes
2912 574 3109 629 mutati
3156 578 3308 642 sunt,
3336 576 3541 631 mutati
3573 577 3838 632 credide—

2128 664 2299 718 runt:
2346 668 2719 718 accesserunt
2776 662 3000 734 corpori
3061 662 3389 731 Domini,id
3448 668 3535 720 est
3590 681 3835 722 numero

2127 750 2408 819 ﬁdelium,
2435 752 2546 807 tria
2572 752 2754 807 millia
2772 752 3098 808 hominum.
3124 751 3265 807 Item
3284 752 3397 810 alio
3416 754 3563 810 facto
3588 755 3833 824 quodam

2126 841 2427 909 miraculo,
2459 848 2829 899 accesserunt
2877 843 2989 898 alia
3022 842 3282 915 quinque
3315 842 3533 913 millia;
3573 846 3720 900 facta
3749 852 3837 902 est

2126 931 2286 1003 plebs
2319 949 2435 987 una
2466 949 2579 988 non
2615 949 2785 1003 parva
2823 950 2836 987 :
2870 933 2928 988 in
2965 949 3082 1004 qua
3121 949 3326 989 omnes
3358 939 3593 1006 accepto
3623 935 3833 1006 Spiritu

2124 1026 2345 1089 sancto,
2379 1038 2493 1093 quo
2516 1039 2680 1078 amor
2724 1021 3048 1091 spiritualis
3089 1038 3370 1079 accensus
3402 1027 3512 1087 est,
3545 1022 3834 1081 charitats

2124 1111 2250 1182 ipsa
2280 1116 2336 1167 et
2368 1113 2587 1169 fervore
2615 1112 2853 1184 spiritus
2880 1111 2937 1167 in
2975 1129 3153 1168 unum
3189 1114 3422 1180 redacti,
3452 1119 3753 1185 coeperunt
3775 1115 3834 1170 in

2124 1200 2253 1273 ipsa
2282 1200 2573 1257 societatis
2614 1202 2833 1258 unitate
2855 1203 3105 1259 vendere
3136 1202 3333 1258 omnia
3362 1219 3489 1274 qua
3517 1203 3836 1273 habebant,

2124 1295 2181 1345 et
2212 1291 2397 1362 pretia
2418 1307 2631 1363 ponere
2653 1293 2720 1347 ad
2756 1291 2930 1364 pedes
2961 1290 3396 1364 Apostolorum,
3432 1297 3495 1348 ut
3524 1292 3837 1349 distribue-

2125 1384 2282 1436 retur
2311 1382 2647 1453 unicuique,
2676 1383 2824 1438 sicut
2880 1382 3085 1454 cuique
3128 1399 3274 1453 opus
3328 1386 3469 1439 erat.
3511 1383 3580 1439 Et
3625 1383 3729 1439 hoc
3765 1385 3839 1439 de

2125 1470 2239 1525 illis
2273 1470 2575 1542 Scriptura
2604 1471 2763 1538 dicit,
2807 1471 2961 1544 quod
2994 1479 3114 1526 erat
3154 1474 3237 1527 eis
3283 1472 3477 1527 anima
3507 1489 3616 1527 una
3663 1476 3717 1527 et
3745 1487 3841 1527 eor

2124 1576 2295 1615 unum
2328 1561 2385 1614 in
2418 1562 2583 1615 Deum
2613 1562 2756 1630 (Act.
2786 1560 2960 1632 ιι-ιν).
2996 1560 3287 1616 Attendite
3324 1576 3482 1632 ergo,
3518 1562 3744 1630 fratres,
3780 1565 3841 1617 et

2126 1648 2261 1705 hinc
2294 1650 2591 1721 agnoscite
2624 1651 2959 1722 mysterium
3001 1650 3320 1719 Trinitatis,
3353 1651 3645 1722 quomodo
3675 1653 3841 1707 dica-

2126 1755 2282 1806 mus,
2314 1739 2384 1794 Et
2414 1740 2581 1795 Pater
2612 1744 2722 1805 est,
2752 1745 2808 1795 et
2842 1738 3019 1794 Filius
3066 1744 3172 1811 est,
3221 1743 3279 1795 et
3308 1739 3561 1811 Spiritus
3601 1746 3847 1797 sanctus

2125 1834 2237 1897 est,
2270 1833 2325 1884 et
2355 1833 2548 1884 tamen
2582 1846 2735 1885 unus
2762 1830 2908 1883 Deus
2931 1833 3037 1898 est,
3064 1827 3299 1884 Ecceilli
3326 1833 3407 1884 tot
3434 1829 3618 1885 millia
3648 1840 3839 1897 erant,

2126 1924 2182 1975 et
2212 1935 2310 1974 cor
2342 1934 2520 1974 unum
2554 1921 2720 1988 erat;
2752 1934 2882 1973 eccc
2934 1922 3018 1974 tot
3050 1916 3233 1973 millia
3259 1922 3445 1988 erant,
3478 1924 3532 1973 et
3564 1936 3680 1974 una
3712 1919 3844 1974 ani-

2127 2025 2223 2064 ma
2252 2016 2389 2065 erat.
2426 2010 2533 2065 Sed
2570 2008 2718 2064 ubi?
2750 2008 2811 2064 In
2846 2013 2975 2065 Deo.
3013 2008 3241 2074 Quanto
3275 2008 3462 2079 magis
3494 2008 3616 2080 ipse
3649 2007 3842 2065 Deus?

2125 2099 2422 2170 Numquid
2446 2114 2571 2155 erro
2603 2100 2659 2153 in
2692 2098 2884 2165 verbo,
2928 2100 3163 2171 quando
3214 2098 3343 2154 dico
3393 2097 3540 2153 duos
3569 2098 3844 2155 homines

2126 2192 2267 2245 duas
2296 2188 2546 2258 animas,
2580 2193 2680 2244 aut
2710 2192 2828 2245 tres
2859 2188 3131 2245 homines
3153 2193 3268 2244 tres
3295 2188 3542 2259 animas,
3567 2191 3846 2245 autmul-

2124 2283 2217 2335 tos
2247 2278 2516 2335 homines
2540 2277 2756 2334 multas
2772 2279 3001 2335 animas
3018 2278 3046 2333 Ἰ
3070 2278 3244 2334 Recte
3268 2279 3473 2350 utique
3492 2279 3644 2334 dico.
3670 2280 3849 2334 Acce-

2123 2369 2263 2424 dant
2293 2370 2361 2423 ad
2395 2367 2602 2435 Deum,
2634 2384 2752 2423 una
2781 2368 2979 2424 anima
3001 2372 3090 2424 est
3119 2367 3399 2423 omnium.
3423 2367 3483 2423 Si
3502 2368 3848 2425 accedentes

2126 2459 2197 2513 ad
2230 2458 2435 2529 Deum,
2468 2458 2666 2513 multa;
2717 2457 2926 2514 animas
2978 2474 3079 2530 per
3123 2456 3461 2513 charitatem
3496 2472 3609 2512 una
3640 2458 3845 2514 anima

2123 2552 2231 2617 est,
2264 2552 2320 2603 et
2354 2546 2533 2603 multa
2583 2547 2758 2603 corda
2806 2563 2989 2603 unum
3023 2563 3158 2614 cor;
3209 2546 3347 2618 quid
3402 2546 3521 2618 agit
3554 2546 3678 2617 ipse
3716 2547 3853 2603 fons

2125 2638 2421 2694 charitatis
2452 2639 2508 2693 in
2544 2637 2707 2694 Patre
2736 2644 2792 2694 et
2821 2638 2964 2694 Filio
2986 2638 3014 2693 ?
3043 2639 3244 2694 Nonne
3268 2638 3345 2693 ibi
3371 2638 3553 2708 magis
3584 2638 3849 2695 Trinitas

2128 2744 2276 2784 unus
2334 2733 2421 2784 est
2480 2729 2629 2784 Deus
2652 2729 2679 2783 ?
2710 2728 2847 2785 Inde
2878 2729 3035 2784 enim
3072 2728 3237 2784 nobis
3268 2728 3522 2784 charitas
3553 2728 3733 2794 venit,
3768 2728 3848 2785 de

2125 2820 2247 2891 ipso
2276 2820 2496 2892 Spiritu
2554 2824 2776 2888 sancto,
2825 2820 2979 2876 sicut
3018 2820 3160 2875 dicit
3188 2820 3497 2891 Apostolus
3532 2835 3545 2873 :
3591 2819 3849 2875 Charitas

2133 2910 2234 2966 Dei
2268 2910 2468 2981 diﬂusa
2509 2914 2584 2965 est
2612 2910 2670 2965 in
2719 2909 2973 2965 cordibus
3021 2911 3221 2964 nostris
3271 2925 3368 2981 per
3408 2910 3679 2981 Spiritum
3714 2926 3853 2964 san-

2125 3008 2274 3056 ctum
2319 3002 2415 3071 qui
2442 2999 2599 3055 datus
2637 3007 2714 3055 est
2751 2998 2904 3054 nobis
2935 3000 3109 3069 (Rom.
3144 3015 3198 3065 v,
3229 3000 3305 3069 5).
3347 2998 3405 3053 Si
3438 3014 3570 3069 ergo
3599 2998 3856 3053 Charitas

2130 3090 2229 3145 Dei
2248 3088 2448 3161 diffusa
2472 3088 2530 3144 in
2557 3088 2809 3144 cordibus
2831 3088 3033 3143 nostris
3052 3104 3152 3160 per
3170 3088 3440 3159 Spiritum
3463 3093 3721 3143 sanctum
3745 3088 3854 3159 qui

2126 3180 2280 3234 datus
2312 3188 2388 3235 est
2428 3179 2601 3241 nobis,
2639 3180 2849 3235 multas
2880 3179 3110 3235 animas
3141 3177 3470 3234 tacitunam
3492 3176 3851 3247 animam,et

2130 3269 2313 3325 multa
2345 3269 2520 3325 corda
2553 3268 2688 3324 facit
2721 3284 2897 3323 unum
2952 3285 3083 3337 cor;
3117 3271 3336 3339 quanto
3370 3267 3551 3340 magis
3584 3267 3752 3323 Pater
3784 3272 3849 3323 et

2129 3360 2307 3416 Filius
2338 3365 2393 3416 et
2423 3360 2669 3431 Spiritus
2714 3364 2973 3428 sanctus,
3010 3359 3159 3415 Deus
3211 3375 3381 3424 unus,
3404 3357 3603 3414 lumen
3627 3374 3849 3424 unum,

2132 3467 2432 3519 unumque
2464 3449 2813 3522 principium
2837 3450 2864 3504 τ

2197 3558 2252 3612 6.
2282 3557 2607 3611 Audiamus
2637 3572 2774 3628 ergo
2798 3555 3149 3627 principium
3185 3556 3335 3627 quod
3369 3554 3625 3627 loquitur
3646 3556 3850 3612 nobis.

2127 3647 2315 3713 Multa,
2339 3646 2551 3718 inquit,
2584 3646 2760 3701 habeo
2789 3646 2940 3717 loqui
2975 3645 3040 3702 de
3064 3646 3213 3701 vobis
3241 3650 3291 3700 et
3322 3644 3590 3710 iudicare.
3628 3644 3847 3701 Memi-

2128 3736 2300 3792 nistis
2318 3737 2471 3807 quod
2506 3735 2583 3791 ait
2615 3751 2628 3790 :
2665 3738 2769 3807 Ego
2800 3752 2906 3791 non
2930 3735 3122 3807 judico
3142 3751 3466 3808 quemquam
3497 3735 3683 3805 (Joan.
3716 3753 3850 3802 vm,

2131 3827 2255 3896 t5):
2291 3841 2424 3881 ecce
2470 3825 2641 3880 modo
2689 3825 2849 3892 dicit,
2911 3824 3077 3881 Multa
3123 3824 3293 3881 habeo
3321 3824 3389 3880 de
3424 3825 3575 3880 vobis
3605 3824 3763 3896 loqui
3795 3833 3853 3882 et

2118 3915 2393 3987 judicare.
2429 3915 2541 3971 Sed
2564 3915 2723 3971 aliud
2754 3924 2859 3983 est,
2884 3932 2989 3972 non
3014 3915 3242 3986 judico;
3291 3915 3472 3983 aliud,
3492 3916 3660 3971 habeo
3682 3916 3853 3987 judi-

2128 4021 2273 4063 care.
2307 4006 2422 4061 Non
2444 4006 2656 4075 judico,
2691 4004 2835 4060 dixit
2864 4007 2930 4061 ad
2986 4021 3275 4074 prresens;
3314 4014 3541 4061 venerat
3584 4006 3742 4061 enim
3787 4011 3857 4062 ut

2128 4094 2373 4149 salvaret
2397 4094 2702 4159 mundum,
2738 4111 2850 4149 non
2882 4100 2945 4149 ut
2968 4094 3257 4164 judicaret
3290 4094 3568 4149 mundum
3603 4093 3705 4163 (Id.
3739 4112 3854 4163 xu,

2134 4183 2220 4253 47)
2252 4200 2265 4238 :
2300 4184 2453 4254 quod
2487 4188 2680 4238 autem
2710 4182 2872 4243 dicit.
2906 4182 3073 4237 Multa
3117 4183 3289 4237 habeo
3338 4182 3404 4237 de
3431 4183 3583 4238 vobis
3616 4183 3777 4253 loqui
3804 4194 3863 4241 et

2133 4270 2709 4341 judicare,judicium
2733 4272 2996 4327 futurum
3028 4271 3188 4327 dicit.
3224 4272 3355 4327 Ideo
3375 4271 3529 4327 enim
3552 4274 3861 4345 ascendit,

2136 4370 2196 4416 ut
2226 4361 2419 4417 veniat
2440 4361 2703 4430 judicare
2734 4360 2895 4417 vivos
2926 4370 2975 4416 et
3000 4365 3283 4417 mortuos.
3308 4360 3486 4417 Nemo
3509 4360 3733 4431 justius
3752 4364 3861 4433 ju-

2136 4451 2370 4518 dicabit,
2406 4467 2575 4521 quam
2610 4450 2709 4521 qui
2737 4449 3265 4520 injustejudicatus
3283 4453 3387 4505 est.
3412 4450 3604 4519 Multa,
3626 4450 3860 4522 inquit,

2135 4540 2303 4596 habeo
2332 4542 2397 4596 de
2424 4542 2569 4595 vobis
2592 4541 2747 4610 loqui
2773 4549 2822 4594 et
2830 4540 3084 4611 judicare
3104 4539 3232 4595 :sed
3265 4541 3361 4610 qui
3382 4554 3467 4595 me
3485 4539 3659 4609 misit,
3672 4556 3864 4597 vera:

2132 4638 2232 4687 est.
2266 4629 2467 4685 Videte
2499 4630 2993 4700 quemadmodum
3019 4628 3173 4685 Patri
3203 4630 3295 4684 det
3317 4629 3557 4700 gloriam
3592 4631 3853 4700 aequalis

2133 4719 2336 4776 Filius.
2368 4717 2711 4790 Exemplum
2734 4719 2888 4775 enim
2920 4718 3087 4775 nobis
3120 4718 3356 4790 praebet,
3378 4721 3437 4775 et
3482 4721 3773 4789 tanquam
3798 4720 3862 4776 in

2136 4809 2407 4866 cordibus
2441 4808 2651 4864 nostris
2683 4808 2975 4879 loquitur:
3000 4808 3045 4863 Ο
3072 4807 3245 4863 homo
3276 4807 3557 4877 ﬁdelis,si
3588 4809 3863 4880 Evange—

2136 4898 2277 4954 lium
2305 4914 2497 4954 meum
2531 4898 2718 4958 sudis,
2752 4897 2893 4952 dicit
2926 4896 3027 4952 tibi
3062 4897 3345 4952 Dominus
3384 4900 3535 4951 Deus
3568 4905 3723 4963 tuus,
3750 4899 3859 4953 ubi

2136 5005 2240 5060 ego
2274 4989 2330 5043 in
2367 4988 2654 5059 principio
2688 4988 2939 5042 Verbum
2973 4986 3125 5042 Deus
3178 4986 3332 5058 apud
3366 4987 3569 5053 Deum,
3606 4988 3862 5057 aequalis

2137 5078 2313 5145 Patri,
2374 5080 2691 5132 coaeternus
2746 5076 3005 5148 gignenti
3056 5075 3125 5131 de
3165 5074 3407 5146 gloriam
3429 5074 3481 5131 ei
3512 5075 3680 5145 cujus
3711 5092 3858 5131 sum

2139 5166 2319 5222 Filius
2343 5182 2357 5233 ;
2384 5166 2676 5238 quomodo
2707 5170 2768 5221 tu
2803 5166 3089 5237 superbus
3120 5181 3180 5221 es
3202 5164 3480 5221 adversus
3511 5179 3645 5221 cum
3675 5166 3862 5235 cujus

2137 5271 2333 5310 servus
2364 5271 2423 5310 es
2442 5254 2471 5308 ?

2206 5355 2261 5408 7.
2295 5354 2461 5409 Multa
2494 5352 2684 5421 habeo,
2717 5352 2928 5424 inquit,
2952 5354 3020 5408 de
3071 5350 3220 5407 vobis
3270 5350 3425 5421 loqui
3452 5352 3504 5404 et
3542 5347 3810 5420 judicare
3840 5368 3862 5408 :

2136 5444 2227 5497 sed
2257 5444 2353 5513 qui
2382 5458 2468 5498 me
2498 5442 2673 5512 misit,
2703 5458 2872 5497 verax
2900 5451 2975 5497 est
3002 5459 3020 5497 :
3053 5445 3331 5512 tanquam
3354 5436 3589 5503 diceret,
3612 5437 3743 5494 Ideo
3771 5456 3869 5494 ve-

2140 5548 2268 5587 rum
2289 5533 2509 5601 judico,
2543 5533 2679 5603 quia
2711 5533 2890 5587 Filius
2920 5531 3143 5587 veracis
3173 5528 3381 5584 veritas
3404 5541 3555 5581 sum.
3581 5526 3868 5586 Patcrve-

2141 5637 2243 5677 rax
2278 5621 2459 5677 Filius
2488 5622 2718 5690 veritas,
2752 5622 2883 5692 quid
2912 5624 3188 5693 putamus
3241 5631 3366 5674 esse
3413 5614 3719 5686 amplius?
3746 5618 3871 5675 Co-
