4146 6186
329 244 476 304 1685

1511 258 1980 320 TRACTATIIS
2025 259 2145 320 XL.
2194 260 2445 323 CAPUT
2493 260 2652 322 VIII.

3683 270 3835 328 1686

310 375 561 474 gitemus
585 379 632 434 si
659 381 975 454 possimus,
1006 386 1138 455 quid
1163 391 1252 443 est
1283 389 1557 459 amplius,
1578 409 1749 448 verax
1773 410 1844 448 an
1870 394 2019 448 veri-
2128 395 2250 465 jam
2286 395 2539 465 percepit
2570 397 2904 463 veritatem;
2940 398 3096 452 aliud
3132 402 3240 464 est,
3279 402 3456 454 Verax
3503 401 3668 467 Deus,
3695 404 3832 474 quia

307 471 416 518 tas.
451 465 531 521 De
565 468 921 538 quibusdam
955 489 1286 544 qureramus
1344 478 1480 534 Pius
1512 479 1684 536 homo
1732 481 1862 553 plus
1907 486 2015 548 est,

312 569 383 607 an
416 555 602 624 pictas
625 558 774 615 ?Sed
810 561 940 631 plus
973 569 1062 619 est
1086 564 1213 636 ipsa
1234 566 1419 637 pietas
1452 585 1466 624 :
1503 569 1636 639 pius
1668 573 1818 626 enim
1844 590 1872 625 a
1896 572 2016 643 pie-

311 648 447 712 tate,
486 664 601 702 non
634 652 817 720 pietas
847 671 877 706 a
908 654 1021 724 pio.
1057 655 1251 711 Potest
1282 658 1436 713 enim
1489 675 1614 716 esse
1666 661 1871 732 pietas,
1907 661 2015 716 etsi

304 732 399 790 ille
423 739 522 807 qui
545 739 677 809 pius
699 745 840 811 erat,
863 743 1042 799 factus
1061 749 1146 801 est
1164 747 1396 818 impius.
1419 750 1544 820 Ipse
1563 753 1811 822 perdidit
1835 752 2016 824 pieta-

303 828 441 893 tem,
476 829 673 898 pietati
710 832 853 888 nihil
887 835 1147 891 abstulit.
1170 839 1311 906 Quid
1343 839 1482 896 item
1518 842 1758 912 pulcher
1788 848 1843 898 et
1883 844 2014 914 pul-

301 915 618 974 chritudo?
658 921 790 978 Plus
834 927 923 980 est
952 926 1325 996 pulchritudo
1359 946 1533 1001 quam
1566 931 1805 1002 pulcher
1837 951 1850 989 :
1886 934 2014 1002 pul-

299 1003 569 1064 chritudo
598 1011 754 1066 enim
778 1012 915 1068 facit
945 1014 1281 1086 pulchrum,
1307 1035 1421 1075 non
1456 1019 1700 1091 pulcher
1731 1022 1865 1076 facit
1887 1023 2015 1093 pul-

301 1095 747 1156 chritudinem?
777 1102 980 1160 Castus
1008 1109 1066 1160 et
1097 1108 1332 1164 castitas
1355 1109 1382 1164 ?
1411 1110 1656 1167 Castitas
1684 1110 1852 1183 plane
1881 1113 2012 1185 plus

297 1186 582 1254 estquam
605 1192 822 1244 castus.
845 1190 902 1246 Si
920 1193 1076 1248 enim
1100 1196 1337 1252 castitas
1362 1213 1475 1252 non
1509 1206 1678 1265 esset,
1726 1201 1878 1254 unde
1921 1217 2010 1256 cs-

297 1276 387 1326 set
417 1275 521 1328 iste
553 1284 770 1345 castus,
807 1296 921 1335 non
954 1281 1195 1340 haberet
1225 1300 1238 1339 :
1274 1285 1322 1340 si
1353 1291 1546 1342 autem
1584 1287 1834 1344 noluerit
1884 1305 2010 1345 esse

301 1367 524 1430 castus,
556 1368 798 1424 castitas
830 1370 1056 1444 integra
1083 1381 1427 1444 perseverat.
1463 1379 1522 1433 Si
1553 1393 1686 1449 ergo
1718 1380 1846 1449 plus
1889 1380 2009 1450 pie-

299 1457 390 1507 tas
415 1472 592 1525 quam
628 1460 773 1528 pius,
799 1460 932 1532 plus
966 1464 1337 1535 pulchritudo
1370 1486 1542 1540 quam
1589 1471 1845 1541 pulcher,
1882 1471 2010 1542 plus

294 1543 537 1600 castitas
570 1561 741 1616 quam
772 1556 1001 1619 castus;
1043 1558 1329 1627 numquid
1380 1559 1588 1614 dicturi
1643 1577 1848 1615 sumus
1882 1560 2009 1631 plus

297 1634 509 1688 veritas
540 1651 714 1705 quam
751 1642 971 1696 verax?
999 1644 1056 1697 Si
1091 1644 1197 1700 hoc
1232 1647 1572 1715 dixerimus,
1620 1650 1831 1704 Filium
1867 1649 2010 1705 inci-

289 1720 522 1810 piemus
554 1724 743 1783 dicere
782 1729 944 1786 Patre
985 1735 1287 1804 majorem.
1330 1736 1423 1791 Ait
1459 1739 1614 1794 enim
1639 1739 2008 1810 apertissime

292 1809 421 1882 ipse
477 1812 926 1889 Dominus:Ego
969 1838 1111 1893 sum,
1135 1826 1224 1879 via
1263 1831 1316 1881 et
1359 1830 1578 1895 veritas,
1604 1835 1657 1884 et
1679 1809 1796 1885 uita
1827 1829 2006 1900 (Joan.

291 1917 412 1970 xiv,
444 1903 520 1974 6).
547 1904 694 1978 Ergo
721 1908 768 1962 si
813 1909 991 1967 Filius
1035 1915 1281 1982 veritas;
1311 1919 1474 1972 Pater
1504 1917 1666 1988 quid,
1707 1917 1816 1973 nisi
1849 1918 1999 1989 quod

291 1991 370 2046 ait
407 1990 535 2063 ipsa
557 1995 786 2065 veritas,
812 1998 921 2067 Qui
949 2017 1034 2056 me
1061 2004 1228 2072 misit,
1255 2020 1422 2062 verax
1441 2009 1557 2063 est?
1573 2006 1752 2063 Filius
1771 2008 2000 2076 veritas,

292 2083 465 2167 Pater
485 2097 656 2140 verax
690 2102 704 2139 :
739 2086 875 2158 quid
907 2089 1038 2161 plus
1087 2093 1160 2148 sit
1219 2110 1432 2165 quaero,
1468 2097 1568 2152 sed
1619 2097 2003 2167 aequalitatem

293 2166 546 2227 invenio.
583 2172 762 2231 Verax
791 2179 944 2233 enim
978 2179 1144 2238 Pater
1174 2198 1288 2238 non
1320 2184 1390 2239 ab
1432 2201 1496 2241 ea
1544 2166 1787 2242 veritate
1836 2202 2004 2242 verax

290 2267 374 2315 est
405 2263 576 2332 cujus
609 2271 836 2336 partem
871 2271 1044 2342 cepit,
1073 2274 1172 2328 sed
1207 2290 1378 2345 quam
1413 2280 1590 2332 totam
1625 2278 1848 2348 genuit.

362 2353 415 2408 8.
449 2352 628 2411 Video
659 2356 894 2428 planius
924 2377 1053 2418 esse
1100 2363 1438 2423 dicendum.
1483 2365 1549 2422 Et
1588 2372 1743 2424 certe
1792 2385 1862 2424 ne
1903 2384 2003 2425 vos

288 2441 386 2497 diu
417 2445 674 2514 teneam,
706 2447 874 2505 hodie
905 2449 1020 2508 huc
1056 2470 1242 2525 usque
1280 2459 1562 2512 tractetur
1593 2474 1607 2513 :
1642 2475 1772 2514 cum
1799 2458 2003 2515 finiero

289 2532 444 2603 quod
478 2533 605 2590 volo
636 2535 847 2600 dicere.
878 2541 1192 2612 adiuvante
1245 2543 1379 2611 Deo,
1431 2564 1623 2604 sermo
1674 2549 2001 2605 claudatur.

291 2620 404 2676 Hoc
425 2622 556 2678 ideo
580 2625 720 2696 dixi,
746 2635 806 2683 ut
828 2629 1085 2688 intentos
1124 2650 1226 2690 vos
1265 2635 1536 2692 facerem.
1565 2637 1770 2694 Omnis
1812 2638 2004 2694 anima

292 2711 561 2780 quoniam
595 2730 687 2771 res
719 2724 804 2772 est
837 2721 1151 2791 mutabilis,
1185 2728 1241 2780 et
1289 2727 1557 2796 quamvis
1582 2743 1790 2797 magna
1840 2743 2003 2782 crea-

298 2805 450 2872 tura,
467 2809 663 2863 tamen
678 2815 976 2883 creatura;
1001 2816 1270 2885 quamvis
1284 2833 1521 2888 corpore
1544 2816 1763 2883 melior,
1806 2822 2002 2873 tamen

299 2890 448 2950 facta
472 2910 486 2949 :
511 2897 705 2955 omnis
727 2916 859 2970 ergo
883 2903 1081 2959 anima
1114 2907 1389 2975 quoniam
1426 2907 1724 2962 mulabilis
1764 2909 1870 2977 est,
1895 2906 2005 2962 hoc

298 2987 405 3052 est,
431 2987 602 3043 modo
624 2991 825 3058 credit,
847 2994 1016 3049 modo
1040 3011 1153 3051 non
1177 2997 1396 3064 credit;
1439 2997 1611 3053 modo
1657 2997 1798 3066 vult,
1833 2997 2005 3053 modo

296 3088 408 3128 non
461 3074 618 3146 vult;
679 3079 851 3136 modo
910 3080 1176 3140 adultera
1223 3089 1334 3153 est,
1369 3085 1540 3142 modo
1595 3089 1789 3141 casta:
1834 3085 2004 3142 modo

294 3160 464 3230 bona,
500 3165 672 3222 modo
707 3166 896 3237 mala;
931 3171 1233 3229 mutabilis
1283 3181 1407 3230 est:
1442 3173 1595 3230 Deus
1654 3177 1847 3230 autem
1897 3174 2005 3231 hoc

292 3255 376 3306 est
396 3253 552 3323 quod
575 3255 856 3324 est;ideo
897 3261 1195 3332 proprium
1239 3279 1451 3319 nomen
1490 3264 1600 3320 sibi
1653 3265 1862 3332 tenuit,
1895 3266 2004 3336 Ego

290 3355 408 3394 sum
456 3344 554 3412 qui
599 3359 726 3400 sum
770 3346 970 3416 (Exod.
1005 3366 1088 3418 ιιι,
1113 3351 1221 3422 14).
1253 3351 1369 3408 Ηοο
1393 3358 1482 3409 est
1501 3353 1703 3421 Filius,
1738 3352 2000 3421 dicendo,

291 3429 412 3486 Nisi
428 3432 778 3490 credideritis
806 3440 933 3508 quia
966 3454 1061 3508 ego
1090 3456 1211 3496 sum
1240 3458 1262 3498 :
1293 3443 1363 3498 ad
1389 3442 1494 3499 hoc
1533 3444 1780 3513 pertinet
1808 3447 1886 3510 et,
1931 3443 2005 3498 Tu

295 3523 410 3590 quis
434 3525 536 3578 es?
575 3523 921 3598 Principium
957 3529 1139 3599 (Joan.
1201 3549 1324 3599 vm,
1381 3532 1588 3604 24-25).
1629 3533 1782 3590 Deus
1827 3533 2006 3605 igitur

296 3609 796 3670 incommutabilis
828 3622 934 3684 est,
967 3621 1167 3675 anima
1214 3621 1531 3678 mutabilis.
1566 3624 1803 3688 Quando
1853 3621 2008 3694 capit

299 3701 576 3757 animaex
608 3707 719 3760 Deo
753 3706 906 3763 unde
928 3708 1006 3764 sit
1039 3711 1210 3777 bona,
1245 3710 1644 3782 participando
1695 3713 1759 3769 ﬁt
1804 3713 1958 3769 bona
1988 3726 2004 3767 :

299 3793 587 3862 quomodo
613 3797 751 3851 tuus
773 3797 978 3855 oculus
1001 3800 1400 3872 participando
1424 3802 1597 3858 videt.
1617 3805 1758 3860 Nam
1786 3804 2006 3862 lumine

300 3881 600 3940 subtracto
625 3901 738 3942 non
762 3887 934 3957 videt,
959 3891 1129 3961 cujus
1149 3891 1438 3963 particeps
1463 3893 1648 3950 factus
1671 3894 1841 3950 videt.
1864 3894 2009 3958 Quia

299 3985 430 4040 ergo
452 3973 655 4030 anima
687 3976 1093 4049 participando
1124 3980 1192 4034 fit
1222 3979 1391 4053 bona,
1425 3981 1474 4037 si
1507 3988 1732 4040 mutata
1776 3984 2010 4056 cmperit

299 4074 417 4116 esse
451 4063 627 4132 mala,
661 4065 892 4123 bonitas
922 4075 1116 4125 manet
1138 4071 1310 4142 cujus
1348 4078 1475 4128 erat
1511 4075 1799 4146 particeps
1833 4077 2007 4132 bona.

297 4149 578 4210 Bonitatis
600 4154 756 4211 enim
776 4157 1080 4227 cujusdam
1106 4161 1396 4234 particeps
1421 4163 1571 4218 facta
1591 4167 1678 4220 est
1700 4181 1830 4220 cum
1858 4166 2009 4221 bona

294 4249 441 4296 esset
467 4259 481 4309 ;
506 4257 626 4313 qua
647 4250 867 4302 mutata
888 4247 947 4302 in
971 4249 1160 4320 pejus,
1183 4250 1411 4323 integra
1431 4253 1660 4308 bonitas
1685 4259 2003 4324 permanet.

293 4328 349 4385 Si
372 4333 604 4388 recedat
637 4334 833 4391 anima
861 4343 913 4393 et
948 4337 1102 4394 male
1134 4340 1257 4406 ﬁat,
1294 4357 1408 4397 non
1444 4342 1726 4399 minuitur
1747 4343 2001 4401 bonitas;

293 4421 339 4477 si
356 4427 682 4481 revertatur
702 4431 758 4482 et
781 4427 934 4484 bona
956 4428 1074 4499 fiat,
1103 4447 1219 4488 non
1259 4434 1465 4489 crescit
1503 4433 1758 4491 bonitas.
1796 4435 2008 4492 Factus

292 4517 376 4566 est
396 4512 605 4570 oculus
629 4519 766 4571 tuus
799 4517 1091 4589 particeps
1121 4519 1271 4576 lucis
1299 4522 1502 4593 hujus,
1528 4527 1584 4579 et
1613 4523 1772 4581 vides
1807 4541 1819 4578 :
1845 4524 2006 4582 clau-

224 4633 230 4637 -
293 4617 391 4658 sus
423 4604 561 4659 est?
583 4605 730 4662 hanc
749 4604 936 4663 lucem
957 4624 1072 4664 non
1099 4609 1363 4667 minuisti
1399 4628 1410 4667 :
1440 4618 1678 4685 apertus
1713 4614 1836 4671 est?
1860 4614 2007 4671 hanc

295 4689 478 4749 lucem
507 4710 619 4750 non
649 4696 880 4752 auxisti.
904 4696 1022 4754 Hac
1055 4699 1186 4756 date
1218 4701 1632 4773 similitudine,
1664 4705 1891 4774 fratres,
1916 4705 2007 4761 in—

299 4781 538 4853 telligite
555 4783 688 4854 quia
710 4785 758 4840 si
782 4785 877 4856 pia
905 4794 990 4842 est
1014 4788 1230 4859 anima,
1253 4795 1339 4847 est
1375 4792 1561 4863 pietas
1599 4795 1752 4866 apud
1800 4799 2004 4863 Deum,

302 4873 468 4942 cujus
494 4873 553 4928 fit
586 4874 878 4948 particeps
905 4879 1135 4948 anima;
1169 4881 1219 4936 si
1251 4885 1341 4937 est
1372 4888 1528 4939 casta
1558 4884 1776 4954 anima,
1801 4889 1888 4942 est
1911 4903 2005 4942 ca-

303 4963 468 5019 stitas
501 4965 657 5034 apud
689 4964 898 5033 Deum,
932 4969 1101 5039 cuius
1121 4975 1209 5025 est
1239 4972 1528 5044 particeps
1572 4975 1806 5042 anima;
1837 4976 1888 5032 si
1919 4981 2007 5032 est

297 5051 442 5108 bona
463 5053 684 5124 anima,
706 5059 795 5111 est
817 5056 1050 5114 bonitas
1068 5061 1218 5131 apud
1240 5061 1450 5132 Deum,
1475 5065 1644 5134 cujus
1690 5068 1780 5121 est
1827 5067 2004 5138 parti-

295 5155 428 5214 ceps
463 5142 778 5213 anima;si
801 5152 889 5202 est
946 5165 1116 5205 verax
1176 5152 1392 5222 anima,
1439 5158 1527 5208 est
1584 5154 1792 5210 veritas
1848 5157 2002 5228 apud

292 5229 486 5300 Deum,
511 5234 682 5302 cujus
712 5240 800 5290 est
823 5238 1110 5310 particeps
1140 5242 1350 5297 anima.
1401 5243 1576 5313 Cujus
1618 5244 1905 5316 particeps
1955 5245 2005 5300 si

293 5337 400 5378 non
436 5323 856 5396 fueritanima,
897 5330 1090 5384 omnis
1133 5330 1304 5386 homo
1353 5335 1600 5387 mendax
1650 5335 1819 5404 (Psai.
1876 5351 2003 5406 cxv,

292 5412 374 5481 11)
410 5429 421 5465 ;
457 5411 508 5467 si
555 5413 748 5468 omnis
796 5414 970 5472 homo
1019 5419 1287 5489 mendax,
1321 5422 1520 5477 nullus
1565 5422 1736 5479 homo
1781 5425 1852 5480 de
1900 5440 2002 5479 suo

293 5517 478 5558 verax.
509 5503 678 5558 Pater
699 5510 890 5562 autem
917 5524 1098 5578 verax,
1130 5511 1199 5564 de
1221 5528 1324 5566 suo
1347 5518 1435 5566 est
1481 5529 1648 5568 verax
1675 5533 1688 5583 ;
1725 5515 1859 5584 quia
1903 5530 2004 5586 ge-

293 5593 417 5648 nuit
446 5591 776 5648 veritatem.
812 5595 982 5652 Aliud
1017 5601 1122 5652 est.
1156 5596 1344 5654 Verax
1365 5606 1455 5656 est
1487 5599 1658 5658 homo
1706 5601 1839 5672 iste,
1866 5600 2004 5671 quia

2134 485 2334 555 genuit
2365 485 2684 540 veritatem.
2720 486 2860 541 Ecce
2893 489 3184 558 quomodo
3207 504 3376 543 verax
3400 495 3486 544 est
3517 489 3687 558 Deus,
3714 510 3829 547 non

2133 575 2549 645 participando,
2571 577 2665 630 sed
2691 578 3016 646 generando
3054 579 3375 633 veritatem.
3402 577 3578 634 Video
3609 596 3708 636 vos
3742 582 3828 634 in-

2128 662 2415 720 tellexisse
2470 669 2526 720 et
2571 667 2832 736 gaudeo:
2887 667 3138 722 sufficiat
3178 668 3340 723 vobis
3373 667 3581 738 hodie;
3615 676 3821 726 caetera

2131 752 2361 822 quando
2379 753 2619 809 Domino
2635 753 2936 824 placuerit,
2952 756 3826 830 sicutdonaverit,exponemus.

2688 862 3107 921 TRACTATUS
3147 865 3266 920 XL.

2128 969 2214 1023 Ab
2244 985 2302 1024 eo
2326 970 2456 1038 loco,
2478 970 2627 1025 Dixit
2649 987 2783 1043 ergo
2807 973 2887 1028 eis
2909 976 3074 1029 Jesus
3101 991 3113 1030 :
3148 974 3290 1030 Cum
3333 975 3722 1034 exaltaveritis
3745 976 3832 1032 Fi-

2199 1058 2338 1113 lium
2363 1059 2648 1125 hominis;
2676 1078 2844 1132 usque
2870 1062 2938 1116 ad
2987 1063 3064 1130 id,
3114 1065 3182 1118 Et
3221 1066 3581 1137 cognoscetis
3624 1067 3830 1124 verita-

2198 1152 2333 1215 tem,
2367 1154 2423 1203 et
2453 1150 2663 1206 veritas
2705 1151 2971 1207 liberabit
3021 1170 3144 1208 vos.
3193 1153 3322 1224 Cap.
3382 1172 3500 1225 vm,
3535 1157 3586 1225 ᾗ.
3637 1155 3830 1211 28-32.

2196 1256 2245 1309 1.
2283 1260 2356 1309 De
2388 1260 2589 1309 sancto
2621 1257 2921 1325 Evangelia
2953 1260 3275 1314 secundum
3325 1261 3631 1328 Joannem,
3667 1264 3824 1334 quod

2124 1349 2349 1414 gestare
2384 1361 2487 1398 nos
2519 1345 2727 1399 videtis
2760 1345 2818 1399 in
2873 1348 3166 1412 manibus,
3208 1349 3334 1416 jam
3378 1350 3555 1406 multa
3599 1353 3821 1408 audivit

2122 1434 2388 1489 Charitas
2412 1438 2616 1501 vestra,
2643 1451 2768 1503 qua;
2791 1436 2900 1490 Deo
2923 1437 3174 1490 donante
3196 1438 3350 1492 sicut
3378 1439 3672 1508 potuimus
3703 1443 3822 1498 dis-

2124 1525 2478 1595 putavimus,
2539 1525 3019 1580 commendantes
3094 1527 3256 1581 vobis
3333 1529 3576 1583 maxime
3645 1530 3822 1586 istum

2123 1612 2533 1683 evangelistam
2567 1615 2636 1667 de
2670 1615 2897 1669 Domini
2929 1615 3247 1680 divinitate,
3280 1618 3601 1672 secundum
3646 1635 3823 1689 quam

2122 1705 2362 1776 aequalis
2385 1704 2917 1760 estPatrietFilius
2961 1706 3170 1762 unicus
3207 1707 3326 1772 Dei,
3354 1706 3514 1779 loqui
3560 1707 3828 1779 elegisse.

2121 1798 2495 1864 etpropterea
2515 1793 2720 1864 aquilai
2751 1799 3156 1865 comparatum
3195 1811 3208 1850 :
3250 1796 3413 1852 nulla
3453 1798 3667 1869 quippe
3708 1799 3826 1853 avis

2114 1881 2302 1937 volare
2326 1881 2498 1936 altius
2518 1882 2873 1953 perhibetur.
2900 1883 3146 1940 Proinde
3176 1901 3303 1956 quas
3339 1902 3405 1940 ex
3447 1884 3650 1942 ordine
3689 1887 3828 1942 sub-

2113 1977 2458 2043 sequuntur,
2492 1974 2642 2028 sicut
2671 1989 2738 2029 ea
2770 1973 3051 2030 Dominus
3100 1979 3348 2032 tractare
3378 1977 3699 2044 donaverit,
3733 1977 3823 2033 in-

2111 2060 2438 2116 tentissima
2469 2061 2685 2116 audite.

2182 2154 2234 2204 2.
2273 2151 2464 2206 Locuti
2497 2167 2704 2207 sumus
2728 2151 2888 2208 vobis
2929 2153 2997 2207 de
3045 2153 3386 2223 praecedenti
3436 2153 3700 2224 lectione,
3733 2155 3822 2210 in-

2113 2240 2419 2296 sinuantes
2466 2242 2751 2310 quomodo
2801 2242 3162 2314 intelligatur
3206 2244 3373 2299 Pater
3416 2261 3606 2311 verax,
3642 2245 3821 2301 Filius

2113 2331 2344 2386 veritas.
2376 2335 2521 2386 Cum
2554 2340 2746 2386 autem
2791 2332 3037 2387 dixisset
3088 2333 3366 2389 Dominus
3410 2333 3601 2402 Jesus,
3636 2335 3820 2390 Verax

2111 2429 2187 2476 est
2216 2422 2311 2491 qui
2341 2436 2425 2475 me
2448 2422 2599 2475 misit
2619 2421 2798 2491 (Joan.
2831 2437 2951 2488 νιιι,
2982 2422 3092 2491 26),
3129 2439 3241 2477 non
3277 2423 3680 2478 intellexerunt
3712 2424 3818 2480 Ju-

2114 2511 2218 2565 daei
2253 2511 2405 2580 quod
2439 2511 2506 2564 de
2538 2510 2701 2565 Patre
2733 2510 2850 2565 illis
2881 2510 3117 2566 diceret.
3152 2511 3217 2565 Et
3236 2511 3311 2565 ait
3334 2511 3452 2567 illis
3473 2514 3621 2582 quod
3649 2514 3818 2569 modo

2112 2614 2246 2656 cum
2278 2598 2564 2668 legeretur
2592 2600 2842 2654 audistis
2876 2615 2889 2654 :
2924 2601 3057 2654 Cum
3083 2600 3471 2655 exaltavcritis
3500 2602 3701 2656 Filium
3721 2602 3816 2657 ho-

2111 2690 2302 2755 minis,
2325 2697 2454 2743 tunc
2482 2690 2807 2760 cognoscetis
2828 2690 2954 2759 quia
2984 2704 3081 2758 ego
3102 2706 3243 2756 sum,
3275 2697 3325 2746 et
3358 2707 3392 2745 α
3431 2693 3638 2762 meipso
3677 2693 3820 2761 facio

2111 2778 2283 2848 nihil,
2315 2780 2406 2836 sed
2435 2782 2574 2835 sicut
2599 2781 2780 2836 docuit
2811 2797 2896 2834 me
2925 2781 3109 2848 Pater,
3144 2780 3259 2836 haec
3298 2781 3512 2852 loquor.
3544 2782 3690 2845 Quid
3744 2787 3835 2838 est

2114 2871 2222 2928 hoc
2244 2871 2271 2925 ?
2301 2872 2454 2927 Nihil
2487 2874 2641 2929 enim
2675 2873 2831 2929 aliud
2863 2874 3086 2928 videtur
3116 2873 3354 2942 dixisse,
3389 2873 3502 2928 nisi
3549 2888 3648 2928 eos
3698 2881 3835 2944 post

2113 2962 2447 3034 passionem
2478 2979 2647 3017 suam
2680 2964 3012 3032 cognituros
3043 2963 3176 3033 quis
3203 2966 3374 3017 esset.
3409 2962 3611 3018 Procul
3649 2963 3823 3019 dubio

2112 3065 2251 3122 ergo
2274 3050 2500 3106 videbat
2522 3051 2600 3105 ibi
2625 3051 2868 3123 aliquos,
2896 3068 3043 3123 quos
3074 3052 3195 3122 ipse
3237 3055 3492 3118 noverat,
3520 3067 3663 3122 quos
3697 3052 3822 3123 ipse

2113 3157 2245 3197 cum
2280 3141 2502 3196 caeteris
2537 3143 2753 3196 sanctis
2783 3142 2908 3196 suis
2938 3146 3070 3196 ante
3091 3142 3570 3198 constitutionem
3619 3142 3823 3197 mundi

2113 3231 2472 3302 praesciendo
2498 3229 2768 3298 elegerat,
2794 3234 2923 3300 post
2949 3230 3280 3300 passionem
3319 3245 3486 3285 suam
3535 3247 3656 3285 esse
3695 3245 3820 3285 cre-

2114 3319 2357 3375 dituros.
2385 3319 2498 3389 Ipsi
2523 3323 2658 3373 sunt
2689 3318 2769 3372 illi
2794 3335 2939 3389 quos
2962 3318 3197 3372 assidue
3221 3320 3722 3386 commendamus,
3754 3323 3813 3375 et

2112 3410 2181 3462 ad
2207 3409 2580 3464 imitationem
2606 3425 2738 3464 cum
2764 3424 2974 3479 magna
2995 3407 3392 3463 exhortatione
3417 3408 3818 3477 proponimus.

2114 3497 2291 3552 Misso
2322 3497 2477 3552 enim
2511 3498 2760 3568 desuper
2788 3497 3005 3568 Spiritu
3039 3499 3238 3551 sancto
3271 3501 3401 3565 post
3433 3494 3657 3549 Domini
3685 3511 3820 3566 pas-

2114 3587 2338 3643 sionem
2371 3591 2426 3641 et
2449 3586 2932 3643 resurrectionem
2957 3590 3012 3641 et
3041 3585 3461 3653 ascensionem,
3487 3601 3620 3640 cum
3644 3586 3823 3640 mira-

2112 3677 2244 3731 cula
2275 3677 2479 3730 fierent
2507 3676 2564 3732 in
2585 3677 2713 3747 ejus
2737 3676 2993 3742 nomine,
3019 3691 3192 3746 quem
3215 3678 3496 3746 tanquam
3520 3677 3817 3729 mortuum

2114 3771 2524 3838 persequentes
2551 3766 2738 3821 Judaei
2771 3767 3259 3834 contempserant,
3301 3763 3631 3835 compuncti
3681 3766 3822 3819 sunt

2113 3856 2313 3923 corde;
2347 3863 2403 3911 et
2432 3856 2525 3928 qui
2563 3856 2860 3912 saevientes
2900 3855 3258 3922 occiderunt,
3290 3854 3501 3910 mutati
3549 3853 3819 3909 credide-

2114 3951 2291 4015 runt;
2324 3953 2377 4002 et
2425 3962 2593 4017 quem
2645 3946 2987 4017 sanguinem
3035 3944 3320 4000 saeviendo
3370 3943 3668 4003 fuderunt.
3710 3960 3831 4002 cre-

2117 4036 2303 4091 dendo
2323 4035 2627 4090 biberunt:
2663 4035 2761 4090 illa
2791 4036 2897 4090 tria
2928 4034 3134 4100 millia,
3168 4039 3223 4090 et
3245 4035 3343 4089 illa
3361 4035 3622 4105 quinque
3644 4033 3829 4090 millia

2113 4127 2450 4184 Judaaorum
2483 4129 2629 4200 (Act.
2666 4143 2726 4193 ιι,
2761 4127 2852 4195 37,
2885 4127 2976 4181 41.
3007 4129 3055 4181 et
3088 4142 3164 4190 iv,
3198 4125 3274 4195 4),
3298 4139 3444 4195 quos
3468 4124 3548 4178 ibi
3571 4123 3822 4188 videbat,

2117 4219 2352 4288 quando
2375 4217 2620 4283 dicebat,
2636 4219 2772 4272 Cum
2785 4214 3163 4271 exultaveritis
3185 4213 3396 4271 Filium
3415 4212 3676 4276 hominis,
3691 4218 3824 4265 tunc

2116 4309 2445 4377 cognoscetis
2484 4309 2614 4378 quia
2659 4321 2753 4376 ego
2802 4322 2943 4359 sum.
2996 4306 3297 4373 Tanquam
3339 4302 3558 4370 dicens,
3610 4301 3820 4355 Differo

2117 4397 2506 4468 cognitionem
2529 4401 2802 4463 vestram,
2827 4399 2890 4448 ut
2912 4393 3181 4464 impleam
3221 4389 3550 4462 passionem
3583 4405 3771 4445 meam
3806 4403 3823 4445 :

2117 4489 2318 4542 ordine
2347 4490 2535 4541 vestro
2569 4484 2970 4556 ‘cognoscetis
2994 4481 3089 4552 qui
3112 4482 3244 4536 sim.
3277 4485 3403 4536 Non
3435 4479 3570 4551 quia
3620 4493 3826 4534 omnes

2115 4579 2256 4631 tunc
2277 4573 2726 4631 erantci-edituri
2753 4590 2821 4629 ex
2854 4573 2922 4626 iis
2960 4572 3058 4642 qui
3101 4571 3437 4639 audiebant,
3469 4569 3528 4624 id
3559 4573 3667 4636 est,
3689 4573 3824 4640 post

2115 4667 2439 4735 passionem
2476 4663 2705 4717 Domini
2742 4679 2755 4716 :
2789 4678 2924 4716 nam
2961 4660 3132 4732 paulo
3164 4665 3295 4731 post
3323 4659 3485 4728 dicit,
3520 4659 3818 4715 Ha’ceoio-

2115 4762 2335 4828 quente,
2366 4754 2517 4808 multi
2536 4754 2890 4809 crediderunt
2912 4754 2968 4805 in
2990 4768 3136 4816 eum,
3169 4754 3225 4805 et
3251 4751 3512 4806 nondum
3537 4750 3821 4805 exaltatus

2116 4851 2239 4902 erat
2269 4845 2442 4900 Filius
2475 4843 2749 4899 hominis.
2784 4842 3194 4898 Exaltationem
3229 4842 3444 4912 quippe
3491 4840 3633 4894 dicit
3683 4854 3821 4908 pas-

2113 4938 2313 5000 sionis,
2348 4952 2458 4991 non
2493 4935 2928 5007 glorificationis
2953 4951 2966 5001 ;
2991 4935 3199 4998 crucis,
3228 4949 3340 4987 non
3365 4931 3506 4985 caelo
3538 4947 3549 4982 :
3576 4929 3710 4998 quia
3736 4931 3822 4981 est

2115 5026 2195 5082 ibi
2226 5026 2511 5081 exaltatus
2543 5029 2651 5088 est,
2685 5025 2920 5095 quando
2955 5023 3230 5092 pependit
3272 5020 3331 5073 in
3379 5019 3556 5089 ligno.
3582 5017 3689 5072 Sed
3716 5016 3818 5070 illa

2114 5114 2384 5172 exaltatio
2416 5113 2745 5168 humiliatio
2777 5113 2903 5166 fuit.
2930 5112 3089 5165 Tunc
3121 5109 3275 5164 enim
3313 5109 3496 5161 factus
3539 5111 3623 5160 est
3670 5106 3816 5160 obe-

2115 5205 2281 5260 diens
2313 5220 2500 5274 usque
2531 5204 2599 5256 ad
2637 5207 2877 5256 mortem
2914 5199 3100 5253 crucis
3149 5196 3415 5267 (Philipp.
3459 5211 3522 5259 ll,
3571 5195 3647 5266 8).
3700 5195 3816 5250 Hoc

2113 5293 2413 5363 oportebat
2443 5290 2670 5359 impleri
2703 5305 2802 5357 per
2831 5304 3029 5342 eorum
3066 5302 3272 5339 manus
3303 5286 3394 5352 qui
3449 5289 3642 5354 postea
3689 5284 3813 5338 fuc-

2113 5388 2244 5436 rant
2275 5381 2570 5444 credituri,
2605 5378 2814 5447 quibus
2846 5378 3004 5441 dicit,
3039 5375 3172 5430 Cum
3196 5375 3574 5430 cxaitaveritis
3605 5375 3812 5429 Filium

2114 5471 2369 5533 hominis,
2405 5474 2533 5523 tunc
2569 5468 2901 5537 coqnoscetis
2945 5465 3080 5536 quia
3125 5481 3221 5535 ego
3269 5483 3410 5521 sum.
3462 5467 3648 5531 Quare
3687 5465 3819 5534 hoc,

2185 5605 2379 5666 iEditi,
2412 5619 2572 5655 verso.
2609 5604 2753 5658 Μδε..
2787 5605 2970 5652 vestro.
