4148 6190
332 271 488 335 1687

333 412 445 469 nisi
480 421 539 470 ut
572 430 735 471 nemo
771 414 1103 484 desperaret
1134 412 1191 467 in
1223 430 1591 485 quocumque
1631 414 1847 470 scelere
1883 414 2035 469 male

329 500 440 559 sibi
470 505 761 573 conscius,
794 503 1025 575 quando
1056 502 1283 558 videbat
1314 503 1397 559 eis
1420 504 1621 560 donari
1655 503 2031 559 homicidium

327 592 428 663 qui
460 594 793 651 occiderant
822 592 1115 648 Christum
1143 591 1169 645 ?

395 684 450 738 3.
475 684 589 740 Hos
612 700 746 755 ergo
771 684 825 739 in
851 682 949 738 illa
973 683 1143 738 turba
1166 698 1485 753 agnoscens
1523 682 1830 751 Dominus,
1863 684 2029 752 dixit,

328 770 460 826 Cum
480 774 856 828 exultaveiitis
878 772 1079 827 Filium
1108 772 1367 839 hominis,
1391 780 1519 827 tunc
1554 775 1880 839 cognoscetis
1901 773 2031 843 quia

328 877 420 931 ego
450 878 588 916 sum.
616 862 741 916 lam
766 862 947 917 nostis
972 860 1111 932 quid
1145 861 1219 916 sit
1253 876 1416 926 sum;
1448 878 1552 917 nec
1591 862 1828 917 assidue
1874 876 2032 930 repe-

326 951 566 1006 tendum
601 956 709 1019 est,
734 966 805 1006 ne
836 951 1023 1021 pariat
1070 966 1162 1007 res
1212 954 1374 1006 tanta
1426 951 1745 1007 fastidium.
1782 949 2031 1005 Recolite

328 1039 499 1105 illud,
529 1042 641 1110 Ego
669 1055 789 1095 sum
820 1042 913 1111 qui
940 1057 1082 1105 sum,
1114 1048 1167 1095 et
1218 1040 1322 1108 Qui
1377 1048 1480 1108 est,
1509 1043 1662 1095 misit
1698 1056 1782 1095 me
1837 1037 2026 1110 (Exod.

328 1145 409 1195 tu,
450 1129 575 1199 16);
610 1132 665 1183 et
712 1130 1057 1201 agnoscetis,
1083 1130 1221 1201 quid
1273 1129 1641 1201 dictum_[sit,
1672 1130 1815 1184 Tunc
1850 1129 2029 1182 scietis

323 1216 459 1287 quia
486 1232 580 1288 ego
609 1234 729 1272 sum
762 1235 779 1272 :
810 1219 908 1273 sed
945 1226 1019 1285 et,
1054 1219 1219 1273 Pater
1249 1225 1357 1285 est,
1393 1224 1449 1274 et
1498 1218 1751 1289 Spiritus
1793 1221 2030 1272 sanctus

326 1310 434 1360 est.
468 1306 546 1360 Ad
580 1306 773 1377 ipsum
806 1322 934 1362 esse
976 1306 1223 1377 pertinet
1256 1311 1371 1362 tota
1418 1306 1692 1361 Trinitas.
1729 1306 1839 1361 Sed
1892 1305 2029 1375 quia

326 1394 613 1450 Dominus
635 1395 782 1450 sicut
805 1395 984 1450 Filius
1007 1394 1375 1465 loquebatur,
1408 1413 1478 1451 ne
1510 1396 1653 1450 forte
1685 1396 1742 1449 in
1774 1410 1839 1450 eo
1874 1394 2026 1465 quod

320 1484 486 1551 dixit,
521 1486 661 1539 Tunc
680 1487 1009 1552 mgnoscetis
1039 1488 1162 1555 quia
1214 1503 1307 1557 ego
1356 1503 1495 1555 sum,
1532 1485 1887 1541 subintraret
1933 1501 2029 1539 er—

320 1589 415 1628 ror
447 1573 934 1636 Sabellianorum,
967 1575 1074 1631 hoc
1113 1582 1198 1631 est
1241 1578 1820 1649 Patripassianorum,
1853 1591 2027 1646 quem

322 1664 486 1719 vobis
517 1680 769 1721 errorem
804 1667 1206 1722 commendavi
1242 1683 1355 1722 non
1405 1669 1744 1733 tenendum,
1779 1666 1878 1722 sed
1930 1683 2027 1721 ca-

316 1752 592 1817 vendum,
625 1769 817 1809 eorurn
852 1755 1068 1811 scilicet
1100 1755 1199 1825 qui
1233 1756 1523 1824 dixerunt,
1561 1757 1691 1827 Ipse
1721 1759 1809 1809 est
1841 1754 2025 1823 Pater,

318 1837 439 1908 ipse
462 1844 549 1895 est
574 1840 779 1907 Filius;
802 1842 915 1897 duo
931 1848 1069 1898 sunt
1092 1844 1346 1914 nomina,
1369 1844 1469 1900 sed
1496 1861 1587 1900 res
1613 1859 1728 1899 una
1753 1860 1766 1898 :
1794 1847 2029 1915 propter

316 1927 497 1984 istum
522 1946 655 2003 ergo
681 1934 995 1988 cavendum
1014 1950 1267 1990 errorem
1288 1951 1417 1990 cum
1442 1934 1685 1990 dixisset
1717 1933 2023 2000 Dominus,

321 2016 811 2089 Tunccognoscetis
835 2020 963 2093 quia
984 2039 1076 2092 ego
1105 2040 1264 2084 sum;
1316 2041 1385 2081 ne
1433 2023 1557 2095 ipse
1605 2022 2026 2094 intelligeretur

312 2107 501 2179 Pater,
535 2112 813 2168 continuo
836 2115 1160 2185 subiunxit.
1185 2117 1247 2171 Et
1281 2133 1311 2170 a
1343 2118 1549 2187 meipso
1573 2116 1718 2186 [acia
1741 2114 1907 2180 nihil,
1931 2112 2025 2169 sed

314 2200 457 2255 sicut
485 2200 668 2257 docuit
688 2220 772 2257 me
794 2203 985 2272 Pater,
1003 2204 1122 2261 lucc
1144 2206 1351 2275 loquor.
1384 2206 1514 2261 Jam
1562 2204 1814 2276 gaudere
1844 2220 2025 2275 cespe-

315 2292 407 2344 rat
436 2289 814 2359 sabellianus,
846 2294 1058 2348 erroris
1089 2293 1180 2349 sui
1214 2293 1510 2351 occasione
1541 2302 1836 2365 comperta
1870 2301 2022 2349 :sta-

312 2381 419 2436 tim
445 2387 510 2437 ut
539 2399 600 2439 se
622 2388 903 2456 tanquam
930 2386 987 2441 in
1023 2387 1270 2442 obscuro
1312 2386 1537 2458 extulit,
1569 2387 1865 2458 sequentis
1896 2403 2023 2442 sen-

310 2473 501 2528 tentias
524 2474 652 2531 luce
673 2476 953 2532 confusus
976 2482 1080 2533 est.
1108 2482 1411 2536 Putaveras
1432 2494 1564 2535 eum
1600 2495 1725 2535 esse
1765 2484 2017 2547 Patrem,

311 2564 448 2630 quia
472 2564 631 2626 dixit,
666 2567 778 2635 Ego
808 2584 930 2622 sum
959 2584 978 2621 :
1006 2569 1143 2623 audi
1167 2570 1304 2639 quia
1328 2569 1509 2626 Filius
1541 2578 1644 2635 est,
1677 2572 1795 2625 Eta
1816 2570 2019 2642 meipso

305 2652 450 2720 facio
472 2655 632 2709 nihil.
657 2656 804 2720 Quid
828 2664 934 2725 est,
959 2659 997 2711 A
1037 2660 1243 2728 meipso
1292 2660 1435 2728 facio
1488 2660 1675 2714 nihil?
1708 2666 1752 2712 A
1797 2660 2017 2730 meipso

312 2756 427 2795 non
458 2758 588 2797 sum
633 2742 810 2799 Filius
831 2746 986 2800 enim
1011 2747 1080 2801 de
1104 2751 1269 2803 Patre
1292 2754 1378 2803 est
1400 2748 1551 2804 Deus
1576 2767 1589 2817 ;
1614 2751 1783 2804 Pater
1821 2755 2014 2805 autem

317 2845 429 2887 non
453 2836 540 2886 est
562 2831 633 2886 de
654 2831 797 2888 Filio
819 2833 973 2890 Deus
1000 2851 1011 2888 :
1050 2834 1228 2890 Filius
1250 2841 1339 2892 est
1361 2842 1508 2893 Deus
1549 2839 1620 2893 de
1662 2840 1813 2908 Deo;
1848 2838 2019 2894 Pater

316 2919 703 2989 autemDius,
727 2923 825 2977 sed
852 2940 965 2979 non
993 2925 1062 2980 de
1086 2924 1199 2981 Deo
1226 2942 1238 2980 :
1264 2926 1446 2982 Filius
1469 2932 1556 2983 est
1594 2927 1791 2983 lumen
1825 2930 1893 2984 de
1924 2927 2015 2983 lu-

313 3011 505 3081 mine;
539 3011 708 3067 Pater
724 3022 914 3070 autem
936 3014 1153 3083 lumen,
1179 3017 1277 3073 sed
1299 3034 1413 3073 non
1445 3020 1514 3073 de
1544 3018 1807 3079 lumine:
1836 3019 2017 3075 Filius

309 3106 417 3167 est,
439 3101 536 3156 sed
558 3106 647 3157 est
668 3101 738 3157 de
760 3118 873 3174 quo
904 3109 1017 3173 est;
1060 3108 1229 3161 Pater
1272 3116 1465 3163 autem
1506 3116 1611 3176 est,
1637 3110 1736 3165 sed
1780 3126 1893 3165 non
1928 3114 2019 3165 est

308 3190 379 3246 de
410 3206 525 3262 quo
556 3196 664 3248 est.

380 3280 433 3335 4.
468 3280 628 3347 Quod
659 3298 792 3355 ergo
823 3284 1069 3351 addidit,
1100 3287 1262 3343 Sicut
1305 3286 1484 3345 docuit
1542 3305 1629 3345 me
1686 3293 1872 3357 Pater,
1905 3289 2020 3344 haec

316 3379 545 3451 loquor,-
576 3381 799 3437 nemini
843 3389 1099 3440 vestrum
1152 3386 1390 3458 obrepat
1433 3387 1702 3458 cogitatio
1746 3386 2016 3454 carnalis,

314 3470 520 3527 fratres
553 3471 827 3529 mei.Non
856 3476 1013 3531 enim
1047 3480 1233 3546 potest
1257 3477 1845 3534 humanainﬁrmitas
1860 3477 2015 3548 cogi-

316 3563 463 3632 tare,
508 3562 619 3617 nisi
664 3564 819 3634 quod
863 3566 1164 3621 consuevit
1209 3566 1394 3622 facere
1440 3567 1527 3622 vel
1578 3569 1799 3623 audire.
1833 3568 2018 3625 Nolite

314 3664 451 3721 ergo
480 3650 643 3706 vobis
674 3652 844 3722 quasi
867 3653 1014 3708 duos
1046 3653 1312 3710 homines
1352 3660 1486 3710 ante
1530 3654 1729 3712 oculos
1781 3670 2018 3727 ponere,

304 3753 488 3795 unum
522 3745 768 3810 patrem,
801 3739 1049 3797 alterum
1086 3742 1296 3808 tilium,
1327 3748 1384 3798 et
1415 3743 1745 3816 loquentem
1796 3749 2017 3816 patrem

304 3828 377 3883 ad
410 3828 598 3883 ﬁlium
633 3844 648 3882 :
682 3831 837 3885 sicut
869 3831 1009 3886 facis
1046 3840 1123 3900 tu,
1159 3834 1389 3904 quando
1421 3836 1594 3890 verba
1638 3835 1832 3906 ntiqua
1872 3836 2022 3892 dicis

303 3915 424 3972 ﬁlio
456 3922 578 3985 tuo,
598 3933 840 3975 monens
863 3936 995 3976 eum
1022 3926 1079 3977 et
1100 3923 1398 3979 instruens
1428 3941 1557 3980 eum
1605 3927 1897 3997 quomodo
1937 3926 2022 3981 lo-

310 4010 545 4078 quatur,
582 4010 646 4062 ut
674 4023 1058 4080 quaecumque
1090 4012 1311 4067 audivit
1341 4029 1374 4068 a
1402 4018 1477 4080 te,
1504 4016 1876 4071 commendet
1898 4031 2023 4070 me-

320 4096 557 4165 morias;
597 4113 727 4153 cum
774 4101 1271 4156 commendaverit
1320 4102 1635 4170 memoriae,
1673 4106 1926 4174 proferat
1971 4094 2026 4159 el

310 4186 537 4260 lingua,
564 4186 888 4260 distinguat
915 4204 1018 4259 per
1066 4206 1261 4258 sonos,
1291 4192 1501 4247 inferat
1532 4194 1775 4248 auribus
1818 4192 2024 4249 alienis

313 4280 466 4350 quod
501 4280 755 4351 percepit
784 4279 843 4335 in
876 4280 1017 4337 suis.
1048 4279 1237 4336 Nolite
1262 4285 1342 4336 ita
1364 4282 1635 4353 cogitare,
1663 4298 1734 4337 ne
1766 4283 1823 4337 in
1849 4285 2021 4339 corde

311 4374 503 4428 vestro
536 4372 688 4428 idola
719 4372 1037 4429 t'abricetis.
1074 4373 1400 4429 Humanam
1438 4374 1710 4443 formam,
1738 4373 2026 4432 humano-

314 4477 443 4518 rum
458 4462 812 4519 lineamenta
824 4479 969 4519 mem
982 4465 1241 4534 brorum,
1259 4464 1502 4535 ﬁguram
1518 4464 1710 4521 carnis
1732 4464 2023 4535 humanm,

316 4568 527 4610 sensus
548 4554 687 4610 istos
709 4556 1078 4626 conspicuos,
1103 4560 1387 4611 staturam
1412 4563 1724 4628 motusque
1746 4557 2024 4629 corporis,

317 4643 530 4715 lingua:
554 4643 836 4713 ofﬁcium,
874 4644 1280 4702 distinctiones
1318 4662 1617 4713 sonorum,
1644 4646 1824 4703 nolite
1844 4647 1900 4702 in
1928 4648 2027 4703 illa

319 4730 605 4789 Trinitate
644 4736 917 4806 cogitare,
952 4735 1065 4791 nisi
1125 4736 1279 4806 quod
1338 4735 1586 4805 pertinet
1644 4737 1715 4791 ad
1773 4736 2025 4792 formam

322 4822 493 4894 servi,
527 4839 700 4894 quam
734 4825 949 4895 accepit
986 4824 1319 4892 unigenitus
1352 4825 1549 4894 Filius,
1586 4842 1718 4881 cum
1770 4824 2025 4881 Verbum

323 4931 453 4971 caro
471 4914 691 4969 factum
711 4918 818 4979 est,
854 4919 917 4969 ut
960 4914 1253 4971 habitaret
1312 4916 1368 4969 in
1423 4916 1589 4971 nobis
1630 4916 1805 4985 (Joan.
1844 4933 1881 4981 ι,
1918 4916 2025 4986 14).

324 5006 407 5061 lbi
431 5020 545 5061 non
569 5008 624 5060 te
648 5003 943 5076 pcrhibeo,
967 5004 1849 5076 humanajinﬁrmitas,cogitarc
1873 5005 2026 5075 quod

325 5095 514 5162 nosti;
549 5094 665 5150 imo
696 5093 873 5150 etiam
906 5093 1209 5165 compello.
1244 5093 1304 5149 Si
1335 5094 1480 5148 ﬁdes
1522 5093 1582 5147 in
1631 5098 1690 5147 te
1737 5109 1870 5148 vera
1918 5096 2027 5161 est,

324 5185 501 5238 talem
524 5184 822 5241 Christum
844 5186 1027 5256 cogita
1049 5201 1061 5242 :
1082 5185 1280 5256 sed;ex
1302 5182 1481 5238 Maria
1522 5183 1766 5254 virgine,
1805 5198 1920 5239 non
1960 5185 2031 5239 de

328 5270 625 5328 DeoPulre
649 5274 823 5329 talem
853 5275 1058 5345 cogita.
1088 5275 1280 5329 Infans
1321 5272 1447 5339 fuit,
1500 5274 1674 5327 crevit
1720 5276 1787 5326 ut
1834 5272 2027 5341 homo,

326 5360 639 5418 ambulavit
669 5370 733 5420 ut
760 5366 952 5431 homo,
987 5366 1248 5434 csurivit,
1273 5363 1455 5420 sitivit
1482 5366 1546 5417 ut
1584 5361 1780 5429 homo,
1810 5362 2032 5418 dormi-

324 5450 408 5505 vit
438 5454 506 5506 ut
535 5450 729 5523 homo,
753 5460 1044 5525 postremo
1068 5472 1276 5526 passus
1301 5458 1364 5509 ut
1400 5454 1598 5521 homo,
1621 5467 1940 5525 suspensus
1972 5450 2029 5508 in

325 5540 504 5611 ligno,
530 5542 776 5612 occisus,
808 5546 1072 5616 sepultus
1135 5552 1198 5601 ut
1239 5546 1445 5614 homo;
1481 5547 1537 5601 in
1597 5543 1796 5601 eadem
1847 5544 2033 5601 forma

332 5631 662 5699 resurrexit,
694 5631 752 5688 in
786 5635 988 5691 eadem
1039 5636 1224 5691 forma
1282 5640 1415 5690 ante
1473 5635 1669 5692 oculos
1714 5633 2031 5707 discipulo-

1280 277 1357 337 IN
1400 276 1722 339 JOANNIS
1768 276 2291 353 EVANGELIUM,
2340 280 2401 340 S.
2452 281 2878 347 AUGUSTINI

3692 278 3850 341 1688

2147 433 2275 471 rum
2301 420 2563 474 ascendit
2604 421 2663 475 in
2713 422 2944 487 caelum,
2976 421 3033 475 in
3084 420 3284 475 eadem
3338 419 3517 475 forma
3565 421 3848 474 venturus

2144 511 2230 561 est
2261 508 2331 562 ad
2357 509 2665 578 judicium.
2698 511 3048 581 Angelorum
3093 509 3249 565 enim
3282 525 3388 566 vox
3419 512 3507 565 est
3554 509 3615 564 in
3664 508 3847 562 Evan-

2142 595 2290 666 gelio
2352 614 2622 670 expressa
2680 616 2695 656 :
2765 601 2854 657 Sic
2916 602 3095 657 veniet
3158 598 3425 672 quomodo
3483 615 3606 655 eum
3637 597 3848 653 vidistis

2142 689 2360 742 euntem
2390 690 2447 743 in
2474 691 2668 745 caelum
2697 690 2833 761 (Act.
2865 707 2903 757 ι,
2941 690 3047 761 11).
3097 690 3338 754 Quando
3386 704 3522 759 ergo
3556 688 3628 743 de
3659 688 3844 742 forma

2140 779 2287 831 servi
2348 779 2567 849 cogitas
2625 780 2684 834 in
2768 780 3017 845 Christo,
3073 778 3387 835 humanam
3447 777 3698 849 efﬁgiem
3755 790 3843 830 co-

2140 863 2277 935 gita,
2315 866 2363 920 si
2401 873 2488 923 est
2519 869 2577 923 in
2609 872 2663 924 te
2716 869 2859 925 ﬁdes
2892 885 2905 924 :
2940 868 3175 940 quando
3233 872 3429 923 autem
3482 866 3725 937 cogitas,
3780 866 3846 919 In

2138 956 2412 1026 principio
2442 966 2559 1012 erat
2592 959 2841 1025 Verbum,
2875 962 2928 1014 et
2965 958 3194 1014 Verbum
3222 967 3340 1013 erat
3386 955 3531 1028 apud
3574 956 3768 1023 Deum,
3798 958 3851 1009 et

2140 1041 2279 1097 Deus
2307 1054 2423 1100 erat
2455 1046 2682 1103 Verbum
2723 1050 2905 1117 (Joan.
2948 1063 2985 1107 ι,
3024 1046 3100 1117 1),
3146 1053 3339 1119 pereat
3396 1046 3466 1101 de
3523 1043 3695 1101 corde
3750 1050 3849 1098 tuo

2140 1134 2329 1188 omnis
2360 1134 2613 1193 humana
2647 1138 2917 1210 ﬁguratio
2949 1154 2962 1192 :
2998 1137 3251 1210 pellatur
3277 1137 3349 1192 de
3398 1134 3851 1208 cogitationibus

2142 1221 2255 1275 tuis
2277 1223 2555 1295 quidquid
2581 1226 2692 1281 ﬁne
2710 1243 2984 1299 corporeo
3008 1226 3377 1291 terminatur,
3401 1223 3685 1296 quidquid
3736 1223 3848 1278 loci

2140 1313 2335 1380 spacio
2358 1315 2705 1385 continetur,
2738 1316 2825 1372 vel
2858 1315 3224 1388 quantalibet
3259 1315 3409 1371 mole
3457 1313 3848 1382 diffunditur;

2140 1400 2211 1455 de
2231 1404 2403 1458 corde
2427 1408 2526 1461 tuo
2551 1406 2897 1476 ﬁgmentum
2920 1406 3035 1462 tale
3060 1406 3373 1477 dispereat.
3415 1404 3638 1476 Cogita,
3658 1403 3706 1459 si
3757 1421 3850 1475 po-

2138 1495 2243 1555 tes,
2279 1493 2773 1563 pulchritudinem
2806 1496 3124 1568 sapientiae,
3157 1504 3416 1553 occurrat
3447 1495 3548 1550 tibi
3584 1494 3847 1565 pulchri-

2139 1582 2279 1638 tudo
2300 1584 2775 1653 justitim.Forma
2796 1585 2922 1642 est?
2945 1591 3165 1642 statura
3192 1585 3317 1642 est?
3348 1585 3507 1641 color
3526 1583 3656 1640 est?
3687 1582 3847 1641 Nihil

2138 1671 2347 1727 horum
2374 1679 2483 1740 est,
2504 1680 2560 1729 et
2582 1680 2773 1732 tamen
2795 1681 2917 1731 est:
2944 1693 3079 1732 nam
3101 1678 3147 1732 si
3173 1693 3288 1732 non
3328 1679 3501 1744 esset,
3525 1691 3631 1731 nee
3682 1690 3849 1730 ama-

2139 1763 2319 1829 retur,
2353 1776 2459 1817 nec
2490 1762 2698 1817 merito
2732 1763 3079 1831 laudaretur,
3115 1779 3219 1818 nec
3250 1770 3445 1819 amata
3476 1778 3579 1818 nec
3612 1762 3851 1818 laudata

2138 1850 2309 1907 corde
2328 1852 2706 1924 moribusque
2728 1857 3021 1911 teneretur
3044 1872 3057 1911 :
3083 1872 3238 1911 nunc
3259 1871 3393 1911 vero
3416 1854 3851 1910 ﬁunthomines

2137 1939 2467 2010 sapientes;
2502 1943 2655 1998 unde
2687 1944 2910 2010 ﬁerent,
2946 1943 3055 1999 nisi
3094 1948 3248 2000 esset
3305 1941 3638 2016 sapientia?
3669 1943 3851 1999 Porro

2136 2034 2408 2100 autem,'_o
2431 2030 2625 2100 homo,
2651 2031 2698 2088 si
2721 2032 3067 2105 sapientiam
3086 2040 3249 2089 tuam
3273 2032 3465 2089 videre
3490 2032 3682 2090 carnis
3705 2049 3852 2089 ocu-

2135 2116 2209 2172 lis
2243 2135 2355 2174 non
2392 2125 2577 2191 potes,
2614 2138 2717 2177 nee
2773 2121 2871 2178 tali
2904 2122 3324 2194 imaginatione
3378 2122 3628 2192 cogitare
3678 2122 3848 2194 quali

2133 2209 2455 2279 corporalia
2481 2210 2833 2283 cogitantur,
2882 2212 3181 2283 sapientia:
3215 2211 3311 2268 Dei
3345 2211 3523 2268 audes
3575 2211 3846 2283 ingerere

2132 2297 2371 2354 humani
2395 2304 2651 2374 corporis
2679 2302 2925 2359 formam
2946 2303 2973 2357 ‘t

2199 2388 2253 2443 5.
2287 2390 2433 2453 Quid
2463 2407 2599 2463 ergo
2640 2393 2913 2461 dicimus,
2964 2394 3220 2449 fratres?
3262 2392 3559 2459 Quomodo
3603 2391 3840 2449 locutus

2129 2484 2217 2533 est
2249 2478 2413 2536 Pater
2443 2482 2605 2549 Filio,
2640 2486 2913 2555 quoniam
2948 2485 3125 2540 Filius
3166 2485 3242 2540 ait
3299 2485 3451 2539 Sicut
3506 2483 3687 2541 docuit
3745 2500 3838 2539 me

2130 2570 2321 2638 Pater,
2354 2571 2471 2628 haec
2493 2572 2722 2643 loquor?
2754 2574 3005 2631 Locutus
3035 2579 3125 2630 est
3180 2574 3263 2630 illi
3284 2575 3312 2629 ‘l
3341 2574 3582 2639 Quando
3639 2574 3847 2630 docuit

2130 2658 2516 2718 PuterFilium
2540 2664 2710 2719 verba
2730 2666 2880 2731 fecit,
2922 2665 3213 2737 quomodo
3264 2670 3343 2733 tu,
3376 2666 3609 2737 quando
3661 2667 3839 2721 doces

2129 2748 2314 2803 ﬁlium
2373 2754 2560 2822 tuum,
2610 2753 2778 2810 verba
2842 2755 3031 2812 facis?
3094 2755 3395 2819 Quomodo
3470 2756 3605 2810 facit
3661 2756 3843 2810 verba

2126 2838 2355 2895 Verbo?
2379 2840 2514 2903 Quas
2546 2843 2717 2899 verba
2740 2843 2921 2900 multa
2969 2845 3175 2901 flerent
3225 2845 3393 2899 unico
3446 2844 3627 2899 Verbo
3653 2844 3679 2897 ‘I
3709 2842 3852 2899 Ver-

2127 2928 2267 2984 bum
2300 2928 2455 2984 enim
2479 2931 2669 2988 Patris
2691 2950 2862 2989 aures
2890 2933 3098 2990 habuit
3118 2934 3189 2988 ad
3215 2950 3279 2989 os
3304 2934 3489 2989 Patris
3513 2933 3540 2987 ?
3568 2932 3850 2989 Carnalia

2125 3023 2265 3074 sunt
2294 3018 2424 3087 ista,
2468 3026 2708 3091 pereant
2764 3024 2835 3078 de
2889 3023 3169 3080 cordibus
3227 3024 3457 3079 vestris.
3507 3022 3624 3078 lloe
3682 3023 3845 3078 enim

2127 3110 2277 3179 dico,
2310 3127 2440 3167 ecce
2471 3112 2519 3168 si
2552 3113 2919 3170 intellexistis
2959 3116 3114 3186 quod
3163 3130 3269 3186 ego
3325 3114 3467 3180 dixi,
3518 3130 3622 3184 ego
3672 3118 3844 3170 certe

2126 3198 2357 3256 locutus
2378 3217 2533 3269 sum,
2556 3208 2612 3259 et
2630 3219 2757 3259 mea
2778 3206 2945 3261 verba
2975 3207 3314 3275 sonuerunt,
3351 3202 3627 3275 sonisque
3658 3219 3843 3261 aures

2127 3289 2494 3362 pepulerunt,
2520 3298 2577 3347 et
2600 3309 2701 3365 per
2732 3308 2968 3349 sensum
2993 3294 3230 3349 auditus
3250 3293 3420 3349 vestri
3444 3292 3515 3348 ad
3547 3308 3645 3349 cor
3694 3309 3841 3349 sen-

2127 3380 2369 3436 tentiam
2403 3384 2815 3452 perduxerunt,
2846 3383 2893 3437 si
2931 3383 3320 3441 intellexistis.
3355 3382 3545 3438 Facite
3576 3381 3837 3454 aliquem

2128 3470 2363 3526 audisse
2380 3470 3132 3543 latinaalinguaahOminem,
3150 3472 3556 3528 tantummodo
3577 3472 3843 3533 audisse.

2130 3574 2235 3616 nec
2263 3564 2453 3614 tamen
2486 3559 2842 3617 intellexisse
2873 3562 3027 3633 quod
3070 3562 3184 3616 dixi
3220 3578 3234 3617 :
3270 3569 3551 3633 quantum
3583 3562 3652 3617 ad
3695 3568 3849 3618 stre-

2129 3648 2315 3721 pitum
2346 3651 2598 3722 pertinet
2630 3649 2910 3707 emissum
2938 3667 3006 3707 ex
3046 3667 3144 3706 ore
3206 3667 3353 3718 meo,
3414 3650 3495 3707 sic
3551 3651 3680 3721 ejus
3737 3650 3845 3707 ille

2128 3739 2422 3811 particeps
2452 3739 2639 3796 factus
2671 3744 2762 3796 est
2792 3740 2889 3812 qui
2944 3756 3060 3796 non
3102 3739 3404 3808 intellexit,
3438 3740 3730 3811 quomodo
3784 3746 3848 3796 et

2130 3845 2270 3893 vos;
2303 3844 2436 3885 eum
2469 3846 2679 3887 sonum
2714 3831 2958 3901 audivit,
2987 3832 3201 3887 eadem
3233 3830 3471 3903 syllaba
3506 3846 3678 3887 aures
3709 3830 3848 3901 ejus

2131 3924 2576 3990 percusserunt;
2610 3921 2708 3976 sed
2744 3921 2801 3975 in
2844 3921 3012 3976 corde
3057 3920 3248 3993 ipsius
3298 3920 3442 3976 nihil
3487 3928 3846 3992 genuerunt.

2131 4008 2357 4072 Quare?
2380 4011 2525 4075 Quia
2548 4027 2659 4066 non
2684 4010 2988 4066 intellexit.
3018 4010 3128 4067 Vos
3152 4016 3345 4067 autem
3369 4013 3421 4066 si
3446 4010 3844 4078 intellexistis,

2138 4098 2289 4155 unde
2323 4098 2739 4156 intellexistis?
2770 4100 2886 4171 Ego
2917 4102 2987 4155 ad
3048 4117 3242 4157 aurem
3298 4101 3501 4169 sonui;
3554 4102 3847 4172 numquid

2131 4203 2236 4260 ego
2267 4190 2327 4243 in
2358 4190 2529 4245 corde
2562 4190 2755 4245 lumen
2790 4189 3075 4245 accendi?
3106 4187 3311 4245 Procul
3339 4189 3519 4246 dubio
3552 4190 3600 4244 si
3635 4206 3847 4245 verum

2135 4283 2226 4334 est
2253 4280 2406 4350 quod
2439 4280 2581 4348 dixi,
2616 4287 2670 4334 et
2700 4279 2810 4335 hoc
2831 4296 3031 4335 verum
3075 4296 3189 4335 non
3225 4279 3416 4335 solum
3441 4277 3711 4347 audistis,
3744 4295 3853 4336 ve-

2132 4386 2266 4425 rum
2286 4371 2456 4425 etiam
2478 4369 2886 4437 intellexistis;
2920 4370 3047 4425 duas
3080 4386 3169 4426 res
3201 4370 3277 4424 ibi
3320 4370 3486 4425 facta
3532 4373 3694 4437 sunt,
3728 4369 3855 4426 dis-

2142 4461 2362 4514 cernite
2384 4459 2534 4529 illas,
2560 4461 2798 4516 auditus
2829 4466 2883 4516 et
2915 4458 3260 4515 intellectus.
3307 4458 3554 4515 Auditus
3602 4474 3703 4531 per
3752 4476 3857 4516 me

2145 4548 2334 4604 factus
2361 4554 2469 4616 est,
2506 4548 2834 4605 intellectus
2867 4566 2969 4621 per
2997 4547 3213 4620 quem?
3244 4549 3361 4620 Ego
3392 4550 3462 4604 ad
3492 4564 3693 4604 aurem
3728 4548 3858 4604 dixi

2135 4641 2198 4692 ul
2218 4636 2518 4704 audiretis,
2542 4639 2611 4692 ad
2639 4655 2739 4694 cor
2761 4644 3017 4694 vestrum
3042 4637 3173 4709 quis
3194 4637 3341 4693 dixit
3381 4642 3447 4693 ut
3483 4636 3854 4710 intelligere-

2135 4728 2256 4784 tis?
2287 4730 2423 4786 Sine
2453 4729 2629 4786 dubio
2674 4729 2886 4801 aliquis
2936 4738 2989 4786 et
3038 4730 3109 4784 ad
3160 4745 3260 4785 cor
3310 4732 3569 4784 vestrum
3619 4728 3856 4799 aliquid

2138 4818 2301 4890 dixit,
2329 4824 2525 4876 utnon
2550 4818 2740 4876 solum
2766 4819 3045 4890 strepitus
3085 4818 3196 4875 iste
3233 4818 3543 4875 verborum
3587 4824 3859 4888 percute-

2137 4923 2435 4971 retaurem
2463 4920 2741 4983 vestram,
2764 4914 2863 4969 sed
2895 4912 3064 4969 etiam
3090 4912 3148 4967 in
3180 4928 3280 4967 cor
3318 4915 3574 4967 vestrum
3615 4911 3853 4985 aliquid

2138 5004 2513 5061 descenderet
2535 5003 2823 5059 veritatis:
2849 5003 2992 5058 dixit
3021 5001 3237 5075 aliquis
3260 5005 3316 5057 et
3336 5001 3405 5058 ad
3439 5017 3536 5058 cor
3554 5005 3822 5057 vestrum
3840 5043 3853 5070 ,

2138 5096 2235 5151 sed
2272 5108 2384 5148 non
2420 5107 2553 5147 eum
2586 5093 2828 5159 videtis;
2863 5094 2914 5148 si
2958 5091 3339 5160 intellexistis,
3366 5092 3592 5159 fratres,
3618 5091 3856 5148 dictum

2138 5187 2225 5238 est
2256 5190 2308 5238 et
2342 5181 2499 5237 cordi
2533 5186 2741 5237 vestro.
2773 5185 2985 5236 Munus
3013 5181 3109 5237 Dei
3132 5185 3221 5237 est
3246 5180 3654 5251 intelligentia.
3706 5181 3859 5245 Quis

2138 5272 2247 5328 hoc
2280 5271 2417 5327 dixit
2451 5273 2507 5326 in
2538 5272 2709 5327 corde
2756 5278 2968 5339 vestro,
3001 5270 3053 5326 si
3102 5268 3507 5326 intellexistis?
3556 5270 3662 5325 Cui
3704 5270 3859 5328 dicit

2138 5364 2430 5430 Psalmus,
2461 5362 2538 5417 Da
2577 5361 2715 5417 mihi
2752 5363 3108 5429 intellectum,
3132 5365 3192 5416 ut
3221 5360 3427 5416 discam
3455 5360 3721 5415 mandata
3748 5364 3860 5417 tua

2136 5452 2318 5521 (Psat.
2342 5468 2535 5521 cxvm,
2556 5452 2671 5521 73).
2692 5451 2855 5508 Verbi
2881 5452 3090 5524 gratia,
3121 5452 3427 5524 episcopus
3466 5448 3701 5507 loeutus
3731 5458 3849 5507 est.

2137 5544 2283 5607 Quid
2317 5542 2543 5601 locutus
2564 5550 2669 5612 est,
2689 5542 2900 5614 aliquis
2922 5541 3044 5599 ait?
3074 5541 3407 5614 Respondes
3437 5540 3573 5614 quid
3608 5540 3855 5598 locutus

2136 5634 2233 5701 sit,
2270 5640 2325 5690 et
2348 5634 2517 5691 addis
2542 5651 2554 5688 :
2580 5633 2794 5691 Verum
2819 5633 2982 5690 dixit.
3002 5633 3164 5690 Tunc
3187 5633 3338 5691 alius
3372 5634 3466 5705 qui
3515 5648 3629 5690 non
3680 5631 3852 5687 intel-
