4148 6190
281 295 431 358 1689

278 429 452 484 lexit:
485 428 634 493 Quid
669 428 831 495 dixit,
867 428 1081 500 inquit,
1127 432 1226 484 aut
1255 429 1390 499 quid
1433 434 1520 485 est
1551 430 1702 501 quod
1741 430 1978 485 laudas?

275 518 460 572 Ambo
494 535 585 574 me
619 519 950 583 audierunt,
977 520 1262 574 ambobus
1280 519 1550 589 egodixi;
1583 519 1684 574 sed
1716 519 1978 590 uniipso-

276 622 400 660 rum
432 606 587 663 Deus
633 607 798 662 dixit.
833 607 890 663 Si
925 624 1098 679 parva
1146 609 1375 679 magnis
1406 624 1744 680 comparare
1774 623 1977 664 conce-

273 697 450 764 ditur,
477 699 756 767 quoniam
785 699 969 753 nosad
995 713 1126 754 eum
1153 697 1290 769 quid
1317 699 1765 754 sumus?tamen
1784 697 1976 754 nescio

272 785 411 856 quid
435 787 875 857 incorporaliter
894 791 949 843 et
971 787 1357 859 spiritualitcr
1379 788 1514 844 facit
1538 790 1591 844 in
1612 789 1776 844 nobis
1800 789 1977 857 Deus,

269 876 424 947 quod
462 892 568 934 nec
600 892 778 934 sonus
819 881 908 933 est
939 879 1039 949 qui
1073 895 1274 934 aurem
1309 879 1613 950 percutiat,
1670 895 1774 934 nec
1823 878 1980 933 color

266 969 362 1038 qui
396 968 580 1023 oculis
613 968 1002 1038 discernatur,
1037 985 1142 1026 nec
1176 970 1318 1026 odor
1349 975 1436 1026 est
1475 971 1574 1041 qui
1617 969 1857 1025 naribus
1884 987 1978 1024 ca-

267 1058 488 1128 piatur,
521 1075 625 1114 nec
656 1075 829 1132 sapor
857 1062 955 1132 qui
991 1061 1256 1118 faucibus
1281 1061 1595 1130 judicetur,
1629 1075 1733 1115 nec
1765 1061 1977 1114 durum

263 1151 322 1204 et
358 1149 534 1205 molle
560 1151 714 1221 quod
741 1152 1031 1222 tangendo
1063 1152 1383 1208 sentiatur:
1419 1155 1613 1207 tamen
1646 1149 1859 1221 aliquid
1891 1153 1981 1204 est

263 1238 426 1308 quod
461 1239 677 1293 sentire
708 1239 875 1295 facile
918 1245 1021 1308 est,
1056 1240 1346 1311 explicare
1395 1237 1750 1309 impossibile
1775 1242 1882 1292 est.
1917 1237 1977 1292 Si

261 1343 405 1396 ergo
439 1327 614 1394 Deus,
651 1332 713 1384 ut
741 1329 932 1385 dicere
969 1345 1282 1400 creperam,
1311 1329 1564 1400 loquitur
1613 1328 1671 1382 in
1703 1326 1979 1383 cordibus

262 1417 491 1472 nostris
521 1419 648 1474 sine
705 1435 869 1485 sono,
922 1421 1213 1492 quomodo
1236 1420 1494 1490 loquitur
1526 1417 1666 1473 Filio
1701 1435 1804 1472 suo
1829 1416 1856 1470 σι
1887 1417 1980 1472 Sic

260 1523 426 1576 ergo,
454 1509 680 1577 fratres,
714 1511 797 1565 sic
827 1513 1092 1578 cogitate,
1127 1515 1410 1582 quantum
1448 1509 1708 1581 potestis,
1745 1512 1808 1562 ut
1840 1507 1976 1573 dixi,

261 1596 310 1654 si
361 1598 494 1654 licet
527 1588 701 1672 parva
761 1601 984 1672 magnis
1015 1603 1184 1657 modo
1244 1601 1441 1674 aliquo
1492 1616 1862 1672 comparare;
1896 1598 1980 1654 sic

262 1695 534 1762 cogitate.
575 1693 1012 1764 lncorporaliter
1048 1693 1216 1747 Pater
1260 1692 1489 1747 locutus
1523 1697 1612 1748 est
1642 1691 1803 1755 Filio,
1843 1691 1981 1760 quia

262 1784 710 1855 incorporaliler
733 1783 896 1838 Pater
917 1783 1116 1853 genuit
1133 1783 1364 1838 Filium.
1381 1783 1493 1838 Nec
1516 1798 1646 1837 eum
1670 1782 1750 1836 sic
1782 1781 1980 1835 docuit

260 1877 438 1948 quasi
476 1875 769 1930 indoctum
799 1875 1100 1945 genuerit:
1137 1875 1233 1929 sed
1269 1875 1378 1930 hoc
1407 1877 1496 1929 est
1525 1890 1658 1929 cum
1685 1872 1978 1936 docuisse,

259 1967 423 2038 quod
459 1969 549 2019 est
596 1966 875 2020 scientem
930 1965 1204 2036 genuisse
1238 1973 1326 2030 ;et
1360 1965 1466 2018 hoc
1514 1970 1623 2030 est,
1657 1962 1839 2018 docuit
1895 1976 1982 2016 me

262 2062 460 2123 Pater,
496 2054 649 2126 quod
681 2059 790 2122 est,
825 2053 1101 2109 scientem
1135 2071 1228 2109 me
1259 2054 1459 2124 genuit
1490 2054 1673 2108 Pater.
1708 2053 1764 2107 Si
1799 2051 1979 2120 enim,

259 2149 424 2218 quod
458 2146 624 2216 pauci
652 2145 1005 2217 intelligunt,
1045 2144 1292 2218 simplex
1324 2150 1410 2200 cst
1443 2149 1651 2202 natura
1683 2145 1977 2212 veritatis;

260 2238 378 2292 hoc
411 2241 500 2290 est
533 2235 675 2290 Filio
707 2251 834 2290 esse
870 2235 1024 2306 quod
1059 2252 1249 2292 nosse.
1282 2236 1365 2289 Ab
1397 2235 1496 2290 illo
1526 2252 1661 2306 ergo
1695 2235 1870 2289 habet
1919 2239 1981 2288 ut

259 2328 513 2396 noverit,
547 2345 579 2381 a
611 2343 724 2398 quo
776 2326 947 2382 habet
983 2331 1043 2382 ut
1100 2325 1218 2382 sit:
1269 2344 1381 2382 non
1433 2331 1496 2382 ut
1545 2327 1707 2398 prius
1761 2326 1832 2381 ali
1882 2325 1980 2380 illo

259 2422 443 2483 esset,
479 2421 534 2472 et
567 2417 637 2471 ah
672 2416 772 2472 illo
816 2421 1014 2487 postea
1046 2421 1244 2472 nosset
1277 2433 1290 2484 ;
1348 2417 1447 2472 sed
1481 2417 1979 2487 quemadmodum

265 2508 352 2562 illi
391 2508 687 2578 gignendo
746 2505 904 2562 dedit
961 2511 1023 2562 ut
1053 2511 1223 2574 esset,
1268 2508 1349 2562 sic
1389 2507 1680 2579 gignendo
1713 2506 1874 2560 dedit
1923 2512 1984 2560 ut

261 2604 509 2654 nosset:
541 2596 677 2668 quia
707 2596 983 2668 simplici,
1013 2601 1073 2651 ut
1095 2597 1313 2651 dictum
1340 2602 1449 2665 est,
1469 2602 1690 2651 natura:
1718 2595 1983 2650 veritatis

259 2703 397 2742 esse
420 2692 477 2741 et
502 2702 674 2741 nosse
693 2702 804 2740 non
832 2689 916 2741 est
939 2685 1092 2741 aliud
1115 2690 1288 2758 atque
1310 2686 1491 2749 aliud,
1512 2688 1610 2741 sed
1634 2685 1740 2740 hoc
1762 2685 1979 2756 ipsum.

336 2777 394 2830 2.
427 2775 588 2832 Dixit
636 2790 773 2847 ergo
835 2775 945 2830 ista
1002 2775 1240 2837 Judmis,
1275 2780 1331 2831 et
1373 2775 1636 2831 addidit:
1670 2776 1735 2829 Et
1773 2777 1867 2846 qui
1898 2791 1985 2829 me

259 2866 424 2920 misit
455 2880 672 2920 mecum
703 2869 800 2920 est.
849 2864 977 2920 Jam
1030 2865 1136 2920 hoc
1175 2871 1230 2921 et
1263 2874 1393 2921 ante
1424 2865 1672 2930 dixerat,
1707 2866 1804 2920 sed
1862 2881 1982 2920 rem

260 2972 544 3026 magnam
578 2956 813 3012 assidue
863 2962 1313 3012 commemorat:
1349 2956 1501 3011 misit
1547 2974 1652 3024 me,
1685 2960 1742 3011 et
1778 2971 1987 3010 merum

268 3053 378 3102 est.
413 3046 474 3100 Si
515 3061 650 3116 ergo
684 3053 871 3101 tecum
905 3051 1009 3115 est,
1041 3062 1072 3101 ο
1118 3046 1380 3107 Domine,
1414 3063 1528 3101 non
1571 3061 1719 3100 unus
1772 3045 1843 3100 ab
1875 3044 1986 3099 alio

270 3135 498 3191 missus
530 3139 640 3202 est,
674 3134 776 3190 sed
807 3137 978 3191 ambo
1009 3135 1272 3192 venistis.
1307 3136 1377 3191 Et
1405 3141 1599 3190 tamen
1631 3149 1764 3190 cum
1817 3133 1988 3190 ambo

271 3223 457 3280 simul
491 3225 635 3291 sint,
667 3241 814 3280 unus
874 3225 1096 3281 missus
1126 3234 1233 3291 est,
1264 3225 1408 3280 alter
1447 3224 1612 3280 misit
1643 3241 1656 3280 :
1710 3223 1986 3296 quoniam

273 3314 485 3370 missio
517 3314 840 3370 incarnatio
871 3320 980 3382 est,
1013 3325 1066 3371 et
1097 3315 1225 3386 ipsa
1249 3316 1569 3372 incarnatio
1601 3314 1725 3369 Filii
1756 3320 1987 3370 tantum

276 3409 388 3474 est,
423 3421 542 3460 non
565 3410 622 3460 et
652 3403 857 3462 Patris.
883 3406 1038 3461 Misit
1080 3406 1273 3476 itaque
1296 3409 1464 3460 Pater
1484 3405 1715 3472 Filium,
1749 3406 1846 3460 sed
1875 3421 1990 3460 non

280 3497 528 3552 recessit
559 3512 588 3550 a
624 3494 788 3551 Filio.
831 3495 955 3552 Non
982 3495 1135 3552 enim
1163 3512 1274 3568 quo
1308 3496 1469 3551 misit
1499 3495 1731 3560 Filium,
1763 3511 1878 3551 non
1911 3495 1989 3551 ibi

284 3591 405 3641 erat
425 3585 612 3640 Pater.
633 3583 742 3639 Ubi
778 3585 930 3641 enim
957 3602 1075 3641 non
1099 3593 1181 3640 est
1212 3587 1308 3656 qui
1327 3585 1460 3641 fecit
1483 3585 1723 3640 omnia?
1745 3585 1844 3640 ubi
1876 3601 1994 3640 non

285 3679 373 3731 est
402 3675 506 3747 qui
529 3676 694 3745 dixit,
714 3677 915 3732 Crelum
935 3684 986 3732 et
1011 3683 1218 3732 terram
1241 3694 1338 3745 ego
1357 3677 1556 3749 impleo
1578 3678 1793 3749 (Jerem.
1829 3691 1993 3744 xxm,

283 3765 423 3833 24)?
451 3766 564 3821 Sed
600 3767 743 3821 forte
791 3767 958 3823 Pater
1016 3767 1251 3839 ubique,
1285 3773 1340 3825 et
1396 3767 1576 3822 Filius
1628 3783 1742 3822 non
1775 3767 1996 3838 ubique

288 3859 374 3910 est
394 3854 422 3909 ‘I
453 3855 888 3926 Evangelistam
925 3857 1058 3911 audi
1094 3872 1108 3912 :
1141 3858 1204 3912 In
1233 3857 1330 3914 hoc
1357 3857 1564 3912 mundo
1589 3861 1727 3924 erat,
1750 3863 1802 3913 et
1831 3871 1993 3910 mun-

289 3945 384 4000 dus
411 3961 514 4017 per
544 3961 672 4000 eum
701 3948 886 4013 factus
913 3956 990 4002 est
1020 3947 1197 4019 (Ioan.
1232 3965 1271 4017 ι,
1307 3947 1416 4017 10).
1450 3951 1614 4018 Ergo,
1659 3946 1870 4017 inquit,
1902 3947 1996 4018 qui

291 4037 437 4091 misit
464 4051 576 4103 me,
609 4036 776 4106 cujus
799 4038 1137 4094 auctoritate
1161 4044 1441 4110 tanquam
1466 4043 1703 4110 paterna
1725 4037 1994 4093 incarna-

294 4131 383 4180 tus
413 4142 570 4195 sum,
602 4142 812 4183 mecum
841 4134 935 4196 est,
967 4146 1076 4184 non
1114 4147 1199 4187 me
1245 4130 1495 4202 reliquit.
1535 4131 1720 4194 Quare
1751 4146 1866 4185 non
1902 4143 1994 4184 me

297 4218 569 4290 reliquit?
597 4217 715 4273 Non
772 4236 858 4273 me
915 4221 1163 4292 reliquit,
1221 4222 1431 4293 inquit,
1486 4221 1661 4276 solum
1717 4223 1847 4292 quia
1903 4235 1998 4290 ego

296 4323 412 4378 quae
439 4309 660 4381 placita
687 4315 818 4364 sunt
846 4310 917 4376 ei,
948 4313 1092 4378 facio
1123 4327 1350 4383 semper.
1400 4313 1530 4382 Ipsa
1562 4315 1650 4366 est
1697 4308 1998 4381 aequalitas

297 4414 528 4471 rea-per,
570 4415 685 4455 non
718 4415 788 4454 ex
818 4400 1068 4470 quodam
1114 4400 1282 4456 initio
1314 4406 1368 4456 et
1400 4400 1694 4472 deinceps,
1728 4401 1827 4454 sed
1874 4399 2000 4456 sine

301 4488 483 4549 initio,
517 4487 643 4544 sine
685 4489 815 4545 line.
849 4489 947 4545 Dei
998 4490 1153 4545 enim
1185 4492 1482 4560 generatio
1513 4492 1640 4561 :non
1691 4489 1863 4544 habet
1895 4487 2003 4542 ini-

302 4578 442 4633 tium
475 4578 782 4650 temporis,
804 4579 939 4650 quia
970 4596 1072 4652 per
1102 4582 1365 4652 genitum
1394 4581 1538 4636 facta
1559 4583 1696 4635 sunt
1717 4583 2000 4652 tempora.

362 4669 415 4723 7.
461 4669 591 4725 Ilaec
650 4669 744 4725 illo
802 4670 1067 4740 loquente,
1125 4670 1292 4726 multi
1337 4670 1682 4726 crediderunt
1741 4672 1797 4725 in
1853 4685 2000 4725 eum.

303 4758 528 4815 Utinam
565 4762 736 4815 etme
766 4758 1036 4829 loquente
1068 4759 1238 4816 multi
1261 4760 1355 4832 qui
1387 4761 1545 4815 aliud
1579 4760 1886 4832 sepiebant
1915 4759 2005 4814 in-

303 4851 588 4922 telligant,
624 4853 679 4905 et
708 4849 949 4905 credant
977 4849 1036 4905 in
1088 4866 1238 4906 eum.
1277 4851 1522 4915 Quidam
1557 4851 1710 4905 enim
1762 4851 2006 4905 fortasse

304 4946 435 4997 sunt
466 4940 528 4995 in
564 4939 676 4994 ista
707 4940 1082 4995 multitudine
1125 4941 1324 4996 ariani.
1363 4940 1482 4997 Non
1505 4941 1688 4995 audeo
1721 4937 2004 5009 suspicari

306 5045 421 5086 esse
455 5028 817 5085 sabellianos
850 5029 945 5100 qui
997 5031 1193 5102 ipsum
1229 5030 1457 5086 Patrem
1500 5031 1703 5086 dicunt
1732 5045 1858 5086 esse
1908 5028 2007 5101 qui

308 5118 475 5174 Filius
507 5121 638 5173 est:
672 5116 906 5173 heresis
939 5118 1155 5190 quippe
1187 5119 1300 5173 ista
1329 5118 1503 5175 nimis
1534 5120 1778 5191 antiqua
1808 5123 1917 5183 est,
1952 5123 2009 5173 et

308 5205 586 5276 paulatim
621 5207 1320 5263 eviscerata.Arianorum
1345 5211 1538 5264 autem
1564 5208 1755 5263 adhuc
1785 5206 2011 5262 videtur

307 5292 509 5350 habere
530 5293 761 5366 aliquas
783 5296 1069 5352 motiones
1090 5296 1256 5369 quasi
1272 5296 1567 5352 cadaveris
1589 5295 2006 5367 putrescentis;

309 5389 591 5452 autcerte,
613 5389 675 5438 ut
697 5386 973 5454 multum,
989 5387 1156 5459 quasi
1183 5385 1439 5442 hominis
1462 5387 1718 5441 animam
1744 5383 2010 5456 agentis:

312 5477 530 5542 oportet
562 5473 698 5528 inde
743 5472 994 5546 reliquos
1027 5476 1280 5542 liberari,
1315 5474 1465 5531 sicut
1496 5473 1628 5530 inde
1661 5473 1833 5529 multi
1866 5471 2013 5529 libe-

314 5562 412 5616 rati
433 5568 595 5618 sunt.
621 5563 688 5618 Et
718 5564 951 5635 quidem
973 5565 1086 5622 ista
1117 5566 1317 5622 civitas
1338 5582 1437 5622 eos
1463 5582 1580 5622 non
1612 5564 1885 5633 habebat;
1911 5563 2013 5621 sed

317 5658 686 5724 posteaquam
720 5652 892 5709 multi
924 5655 1211 5728 peregrini
1242 5655 1624 5718 advenerunt.
1657 5653 1925 5712 nonnulli
1957 5656 2014 5708 et

1489 297 1952 359 TRAC'I‘ATUS
1999 298 2125 358 XL.
2173 297 2431 360 CAPUT
2475 297 2631 363 Vill.

3635 291 3791 352 1690

2090 429 2198 502 ipsi
2233 439 2528 488 venerunt.
2567 431 2706 486 Ecce
2724 429 2843 483 haec
2863 427 3106 483 Domino
3125 425 3394 496 loquente
3414 423 3578 480 mulli
3603 425 3788 480 Judaei

2088 522 2460 577 crediderunt
2489 521 2546 575 in
2580 537 2708 576 eum
2736 539 2750 587 ;
2775 533 2904 574 ecce
2935 521 2991 572 et
3021 532 3112 571 me
3144 515 3419 586 loquente
3451 514 3642 570 Ariani
3674 530 3793 570 cre-

2089 611 2250 680 dant,
2285 630 2399 669 non
2432 613 2490 667 in
2523 627 2635 676 me,
2670 608 2770 666 sed
2805 625 3046 664 mecum.

2160 703 2212 758 8.
2247 704 2462 760 Dicebat
2491 720 2623 773 ergo
2674 703 2930 757 Dominus
2978 699 3046 754 ad
3076 715 3160 754 eos
3208 700 3302 769 qui
3338 697 3680 754 crediderant
3731 698 3787 748 in

2088 811 2212 850 cum
2259 794 2599 851 Judzeos:S-i
2640 809 2735 847 vos
2784 789 3096 844 manserilis
3156 792 3210 842 in
3243 789 3398 844 verbo
3462 803 3592 842 meo.
3658 785 3790 840 Ideo

2089 885 2422 954 manserilis,
2458 883 2595 955 quia
2627 882 2836 937 initiati
2871 880 3031 946 estis,
3068 878 3206 950 quia
3235 884 3289 932 et
3322 878 3396 932 ibi
3431 893 3558 932 esse
3590 874 3789 945 coepis-

2091 976 2180 1032 tis.
2207 977 2264 1029 Si
2296 974 2629 1044 manseritis,
2651 973 2757 1028 hoc
2779 979 2864 1028 est
2886 973 2942 1027 in
2965 972 3074 1025 fide
3098 988 3228 1041 quae
3258 970 3315 1023 in
3343 969 3504 1024 vobis
3528 984 3653 1022 esse
3676 983 3794 1021 cru.

2089 1066 2362 1121 dentibus
2392 1064 2596 1134 coepit;
2626 1079 2736 1134 quo
2762 1060 3105 1134 pervenistis
3125 1061 3151 1114 τί
3174 1060 3309 1115 Vide
3343 1057 3508 1129 quale
3533 1055 3788 1120 initium,

2091 1169 2201 1223 quo
2235 1153 2519 1222 perducit.
2544 1152 2768 1206 Amasti
2796 1149 3508 1214 fundamentum,culmen
3536 1145 3789 1211 attende,

2090 1248 2146 1299 et
2177 1259 2243 1298 ex
2273 1243 2382 1297 ista
2416 1241 2744 1296 humilitate
2771 1239 2943 1294 aliam
2993 1236 3398 1293 celsitudinem
3451 1249 3658 1305 quaere.
3695 1231 3788 1286 Fi-

2090 1334 2192 1388 des
2216 1333 2370 1387 enim
2395 1330 2789 1386 humilitatem
2818 1329 3020 1383 habet:
3041 1326 3292 1397 cognitio
3314 1333 3362 1379 et
3385 1323 3789 1379 immortalitas

2091 1421 2450 1478 etzeternitas
2470 1437 2582 1476 non
2609 1419 2779 1473 habet
2802 1415 3213 1483 humilitatem,
3231 1416 3326 1470 sed
3346 1413 3750 1469 celsitudinem
3778 1428 3790 1476 ;

2089 1512 2458 1579 erectionem,
2506 1508 2728 1564 nullam
2761 1507 3164 1574 defectionem,
3197 1509 3465 1559 (sternam
3509 1500 3792 1556 stabilita-

2091 1612 2224 1669 tem,
2262 1599 2481 1656 nullam
2515 1601 2585 1654 ab
2619 1599 2854 1653 inimico
2886 1597 3393 1670 expugnationem,
3427 1593 3656 1648 nullum
3689 1591 3792 1644 dc-

2093 1693 2319 1748 ficiendi
2369 1692 2660 1746 timorem.
2699 1690 2965 1759 Magnum
2999 1693 3088 1743 est
3136 1688 3285 1758 quod
3318 1684 3523 1754 incipit
3568 1699 3599 1736 a
3630 1679 3741 1733 ﬁde
3778 1695 3790 1744 ;

2090 1785 2190 1839 sed
2209 1780 2624 1838 contemnitur.
2645 1780 3108 1834 Fundamentum
3125 1777 3272 1833 solet
3287 1780 3460 1831 etiam
3480 1773 3537 1828 in
3553 1768 3793 1825 aedificio

2089 1873 2157 1927 ab
2185 1871 2472 1942 imperitis
2491 1869 2806 1926 contemni.
2837 1870 3013 1924 Fossa
3039 1869 3102 1922 fit
3124 1866 3386 1940 grandis,
3411 1861 3635 1935 lapides
3658 1875 3798 1929 quo-

2091 1980 2202 2034 quo
2229 1963 2396 2018 modo
2421 1963 2638 2033 passim
2660 1963 2969 2017 mittuntur
2995 1978 3007 2026 ;
3034 1959 3195 2014 nulla
3217 1958 3292 2013 ibi
3318 1954 3608 2027 expolitio,
3636 1949 3794 2006 nulla

2091 2055 2463 2125 pulchritudo
2494 2056 2760 2124 apparet:
2786 2051 3077 2122 quomodo
3109 2064 3214 2104 nec
3242 2047 3298 2102 in
3335 2044 3555 2102 arboris
3579 2041 3797 2104 radice,

2091 2161 2205 2199 non
2240 2153 2473 2215 apparet
2505 2142 2702 2211 aliqua
2735 2140 3144 2211 pulchritudo;
3176 2141 3360 2192 totum
3393 2139 3583 2190 tamen
3630 2130 3798 2201 quid-

2091 2237 2231 2307 quid
2266 2241 2320 2291 te
2349 2235 2595 2291 delectat
2643 2233 2698 2287 in
2731 2233 2957 2297 arbore,
3021 2233 3091 2285 de
3141 2229 3334 2284 radice
3384 2225 3648 2281 surrexit.
3683 2221 3792 2275 Sed

2091 2329 2247 2382 vides
2281 2328 2556 2394 radicem,
2590 2329 2647 2379 et
2681 2339 2793 2378 non
2828 2319 3132 2377 delectaris
3165 2335 3178 2386 ;
3213 2318 3371 2372 vides
3422 2315 3687 2370 arborem
3741 2314 3798 2363 et

2094 2418 2344 2474 miraris.
2379 2415 2584 2480 Stulte,
2618 2415 2765 2485 quod
2801 2411 3051 2477 miraris,
3085 2409 3218 2463 inde
3248 2405 3498 2462 surrexit
3528 2419 3638 2474 quo
3682 2417 3794 2455 non

2095 2506 2420 2564 delectaris.
2457 2505 2659 2560 Parum
2695 2502 2916 2573 aliquid
2965 2500 3191 2554 videtur
3241 2499 3382 2552 lides
3415 2493 3796 2555 credentium,

2095 2614 2210 2654 non
2246 2597 2424 2652 habes
2457 2599 2727 2650 stateram
2783 2592 2936 2646 unde
2968 2590 3287 2661 appendas.
3326 2584 3470 2640 Audi
3506 2599 3641 2653 ergo
3682 2598 3796 2651 quo

2096 2687 2414 2758 perveniat,
2457 2689 2512 2739 et
2539 2684 2671 2738 dide
2703 2686 2923 2752 quanta
2953 2679 3025 2733 sit
3056 2695 3070 2733 :
3105 2678 3252 2733 sicut
3285 2680 3340 2731 et
3368 2674 3492 2745 ipse
3513 2670 3798 2727 Dominus

2096 2779 2207 2833 alio
2237 2777 2363 2832 loco
2395 2776 2554 2839 dicit,
2579 2775 2640 2829 Si
2669 2772 2974 2827 habueritis
3004 2769 3163 2839 ﬁdem
3195 2769 3341 2822 sicut
3372 2779 3608 2834 granum
3653 2764 3798 2815 sina-

2097 2866 2409 2939 pis(Matth.
2443 2879 2585 2933 xvu,
2620 2863 2728 2934 19).
2763 2862 2908 2926 Quid
2953 2859 3256 2928 humilius,
3295 2855 3426 2927 quid
3486 2853 3798 2908 vehemen-

2099 2959 2215 3012 tius
2242 2957 2269 3012 ‘l
2301 2956 2439 3027 quid
2491 2953 2800 3016 minutius,
2851 2951 2991 3021 quid
3031 2945 3388 3004 ferventius?
3422 2945 3564 3014 Ergo
3607 2946 3662 2996 et
3692 2958 3801 3008 vos,

2099 3047 2198 3113 ait,
2220 3045 2268 3101 si
2297 3044 2609 3099 manseritis
2629 3042 2687 3096 in
2720 3041 2880 3095 verbo
2907 3055 3046 3108 meo,
3068 3038 3129 3093 in
3161 3055 3272 3108 quo
3304 3032 3655 3099 credidistis,
3690 3047 3803 3102 quo

2101 3133 2537 3208 perducemini?
2569 3132 2700 3186 Vere
2722 3129 2984 3200 discipuli
3005 3129 3114 3182 mei
3135 3128 3306 3181 eritis.
3343 3124 3411 3178 Et
3441 3123 3574 3193 quid
3609 3121 3804 3188 nobis,

2102 3229 2334 3302 prodest
2361 3225 2389 3279 ‘t
2422 3224 2480 3278 Et
2509 3221 2839 3291 cognoscetis
2869 3221 3184 3273 veritatem.

2169 3318 2222 3371 9.
2240 3315 2386 3380 Quid
2409 3311 2694 3386 promittit
2715 3309 3100 3375 credentibus,
3122 3307 3327 3361 fratres
3350 3302 3376 3356 Ῡ
3403 3302 3803 3370 Etcognoseelis

2101 3407 2419 3465 veritatem.
2445 3403 2588 3468 Quid
2613 3403 2766 3458 enim
2791 3400 2818 3455 ?
2841 3415 2950 3455 non
2977 3397 3137 3453 illam
3153 3390 3804 3466 cognoverant,quando

2103 3497 2386 3555 Dominus
2417 3491 2803 3562 loquebatur?
2833 3490 2884 3545 si
2933 3504 3046 3542 non
3078 3485 3485 3556 cognoverant,
3515 3478 3803 3550 quomodo

2104 3583 2516 3644 crediderunt?
2543 3583 2668 3638 Non
2700 3581 2837 3650 quia
2869 3578 3265 3648 cognoverunt
3291 3570 3677 3633 crediderunt,
3704 3567 3802 3621 sed

2103 3683 2168 3734 ut
2199 3677 2617 3748 cognoscerent
2647 3669 3040 3726 crediderunt.
3083 3665 3390 3721 Credimus
3421 3659 3574 3716 enim
3607 3659 3671 3711 ut
3719 3672 3806 3748 co-

2104 3746 2478 3842 gnoscamus,
2529 3781 2643 3822 non
2704 3758 3113 3833 cognoscimus
3164 3763 3228 3811 ut
3285 3752 3610 3810 credamus.
3642 3746 3802 3842 Quod

2104 3835 2256 3916 enim
2289 3856 2578 3930 cognituri
2629 3869 2858 3917 sumus,
2906 3865 3009 3906 nec
3057 3846 3264 3904 oculus
3314 3842 3476 3906 vidit,
3511 3855 3616 3895 nec
3647 3835 3807 3930 auris

2104 3949 2346 4020 audivit,
2364 3926 2486 4003 “nec
2514 3947 2573 4002 in
2622 3961 2721 4003 cor
2767 3941 3024 3999 hominis
3074 3935 3330 3995 ascendit
3363 3930 3512 4000 (lsai.
3561 3944 3709 3997 inv,
3744 3926 3806 4020 li;

2106 4043 2125 4098 ι
2160 4043 2278 4099 Cor.
2315 4019 2372 4106 ιι,
2403 4039 2481 4110 9).
2515 4037 2660 4103 Quid
2693 4039 2783 4092 est
2813 4035 2968 4090 enim
3019 4031 3186 4098 fides,
3221 4026 3332 4083 nisi
3384 4024 3618 4080 credere
3651 4019 3801 4090 quod

2109 4149 2222 4189 non
2256 4131 2414 4185 vides
2444 4129 2472 4183 ?
2495 4128 2661 4184 Fides
2693 4142 2825 4197 ergo
2857 4129 2964 4193 est,
2999 4121 3148 4193 quod
3195 4134 3311 4175 non
3346 4115 3503 4169 vides
3535 4112 3758 4167 credere
3791 4128 3804 4179 ;

2103 4223 2337 4286 veritas,
2371 4219 2526 4293 quod
2577 4216 2870 4274 credidisti
2902 4214 3095 4268 videre
3133 4229 3146 4268 :
3180 4210 3332 4265 sicut
3375 4205 3529 4293 ipse_
3550 4201 3803 4293 quodam

2108 4313 2229 4367 loce
2260 4307 2358 4361 ait.
2387 4289 2519 4359 ideo
2547 4304 2825 4358 Dominus
2847 4301 3010 4371 prius
3039 4299 3106 4353 ad
3143 4293 3464 4350 faciendam
3499 4289 3667 4343 ﬁdem
3690 4299 3808 4338 am-

2109 4397 2407 4454 bulavitin
2439 4400 2613 4450 terra.
2649 4393 2829 4448 llomo
2861 4397 3002 4456 erat,
3035 4384 3277 4442 humilis
3309 4382 3497 4436 factus
3531 4379 3652 4434 erat
3687 4399 3701 4440 ς
3736 4373 3808 4428 ab

2109 4485 2386 4543 omnibus
2413 4482 2858 4545 videbatur,nec
2881 4477 2949 4531 ab
2973 4473 3245 4530 omnibus
3270 4465 3748 4540 cognoscebalur;
3778 4478 3810 4515 υ.

2111 4574 2311 4630 multis
2367 4569 2800 4643 reprobabatur,
2827 4583 2859 4621 a
2912 4565 3077 4620 turba
3124 4560 3513 4625 occidebatur,
3547 4572 3579 4610 a
3610 4551 3811 4625 paucis

2112 4664 2416 4721 dolebatur
2450 4677 2463 4717 :
2491 4659 2594 4714 sed
2647 4663 2841 4712 tamen
2873 4660 2930 4712 et
2960 4656 3030 4710 ab
3062 4654 3144 4710 eis
3179 4669 3211 4708 a
3241 4650 3452 4722 quibus
3485 4645 3808 4706 dolebatur,

2114 4755 2373 4811 nondum
2417 4751 2570 4806 sicut
2599 4751 2726 4804 erat
2769 4745 3211 4817 agnoscebatur.
3246 4743 3455 4797 Totum
3505 4736 3613 4792 hoc
3645 4733 3812 4805 quasi

2114 4843 2346 4900 initium
2369 4844 2458 4897 est
2489 4838 2972 4894 lineamentorum
2999 4833 3130 4890 fidei
3162 4837 3218 4888 et
3247 4835 3554 4888 structuris
3587 4829 3813 4880 futuris.

2116 4932 2270 5004 quod
2302 4928 2586 4986 Dominus
2619 4927 2741 4997 ipse
2771 4925 3074 4982 attendens
3127 4921 3372 4993 quodam
3409 4921 3531 4975 loco
3562 4915 3660 4982 ait,
3710 4909 3814 4978 Qui

2115 5023 2301 5088 diligit
2331 5035 2435 5085 me,
2485 5017 2760 5073 mandata
2789 5032 2910 5071 mea
2941 5012 3170 5070 custodit
3190 5028 3211 5073 ,·
3241 5016 3291 5067 et
3347 5011 3443 5080 qui
3471 5005 3658 5074 diligit
3707 5015 3810 5064 me,

2116 5111 2379 5180 diligetur
2407 5125 2438 5163 a
2464 5110 2626 5164 Patre
2652 5123 2792 5174 meo,
2823 5110 2877 5162 et
2904 5122 2999 5175 ego
3028 5104 3258 5172 diligam
3289 5116 3432 5166 eum,
3465 5105 3514 5153 et
3542 5089 3818 5180 ostendam

2116 5179 2386 5271 meipsum
2408 5198 2497 5252 illi
2516 5199 2697 5267 (Joan,
2724 5213 2840 5265 xxv,
2871 5196 2983 5266 2t).
3009 5197 3185 5259 Quem
3220 5191 3317 5261 qui
3350 5185 3680 5249 audiebant,
3701 5179 3818 5233 uti-

2120 5292 2362 5364 quejam
2385 5290 2682 5355 videbant;
2711 5288 2792 5341 eis
2815 5293 3030 5349 tamen,
3061 5283 3106 5338 si
3133 5281 3470 5350 diligebant,
3505 5271 3816 5364 videndum

2120 5358 2183 5438 se
2218 5358 2603 5453 promittebat.
2635 5378 2728 5432 Sic
2768 5381 2823 5430 et
2849 5376 2957 5438 hic,
2980 5373 3311 5443 Cognosretis
3343 5366 3647 5424 veritatem.
3674 5358 3818 5453 Quid

2123 5448 2326 5528 enim?
2370 5468 2520 5538 quod
2557 5465 2752 5521 dixisti
2787 5480 2898 5518 non
2931 5468 3018 5518 est
3051 5459 3303 5516 veritas?
3333 5456 3555 5514 Veritas
3576 5455 3685 5518 est,
3717 5448 3819 5505 sed

2125 5561 2311 5616 adhuc
2342 5556 2615 5624 creditur,
2650 5553 2908 5610 nondum
2951 5552 3199 5608 videtur.
3233 5551 3294 5607 Si
3334 5548 3633 5606 maneatur
3663 5542 3724 5598 in
3755 5555 3821 5594 eo

2125 5648 2278 5721 quod
2313 5647 2591 5712 creditur,
2625 5642 2956 5718 pervenitur
2984 5644 3052 5701 ad
3090 5643 3148 5700 id
3179 5642 3334 5715 quod
3364 5638 3650 5696 videatur.
3684 5628 3823 5686 Inde
