4148 6190
3664 277 3818 339 1692

2113 423 2375 497 germina
2407 430 2504 477 tua
2533 421 2745 475 intrent
2776 419 2831 473 in
2863 416 3149 472 horreum.
3189 411 3507 466 Abundant
3533 411 3814 465 tentatio-

2120 531 2222 569 nes
2255 514 2314 567 in
2351 513 2524 567 modo
2558 513 2611 568 ¹;
2646 509 2741 564 sed
2795 506 2977 575 major
3007 509 3094 558 est
3145 502 3245 573 qui
3305 499 3438 556 fecit
3485 500 3765 553 mundum
3802 516 3816 552 :

2124 604 2426 659 abundant
2450 599 2796 656 tentationes
2821 614 2835 664 ;
2858 594 2959 651 sed
2984 610 3092 649 non
3120 591 3315 647 deficit
3335 589 3433 660 qui
3453 588 3510 643 in
3537 587 3636 645 illo
3658 603 3822 659 Spem

2124 694 2307 765 ponit,
2343 693 2400 746 in
2434 708 2542 761 quo
2575 689 2835 744 defectus
2867 684 3062 740 nullus
3083 687 3192 738 est.

2199 785 2280 838 1t.
2316 784 2396 836 Ad
2433 782 2540 836 hoc
2587 780 2852 833 hortatus
2884 791 3012 830 sum
3047 773 3179 833 ista.
3222 771 3448 836 fratres,
3483 769 3622 840 quia
3654 767 3824 823 liber-

309 284 461 348 1691
1253 293 1325 352 ΙΝ
1371 294 1690 357 JOANNIS
1735 294 2269 366 EVANGELIUM,
2320 292 2383 352 S.
2430 287 2852 351 AUGUSTINI

305 418 712 515 {cannes‘ipsc
764 424 1004 476 sanctus
1061 425 1416 495 evangelista
1445 427 1502 481 in
1551 427 1806 498 Epistola
1853 444 2006 482 sua:

311 507 690 577 Dilectissimi,
726 510 936 580 inquit,
977 511 1087 580 ﬁlii
1134 514 1231 568 Dei
1257 531 1468 583 sumus,
1512 519 1603 572 sed
1635 518 1873 572 nondum
1898 534 2006 587 ap-

309 601 496 668 paruit
527 599 660 668 quid
706 602 929 655 erimus.
963 601 1090 656 Jam
1141 621 1367 673 sumus,
1394 611 1448 662 et
1499 607 1716 678 aliquid
1767 607 2007 661 erimus.

313 689 455 751 Quid
492 688 622 759 plus
652 691 871 745 erimus
895 708 1068 761 quam
1094 697 1341 749 sumus?
1361 697 1504 751 Audi
1541 715 1551 750 :
1579 698 1825 752 Nondum
1850 713 2012 766 appa-

314 778 428 829 ruit
459 777 591 846 quid
623 781 858 832 erimus:
877 782 1076 835 scimus
1107 784 1234 850 quia
1264 799 1388 839 cum
1421 786 1769 856 apparuerit,
1803 784 2014 839 similes

315 869 364 919 ei
401 869 629 923 erimus.
665 868 873 924 Unde?
905 872 1171 938 Quoniam
1203 873 1501 930 videbimus
1551 892 1676 930 eum
1724 877 1894 930 sicuti
1939 882 2018 930 est

312 959 356 1056 (l
388 958 547 1056 latin.
580 975 664 1056 nr,
695 961 772 1030 2).
807 961 1018 1032 Magna
1050 965 1357 1034 promissio
1393 984 1406 1035 ;
1440 966 1537 1021 sed
1572 982 1792 1022 merces
1823 973 1908 1022 est
1945 966 2018 1020 fi-

317 1046 428 1100 dei.
464 1049 683 1112 Quaeris
736 1054 1078 1120 mercedem,
1140 1073 1284 1127 opus
1343 1058 1648 1126 praecedat.
1704 1058 1762 1113 Si
1808 1057 2016 1122 credis,

317 1137 644 1193 mercedem
703 1141 862 1212 exige
894 1143 1065 1210 fidei;
1101 1144 1148 1199 si
1191 1153 1381 1202 autem
1445 1164 1558 1204 non
1617 1148 1827 1211 credis,
1884 1146 2017 1201 fidei

319 1226 638 1281 mercedem
674 1245 788 1299 qua
820 1231 1004 1286 fronte
1036 1233 1294 1304 quaeris?
1323 1235 1382 1288 Si
1419 1252 1554 1306 ergo
1584 1235 1902 1291 manseritis
1957 1237 2016 1290 in

2126 879 2211 929 tus
2243 877 2313 927 de
2344 889 2459 942 qua
2491 870 2750 940 loquitur
2789 865 3070 922 Dominus
3101 865 3296 917 noster
3341 861 3508 914 Jesus
3540 857 3826 924 Christus,

2124 980 2241 1018 non
2275 962 2452 1031 hujus
2484 958 2762 1030 temporis
2792 960 2900 1010 est.
2935 953 3127 1010 Videte
3175 949 3316 1022 quid
3348 948 3616 1019 adjunxit
3649 963 3662 1001 :
3703 947 3829 1002 Vere

2123 1050 2383 1123 discipuli
2413 1052 2522 1105 mei
2550 1048 2728 1114 eritis,
2760 1055 2813 1102 et
2850 1043 3182 1112 cognoscetis
3204 1043 3511 1103 veritatem,
3543 1044 3595 1093 et
3627 1038 3831 1092 veritas

2127 1144 2382 1199 liberabit
2414 1157 2522 1197 vos.
2556 1140 2702 1206 Quid
2737 1142 2847 1202 est,
2879 1134 3148 1191 liberabit
3179 1149 3267 1188 vos
3287 1133 3313 1185 ?
3344 1130 3579 1184 Liberos
3609 1145 3709 1183 vos
3743 1129 3832 1182 fa-

2127 1237 2256 1289 ciet.
2281 1233 2540 1304 Denique
2569 1229 2752 1285 Judaei
2800 1224 3081 1292 carnales,
3121 1228 3178 1278 et
3225 1220 3544 1277 secundum
3595 1231 3830 1272 carnem

318 1313 479 1412 verba
513 1332 646 1382 meo,
672 1335 793 1374 vere
813 1320 1074 1391 discipuli
1100 1327 1209 1377 mei
1232 1325 1383 1380 eritis
1417 1341 1434 1378 :
1461 1334 1519 1380 ut
1550 1325 2018 1396 contemplemini

321 1409 509 1473 ipsam
543 1409 842 1464 veritatem
884 1413 1053 1467 sicuti
1084 1422 1169 1468 est
1203 1434 1216 1482 ;
1251 1430 1363 1469 non
1398 1432 1498 1486 per
1527 1416 1697 1471 verba
1728 1417 2017 1484 sonantia,

323 1494 420 1548 sed
456 1510 556 1565 per
599 1496 784 1552 lucem
845 1500 1271 1571 splendentem,
1321 1521 1452 1560 cum
1513 1505 1806 1561 satiaverit
1839 1521 1943 1560 nos
1975 1507 2017 1572 ¹,

325 1585 478 1652 quod
513 1586 722 1656 legitur
751 1589 810 1643 in
842 1590 1069 1647 Psalmo
1099 1593 1388 1662 Signatum
1413 1602 1489 1651 est
1519 1614 1684 1668 super
1712 1612 1808 1652 nos
1839 1597 2019 1651 lumen

323 1673 506 1727 vultus
537 1677 639 1743 tui,
687 1679 915 1735 Domine
963 1683 1128 1752 (Psal.
1163 1698 1238 1751 tv,
1269 1685 1345 1756 7).
1380 1689 1604 1740 Moneta
1661 1685 1759 1741 Dei
1792 1703 2020 1753 sumus,

323 1777 600 1819 nummus
633 1784 666 1821 a
719 1770 986 1825 thesauro
1035 1772 1446 1838 oberravimus,
1497 1775 1700 1830 Errore
1748 1775 2020 1832 detritum

321 1854 378 1904 et
410 1854 564 1922 quod
597 1855 652 1909 in
690 1859 856 1914 nobis
891 1860 1077 1916 fuerat
1109 1863 1458 1935 impressum
1486 1880 1500 1931 ;
1533 1865 1692 1920 venit
1722 1864 1821 1936 qui
1854 1866 2026 1921 refor-

324 1948 458 2006 met,
493 1943 631 2013 quia
662 1944 782 2016 ipse
814 1949 1209 2008 formaverat:
1241 1954 1450 2024 quaerit
1479 1959 1534 2009 et
1558 1954 1683 2025 ipse
1716 1971 2023 2010 nummum

329 2047 502 2133 suum
537 2050 550 2099 ;
583 2035 730 2090 sicut
757 2037 945 2094 Cesar
996 2058 1300 2098 nummum
1335 2061 1508 2099 suum
1545 2064 1559 2113 ;
1591 2043 1721 2100 ideo
1752 2046 1849 2111 ait,
1901 2045 2030 2101 Red-

326 2121 432 2176 dite
465 2123 668 2180 Caesari
696 2143 822 2198 quae
875 2130 1103 2188 Cesaris
1150 2141 1298 2200 sunt,
1357 2141 1410 2190 et
1443 2137 1542 2191 Deo
1582 2150 1704 2206 quae
1755 2136 1849 2190 Dei
1904 2144 2030 2193 sunt

328 2213 548 2278 (Matth.
582 2232 722 2284 χχιι,
755 2218 887 2290 2f):
944 2221 1149 2278 Caesari
1205 2241 1489 2293 nummos,
1547 2224 1660 2281 Deo
1716 2241 1820 2281 vos
1849 2225 2027 2297 ipsos.

328 2301 492 2357 Tunc
522 2320 658 2377 ergo
689 2309 1045 2380 exprimetur
1077 2312 1288 2370 veritas
1320 2315 1376 2370 in
1411 2315 1601 2372 nobis.

403 2392 667 2492 tQZ‘Quid
723 2398 907 2455 dicam
966 2402 1241 2492 Charitati
1285 2410 1486 2460 vestra:
1517 2404 1544 2457 ?
1573 2405 1616 2460 Ο
1647 2407 1696 2462 si
1730 2424 1827 2462 cor
1881 2413 2036 2465 esset

331 2481 842 2580 qualitercumque
875 2490 1178 2562 suspirans
1210 2493 1269 2547 in
1321 2494 1478 2549 illam
1515 2495 1865 2552 ineffabilem
1915 2496 2034 2568 glo-

331 2585 474 2624 nam
503 2571 516 2626 l
543 2572 586 2626 Ο
617 2574 662 2627 si
699 2579 1223 2647 peregrinationem
1253 2588 1510 2638 nostram
1537 2585 1595 2638 in
1619 2584 1835 2654 gemitu
1861 2586 2036 2640 senti-

332 2672 548 2727 remus,
583 2666 638 2716 et
669 2666 950 2720 saeculum
1003 2686 1116 2724 non
1146 2687 1502 2741 amaremus,
1536 2677 1592 2728 et
1638 2672 1712 2727 ad
1771 2689 1901 2729 eum
1934 2675 2035 2745 qui

330 2753 714 2852 nos'vocavit,
751 2755 844 2824 pia
885 2768 1078 2814 mente
1111 2767 1387 2832 perpetuo
1421 2763 1793 2833 pulsaremus
1828 2764 1839 2818 !
1873 2765 2033 2821 Desi-

334 2835 580 2904 derium,
614 2841 781 2897 sinus
814 2846 1004 2901 cordis
1037 2853 1165 2916 est;
1216 2851 1533 2921 capiemus,
1586 2853 1635 2908 si
1683 2853 2035 2910 desiderium

338 2932 623 3030 quantum
658 2948 974 3030 possumus
1005 2941 1407 2996 extendamus.
1441 2943 1554 2998 Hoc
1590 2944 1894 2999 nobiscum
1925 2946 2042 3014 agit

340 3019 636 3088 Scriptura
669 3023 886 3093 divina,
935 3026 1044 3086 hoc
1091 3032 1457 3104 congregatio
1517 3035 1883 3105 populorum,
1933 3037 2042 3093 hoc

342 3109 654 3168 celebratio
723 3124 1243 3190 sacramentorum,
1280 3123 1385 3179 hoc
1416 3123 1747 3195 baptismus
1777 3130 2017 3183 sanctus

344 3198 452 3255 hoc
485 3204 707 3258 cantica
741 3205 931 3263 laudis
971 3209 1091 3276 Dei,
1129 3170 1393 3284 hodi-pse.
1416 3170 2040 3285 maga-disputatio:

343 3290 534 3346 uthoc
566 3293 916 3391 desiderium
953 3315 1066 3355 non
1097 3300 1284 3357 solum
1321 3305 1635 3359 seminetur
1653 3308 1709 3359 et
1739 3306 2039 3373 germinet,

340 3393 542 3478 verum
575 3383 746 3437 etiam
780 3383 840 3478 in
874 3389 1112 3444 modum
1161 3395 1334 3446 tantae
1373 3393 1707 3463 capacitatis
1739 3399 2039 3464 augeatur,

341 3471 406 3522 ut
435 3468 722 3567 idoneum
745 3473 816 3528 sit
848 3492 1075 3533 sumere
1123 3481 1276 3550 quod
1333 3482 1538 3538 oculus
1597 3498 1711 3538 non
1743 3482 1904 3548 vidit,
1941 3500 2043 3539 nec

341 3561 500 3612 auris
534 3561 772 3630 audivit,
795 3581 900 3621 nec
930 3566 986 3622 in
1007 3584 1105 3624 cor
1129 3569 1381 3626 hominis
1401 3571 1685 3628 ascendit.
1711 3572 1820 3627 Sed
1853 3577 2045 3629 amate

345 3662 596 3703 mecum.
648 3651 771 3707 Non
833 3660 992 3712 amat
1046 3660 1298 3714 multum
1359 3675 1688 3729 nummum,
1740 3661 1835 3732 qui
1889 3669 2044 3716 amat

348 3735 548 3835 Deum.
582 3739 651 3835 lit
677 3757 782 3811 ego
822 3745 1050 3816 palpavi
1084 3749 1503 3817 infirmitatem,
1554 3767 1665 3806 non
1699 3767 1880 3806 ausus
1910 3765 2043 3806 sum

343 3825 554 3887 dicere,
588 3830 707 3884 Non
742 3839 900 3889 amat
921 3852 1268 3906 nummum;
1304 3842 1426 3906 sed,
1461 3857 1574 3896 non
1606 3840 1854 3896 multum
1887 3845 2047 3897 amat

347 3929 693 4016 nummum:
716 3923 879 3989 quasi
901 3928 1187 3982 amandus
1219 3930 1295 3984 sit
1319 3946 1619 3997 nummus,
1638 3932 1735 3986 sed
1761 3947 1876 3987 non
1898 3931 2047 3987 mul-

347 4005 491 4103 tum:
583 4006 629 4059 si
653 4005 834 4103 Deum
858 4012 1028 4083 digne
1063 4032 1352 4085 amemus,
1370 4034 1642 4075 nummos
1669 4021 1906 4075 omnino
1931 4037 2045 4076 non

345 4092 666 4196 amabimus
691 4096 704 4150 l
729 4099 850 4196 Erit
880 4102 983 4157 tibi
1008 4120 1282 4160 nummus
1302 4107 1759 4164 instrumentum
1793 4110 2042 4180 peregri-

350 4189 625 4252 nationis,
660 4203 773 4244 non
824 4190 1256 4251 irritamentum
1305 4198 1640 4269 cupiditatis
1668 4215 1688 4263 ;
1722 4215 1835 4269 quo
1868 4199 2048 4255 utaris

349 4274 420 4328 ad
454 4277 887 4350 necesitatem,
923 4299 1033 4338 non
1067 4299 1182 4354 quo
1221 4286 1432 4340 fruaris
1465 4287 1535 4341 ad
1579 4286 2046 4342 delectationem.

349 4364 531 4420 Deum
562 4382 714 4437 ama,
740 4369 790 4424 si
818 4371 1038 4442 aliquid
1070 4373 1128 4428 in
1163 4381 1214 4429 te
1236 4374 1353 4446 egit
1375 4376 1528 4448 quod
1551 4376 1718 4431 audis
1750 4375 2048 4431 etlaudas.

349 4453 512 4553 Dtere
534 4459 919 4553 m‘undo,‘non
952 4467 1008 4518 te
1039 4464 1230 4535 capiat
1261 4467 1534 4522 mundus.
1571 4467 1730 4533 Quod
1758 4465 1982 4521 intrasti
2007 4464 2048 4532 ε,

352 4547 462 4644 iter
508 4545 657 4644 agis,
708 4548 976 4644 exiturus
1018 4554 1251 4621 venisti,
1287 4572 1400 4612 non
1455 4572 1882 4612 remansurus:
1944 4554 2053 4610 iter

351 4637 499 4736 agis,
534 4637 937 4736 stabulum-est
959 4642 1079 4700 hazc
1109 4645 1247 4700 vita.
1283 4645 1452 4701 Utere
1475 4663 1738 4714 nummo,
1759 4645 2051 4718 quomodo

353 4729 538 4824 viator
568 4729 623 4780 in
655 4729 886 4786 stabulo
920 4733 1100 4790 utitur
1124 4751 1344 4804 mensa,
1379 4736 1578 4805 calice,
1610 4735 2049 4806 urceo,lectulo,

353 4814 731 4914 dimissurus,
767 4835 878 4874 non
913 4838 1353 4892 permansuros.
1385 4827 1441 4880 Si
1486 4826 1632 4881 tales
1664 4824 1912 4894 fueritis,
1942 4825 2055 4880 eri—

351 4908 467 5006 gite
490 4921 595 5006 .cor
625 4908 727 4977 qui
759 4913 1021 5006 potestis,
1056 4918 1112 4968 et
1141 4915 1333 4969 audite
1377 4930 1469 4969 me
1498 4932 1516 4968 :
1550 4915 1596 4968 si
1631 4915 1776 4970 tales
1808 4915 2054 4983 fueritis,

352 4996 417 5050 ad
451 4996 579 5065 ejus
611 4998 896 5069 promissa
927 5003 1188 5058 venietis.
1222 5003 1346 5059 Non
1377 5004 1531 5059 enim
1567 5005 1817 5060 multum
1864 5010 1952 5061 est
1983 5008 2053 5061 ad

353 5104 478 5159 vos,
502 5089 637 5161 quia
669 5106 881 5162 magna
911 5098 999 5149 est
1026 5111 1236 5150 manus
1266 5095 1390 5164 ejus
1423 5095 1520 5167 qui
1552 5112 1652 5151 vos
1683 5096 1922 5152 vocavit.
1946 5096 2053 5152 Vo-

357 5183 527 5249 cavit,
577 5182 913 5249 invocetur;
947 5185 1172 5242 dicatur
1221 5183 1303 5240 illi
1341 5201 1354 5241 :
1386 5184 1617 5241 Vocasti
1661 5203 1787 5256 nos,
1819 5188 2058 5243 invoca-

360 5291 492 5329 mus
516 5278 569 5330 te
602 5293 617 5344 ;
649 5290 779 5331 ecce
812 5275 1135 5330 audivimus
1159 5280 1482 5342 vocantem,
1514 5277 1646 5332 audi
1684 5277 2014 5334 invocantes
2041 5292 2057 5332 :

361 5363 573 5430 perduc
619 5380 731 5434 quo
766 5365 1107 5435 promisisti,
1151 5366 1360 5437 perfice
1391 5367 1543 5437 quod
1580 5366 1862 5423 inchoasti
1898 5384 1910 5433 ;
1947 5367 2058 5423 noli

362 5451 625 5505 deserere
675 5469 918 5510 munera
977 5464 1093 5519 tua,
1128 5455 1245 5511 noli
1294 5457 1555 5513 deserere
1607 5473 1812 5528 agrum
1865 5461 2059 5526 tuum,

427 5575 555 5672 ;Sic
585 5589 771 5626 omnes
799 5580 918 5628 Mss.
952 5582 1016 5631 At
1045 5582 1190 5638 editi,
1223 5597 1335 5630 cum
1371 5583 1666 5647 signaverit
1692 5597 1800 5634 nos.

468 5641 580 5689 Duo
593 5637 963 5689 Mss..mundus
973 5657 1119 5689 auena
1133 5645 1468 5689 intrasti.Aiii
1483 5647 1800 5689 totidemﬂui

514 5652 580 5689 uo
593 5637 963 5701 Mss.,mundus
973 5657 1119 5704 quem
1133 5637 1468 5696 intrasti.Ai'ii
1483 5647 1826 5709 totidem,quo
1837 5646 2063 5697 intrasti.

2120 1324 2478 1395 judicantes,
2505 1336 2620 1376 non
2641 1319 2701 1373 hi
2735 1318 2832 1389 qui
2884 1314 3273 1378 crediderant,
3311 1310 3407 1364 sed
3432 1309 3489 1362 in
3521 1307 3623 1362 illa
3669 1306 3837 1360 turba

2129 1414 2227 1485 qui
2259 1417 2423 1468 erant
2469 1411 2570 1481 qui
2619 1425 2734 1464 non
2785 1405 3115 1468 credebant,
3152 1399 3424 1471 injurism
3459 1397 3568 1452 sibi
3619 1397 3831 1451 factam

2131 1507 2499 1575 putaverunt,
2526 1500 2666 1572 quia
2703 1497 2848 1553 dixit
2874 1497 2980 1563 eis,
3010 1494 3216 1550 Veritas
3248 1488 3507 1546 liberabit
3536 1503 3646 1543 vos.
3684 1486 3838 1540 ludi-

2133 1596 2296 1668 gnati
2329 1600 2466 1649 sunt
2505 1606 2698 1646 servos
2729 1605 2789 1643 se
2829 1602 2957 1640 esse
2989 1583 3368 1654 significatos.
3406 1579 3472 1634 Et
3520 1593 3652 1632 vere
3683 1575 3834 1631 servi

2132 1665 2330 1743 erant:
2364 1688 2420 1739 et
2450 1680 2688 1751 exponit
2735 1678 2849 1732 illis
2879 1692 3007 1747 quae
3055 1675 3133 1728 sit
3180 1671 3449 1730 servitus,
3483 1673 3540 1723 et
3581 1683 3708 1738 qua:
3759 1665 3838 1720 sit

2137 1779 2330 1832 futura
2371 1772 2609 1826 libertas
2640 1783 2815 1839 quam
2858 1766 2983 1836 ipse
3015 1761 3322 1834 promittit.
3355 1757 3466 1814 Sed
3498 1757 3569 1812 de
3616 1755 3728 1810 hac
3760 1754 3834 1808 li-

2135 1869 2356 1924 bertate
2387 1869 2444 1920 et
2466 1864 2535 1918 de
2556 1860 2657 1918 illa
2686 1857 2960 1915 servitute
2985 1853 3160 1911 nimis
3188 1852 3427 1922 longum
3449 1850 3540 1904 est
3569 1851 3633 1902 ut
3663 1844 3839 1901 hodie

2137 1960 2524 2032 disputemus.

2687 2059 3107 2122 TRAGTATUS
3147 2057 3285 2113 XLI.

2141 2195 2371 2250 Rursum
2405 2189 2462 2244 in
2489 2181 2903 2253 illud,Dicebat
2932 2184 3119 2234 autem
3151 2174 3321 2230 Jesus
3352 2171 3422 2226 ad
3454 2185 3550 2225 eos
3580 2169 3680 2240 qui
3713 2183 3834 2223 cro-

2212 2282 2486 2338 diderunt
2517 2293 2531 2344 ;
2564 2290 2728 2346 usque
2759 2273 2831 2327 ad
2860 2269 2936 2333 id,
2969 2267 3025 2322 Si
3056 2281 3188 2337 ergo
3219 2279 3319 2319 vos
3348 2261 3527 2317 Filius
3558 2259 3840 2315 liberave-

2213 2372 2306 2438 rit,
2340 2382 2470 2423 vere
2501 2363 2665 2420 liberi
2701 2360 2882 2416 eritis.
2921 2357 3049 2427 Cap.
3081 2369 3207 2420 vm,
3242 2351 3300 2421 ᾗ.
3331 2347 3528 2404 31-36.

2219 2489 2268 2540 1.
2305 2483 2464 2551 Quod
2491 2481 2561 2536 de
2592 2477 2834 2534 lectione
2877 2471 3116 2545 pristina
3147 2467 3432 2539 sequitur,
3467 2468 3522 2519 et
3551 2463 3620 2518 de
3652 2466 3854 2517 sancto

2145 2549 2455 2646 Evangelio
2489 2570 2660 2626 hodie
2693 2565 2862 2622 nobis
2893 2561 3197 2619 recitatum
3232 2562 3340 2622 est,
3366 2565 3500 2610 tunc
3532 2549 3734 2608 distuli
3767 2550 3857 2604 di-

2148 2643 2625 2734 eorm—quoniam
2668 2656 2847 2712 multa
2877 2657 2994 2725 jam
3044 2651 3324 2711 dixeram,
3359 2650 3417 2702 et
3445 2645 3516 2699 de
3582 2643 3857 2698 libertate

2149 2759 2207 2812 in
2241 2769 2416 2827 quam
2450 2768 2556 2807 nos
2587 2752 2752 2804 vocat
2781 2745 2960 2815 gratia
3000 2739 3330 2804 Salvatoris,
3354 2752 3470 2791 non
3504 2738 3856 2805 praetereun-

2151 2854 2236 2905 ter
2261 2821 2460 2913 “neque
2491 2840 2847 2912 negligenter
2880 2836 3068 2890 fuerat
3098 2826 3506 2886 disserendum
3540 2841 3552 2880 :
3592 2823 3727 2878 hinc
3761 2821 3858 2876 ho-

2151 2939 2266 3006 die,
2297 2911 2544 2992 Domino
2575 2911 2900 3000 sdjuvante,
2929 2922 3242 2980 statuimus
3295 2916 3451 2988 loqui
3496 2913 3674 2970 vobis.
3709 2911 3861 2975 Qui-

2150 3000 2263 3083 bus
2289 3027 2442 3082 enim
2467 3021 2806 3093 loquebatur
2837 3014 3122 3071 Dominus
3152 3009 3324 3064 Jesus
3353 3004 3639 3069 Christus,
3662 3000 3856 3056 Judei

2150 3124 2334 3182 erant,
2367 3129 2435 3168 ex
2466 3126 2678 3181 magna
2727 3106 2962 3178 quidem
3022 3110 3178 3173 parte
3233 3095 3478 3163 inimici,
3529 3093 3627 3148 sed
3680 3089 3854 3148 etiam

2153 3205 2325 3264 amici
2367 3220 2435 3260 ex
2466 3202 2717 3271 quadam
2765 3199 2928 3268 parte
2975 3194 3094 3262 jam
3128 3189 3283 3260 facti,
3335 3190 3389 3242 et
3437 3182 3663 3239 futuri:
3716 3195 3854 3236 nam

2151 3297 2428 3370 quosdam
2462 3292 2538 3348 ibi
2583 3289 2837 3354 videbat,
2895 3282 3216 3352 sicutijam
3266 3277 3538 3342 diximus,
3571 3272 3673 3344 qui
3725 3273 3857 3342 post

2152 3389 2275 3458 ejus
2305 3383 2630 3455 passionem
2682 3378 2906 3431 fuerant
2936 3369 3234 3428 credituri.
3265 3367 3377 3423 Hos
3426 3365 3661 3421 intuens
3693 3361 3854 3416 dixe-

2154 3449 2242 3533 rat
2273 3449 2442 3530 :lJum
2465 3468 2842 3526 exaltaveritis
2873 3463 3076 3519 Filium
3104 3458 3510 3522 hominis,tunc
3523 3449 3855 3523 cognoscetis

2152 3567 2284 3640 quia
2315 3580 2407 3635 ego
2437 3578 2559 3616 sum
2589 3560 2763 3628 (Joan.
2796 3571 2917 3619 vm,
2945 3553 3055 3621 28).
3082 3552 3261 3606 Erant
3292 3545 3369 3601 ibi
3401 3543 3576 3600 etiam
3599 3540 3698 3612 qui
3730 3539 3855 3593 haec

2154 3633 2426 3728 loquente
2457 3652 2555 3706 illo
2577 3648 2850 3704 continuo
2883 3642 3298 3705 crediderunt;
3331 3634 3478 3707 ipsis
3503 3633 3732 3688 locutus
3765 3636 3858 3686 est

2154 3720 2305 3820 qubd
2340 3741 2672 3800 audivimus
2704 3735 2873 3792 hodie
2905 3750 2918 3789 :
2953 3731 3177 3787 Dicebat
3205 3741 3332 3795 ergo
3359 3728 3519 3781 Jesus
3549 3721 3619 3775 ad
3638 3736 3725 3776 eos
3755 3720 3858 3790 qui

2151 3835 2500 3894 crediderant
2539 3828 2614 3896 ei,
2643 3827 2860 3883 Judzos
2883 3840 2904 3878 .·
2935 3821 2994 3878 Si
3023 3815 3341 3875 manseritis
3391 3816 3446 3870 in
3503 3812 3659 3869 verbo
3706 3826 3852 3879 meo,

2151 3943 2280 3984 vere
2308 3921 2570 3994 discipuli
2614 3919 2725 3973 mei
2753 3912 2930 3972 eritis.
2965 3909 3250 3966 Manendo
3280 3905 3442 3963 eritis
3475 3921 3488 3959 :
3525 3902 3665 3975 quia
3695 3900 3858 3957 enim

2157 4035 2313 4075 nunc
2343 3991 2644 4071 credentes
2675 4006 2835 4072 estis,
2870 4000 3159 4059 manendo
3200 3997 3459 4053 videntes
3507 3992 3688 4047 eritis.
3722 3991 3861 4046 Ideo

2158 4107 2440 4178 sequitur,
2473 4103 2538 4156 Et
2570 4096 2897 4170 cognoscetis
2927 4093 3229 4148 veritatem.
3262 4085 3488 4141 Veritas
3521 4083 3864 4138 incommu-

2158 4174 2355 4256 tabilis
2385 4202 2488 4251 est.
2518 4190 2746 4246 Veritas
2779 4184 2939 4259 panis
2996 4186 3104 4249 est,
3139 4187 3362 4235 mentes
3398 4175 3582 4230 reﬁcit
3616 4189 3722 4229 nec
3753 4174 3863 4227 de-

2163 4288 2307 4344 ficit:
2339 4286 2522 4341 mutat
2550 4285 2904 4340 vescentem,
2927 4289 3040 4328 non
3073 4272 3198 4342 ipsa
3219 4269 3277 4323 in
3308 4270 3635 4322 vescentem
3671 4268 3867 4318 muta-

2159 4382 2276 4434 tur.
2312 4377 2443 4447 lpsa
2473 4377 2558 4427 est
2586 4369 2795 4425 veritas
2842 4363 3099 4419 Verbum
3133 4359 3252 4422 Dei,
3286 4357 3439 4412 Deus
3478 4355 3633 4425 apud
3676 4353 3867 4408 Deum

2163 4445 2499 4535 unigenitus
2528 4460 2729 4515 Filius.
2765 4456 2894 4510 Haec
2924 4451 3150 4506 Veritas
3178 4463 3352 4503 carne
3383 4445 3589 4499 induta
3618 4445 3704 4497 est
3735 4457 3872 4512 pro-

2161 4531 2291 4629 pter
2319 4572 2443 4619 nos,
2477 4557 2541 4607 ut
2589 4550 2658 4604 de
2690 4546 2871 4602 Maria
2917 4541 3138 4613 virgine
3169 4543 3524 4599 nasceretur,
3568 4535 3623 4587 et
3655 4531 3869 4601 imple-

2162 4618 2319 4705 ietur
2377 4638 2698 4715 prophetia,
2761 4635 2981 4690 Veritas
3041 4630 3106 4684 de
3165 4635 3314 4684 terra
3369 4631 3498 4682 orta
3551 4625 3630 4677 est
3687 4618 3868 4688 (Psal.

2163 4710 2391 4804 Lxxxrv,
2560 4729 2689 4784 Haec
2719 4740 2856 4796 ergo
2903 4719 3132 4775 Veritas
3163 4732 3294 4773 cum
3325 4712 3546 4770 Judaeis
3594 4710 3868 4780 loquere-

2161 4832 2278 4891 tur,
2302 4825 2519 4878 latcbat
2539 4820 2593 4873 in
2627 4831 2830 4872 carne:
2859 4811 3068 4867 latebat
3089 4811 3282 4863 autem
3307 4820 3418 4859 non
3445 4806 3505 4857 ut
3534 4803 3872 4871 negaretur,

2165 4918 2266 4973 sed
2303 4919 2365 4968 ut
2397 4911 2760 4971 differretur;
2797 4903 3140 4964 differretur,
3168 4901 3227 4950 ut
3250 4895 3308 4948 in
3331 4908 3504 4949 carne
3530 4891 3870 4961 pateretur;

2167 5007 2228 5061 in
2260 5018 2430 5060 carne
2463 5003 2657 5054 autem
2718 4994 3034 5065 pateretur,
3068 4990 3129 5042 ut
3176 5000 3308 5040 caro
3343 4979 3564 5054 peccati
3613 4978 3875 5034 redime-

2169 5103 2287 5149 retu
2300 5111 2342 5148 r.
2360 5092 2534 5145 Stans
2549 5088 2745 5156 itaque
2766 5078 3116 5150 conspicuus
3131 5073 3448 5131 secundum
3467 5068 3873 5125 infirmitatem

2167 5183 2361 5238 carnis
2393 5155 2672 5235 Dominus
2701 5176 2897 5228 noster
2923 5169 3096 5224 Jesus
3139 5164 3426 5231 Christus,
3459 5165 3515 5216 et
3544 5155 3877 5214 secundum

2171 5274 2532 5343 majestatem
2565 5261 2887 5321 divinitatis
2917 5256 3204 5322 occultus,
3235 5252 3380 5308 dixit
3422 5249 3492 5305 ad
3535 5264 3629 5303 eos
3663 5247 3766 5317 qui
3799 5244 3877 5311 ei,

2171 5379 2303 5418 cum
2340 5361 2456 5415 haec
2505 5359 2860 5427 loqueretur,
2912 5347 3296 5411 crediderant,
3348 5342 3404 5396 Si
3434 5336 3758 5394 manseritis
3815 5335 3881 5389 in

2175 5455 2332 5511 verbo
2357 5468 2496 5519 meo,
2527 5464 2653 5506 vere
2672 5443 2928 5516 discipuli
2957 5442 3063 5495 mei
3083 5440 3257 5495 eritis.
3283 5435 3388 5503 Qui
3422 5431 3576 5488 enim
3612 5443 3884 5501 perseve—

2238 5584 2253 5616 ¹
2280 5578 2418 5630 Editi
2448 5589 2462 5626 :
2495 5574 2768 5626 abundant
2801 5570 3126 5633 tempestates
3155 5565 3212 5614 in
3239 5559 3449 5612 mundo.
3483 5559 3546 5609 Αι
3567 5555 3888 5614 Mss.,abmz-

2175 5643 2303 5694 dant
2333 5639 2667 5693 tentationes.
