  <div class='ocr_page' id='page_1' title='image "/cluster/home/n/w/nwhite01/storage/ocr_20150623/35/hvd.32044054170956/196.png"; bbox 0 0 4148 6190; ppageno 0'>
   <div class='ocr_carea' id='block_1_1' title="bbox 277 280 418 342">
    <p class='ocr_par' dir='ltr' id='par_1_1' title="bbox 277 280 418 342">
     <span class='ocr_line' id='line_1_1' title="bbox 277 280 418 342; baseline 0 0"><span class='ocrx_word' id='word_1_1' title='bbox 277 285 295 342; x_wconf 82' lang='grc' dir='ltr'><strong>Ι</strong></span> <span class='ocrx_word' id='word_1_2' title='bbox 308 280 418 342; x_wconf 82' lang='lat'><strong>693</strong></span> 
     </span>
    </p>
   </div>
   <div class='ocr_carea' id='block_1_2' title="bbox 270 411 1964 486">
    <p class='ocr_par' dir='ltr' id='par_1_2' title="bbox 270 411 1964 486">
     <span class='ocr_line' id='line_1_2' title="bbox 270 411 1964 486; baseline -0.003 -15"><span class='ocrx_word' id='word_1_3' title='bbox 270 415 468 471; x_wconf 86' lang='lat' dir='ltr'><strong>raverit</strong></span> <span class='ocrx_word' id='word_1_4' title='bbox 500 430 688 486; x_wconf 86' lang='lat' dir='ltr'><strong>usque</strong></span> <span class='ocrx_word' id='word_1_5' title='bbox 719 415 777 469; x_wconf 91' lang='lat' dir='ltr'><strong>in</strong></span> <span class='ocrx_word' id='word_1_6' title='bbox 811 413 1008 482; x_wconf 86' lang='lat' dir='ltr'><strong>finem,</strong></span> <span class='ocrx_word' id='word_1_7' title='bbox 1042 412 1133 467; x_wconf 91' lang='lat' dir='ltr'><strong>hic</strong></span> <span class='ocrx_word' id='word_1_8' title='bbox 1167 411 1361 468; x_wconf 86' lang='lat' dir='ltr'><strong>salvus</strong></span> <span class='ocrx_word' id='word_1_9' title='bbox 1379 412 1486 466; x_wconf 90' lang='lat' dir='ltr'><strong>erit</strong></span> <span class='ocrx_word' id='word_1_10' title='bbox 1516 413 1730 483; x_wconf 79' lang='lat' dir='ltr'><strong>(Matth.</strong></span> <span class='ocrx_word' id='word_1_11' title='bbox 1765 430 1820 480; x_wconf 87' lang='lat' dir='ltr'><strong>x,</strong></span> <span class='ocrx_word' id='word_1_12' title='bbox 1851 413 1964 482; x_wconf 79' lang='lat'><strong>22).</strong></span> 
     </span>
    </p>
   </div>
   <div class='ocr_carea' id='block_1_3' title="bbox 267 501 1969 575">
    <p class='ocr_par' dir='ltr' id='par_1_3' title="bbox 267 501 1969 575">
     <span class='ocr_line' id='line_1_3' title="bbox 267 501 1969 575; baseline -0.003 -15"><span class='ocrx_word' id='word_1_13' title='bbox 267 509 322 560; x_wconf 82' lang='lat' dir='ltr'><strong>Et</strong></span> <span class='ocrx_word' id='word_1_14' title='bbox 352 506 680 575; x_wconf 77' lang='lat' dir='ltr'><strong>cognoscetis</strong></span> <span class='ocrx_word' id='word_1_15' title='bbox 729 507 1036 570; x_wconf 74' lang='lat' dir='ltr'><strong>veritatem,</strong></span> <span class='ocrx_word' id='word_1_16' title='bbox 1088 519 1214 574; x_wconf 70' lang='lat' dir='ltr'><strong>quas</strong></span> <span class='ocrx_word' id='word_1_17' title='bbox 1271 501 1441 557; x_wconf 90' lang='lat' dir='ltr'><strong>modo</strong></span> <span class='ocrx_word' id='word_1_18' title='bbox 1472 517 1574 556; x_wconf 90' lang='lat' dir='ltr'><strong>vos</strong></span> <span class='ocrx_word' id='word_1_19' title='bbox 1607 502 1764 568; x_wconf 80' lang='lat' dir='ltr'><strong>latet,</strong></span> <span class='ocrx_word' id='word_1_20' title='bbox 1798 509 1850 557; x_wconf 90' lang='lat' dir='ltr'><strong>et</strong></span> <span class='ocrx_word' id='word_1_21' title='bbox 1879 502 1969 556; x_wconf 92' lang='lat' dir='ltr'><strong>lo-</strong></span> 
     </span>
    </p>
   </div>
   <div class='ocr_carea' id='block_1_4' title="bbox 265 591 1969 667">
    <p class='ocr_par' dir='ltr' id='par_1_4' title="bbox 265 591 1969 667">
     <span class='ocr_line' id='line_1_4' title="bbox 265 591 1969 667; baseline -0.001 -17"><span class='ocrx_word' id='word_1_22' title='bbox 265 597 454 667; x_wconf 78' lang='lat' dir='ltr'><strong>quitur</strong></span> <span class='ocrx_word' id='word_1_23' title='bbox 478 595 664 649; x_wconf 86' lang='lat' dir='ltr'><strong>vobis.</strong></span> <span class='ocrx_word' id='word_1_24' title='bbox 702 596 762 648; x_wconf 86' lang='lat' dir='ltr'><strong>Et</strong></span> <span class='ocrx_word' id='word_1_25' title='bbox 794 597 990 650; x_wconf 78' lang='lat' dir='ltr'><strong>veritas</strong></span> <span class='ocrx_word' id='word_1_26' title='bbox 1023 592 1279 648; x_wconf 76' lang='lat' dir='ltr'><strong>liberabit</strong></span> <span class='ocrx_word' id='word_1_27' title='bbox 1303 609 1410 648; x_wconf 81' lang='lat' dir='ltr'><strong>vos.</strong></span> <span class='ocrx_word' id='word_1_28' title='bbox 1437 591 1550 648; x_wconf 83' lang='lat' dir='ltr'><strong>lIoc</strong></span> <span class='ocrx_word' id='word_1_29' title='bbox 1582 593 1819 648; x_wconf 85' lang='lat' dir='ltr'><strong>verbum</strong></span> <span class='ocrx_word' id='word_1_30' title='bbox 1855 592 1969 648; x_wconf 93' lang='lat' dir='ltr'><strong>Do-</strong></span> 
     </span>
    </p>
   </div>
   <div class='ocr_carea' id='block_1_5' title="bbox 266 681 1965 755">
    <p class='ocr_par' dir='ltr' id='par_1_5' title="bbox 266 681 1965 755">
     <span class='ocr_line' id='line_1_5' title="bbox 266 681 1965 755; baseline -0.003 -14"><span class='ocrx_word' id='word_1_31' title='bbox 266 689 452 741; x_wconf 87' lang='lat' dir='ltr'><strong>minus</strong></span> <span class='ocrx_word' id='word_1_32' title='bbox 485 703 517 740; x_wconf 88' lang='lat' dir='ltr'><strong>a</strong></span> <span class='ocrx_word' id='word_1_33' title='bbox 549 685 813 741; x_wconf 81' lang='lat' dir='ltr'><strong>libertate</strong></span> <span class='ocrx_word' id='word_1_34' title='bbox 845 685 1054 755; x_wconf 79' lang='lat' dir='ltr'><strong>posuit,</strong></span> <span class='ocrx_word' id='word_1_35' title='bbox 1085 682 1339 740; x_wconf 72' lang='lat' dir='ltr'><strong>liberabit</strong></span> <span class='ocrx_word' id='word_1_36' title='bbox 1367 697 1477 738; x_wconf 84' lang='lat' dir='ltr'><strong>vos.</strong></span> <span class='ocrx_word' id='word_1_37' title='bbox 1503 681 1661 736; x_wconf 87' lang='lat' dir='ltr'><strong>Nihil</strong></span> <span class='ocrx_word' id='word_1_38' title='bbox 1694 686 1782 737; x_wconf 90' lang='lat' dir='ltr'><strong>est</strong></span> <span class='ocrx_word' id='word_1_39' title='bbox 1811 682 1965 737; x_wconf 88' lang='lat' dir='ltr'><strong>enim</strong></span> 
     </span>
    </p>
   </div>
   <div class='ocr_carea' id='block_1_6' title="bbox 263 772 1966 848">
    <p class='ocr_par' dir='ltr' id='par_1_6' title="bbox 263 772 1966 848">
     <span class='ocr_line' id='line_1_6' title="bbox 263 772 1966 848; baseline -0.002 -18"><span class='ocrx_word' id='word_1_40' title='bbox 263 775 409 831; x_wconf 82' lang='lat' dir='ltr'><strong>aliud</strong></span> <span class='ocrx_word' id='word_1_41' title='bbox 464 776 697 848; x_wconf 90' lang='lat' dir='ltr'><strong>proprie</strong></span> <span class='ocrx_word' id='word_1_42' title='bbox 750 774 979 842; x_wconf 82' lang='lat' dir='ltr'><strong>liberat,</strong></span> <span class='ocrx_word' id='word_1_43' title='bbox 1032 773 1144 828; x_wconf 86' lang='lat' dir='ltr'><strong>nisi</strong></span> <span class='ocrx_word' id='word_1_44' title='bbox 1192 772 1442 828; x_wconf 87' lang='lat' dir='ltr'><strong>liberum</strong></span> <span class='ocrx_word' id='word_1_45' title='bbox 1476 772 1630 827; x_wconf 79' lang='lat' dir='ltr'><strong>facit.</strong></span> <span class='ocrx_word' id='word_1_46' title='bbox 1668 773 1966 838; x_wconf 86' lang='lat' dir='ltr'><strong>Quomodo</strong></span> 
     </span>
    </p>
   </div>
   <div class='ocr_carea' id='block_1_7' title="bbox 261 863 1966 936">
    <p class='ocr_par' dir='ltr' id='par_1_7' title="bbox 261 863 1966 936">
     <span class='ocr_line' id='line_1_7' title="bbox 261 863 1966 936; baseline -0.002 -15"><span class='ocrx_word' id='word_1_47' title='bbox 261 867 444 922; x_wconf 89' lang='lat' dir='ltr'><strong>salvat</strong></span> <span class='ocrx_word' id='word_1_48' title='bbox 485 866 628 922; x_wconf 87' lang='lat' dir='ltr'><strong>nihil</strong></span> <span class='ocrx_word' id='word_1_49' title='bbox 664 865 937 922; x_wconf 88' lang='lat' dir='ltr'><strong>estaliud</strong></span> <span class='ocrx_word' id='word_1_50' title='bbox 975 881 1145 936; x_wconf 85' lang='lat' dir='ltr'><strong>quam</strong></span> <span class='ocrx_word' id='word_1_51' title='bbox 1180 863 1404 919; x_wconf 89' lang='lat' dir='ltr'><strong>salvum</strong></span> <span class='ocrx_word' id='word_1_52' title='bbox 1440 863 1576 918; x_wconf 91' lang='lat' dir='ltr'><strong>facit</strong></span> <span class='ocrx_word' id='word_1_53' title='bbox 1608 881 1622 933; x_wconf 91' lang='lat'><strong>;</strong></span> <span class='ocrx_word' id='word_1_54' title='bbox 1676 865 1966 933; x_wconf 84' lang='lat' dir='ltr'><strong>quomodo</strong></span> 
     </span>
    </p>
   </div>
   <div class='ocr_carea' id='block_1_8' title="bbox 260 951 1969 1026">
    <p class='ocr_par' dir='ltr' id='par_1_8' title="bbox 260 951 1969 1026">
     <span class='ocr_line' id='line_1_8' title="bbox 260 951 1969 1026; baseline -0.002 -15"><span class='ocrx_word' id='word_1_55' title='bbox 260 960 426 1012; x_wconf 89' lang='lat' dir='ltr'><strong>sanat</strong></span> <span class='ocrx_word' id='word_1_56' title='bbox 448 955 594 1011; x_wconf 87' lang='lat' dir='ltr'><strong>nihil</strong></span> <span class='ocrx_word' id='word_1_57' title='bbox 623 959 712 1012; x_wconf 88' lang='lat' dir='ltr'><strong>est</strong></span> <span class='ocrx_word' id='word_1_58' title='bbox 736 954 892 1010; x_wconf 89' lang='lat' dir='ltr'><strong>aliud</strong></span> <span class='ocrx_word' id='word_1_59' title='bbox 921 970 1096 1026; x_wconf 88' lang='lat' dir='ltr'><strong>quam</strong></span> <span class='ocrx_word' id='word_1_60' title='bbox 1121 970 1326 1008; x_wconf 89' lang='lat' dir='ltr'><strong>sanum</strong></span> <span class='ocrx_word' id='word_1_61' title='bbox 1352 953 1485 1008; x_wconf 84' lang='lat' dir='ltr'><strong>facit</strong></span> <span class='ocrx_word' id='word_1_62' title='bbox 1509 971 1522 1021; x_wconf 88' lang='lat'>;</span> <span class='ocrx_word' id='word_1_63' title='bbox 1545 953 1692 1008; x_wconf 89' lang='lat' dir='ltr'><strong>ditat</strong></span> <span class='ocrx_word' id='word_1_64' title='bbox 1716 951 1859 1007; x_wconf 83' lang='lat' dir='ltr'><strong>nihil</strong></span> <span class='ocrx_word' id='word_1_65' title='bbox 1882 956 1969 1008; x_wconf 85' lang='lat' dir='ltr'><strong>est</strong></span> 
     </span>
    </p>
   </div>
   <div class='ocr_carea' id='block_1_9' title="bbox 260 1042 1967 1117">
    <p class='ocr_par' dir='ltr' id='par_1_9' title="bbox 260 1042 1967 1117">
     <span class='ocr_line' id='line_1_9' title="bbox 260 1042 1967 1117; baseline -0.004 -15"><span class='ocrx_word' id='word_1_66' title='bbox 260 1047 410 1102; x_wconf 83' lang='lat' dir='ltr'><strong>aliud</strong></span> <span class='ocrx_word' id='word_1_67' title='bbox 446 1062 626 1117; x_wconf 88' lang='lat' dir='ltr'><strong>quam</strong></span> <span class='ocrx_word' id='word_1_68' title='bbox 659 1045 862 1115; x_wconf 84' lang='lat' dir='ltr'><strong>ditem,</strong></span> <span class='ocrx_word' id='word_1_69' title='bbox 894 1045 949 1099; x_wconf 91' lang='lat' dir='ltr'><strong>id</strong></span> <span class='ocrx_word' id='word_1_70' title='bbox 997 1048 1106 1112; x_wconf 90' lang='lat' dir='ltr'><strong>est,</strong></span> <span class='ocrx_word' id='word_1_71' title='bbox 1140 1042 1372 1100; x_wconf 90' lang='lat' dir='ltr'><strong>divitem</strong></span> <span class='ocrx_word' id='word_1_72' title='bbox 1423 1042 1556 1099; x_wconf 87' lang='lat' dir='ltr'><strong>facit</strong></span> <span class='ocrx_word' id='word_1_73' title='bbox 1588 1061 1600 1098; x_wconf 90' lang='lat'><strong>:</strong></span> <span class='ocrx_word' id='word_1_74' title='bbox 1652 1043 1731 1098; x_wconf 90' lang='lat' dir='ltr'><strong>sic</strong></span> <span class='ocrx_word' id='word_1_75' title='bbox 1763 1042 1967 1097; x_wconf 84' lang='lat' dir='ltr'><strong>liberat</strong></span> 
     </span>
    </p>
   </div>
   <div class='ocr_carea' id='block_1_10' title="bbox 261 1133 1965 1207">
    <p class='ocr_par' dir='ltr' id='par_1_10' title="bbox 261 1133 1965 1207">
     <span class='ocr_line' id='line_1_10' title="bbox 261 1133 1965 1207; baseline -0.004 -15"><span class='ocrx_word' id='word_1_76' title='bbox 261 1136 405 1192; x_wconf 88' lang='lat' dir='ltr'><strong>nihil</strong></span> <span class='ocrx_word' id='word_1_77' title='bbox 428 1141 520 1192; x_wconf 88' lang='lat' dir='ltr'><strong>est</strong></span> <span class='ocrx_word' id='word_1_78' title='bbox 541 1136 699 1192; x_wconf 85' lang='lat' dir='ltr'><strong>aliud</strong></span> <span class='ocrx_word' id='word_1_79' title='bbox 722 1152 896 1207; x_wconf 89' lang='lat' dir='ltr'><strong>quam</strong></span> <span class='ocrx_word' id='word_1_80' title='bbox 920 1135 1165 1190; x_wconf 89' lang='lat' dir='ltr'><strong>liberum</strong></span> <span class='ocrx_word' id='word_1_81' title='bbox 1191 1134 1344 1191; x_wconf 79' lang='lat' dir='ltr'><strong>facit.</strong></span> <span class='ocrx_word' id='word_1_82' title='bbox 1371 1134 1488 1190; x_wconf 87' lang='lat' dir='ltr'><strong>Hoc</strong></span> <span class='ocrx_word' id='word_1_83' title='bbox 1509 1133 1567 1190; x_wconf 92' lang='lat' dir='ltr'><strong>in</strong></span> <span class='ocrx_word' id='word_1_84' title='bbox 1590 1134 1758 1189; x_wconf 89' lang='lat' dir='ltr'><strong>verbo</strong></span> <span class='ocrx_word' id='word_1_85' title='bbox 1781 1148 1965 1203; x_wconf 83' lang='lat' dir='ltr'><strong>graeco</strong></span> 
     </span>
    </p>
   </div>
   <div class='ocr_carea' id='block_1_11' title="bbox 260 1222 1968 1297">
    <p class='ocr_par' dir='ltr' id='par_1_11' title="bbox 260 1222 1968 1297">
     <span class='ocr_line' id='line_1_11' title="bbox 260 1222 1968 1297; baseline -0.003 -16"><span class='ocrx_word' id='word_1_86' title='bbox 260 1225 496 1296; x_wconf 87' lang='lat' dir='ltr'><strong>planius</strong></span> <span class='ocrx_word' id='word_1_87' title='bbox 517 1231 607 1282; x_wconf 90' lang='lat' dir='ltr'><strong>est</strong></span> <span class='ocrx_word' id='word_1_88' title='bbox 627 1225 730 1297; x_wconf 88' lang='lat' dir='ltr'><strong>(a).</strong></span> <span class='ocrx_word' id='word_1_89' title='bbox 750 1229 894 1281; x_wconf 85' lang='lat' dir='ltr'><strong>Nam</strong></span> <span class='ocrx_word' id='word_1_90' title='bbox 914 1225 970 1280; x_wconf 91' lang='lat' dir='ltr'><strong>in</strong></span> <span class='ocrx_word' id='word_1_91' title='bbox 997 1224 1609 1280; x_wconf 86' lang='lat' dir='ltr'><strong>latiuaconsuetudine</strong></span> <span class='ocrx_word' id='word_1_92' title='bbox 1625 1222 1968 1295; x_wconf 90' lang='lat' dir='ltr'><strong>plerumque</strong></span> 
     </span>
    </p>
   </div>
   <div class='ocr_carea' id='block_1_12' title="bbox 259 1313 1966 1387">
    <p class='ocr_par' dir='ltr' id='par_1_12' title="bbox 259 1313 1966 1387">
     <span class='ocr_line' id='line_1_12' title="bbox 259 1313 1966 1387; baseline -0.002 -17"><span class='ocrx_word' id='word_1_93' title='bbox 259 1317 515 1372; x_wconf 90' lang='lat' dir='ltr'><strong>dicimus</strong></span> <span class='ocrx_word' id='word_1_94' title='bbox 548 1316 841 1372; x_wconf 87' lang='lat' dir='ltr'><strong>hominem</strong></span> <span class='ocrx_word' id='word_1_95' title='bbox 889 1315 1146 1380; x_wconf 89' lang='lat' dir='ltr'><strong>liberari,</strong></span> <span class='ocrx_word' id='word_1_96' title='bbox 1199 1316 1346 1387; x_wconf 91' lang='lat' dir='ltr'><strong>quod</strong></span> <span class='ocrx_word' id='word_1_97' title='bbox 1385 1316 1454 1370; x_wconf 90' lang='lat' dir='ltr'><strong>ad</strong></span> <span class='ocrx_word' id='word_1_98' title='bbox 1488 1313 1808 1370; x_wconf 87' lang='lat' dir='ltr'><strong>libertatem</strong></span> <span class='ocrx_word' id='word_1_99' title='bbox 1852 1329 1966 1368; x_wconf 87' lang='lat' dir='ltr'><strong>non</strong></span> 
     </span>
    </p>
   </div>
   <div class='ocr_carea' id='block_1_13' title="bbox 261 1404 1965 1480">
    <p class='ocr_par' dir='ltr' id='par_1_13' title="bbox 261 1404 1965 1480">
     <span class='ocr_line' id='line_1_13' title="bbox 261 1404 1965 1480; baseline -0.004 -18"><span class='ocrx_word' id='word_1_100' title='bbox 261 1407 539 1480; x_wconf 84' lang='lat' dir='ltr'><strong>pertinet,</strong></span> <span class='ocrx_word' id='word_1_101' title='bbox 591 1407 694 1463; x_wconf 89' lang='lat' dir='ltr'><strong>sed</strong></span> <span class='ocrx_word' id='word_1_102' title='bbox 746 1411 974 1462; x_wconf 87' lang='lat' dir='ltr'><strong>tantum</strong></span> <span class='ocrx_word' id='word_1_103' title='bbox 1027 1407 1097 1461; x_wconf 86' lang='lat' dir='ltr'><strong>ad</strong></span> <span class='ocrx_word' id='word_1_104' title='bbox 1149 1406 1397 1461; x_wconf 82' lang='lat' dir='ltr'><strong>salutem</strong></span> <span class='ocrx_word' id='word_1_105' title='bbox 1431 1422 1444 1458; x_wconf 90' lang='lat'>:</span> <span class='ocrx_word' id='word_1_106' title='bbox 1482 1404 1629 1459; x_wconf 80' lang='lat' dir='ltr'><strong>sicut</strong></span> <span class='ocrx_word' id='word_1_107' title='bbox 1658 1404 1965 1475; x_wconf 60' lang='lat' dir='ltr'><strong>quis-tuam</strong></span> 
     </span>
    </p>
   </div>
   <div class='ocr_carea' id='block_1_14' title="bbox 255 1494 1967 1562">
    <p class='ocr_par' dir='ltr' id='par_1_14' title="bbox 255 1494 1967 1562">
     <span class='ocr_line' id='line_1_14' title="bbox 255 1494 1967 1562; baseline -0.004 -11"><span class='ocrx_word' id='word_1_108' title='bbox 255 1497 478 1551; x_wconf 89' lang='lat' dir='ltr'><strong>dicitur</strong></span> <span class='ocrx_word' id='word_1_109' title='bbox 509 1496 740 1553; x_wconf 90' lang='lat' dir='ltr'><strong>liberari</strong></span> <span class='ocrx_word' id='word_1_110' title='bbox 773 1497 845 1551; x_wconf 92' lang='lat' dir='ltr'><strong>ab</strong></span> <span class='ocrx_word' id='word_1_111' title='bbox 877 1495 1216 1551; x_wconf 79' lang='lat' dir='ltr'><strong>infirmitate</strong></span> <span class='ocrx_word' id='word_1_112' title='bbox 1245 1513 1259 1562; x_wconf 90' lang='lat'><strong>;</strong></span> <span class='ocrx_word' id='word_1_113' title='bbox 1307 1496 1519 1549; x_wconf 89' lang='lat' dir='ltr'><strong>usitate</strong></span> <span class='ocrx_word' id='word_1_114' title='bbox 1568 1494 1802 1558; x_wconf 89' lang='lat' dir='ltr'><strong>dicitur,</strong></span> <span class='ocrx_word' id='word_1_115' title='bbox 1853 1507 1967 1545; x_wconf 91' lang='lat' dir='ltr'><strong>non</strong></span> 
     </span>
    </p>
   </div>
   <div class='ocr_carea' id='block_1_15' title="bbox 253 1583 1967 1659">
    <p class='ocr_par' dir='ltr' id='par_1_15' title="bbox 253 1583 1967 1659">
     <span class='ocr_line' id='line_1_15' title="bbox 253 1583 1967 1659; baseline -0.005 -17"><span class='ocrx_word' id='word_1_116' title='bbox 253 1593 450 1643; x_wconf 86' lang='lat' dir='ltr'><strong>tamen</strong></span> <span class='ocrx_word' id='word_1_117' title='bbox 488 1588 741 1659; x_wconf 88' lang='lat' dir='ltr'><strong>proprie.</strong></span> <span class='ocrx_word' id='word_1_118' title='bbox 790 1587 883 1642; x_wconf 87' lang='lat' dir='ltr'><strong>Sic</strong></span> <span class='ocrx_word' id='word_1_119' title='bbox 930 1591 1123 1641; x_wconf 86' lang='lat' dir='ltr'><strong>autem</strong></span> <span class='ocrx_word' id='word_1_120' title='bbox 1161 1585 1354 1657; x_wconf 85' lang='lat' dir='ltr'><strong>posuit</strong></span> <span class='ocrx_word' id='word_1_121' title='bbox 1386 1585 1669 1639; x_wconf 89' lang='lat' dir='ltr'><strong>Dominus</strong></span> <span class='ocrx_word' id='word_1_122' title='bbox 1701 1583 1809 1639; x_wconf 90' lang='lat' dir='ltr'><strong>hoc</strong></span> <span class='ocrx_word' id='word_1_123' title='bbox 1839 1597 1967 1636; x_wconf 90' lang='lat' dir='ltr'><strong>ver-</strong></span> 
     </span>
    </p>
   </div>
   <div class='ocr_carea' id='block_1_16' title="bbox 252 1675 1970 1744">
    <p class='ocr_par' dir='ltr' id='par_1_16' title="bbox 252 1675 1970 1744">
     <span class='ocr_line' id='line_1_16' title="bbox 252 1675 1970 1744; baseline -0.003 -12"><span class='ocrx_word' id='word_1_124' title='bbox 252 1678 422 1744; x_wconf 87' lang='lat' dir='ltr'><strong>bum,</strong></span> <span class='ocrx_word' id='word_1_125' title='bbox 456 1682 523 1733; x_wconf 93' lang='lat' dir='ltr'><strong>ut</strong></span> <span class='ocrx_word' id='word_1_126' title='bbox 553 1678 789 1744; x_wconf 84' lang='lat' dir='ltr'><strong>diceret,</strong></span> <span class='ocrx_word' id='word_1_127' title='bbox 824 1679 890 1732; x_wconf 88' lang='lat' dir='ltr'><strong>Et</strong></span> <span class='ocrx_word' id='word_1_128' title='bbox 925 1679 1122 1733; x_wconf 86' lang='lat' dir='ltr'><strong>veritas</strong></span> <span class='ocrx_word' id='word_1_129' title='bbox 1154 1677 1413 1731; x_wconf 76' lang='lat' dir='ltr'><strong>liberabit</strong></span> <span class='ocrx_word' id='word_1_130' title='bbox 1444 1692 1554 1742; x_wconf 87' lang='lat' dir='ltr'><strong>vos,</strong></span> <span class='ocrx_word' id='word_1_131' title='bbox 1589 1680 1654 1729; x_wconf 90' lang='lat' dir='ltr'><strong>ut</strong></span> <span class='ocrx_word' id='word_1_132' title='bbox 1685 1675 1743 1729; x_wconf 90' lang='lat' dir='ltr'><strong>in</strong></span> <span class='ocrx_word' id='word_1_133' title='bbox 1784 1689 1970 1744; x_wconf 81' lang='lat' dir='ltr'><strong>graeca</strong></span> 
     </span>
    </p>
   </div>
   <div class='ocr_carea' id='block_1_17' title="bbox 251 1766 1754 1840">
    <p class='ocr_par' dir='ltr' id='par_1_17' title="bbox 251 1766 1754 1840">
     <span class='ocr_line' id='line_1_17' title="bbox 251 1766 1754 1840; baseline -0.001 -19"><span class='ocrx_word' id='word_1_134' title='bbox 251 1767 461 1840; x_wconf 79' lang='lat' dir='ltr'><strong>lingua</strong></span> <span class='ocrx_word' id='word_1_135' title='bbox 495 1783 664 1823; x_wconf 90' lang='lat' dir='ltr'><strong>nemo</strong></span> <span class='ocrx_word' id='word_1_136' title='bbox 697 1768 923 1824; x_wconf 87' lang='lat' dir='ltr'><strong>dubitet</strong></span> <span class='ocrx_word' id='word_1_137' title='bbox 953 1785 1085 1824; x_wconf 90' lang='lat' dir='ltr'><strong>cum</strong></span> <span class='ocrx_word' id='word_1_138' title='bbox 1115 1767 1185 1822; x_wconf 89' lang='lat' dir='ltr'><strong>de</strong></span> <span class='ocrx_word' id='word_1_139' title='bbox 1219 1767 1484 1822; x_wconf 89' lang='lat' dir='ltr'><strong>libertate</strong></span> <span class='ocrx_word' id='word_1_140' title='bbox 1516 1766 1754 1820; x_wconf 81' lang='lat' dir='ltr'><strong>dixisse.</strong></span> 
     </span>
    </p>
   </div>
   <div class='ocr_carea' id='block_1_18' title="bbox 323 1852 1970 1929">
    <p class='ocr_par' dir='ltr' id='par_1_18' title="bbox 323 1852 1970 1929">
     <span class='ocr_line' id='line_1_18' title="bbox 323 1852 1970 1929; baseline -0.002 -19"><span class='ocrx_word' id='word_1_141' title='bbox 323 1860 381 1913; x_wconf 87' lang='lat'><strong>2.</strong></span> <span class='ocrx_word' id='word_1_142' title='bbox 414 1859 677 1929; x_wconf 87' lang='lat' dir='ltr'><strong>Denique</strong></span> <span class='ocrx_word' id='word_1_143' title='bbox 707 1863 764 1914; x_wconf 89' lang='lat' dir='ltr'><strong>et</strong></span> <span class='ocrx_word' id='word_1_144' title='bbox 793 1857 981 1914; x_wconf 78' lang='lat' dir='ltr'><strong>Judtei</strong></span> <span class='ocrx_word' id='word_1_145' title='bbox 1017 1857 1099 1913; x_wconf 91' lang='lat' dir='ltr'><strong>sic</strong></span> <span class='ocrx_word' id='word_1_146' title='bbox 1131 1856 1561 1924; x_wconf 86' lang='lat' dir='ltr'><strong>intellexerunt,</strong></span> <span class='ocrx_word' id='word_1_147' title='bbox 1593 1858 1640 1910; x_wconf 90' lang='lat' dir='ltr'><strong>et</strong></span> <span class='ocrx_word' id='word_1_148' title='bbox 1674 1852 1970 1925; x_wconf 82' lang='lat' dir='ltr'><strong>responde-</strong></span> 
     </span>
    </p>
   </div>
   <div class='ocr_carea' id='block_1_19' title="bbox 251 1941 1966 2019">
    <p class='ocr_par' dir='ltr' id='par_1_19' title="bbox 251 1941 1966 2019">
     <span class='ocr_line' id='line_1_19' title="bbox 251 1941 1966 2019; baseline -0.002 -19"><span class='ocrx_word' id='word_1_149' title='bbox 251 1954 410 2013; x_wconf 83' lang='lat' dir='ltr'><strong>runt,</strong></span> <span class='ocrx_word' id='word_1_150' title='bbox 443 1948 548 2003; x_wconf 88' lang='lat' dir='ltr'><strong>ei:</strong></span> <span class='ocrx_word' id='word_1_151' title='bbox 581 1965 692 2004; x_wconf 91' lang='lat' dir='ltr'><strong>non</strong></span> <span class='ocrx_word' id='word_1_152' title='bbox 730 1948 818 2004; x_wconf 90' lang='lat' dir='ltr'><strong>illi</strong></span> <span class='ocrx_word' id='word_1_153' title='bbox 851 1947 951 2019; x_wconf 89' lang='lat' dir='ltr'><strong>qui</strong></span> <span class='ocrx_word' id='word_1_154' title='bbox 975 1948 1100 2018; x_wconf 90' lang='lat' dir='ltr'><strong>jam</strong></span> <span class='ocrx_word' id='word_1_155' title='bbox 1134 1946 1518 2011; x_wconf 83' lang='lat' dir='ltr'><strong>crediderant,</strong></span> <span class='ocrx_word' id='word_1_156' title='bbox 1542 1943 1641 2000; x_wconf 88' lang='lat' dir='ltr'><strong>sed</strong></span> <span class='ocrx_word' id='word_1_157' title='bbox 1671 1944 1752 1998; x_wconf 90' lang='lat' dir='ltr'><strong>illi</strong></span> <span class='ocrx_word' id='word_1_158' title='bbox 1787 1944 1885 2014; x_wconf 88' lang='lat' dir='ltr'><strong>qui</strong></span> <span class='ocrx_word' id='word_1_159' title='bbox 1909 1941 1966 1996; x_wconf 84' lang='lat' dir='ltr'><strong>in</strong></span> 
     </span>
    </p>
   </div>
   <div class='ocr_carea' id='block_1_20' title="bbox 253 2033 1967 2107">
    <p class='ocr_par' dir='ltr' id='par_1_20' title="bbox 253 2033 1967 2107">
     <span class='ocr_line' id='line_1_20' title="bbox 253 2033 1967 2107; baseline -0.002 -17"><span class='ocrx_word' id='word_1_160' title='bbox 253 2038 428 2092; x_wconf 88' lang='lat' dir='ltr'><strong>turba</strong></span> <span class='ocrx_word' id='word_1_161' title='bbox 462 2043 632 2093; x_wconf 88' lang='lat' dir='ltr'><strong>erant</strong></span> <span class='ocrx_word' id='word_1_162' title='bbox 662 2039 914 2094; x_wconf 85' lang='lat' dir='ltr'><strong>nondum</strong></span> <span class='ocrx_word' id='word_1_163' title='bbox 943 2036 1244 2093; x_wconf 89' lang='lat' dir='ltr'><strong>credentes</strong></span> <span class='ocrx_word' id='word_1_164' title='bbox 1278 2052 1291 2091; x_wconf 91' lang='lat'>:</span> <span class='ocrx_word' id='word_1_165' title='bbox 1341 2036 1741 2107; x_wconf 84' lang='lat' dir='ltr'><strong>responderunt</strong></span> <span class='ocrx_word' id='word_1_166' title='bbox 1771 2036 1840 2099; x_wconf 87' lang='lat' dir='ltr'><strong>ei,</strong></span> <span class='ocrx_word' id='word_1_167' title='bbox 1869 2033 1967 2088; x_wconf 86' lang='lat' dir='ltr'><strong>Se-</strong></span> 
     </span>
    </p>
   </div>
   <div class='ocr_carea' id='block_1_21' title="bbox 250 2125 1970 2196">
    <p class='ocr_par' dir='ltr' id='par_1_21' title="bbox 250 2125 1970 2196">
     <span class='ocr_line' id='line_1_21' title="bbox 250 2125 1970 2196; baseline -0.002 -15"><span class='ocrx_word' id='word_1_168' title='bbox 250 2143 380 2182; x_wconf 82' lang='lat' dir='ltr'><strong>men</strong></span> <span class='ocrx_word' id='word_1_169' title='bbox 415 2128 668 2185; x_wconf 66' lang='lat' dir='ltr'><strong>Abrahae</strong></span> <span class='ocrx_word' id='word_1_170' title='bbox 703 2144 912 2196; x_wconf 81' lang='lat' dir='ltr'><strong>sumus,</strong></span> <span class='ocrx_word' id='word_1_171' title='bbox 962 2133 1016 2182; x_wconf 83' lang='lat' dir='ltr'><strong>et</strong></span> <span class='ocrx_word' id='word_1_172' title='bbox 1065 2126 1278 2182; x_wconf 79' lang='lat' dir='ltr'><strong>nemini</strong></span> <span class='ocrx_word' id='word_1_173' title='bbox 1326 2125 1649 2181; x_wconf 75' lang='lat' dir='ltr'><strong>servivimus</strong></span> <span class='ocrx_word' id='word_1_174' title='bbox 1680 2140 1920 2196; x_wconf 85' lang='lat' dir='ltr'><strong>unquam</strong></span> <span class='ocrx_word' id='word_1_175' title='bbox 1947 2139 1970 2186; x_wconf 89' lang='lat'><em>;</em></span> 
     </span>
    </p>
   </div>
   <div class='ocr_carea' id='block_1_22' title="bbox 249 2214 1971 2288">
    <p class='ocr_par' dir='ltr' id='par_1_22' title="bbox 249 2214 1971 2288">
     <span class='ocr_line' id='line_1_22' title="bbox 249 2214 1971 2288; baseline -0.003 -16"><span class='ocrx_word' id='word_1_176' title='bbox 249 2216 522 2288; x_wconf 85' lang='lat' dir='ltr'><strong>quomodo</strong></span> <span class='ocrx_word' id='word_1_177' title='bbox 570 2221 629 2271; x_wconf 87' lang='lat' dir='ltr'><strong>tu</strong></span> <span class='ocrx_word' id='word_1_178' title='bbox 683 2216 838 2284; x_wconf 85' lang='lat' dir='ltr'><strong>dicis,</strong></span> <span class='ocrx_word' id='word_1_179' title='bbox 873 2216 1059 2272; x_wconf 90' lang='lat' dir='ltr'><strong>Liberi</strong></span> <span class='ocrx_word' id='word_1_180' title='bbox 1084 2218 1240 2271; x_wconf 77' lang='lat' dir='ltr'><strong>eritis</strong></span> <span class='ocrx_word' id='word_1_181' title='bbox 1272 2223 1298 2270; x_wconf 74' lang='grc' dir='ltr'><em>Ρ</em></span> <span class='ocrx_word' id='word_1_182' title='bbox 1347 2214 1472 2270; x_wconf 88' lang='lat' dir='ltr'><strong>Non</strong></span> <span class='ocrx_word' id='word_1_183' title='bbox 1521 2219 1718 2269; x_wconf 88' lang='lat' dir='ltr'><strong>autem</strong></span> <span class='ocrx_word' id='word_1_184' title='bbox 1750 2214 1971 2268; x_wconf 83' lang='lat' dir='ltr'><strong>dixerat</strong></span> 
     </span>
    </p>
   </div>
   <div class='ocr_carea' id='block_1_23' title="bbox 251 2303 1968 2376">
    <p class='ocr_par' dir='ltr' id='par_1_23' title="bbox 251 2303 1968 2376">
     <span class='ocr_line' id='line_1_23' title="bbox 251 2303 1968 2376; baseline -0.002 -16"><span class='ocrx_word' id='word_1_185' title='bbox 251 2305 573 2376; x_wconf 89' lang='lat' dir='ltr'><strong>Dominus,</strong></span> <span class='ocrx_word' id='word_1_186' title='bbox 625 2306 810 2362; x_wconf 81' lang='lat' dir='ltr'><strong>Liberi</strong></span> <span class='ocrx_word' id='word_1_187' title='bbox 855 2308 1019 2362; x_wconf 86' lang='lat' dir='ltr'><strong>eritis</strong></span> <span class='ocrx_word' id='word_1_188' title='bbox 1049 2322 1069 2367; x_wconf 86' lang='grc'><strong>,·</strong></span> <span class='ocrx_word' id='word_1_189' title='bbox 1117 2306 1241 2372; x_wconf 89' lang='lat' dir='ltr'><strong>sed,</strong></span> <span class='ocrx_word' id='word_1_190' title='bbox 1293 2305 1505 2361; x_wconf 78' lang='lat' dir='ltr'><strong>Veritas</strong></span> <span class='ocrx_word' id='word_1_191' title='bbox 1555 2303 1807 2359; x_wconf 80' lang='lat' dir='ltr'><strong>liberabit</strong></span> <span class='ocrx_word' id='word_1_192' title='bbox 1860 2318 1968 2358; x_wconf 88' lang='lat' dir='ltr'><strong>vos.</strong></span> 
     </span>
    </p>
   </div>
   <div class='ocr_carea' id='block_1_24' title="bbox 251 2392 1969 2467">
    <p class='ocr_par' dir='ltr' id='par_1_24' title="bbox 251 2392 1969 2467">
     <span class='ocr_line' id='line_1_24' title="bbox 251 2392 1969 2467; baseline -0.002 -17"><span class='ocrx_word' id='word_1_193' title='bbox 251 2397 312 2450; x_wconf 91' lang='lat' dir='ltr'><strong>ln</strong></span> <span class='ocrx_word' id='word_1_194' title='bbox 373 2413 492 2467; x_wconf 89' lang='lat' dir='ltr'><strong>quo</strong></span> <span class='ocrx_word' id='word_1_195' title='bbox 543 2401 737 2452; x_wconf 86' lang='lat' dir='ltr'><strong>tamen</strong></span> <span class='ocrx_word' id='word_1_196' title='bbox 781 2397 954 2453; x_wconf 90' lang='lat' dir='ltr'><strong>verbo</strong></span> <span class='ocrx_word' id='word_1_197' title='bbox 985 2395 1093 2465; x_wconf 92' lang='lat' dir='ltr'><strong>illi,</strong></span> <span class='ocrx_word' id='word_1_198' title='bbox 1139 2397 1299 2467; x_wconf 85' lang='lat' dir='ltr'><strong>quia,</strong></span> <span class='ocrx_word' id='word_1_199' title='bbox 1349 2395 1504 2450; x_wconf 87' lang='lat' dir='ltr'><strong>sicut</strong></span> <span class='ocrx_word' id='word_1_200' title='bbox 1545 2392 1688 2462; x_wconf 83' lang='lat' dir='ltr'><strong>dixi,</strong></span> <span class='ocrx_word' id='word_1_201' title='bbox 1721 2397 1879 2464; x_wconf 83' lang='lat' dir='ltr'><strong>patet</strong></span> <span class='ocrx_word' id='word_1_202' title='bbox 1909 2392 1969 2447; x_wconf 91' lang='lat' dir='ltr'><strong>in</strong></span> 
     </span>
    </p>
   </div>
   <div class='ocr_carea' id='block_1_25' title="bbox 251 2484 1970 2559">
    <p class='ocr_par' dir='ltr' id='par_1_25' title="bbox 251 2484 1970 2559">
     <span class='ocr_line' id='line_1_25' title="bbox 251 2484 1970 2559; baseline -0.002 -20"><span class='ocrx_word' id='word_1_203' title='bbox 251 2501 472 2556; x_wconf 76' lang='lat' dir='ltr'><strong>graeco,</strong></span> <span class='ocrx_word' id='word_1_204' title='bbox 510 2503 625 2542; x_wconf 93' lang='lat' dir='ltr'><strong>non</strong></span> <span class='ocrx_word' id='word_1_205' title='bbox 676 2484 1086 2559; x_wconf 76' lang='lat' dir='ltr'><strong>intellexerunt</strong></span> <span class='ocrx_word' id='word_1_206' title='bbox 1135 2485 1250 2542; x_wconf 89' lang='lat' dir='ltr'><strong>nisi</strong></span> <span class='ocrx_word' id='word_1_207' title='bbox 1298 2485 1622 2540; x_wconf 82' lang='lat' dir='ltr'><strong>libertatem</strong></span> <span class='ocrx_word' id='word_1_208' title='bbox 1657 2503 1671 2552; x_wconf 84' lang='lat'><strong>;</strong></span> <span class='ocrx_word' id='word_1_209' title='bbox 1706 2490 1758 2538; x_wconf 85' lang='lat' dir='ltr'><strong>et</strong></span> <span class='ocrx_word' id='word_1_210' title='bbox 1803 2485 1970 2538; x_wconf 82' lang='lat' dir='ltr'><strong>extu-</strong></span> 
     </span>
    </p>
   </div>
   <div class='ocr_carea' id='block_1_26' title="bbox 249 2573 1970 2647">
    <p class='ocr_par' dir='ltr' id='par_1_26' title="bbox 249 2573 1970 2647">
     <span class='ocr_line' id='line_1_26' title="bbox 249 2573 1970 2647; baseline -0.002 -17"><span class='ocrx_word' id='word_1_211' title='bbox 249 2576 458 2632; x_wconf 85' lang='lat' dir='ltr'><strong>lerunt</strong></span> <span class='ocrx_word' id='word_1_212' title='bbox 491 2592 554 2632; x_wconf 89' lang='lat' dir='ltr'><strong>se</strong></span> <span class='ocrx_word' id='word_1_213' title='bbox 583 2576 735 2647; x_wconf 88' lang='lat' dir='ltr'><strong>quod</strong></span> <span class='ocrx_word' id='word_1_214' title='bbox 787 2591 987 2632; x_wconf 85' lang='lat' dir='ltr'><strong>semen</strong></span> <span class='ocrx_word' id='word_1_215' title='bbox 1035 2580 1231 2632; x_wconf 85' lang='lat' dir='ltr'><strong>essent</strong></span> <span class='ocrx_word' id='word_1_216' title='bbox 1290 2575 1545 2642; x_wconf 71' lang='lat' dir='ltr'><strong>Abrahae,</strong></span> <span class='ocrx_word' id='word_1_217' title='bbox 1596 2578 1652 2629; x_wconf 89' lang='lat' dir='ltr'><strong>et</strong></span> <span class='ocrx_word' id='word_1_218' title='bbox 1684 2573 1970 2638; x_wconf 73' lang='lat' dir='ltr'><strong>dixerunt,</strong></span> 
     </span>
    </p>
   </div>
   <div class='ocr_carea' id='block_1_27' title="bbox 252 2663 1970 2734">
    <p class='ocr_par' dir='ltr' id='par_1_27' title="bbox 252 2663 1970 2734">
     <span class='ocr_line' id='line_1_27' title="bbox 252 2663 1970 2734; baseline -0.003 -14"><span class='ocrx_word' id='word_1_219' title='bbox 252 2666 455 2722; x_wconf 83' lang='lat' dir='ltr'><strong>Semen</strong></span> <span class='ocrx_word' id='word_1_220' title='bbox 488 2666 728 2722; x_wconf 76' lang='lat' dir='ltr'><strong>Abrahae</strong></span> <span class='ocrx_word' id='word_1_221' title='bbox 757 2681 946 2721; x_wconf 82' lang='lat' dir='ltr'><strong>sumus</strong></span> <span class='ocrx_word' id='word_1_222' title='bbox 976 2682 996 2729; x_wconf 88' lang='lat'><em>;</em></span> <span class='ocrx_word' id='word_1_223' title='bbox 1022 2675 1075 2722; x_wconf 84' lang='lat' dir='ltr'><strong>et</strong></span> <span class='ocrx_word' id='word_1_224' title='bbox 1105 2663 1320 2722; x_wconf 84' lang='lat' dir='ltr'><strong>nemini</strong></span> <span class='ocrx_word' id='word_1_225' title='bbox 1341 2664 1665 2719; x_wconf 87' lang='lat' dir='ltr'><strong>servivimus</strong></span> <span class='ocrx_word' id='word_1_226' title='bbox 1688 2679 1930 2734; x_wconf 84' lang='lat' dir='ltr'><strong>unquam</strong></span> <span class='ocrx_word' id='word_1_227' title='bbox 1949 2679 1970 2724; x_wconf 86' lang='lat'><strong><em>;</em></strong></span> 
     </span>
    </p>
   </div>
   <div class='ocr_carea' id='block_1_28' title="bbox 246 2750 1971 2827">
    <p class='ocr_par' dir='ltr' id='par_1_28' title="bbox 246 2750 1971 2827">
     <span class='ocr_line' id='line_1_28' title="bbox 246 2750 1971 2827; baseline -0.003 -17"><span class='ocrx_word' id='word_1_228' title='bbox 246 2755 526 2827; x_wconf 77' lang='lat' dir='ltr'><strong>quomodo</strong></span> <span class='ocrx_word' id='word_1_229' title='bbox 557 2763 618 2810; x_wconf 86' lang='lat' dir='ltr'><strong>tu</strong></span> <span class='ocrx_word' id='word_1_230' title='bbox 648 2754 806 2825; x_wconf 86' lang='lat' dir='ltr'><strong>dicis,</strong></span> <span class='ocrx_word' id='word_1_231' title='bbox 840 2756 1021 2811; x_wconf 88' lang='lat' dir='ltr'><strong>Liberi</strong></span> <span class='ocrx_word' id='word_1_232' title='bbox 1049 2756 1208 2810; x_wconf 88' lang='lat' dir='ltr'><strong>eritis</strong></span> <span class='ocrx_word' id='word_1_233' title='bbox 1228 2754 1262 2808; x_wconf 82' lang='lat'><em>?</em></span> <span class='ocrx_word' id='word_1_234' title='bbox 1293 2753 1336 2808; x_wconf 91' lang='grc' dir='ltr'><strong>Ο</strong></span> <span class='ocrx_word' id='word_1_235' title='bbox 1369 2753 1534 2826; x_wconf 87' lang='lat' dir='ltr'><strong>pellis</strong></span> <span class='ocrx_word' id='word_1_236' title='bbox 1564 2751 1765 2807; x_wconf 88' lang='lat' dir='ltr'><strong>inﬂata</strong></span> <span class='ocrx_word' id='word_1_237' title='bbox 1797 2750 1809 2805; x_wconf 92' lang='lat'>!</span> <span class='ocrx_word' id='word_1_238' title='bbox 1846 2751 1971 2806; x_wconf 89' lang='lat' dir='ltr'><strong>Non</strong></span> 
     </span>
    </p>
   </div>
   <div class='ocr_carea' id='block_1_29' title="bbox 252 2843 1974 2916">
    <p class='ocr_par' dir='ltr' id='par_1_29' title="bbox 252 2843 1974 2916">
     <span class='ocr_line' id='line_1_29' title="bbox 252 2843 1974 2916; baseline -0.003 -16"><span class='ocrx_word' id='word_1_239' title='bbox 252 2849 346 2900; x_wconf 86' lang='lat' dir='ltr'><strong>est</strong></span> <span class='ocrx_word' id='word_1_240' title='bbox 381 2844 490 2899; x_wconf 87' lang='lat' dir='ltr'><strong>ista</strong></span> <span class='ocrx_word' id='word_1_241' title='bbox 524 2844 890 2916; x_wconf 86' lang='lat' dir='ltr'><strong>magnitudo,</strong></span> <span class='ocrx_word' id='word_1_242' title='bbox 923 2845 1022 2899; x_wconf 89' lang='lat' dir='ltr'><strong>sed</strong></span> <span class='ocrx_word' id='word_1_243' title='bbox 1057 2848 1271 2899; x_wconf 90' lang='lat' dir='ltr'><strong>tumor.</strong></span> <span class='ocrx_word' id='word_1_244' title='bbox 1306 2843 1371 2898; x_wconf 90' lang='lat' dir='ltr'><strong>Et</strong></span> <span class='ocrx_word' id='word_1_245' title='bbox 1402 2843 1508 2898; x_wconf 89' lang='lat' dir='ltr'><strong>hoc</strong></span> <span class='ocrx_word' id='word_1_246' title='bbox 1541 2843 1733 2914; x_wconf 90' lang='lat' dir='ltr'><strong>ipsum</strong></span> <span class='ocrx_word' id='word_1_247' title='bbox 1769 2857 1974 2896; x_wconf 88' lang='lat' dir='ltr'><strong>secun-</strong></span> 
     </span>
    </p>
   </div>
   <div class='ocr_carea' id='block_1_30' title="bbox 249 2933 1972 3004">
    <p class='ocr_par' dir='ltr' id='par_1_30' title="bbox 249 2933 1972 3004">
     <span class='ocr_line' id='line_1_30' title="bbox 249 2933 1972 3004; baseline -0.004 -13"><span class='ocrx_word' id='word_1_248' title='bbox 249 2937 399 2992; x_wconf 88' lang='lat' dir='ltr'><strong>dum</strong></span> <span class='ocrx_word' id='word_1_249' title='bbox 453 2934 633 3004; x_wconf 88' lang='lat' dir='ltr'><strong>hujus</strong></span> <span class='ocrx_word' id='word_1_250' title='bbox 697 2933 978 3004; x_wconf 88' lang='lat' dir='ltr'><strong>temporis</strong></span> <span class='ocrx_word' id='word_1_251' title='bbox 1057 2933 1380 2989; x_wconf 87' lang='lat' dir='ltr'><strong>libertatem</strong></span> <span class='ocrx_word' id='word_1_252' title='bbox 1434 2933 1722 3003; x_wconf 88' lang='lat' dir='ltr'><strong>quomodo</strong></span> <span class='ocrx_word' id='word_1_253' title='bbox 1772 2948 1972 2986; x_wconf 89' lang='lat' dir='ltr'><strong>verum</strong></span> 
     </span>
    </p>
   </div>
   <div class='ocr_carea' id='block_1_31' title="bbox 250 3017 1978 3092">
    <p class='ocr_par' dir='ltr' id='par_1_31' title="bbox 250 3017 1978 3092">
     <span class='ocr_line' id='line_1_31' title="bbox 250 3017 1978 3092; baseline -0.003 -13"><span class='ocrx_word' id='word_1_254' title='bbox 250 3023 516 3088; x_wconf 83' lang='lat' dir='ltr'><strong>dixistis,</strong></span> <span class='ocrx_word' id='word_1_255' title='bbox 549 3023 769 3078; x_wconf 85' lang='lat' dir='ltr'><strong>Nemini</strong></span> <span class='ocrx_word' id='word_1_256' title='bbox 796 3024 1116 3078; x_wconf 70' lang='lat' dir='ltr'><strong>seruiuimus</strong></span> <span class='ocrx_word' id='word_1_257' title='bbox 1144 3037 1389 3092; x_wconf 84' lang='lat' dir='ltr'><strong>unquam</strong></span> <span class='ocrx_word' id='word_1_258' title='bbox 1420 3026 1447 3074; x_wconf 71' lang='grc' dir='ltr'><em>ἒ</em></span> <span class='ocrx_word' id='word_1_259' title='bbox 1491 3017 1708 3090; x_wconf 84' lang='lat' dir='ltr'><strong>Joseph</strong></span> <span class='ocrx_word' id='word_1_260' title='bbox 1744 3037 1854 3075; x_wconf 89' lang='lat' dir='ltr'><strong>non</strong></span> <span class='ocrx_word' id='word_1_261' title='bbox 1889 3023 1978 3075; x_wconf 88' lang='lat' dir='ltr'><strong>est</strong></span> 
     </span>
    </p>
   </div>
   <div class='ocr_carea' id='block_1_32' title="bbox 250 3109 1974 3184">
    <p class='ocr_par' dir='ltr' id='par_1_32' title="bbox 250 3109 1974 3184">
     <span class='ocr_line' id='line_1_32' title="bbox 250 3109 1974 3184; baseline -0.002 -18"><span class='ocrx_word' id='word_1_262' title='bbox 250 3114 659 3170; x_wconf 77' lang='lat' dir='ltr'><strong>venumdatus</strong></span> <span class='ocrx_word' id='word_1_263' title='bbox 707 3111 863 3184; x_wconf 87' lang='lat' dir='ltr'><strong>(Gen.</strong></span> <span class='ocrx_word' id='word_1_264' title='bbox 923 3128 1137 3179; x_wconf 83' lang='lat' dir='ltr'><strong>xxxvn,</strong></span> <span class='ocrx_word' id='word_1_265' title='bbox 1166 3111 1258 3181; x_wconf 83' lang='lat'><strong>28)</strong></span> <span class='ocrx_word' id='word_1_266' title='bbox 1291 3109 1317 3164; x_wconf 86' lang='lat'><strong>?</strong></span> <span class='ocrx_word' id='word_1_267' title='bbox 1376 3109 1672 3182; x_wconf 60' lang='lat' dir='ltr'><strong>Prophetas</strong></span> <span class='ocrx_word' id='word_1_268' title='bbox 1704 3110 1884 3165; x_wconf 84' lang='lat' dir='ltr'><strong>sancti</strong></span> <span class='ocrx_word' id='word_1_269' title='bbox 1915 3109 1974 3162; x_wconf 90' lang='lat' dir='ltr'><strong>in</strong></span> 
     </span>
    </p>
   </div>
   <div class='ocr_carea' id='block_1_33' title="bbox 251 3197 1973 3277">
    <p class='ocr_par' dir='ltr' id='par_1_33' title="bbox 251 3197 1973 3277">
     <span class='ocr_line' id='line_1_33' title="bbox 251 3197 1973 3277; baseline -0.004 -17"><span class='ocrx_word' id='word_1_270' title='bbox 251 3205 658 3277; x_wconf 80' lang='lat' dir='ltr'><strong>captivitatem</strong></span> <span class='ocrx_word' id='word_1_271' title='bbox 691 3219 806 3258; x_wconf 91' lang='lat' dir='ltr'><strong>non</strong></span> <span class='ocrx_word' id='word_1_272' title='bbox 840 3207 979 3258; x_wconf 91' lang='lat' dir='ltr'><strong>sunt</strong></span> <span class='ocrx_word' id='word_1_273' title='bbox 1007 3202 1168 3257; x_wconf 89' lang='lat' dir='ltr'><strong>ducti</strong></span> <span class='ocrx_word' id='word_1_274' title='bbox 1199 3200 1293 3270; x_wconf 86' lang='lat' dir='ltr'><strong>(IV</strong></span> <span class='ocrx_word' id='word_1_275' title='bbox 1324 3205 1454 3271; x_wconf 85' lang='lat' dir='ltr'><strong>Reg.</strong></span> <span class='ocrx_word' id='word_1_276' title='bbox 1486 3200 1639 3271; x_wconf 70' lang='lat' dir='ltr'><strong>xxxv)</strong></span> <span class='ocrx_word' id='word_1_277' title='bbox 1670 3198 1697 3254; x_wconf 87' lang='lat'><strong>?</strong></span> <span class='ocrx_word' id='word_1_278' title='bbox 1742 3197 1973 3263; x_wconf 87' lang='lat' dir='ltr'><strong>Deinde,</strong></span> 
     </span>
    </p>
   </div>
   <div class='ocr_carea' id='block_1_34' title="bbox 253 3290 1976 3366">
    <p class='ocr_par' dir='ltr' id='par_1_34' title="bbox 253 3290 1976 3366">
     <span class='ocr_line' id='line_1_34' title="bbox 253 3290 1976 3366; baseline -0.003 -16"><span class='ocrx_word' id='word_1_279' title='bbox 253 3311 455 3352; x_wconf 87' lang='lat' dir='ltr'><strong>nonne</strong></span> <span class='ocrx_word' id='word_1_280' title='bbox 489 3295 616 3366; x_wconf 86' lang='lat' dir='ltr'><strong>ipse</strong></span> <span class='ocrx_word' id='word_1_281' title='bbox 646 3293 745 3349; x_wconf 86' lang='lat' dir='ltr'><strong>ille</strong></span> <span class='ocrx_word' id='word_1_282' title='bbox 773 3296 863 3348; x_wconf 88' lang='lat' dir='ltr'><strong>est</strong></span> <span class='ocrx_word' id='word_1_283' title='bbox 893 3292 1144 3364; x_wconf 88' lang='lat' dir='ltr'><strong>populus</strong></span> <span class='ocrx_word' id='word_1_284' title='bbox 1176 3291 1275 3362; x_wconf 92' lang='lat' dir='ltr'><strong>qui</strong></span> <span class='ocrx_word' id='word_1_285' title='bbox 1309 3292 1366 3345; x_wconf 91' lang='lat' dir='ltr'><strong>in</strong></span> <span class='ocrx_word' id='word_1_286' title='bbox 1400 3294 1641 3362; x_wconf 66' lang='lat' dir='ltr'><strong>Egypto</strong></span> <span class='ocrx_word' id='word_1_287' title='bbox 1675 3290 1879 3344; x_wconf 86' lang='lat' dir='ltr'><strong>lateres</strong></span> <span class='ocrx_word' id='word_1_288' title='bbox 1902 3290 1976 3345; x_wconf 84' lang='lat' dir='ltr'><strong>fa-</strong></span> 
     </span>
    </p>
   </div>
   <div class='ocr_carea' id='block_1_35' title="bbox 253 3381 1977 3454">
    <p class='ocr_par' dir='ltr' id='par_1_35' title="bbox 253 3381 1977 3454">
     <span class='ocr_line' id='line_1_35' title="bbox 253 3381 1977 3454; baseline -0.005 -12"><span class='ocrx_word' id='word_1_289' title='bbox 253 3386 470 3452; x_wconf 87' lang='lat' dir='ltr'><strong>ciebat,</strong></span> <span class='ocrx_word' id='word_1_290' title='bbox 495 3390 552 3440; x_wconf 91' lang='lat' dir='ltr'><strong>et</strong></span> <span class='ocrx_word' id='word_1_291' title='bbox 575 3382 809 3454; x_wconf 89' lang='lat' dir='ltr'><strong>regibu</strong></span> <span class='ocrx_word' id='word_1_292' title='bbox 834 3383 998 3438; x_wconf 91' lang='lat' dir='ltr'><strong>duris</strong></span> <span class='ocrx_word' id='word_1_293' title='bbox 1021 3399 1136 3437; x_wconf 90' lang='lat' dir='ltr'><strong>non</strong></span> <span class='ocrx_word' id='word_1_294' title='bbox 1160 3381 1364 3437; x_wconf 86' lang='lat' dir='ltr'><strong>saltem</strong></span> <span class='ocrx_word' id='word_1_295' title='bbox 1389 3381 1447 3436; x_wconf 92' lang='lat' dir='ltr'><strong>in</strong></span> <span class='ocrx_word' id='word_1_296' title='bbox 1472 3397 1613 3436; x_wconf 91' lang='lat' dir='ltr'><strong>auro</strong></span> <span class='ocrx_word' id='word_1_297' title='bbox 1638 3389 1690 3435; x_wconf 90' lang='lat' dir='ltr'><strong>et</strong></span> <span class='ocrx_word' id='word_1_298' title='bbox 1711 3383 1977 3450; x_wconf 87' lang='lat' dir='ltr'><strong>argento,</strong></span> 
     </span>
    </p>
   </div>
   <div class='ocr_carea' id='block_1_36' title="bbox 254 3469 1978 3544">
    <p class='ocr_par' dir='ltr' id='par_1_36' title="bbox 254 3469 1978 3544">
     <span class='ocr_line' id='line_1_36' title="bbox 254 3469 1978 3544; baseline -0.003 -13"><span class='ocrx_word' id='word_1_299' title='bbox 254 3476 354 3531; x_wconf 81' lang='lat' dir='ltr'><strong>sed</strong></span> <span class='ocrx_word' id='word_1_300' title='bbox 394 3474 452 3528; x_wconf 90' lang='lat' dir='ltr'><strong>in</strong></span> <span class='ocrx_word' id='word_1_301' title='bbox 488 3475 609 3529; x_wconf 90' lang='lat' dir='ltr'><strong>luto</strong></span> <span class='ocrx_word' id='word_1_302' title='bbox 667 3472 953 3528; x_wconf 89' lang='lat' dir='ltr'><strong>serviebat</strong></span> <span class='ocrx_word' id='word_1_303' title='bbox 1002 3471 1199 3544; x_wconf 74' lang='lat' dir='ltr'><strong>(Exod.</strong></span> <span class='ocrx_word' id='word_1_304' title='bbox 1231 3487 1268 3538; x_wconf 85' lang='grc' dir='ltr'><strong>ι,</strong></span> <span class='ocrx_word' id='word_1_305' title='bbox 1309 3471 1390 3542; x_wconf 68' lang='lat' dir='ltr'><strong>tt)</strong></span> <span class='ocrx_word' id='word_1_306' title='bbox 1420 3471 1447 3525; x_wconf 87' lang='lat'><strong>‘?</strong></span> <span class='ocrx_word' id='word_1_307' title='bbox 1496 3470 1555 3526; x_wconf 88' lang='lat' dir='ltr'><strong>Si</strong></span> <span class='ocrx_word' id='word_1_308' title='bbox 1587 3469 1806 3526; x_wconf 89' lang='lat' dir='ltr'><strong>nemini</strong></span> <span class='ocrx_word' id='word_1_309' title='bbox 1853 3486 1978 3525; x_wconf 88' lang='lat' dir='ltr'><strong>ser-</strong></span> 
     </span>
    </p>
   </div>
   <div class='ocr_carea' id='block_1_37' title="bbox 252 3560 1977 3634">
    <p class='ocr_par' dir='ltr' id='par_1_37' title="bbox 252 3560 1977 3634">
     <span class='ocr_line' id='line_1_37' title="bbox 252 3560 1977 3634; baseline -0.002 -14"><span class='ocrx_word' id='word_1_310' title='bbox 252 3565 426 3622; x_wconf 86' lang='lat' dir='ltr'><strong>vistis</strong></span> <span class='ocrx_word' id='word_1_311' title='bbox 461 3578 741 3634; x_wconf 87' lang='lat' dir='ltr'><strong>unquam,</strong></span> <span class='ocrx_word' id='word_1_312' title='bbox 772 3577 804 3618; x_wconf 91' lang='grc' dir='ltr'>ο</span> <span class='ocrx_word' id='word_1_313' title='bbox 834 3561 1068 3632; x_wconf 82' lang='lat' dir='ltr'><strong>ingrati,</strong></span> <span class='ocrx_word' id='word_1_314' title='bbox 1101 3561 1236 3632; x_wconf 89' lang='lat' dir='ltr'><strong>quid</strong></span> <span class='ocrx_word' id='word_1_315' title='bbox 1262 3565 1350 3616; x_wconf 91' lang='lat' dir='ltr'><strong>est</strong></span> <span class='ocrx_word' id='word_1_316' title='bbox 1372 3562 1522 3632; x_wconf 92' lang='lat' dir='ltr'><strong>quod</strong></span> <span class='ocrx_word' id='word_1_317' title='bbox 1553 3561 1790 3619; x_wconf 88' lang='lat' dir='ltr'><strong>assidue</strong></span> <span class='ocrx_word' id='word_1_318' title='bbox 1811 3560 1977 3617; x_wconf 90' lang='lat' dir='ltr'><strong>vobis</strong></span> 
     </span>
    </p>
   </div>
   <div class='ocr_carea' id='block_1_38' title="bbox 257 3649 1979 3726">
    <p class='ocr_par' dir='ltr' id='par_1_38' title="bbox 257 3649 1979 3726">
     <span class='ocr_line' id='line_1_38' title="bbox 257 3649 1979 3726; baseline -0.003 -15"><span class='ocrx_word' id='word_1_319' title='bbox 257 3657 521 3726; x_wconf 85' lang='lat' dir='ltr'><strong>imputat</strong></span> <span class='ocrx_word' id='word_1_320' title='bbox 550 3654 705 3707; x_wconf 90' lang='lat' dir='ltr'><strong>Deus</strong></span> <span class='ocrx_word' id='word_1_321' title='bbox 737 3650 894 3723; x_wconf 91' lang='lat' dir='ltr'><strong>quod</strong></span> <span class='ocrx_word' id='word_1_322' title='bbox 925 3668 1023 3706; x_wconf 92' lang='lat' dir='ltr'><strong>vos</strong></span> <span class='ocrx_word' id='word_1_323' title='bbox 1053 3652 1124 3705; x_wconf 88' lang='lat' dir='ltr'><strong>de</strong></span> <span class='ocrx_word' id='word_1_324' title='bbox 1175 3652 1346 3706; x_wconf 91' lang='lat' dir='ltr'><strong>domo</strong></span> <span class='ocrx_word' id='word_1_325' title='bbox 1384 3650 1678 3707; x_wconf 88' lang='lat' dir='ltr'><strong>servitutis</strong></span> <span class='ocrx_word' id='word_1_326' title='bbox 1711 3649 1979 3706; x_wconf 80' lang='lat' dir='ltr'><strong>liberavit</strong></span> 
     </span>
    </p>
   </div>
   <div class='ocr_carea' id='block_1_39' title="bbox 256 3739 1976 3816">
    <p class='ocr_par' dir='ltr' id='par_1_39' title="bbox 256 3739 1976 3816">
     <span class='ocr_line' id='line_1_39' title="bbox 256 3739 1976 3816; baseline -0.003 -17"><span class='ocrx_word' id='word_1_327' title='bbox 256 3746 365 3816; x_wconf 86' lang='lat' dir='ltr'><strong>(Id.</strong></span> <span class='ocrx_word' id='word_1_328' title='bbox 399 3759 529 3810; x_wconf 84' lang='lat' dir='ltr'><strong>xm,</strong></span> <span class='ocrx_word' id='word_1_329' title='bbox 560 3741 594 3796; x_wconf 91' lang='lat'><strong>3</strong></span> <span class='ocrx_word' id='word_1_330' title='bbox 622 3757 637 3807; x_wconf 91' lang='lat'><strong>;</strong></span> <span class='ocrx_word' id='word_1_331' title='bbox 673 3741 825 3796; x_wconf 83' lang='lat' dir='ltr'><strong>Deut.</strong></span> <span class='ocrx_word' id='word_1_332' title='bbox 856 3755 912 3809; x_wconf 94' lang='lat' dir='ltr'><strong>v,</strong></span> <span class='ocrx_word' id='word_1_333' title='bbox 940 3739 996 3810; x_wconf 88' lang='lat'><strong>6,</strong></span> <span class='ocrx_word' id='word_1_334' title='bbox 1044 3741 1164 3810; x_wconf 87' lang='lat' dir='ltr'><strong>etc.)</strong></span> <span class='ocrx_word' id='word_1_335' title='bbox 1194 3739 1222 3794; x_wconf 86' lang='lat'><strong>?</strong></span> <span class='ocrx_word' id='word_1_336' title='bbox 1268 3742 1352 3795; x_wconf 83' lang='lat' dir='ltr'><strong>An</strong></span> <span class='ocrx_word' id='word_1_337' title='bbox 1387 3740 1528 3795; x_wconf 84' lang='lat' dir='ltr'><strong>forte</strong></span> <span class='ocrx_word' id='word_1_338' title='bbox 1576 3743 1770 3810; x_wconf 78' lang='lat' dir='ltr'><strong>patres</strong></span> <span class='ocrx_word' id='word_1_339' title='bbox 1799 3739 1976 3796; x_wconf 88' lang='lat' dir='ltr'><strong>vestri</strong></span> 
     </span>
    </p>
   </div>
   <div class='ocr_carea' id='block_1_40' title="bbox 261 3828 1979 3901">
    <p class='ocr_par' dir='ltr' id='par_1_40' title="bbox 261 3828 1979 3901">
     <span class='ocr_line' id='line_1_40' title="bbox 261 3828 1979 3901; baseline -0.003 -11"><span class='ocrx_word' id='word_1_340' title='bbox 261 3833 604 3894; x_wconf 82' lang='lat' dir='ltr'><strong>servierunt.</strong></span> <span class='ocrx_word' id='word_1_341' title='bbox 639 3847 738 3885; x_wconf 90' lang='lat' dir='ltr'><strong>vos</strong></span> <span class='ocrx_word' id='word_1_342' title='bbox 770 3833 964 3886; x_wconf 88' lang='lat' dir='ltr'><strong>autem</strong></span> <span class='ocrx_word' id='word_1_343' title='bbox 991 3829 1091 3901; x_wconf 91' lang='lat' dir='ltr'><strong>qui</strong></span> <span class='ocrx_word' id='word_1_344' title='bbox 1119 3830 1454 3901; x_wconf 90' lang='lat' dir='ltr'><strong>loquimini,</strong></span> <span class='ocrx_word' id='word_1_345' title='bbox 1477 3828 1696 3885; x_wconf 83' lang='lat' dir='ltr'><strong>nomini</strong></span> <span class='ocrx_word' id='word_1_346' title='bbox 1719 3844 1979 3900; x_wconf 85' lang='lat' dir='ltr'><strong>unquam</strong></span> 
     </span>
    </p>
   </div>
   <div class='ocr_carea' id='block_1_41' title="bbox 260 3916 1977 3990">
    <p class='ocr_par' dir='ltr' id='par_1_41' title="bbox 260 3916 1977 3990">
     <span class='ocr_line' id='line_1_41' title="bbox 260 3916 1977 3990; baseline -0.003 -13"><span class='ocrx_word' id='word_1_347' title='bbox 260 3920 528 3979; x_wconf 83' lang='lat' dir='ltr'><strong>servistis</strong></span> <span class='ocrx_word' id='word_1_348' title='bbox 567 3919 594 3974; x_wconf 68' lang='grc' dir='ltr'><strong>’ἰ</strong></span> <span class='ocrx_word' id='word_1_349' title='bbox 627 3917 926 3984; x_wconf 86' lang='lat' dir='ltr'><strong>Quomodo</strong></span> <span class='ocrx_word' id='word_1_350' title='bbox 957 3934 1094 3990; x_wconf 83' lang='lat' dir='ltr'><strong>ergo</strong></span> <span class='ocrx_word' id='word_1_351' title='bbox 1135 3916 1591 3988; x_wconf 84' lang='lat' dir='ltr'><strong>solvebatisjam</strong></span> <span class='ocrx_word' id='word_1_352' title='bbox 1613 3917 1827 3972; x_wconf 88' lang='lat' dir='ltr'><strong>tributa</strong></span> <span class='ocrx_word' id='word_1_353' title='bbox 1858 3916 1977 3972; x_wconf 81' lang='lat' dir='ltr'><strong>Ro-</strong></span> 
     </span>
    </p>
   </div>
   <div class='ocr_carea' id='block_1_42' title="bbox 263 4007 1973 4082">
    <p class='ocr_par' dir='ltr' id='par_1_42' title="bbox 263 4007 1973 4082">
     <span class='ocr_line' id='line_1_42' title="bbox 263 4007 1973 4082; baseline -0.003 -14"><span class='ocrx_word' id='word_1_354' title='bbox 263 4012 478 4077; x_wconf 80' lang='lat' dir='ltr'><strong>manis,</strong></span> <span class='ocrx_word' id='word_1_355' title='bbox 513 4011 664 4065; x_wconf 89' lang='lat' dir='ltr'><strong>unde</strong></span> <span class='ocrx_word' id='word_1_356' title='bbox 696 4013 751 4065; x_wconf 92' lang='lat' dir='ltr'><strong>et</strong></span> <span class='ocrx_word' id='word_1_357' title='bbox 780 4009 886 4082; x_wconf 89' lang='lat' dir='ltr'><strong>ipsi</strong></span> <span class='ocrx_word' id='word_1_358' title='bbox 920 4008 1161 4065; x_wconf 89' lang='lat' dir='ltr'><strong>Veritati</strong></span> <span class='ocrx_word' id='word_1_359' title='bbox 1194 4008 1471 4081; x_wconf 87' lang='lat' dir='ltr'><strong>laqueum</strong></span> <span class='ocrx_word' id='word_1_360' title='bbox 1496 4009 1663 4080; x_wconf 87' lang='lat' dir='ltr'><strong>quasi</strong></span> <span class='ocrx_word' id='word_1_361' title='bbox 1687 4007 1973 4081; x_wconf 85' lang='lat' dir='ltr'><strong>captionis</strong></span> 
     </span>
    </p>
   </div>
   <div class='ocr_carea' id='block_1_43' title="bbox 263 4097 1974 4173">
    <p class='ocr_par' dir='ltr' id='par_1_43' title="bbox 263 4097 1974 4173">
     <span class='ocr_line' id='line_1_43' title="bbox 263 4097 1974 4173; baseline -0.001 -18"><span class='ocrx_word' id='word_1_362' title='bbox 263 4099 668 4173; x_wconf 83' lang='lat' dir='ltr'><strong>proposuistis,</strong></span> <span class='ocrx_word' id='word_1_363' title='bbox 703 4103 764 4154; x_wconf 88' lang='lat' dir='ltr'><strong>ut</strong></span> <span class='ocrx_word' id='word_1_364' title='bbox 796 4097 1086 4166; x_wconf 88' lang='lat' dir='ltr'><strong>diceretis,</strong></span> <span class='ocrx_word' id='word_1_365' title='bbox 1124 4099 1263 4153; x_wconf 70' lang='lat' dir='ltr'><strong>Licet</strong></span> <span class='ocrx_word' id='word_1_366' title='bbox 1296 4098 1521 4154; x_wconf 82' lang='lat' dir='ltr'><strong>reddere</strong></span> <span class='ocrx_word' id='word_1_367' title='bbox 1551 4099 1824 4154; x_wconf 87' lang='lat' dir='ltr'><strong>tributum</strong></span> <span class='ocrx_word' id='word_1_368' title='bbox 1856 4097 1974 4154; x_wconf 59' lang='lat' dir='ltr'><strong>Cx-</strong></span> 
     </span>
    </p>
   </div>
   <div class='ocr_carea' id='block_1_44' title="bbox 262 4186 1976 4259">
    <p class='ocr_par' dir='ltr' id='par_1_44' title="bbox 262 4186 1976 4259">
     <span class='ocr_line' id='line_1_44' title="bbox 262 4186 1976 4259; baseline -0.002 -14"><span class='ocrx_word' id='word_1_369' title='bbox 262 4193 383 4246; x_wconf 83' lang='lat' dir='ltr'><strong>sari</strong></span> <span class='ocrx_word' id='word_1_370' title='bbox 405 4193 432 4244; x_wconf 84' lang='lat'><strong>?</strong></span> <span class='ocrx_word' id='word_1_371' title='bbox 463 4195 526 4245; x_wconf 91' lang='lat' dir='ltr'><strong>ut</strong></span> <span class='ocrx_word' id='word_1_372' title='bbox 553 4189 600 4244; x_wconf 90' lang='lat' dir='ltr'><strong>i</strong></span> <span class='ocrx_word' id='word_1_373' title='bbox 628 4188 890 4255; x_wconf 83' lang='lat' dir='ltr'><strong>dixisset,</strong></span> <span class='ocrx_word' id='word_1_374' title='bbox 922 4189 1115 4257; x_wconf 86' lang='lat' dir='ltr'><strong>Licet;</strong></span> <span class='ocrx_word' id='word_1_375' title='bbox 1151 4189 1426 4244; x_wconf 87' lang='lat' dir='ltr'><strong>teneretis</strong></span> <span class='ocrx_word' id='word_1_376' title='bbox 1457 4205 1585 4244; x_wconf 89' lang='lat' dir='ltr'><strong>eum</strong></span> <span class='ocrx_word' id='word_1_377' title='bbox 1620 4188 1788 4259; x_wconf 90' lang='lat' dir='ltr'><strong>quasi</strong></span> <span class='ocrx_word' id='word_1_378' title='bbox 1824 4186 1976 4242; x_wconf 88' lang='lat' dir='ltr'><strong>male</strong></span> 
     </span>
    </p>
   </div>
   <div class='ocr_carea' id='block_1_45' title="bbox 265 4277 1978 4353">
    <p class='ocr_par' dir='ltr' id='par_1_45' title="bbox 265 4277 1978 4353">
     <span class='ocr_line' id='line_1_45' title="bbox 265 4277 1978 4353; baseline -0.003 -16"><span class='ocrx_word' id='word_1_379' title='bbox 265 4283 532 4353; x_wconf 81' lang='lat' dir='ltr'><strong>Optasset</strong></span> <span class='ocrx_word' id='word_1_380' title='bbox 562 4278 830 4335; x_wconf 87' lang='lat' dir='ltr'><strong>Libertati</strong></span> <span class='ocrx_word' id='word_1_381' title='bbox 864 4279 1107 4335; x_wconf 87' lang='lat' dir='ltr'><strong>seminis</strong></span> <span class='ocrx_word' id='word_1_382' title='bbox 1139 4279 1416 4334; x_wconf 69' lang='lat' dir='ltr'><strong>Abrahae:</strong></span> <span class='ocrx_word' id='word_1_383' title='bbox 1451 4279 1500 4334; x_wconf 93' lang='lat' dir='ltr'><strong>si</strong></span> <span class='ocrx_word' id='word_1_384' title='bbox 1523 4282 1717 4334; x_wconf 89' lang='lat' dir='ltr'><strong>autem</strong></span> <span class='ocrx_word' id='word_1_385' title='bbox 1742 4277 1978 4346; x_wconf 89' lang='lat' dir='ltr'><strong>diceret,</strong></span> 
     </span>
    </p>
   </div>
   <div class='ocr_carea' id='block_1_46' title="bbox 265 4367 1977 4440">
    <p class='ocr_par' dir='ltr' id='par_1_46' title="bbox 265 4367 1977 4440">
     <span class='ocr_line' id='line_1_46' title="bbox 265 4367 1977 4440; baseline -0.004 -13"><span class='ocrx_word' id='word_1_386' title='bbox 265 4370 394 4426; x_wconf 87' lang='lat' dir='ltr'><strong>Non</strong></span> <span class='ocrx_word' id='word_1_387' title='bbox 431 4369 609 4431; x_wconf 86' lang='lat' dir='ltr'><strong>licet;</strong></span> <span class='ocrx_word' id='word_1_388' title='bbox 663 4367 1161 4425; x_wconf 88' lang='lat' dir='ltr'><strong>calumniaremini</strong></span> <span class='ocrx_word' id='word_1_389' title='bbox 1222 4370 1372 4440; x_wconf 88' lang='lat' dir='ltr'><strong>apud</strong></span> <span class='ocrx_word' id='word_1_390' title='bbox 1410 4385 1571 4437; x_wconf 79' lang='lat' dir='ltr'><strong>reges</strong></span> <span class='ocrx_word' id='word_1_391' title='bbox 1602 4374 1788 4436; x_wconf 64' lang='lat' dir='ltr'><strong>terrae,</strong></span> <span class='ocrx_word' id='word_1_392' title='bbox 1822 4368 1977 4439; x_wconf 90' lang='lat' dir='ltr'><strong>quod</strong></span> 
     </span>
    </p>
   </div>
   <div class='ocr_carea' id='block_1_47' title="bbox 270 4458 1975 4533">
    <p class='ocr_par' dir='ltr' id='par_1_47' title="bbox 270 4458 1975 4533">
     <span class='ocr_line' id='line_1_47' title="bbox 270 4458 1975 4533; baseline -0.004 -16"><span class='ocrx_word' id='word_1_393' title='bbox 270 4461 612 4533; x_wconf 85' lang='lat' dir='ltr'><strong>prohiberet</strong></span> <span class='ocrx_word' id='word_1_394' title='bbox 660 4459 896 4531; x_wconf 88' lang='lat' dir='ltr'><strong>regibus</strong></span> <span class='ocrx_word' id='word_1_395' title='bbox 948 4460 1160 4516; x_wconf 88' lang='lat' dir='ltr'><strong>tributa</strong></span> <span class='ocrx_word' id='word_1_396' title='bbox 1208 4460 1477 4532; x_wconf 88' lang='lat' dir='ltr'><strong>persolvi.</strong></span> <span class='ocrx_word' id='word_1_397' title='bbox 1513 4460 1717 4515; x_wconf 87' lang='lat' dir='ltr'><strong>Merito</strong></span> <span class='ocrx_word' id='word_1_398' title='bbox 1750 4458 1975 4530; x_wconf 88' lang='lat' dir='ltr'><strong>prolato</strong></span> 
     </span>
    </p>
   </div>
   <div class='ocr_carea' id='block_1_48' title="bbox 264 4547 1982 4621">
    <p class='ocr_par' dir='ltr' id='par_1_48' title="bbox 264 4547 1982 4621">
     <span class='ocr_line' id='line_1_48' title="bbox 264 4547 1982 4621; baseline -0.001 -16"><span class='ocrx_word' id='word_1_399' title='bbox 264 4566 514 4606; x_wconf 88' lang='lat' dir='ltr'><strong>nummo</strong></span> <span class='ocrx_word' id='word_1_400' title='bbox 546 4549 685 4605; x_wconf 88' lang='lat' dir='ltr'><strong>victi</strong></span> <span class='ocrx_word' id='word_1_401' title='bbox 715 4550 872 4616; x_wconf 88' lang='lat' dir='ltr'><strong>estis,</strong></span> <span class='ocrx_word' id='word_1_402' title='bbox 924 4554 981 4606; x_wconf 89' lang='lat' dir='ltr'><strong>et</strong></span> <span class='ocrx_word' id='word_1_403' title='bbox 1028 4550 1281 4621; x_wconf 88' lang='lat' dir='ltr'><strong>captioni</strong></span> <span class='ocrx_word' id='word_1_404' title='bbox 1331 4554 1528 4605; x_wconf 71' lang='lat' dir='ltr'><strong>vestrae</strong></span> <span class='ocrx_word' id='word_1_405' title='bbox 1569 4566 1670 4605; x_wconf 89' lang='lat' dir='ltr'><strong>vos</strong></span> <span class='ocrx_word' id='word_1_406' title='bbox 1702 4548 1812 4619; x_wconf 89' lang='lat' dir='ltr'><strong>ipsi</strong></span> <span class='ocrx_word' id='word_1_407' title='bbox 1845 4547 1982 4604; x_wconf 90' lang='lat' dir='ltr'><strong>estis</strong></span> 
     </span>
    </p>
   </div>
   <div class='ocr_carea' id='block_1_49' title="bbox 263 4639 1977 4714">
    <p class='ocr_par' dir='ltr' id='par_1_49' title="bbox 263 4639 1977 4714">
     <span class='ocr_line' id='line_1_49' title="bbox 263 4639 1977 4714; baseline -0.003 -17"><span class='ocrx_word' id='word_1_408' title='bbox 263 4641 623 4714; x_wconf 87' lang='lat' dir='ltr'><strong>respondere</strong></span> <span class='ocrx_word' id='word_1_409' title='bbox 653 4640 960 4712; x_wconf 88' lang='lat' dir='ltr'><strong>compulsi.</strong></span> <span class='ocrx_word' id='word_1_410' title='bbox 989 4640 1073 4696; x_wconf 90' lang='lat' dir='ltr'><strong>Ibi</strong></span> <span class='ocrx_word' id='word_1_411' title='bbox 1105 4640 1258 4696; x_wconf 89' lang='lat' dir='ltr'><strong>enirn</strong></span> <span class='ocrx_word' id='word_1_412' title='bbox 1282 4641 1442 4697; x_wconf 89' lang='lat' dir='ltr'><strong>vobis</strong></span> <span class='ocrx_word' id='word_1_413' title='bbox 1465 4641 1688 4696; x_wconf 89' lang='lat' dir='ltr'><strong>dictum</strong></span> <span class='ocrx_word' id='word_1_414' title='bbox 1715 4644 1817 4706; x_wconf 91' lang='lat' dir='ltr'><strong>est,</strong></span> <span class='ocrx_word' id='word_1_415' title='bbox 1843 4639 1977 4694; x_wconf 81' lang='lat' dir='ltr'><strong>Red-</strong></span> 
     </span>
    </p>
   </div>
   <div class='ocr_carea' id='block_1_50' title="bbox 263 4729 1986 4804">
    <p class='ocr_par' dir='ltr' id='par_1_50' title="bbox 263 4729 1986 4804">
     <span class='ocr_line' id='line_1_50' title="bbox 263 4729 1986 4804; baseline -0.001 -19"><span class='ocrx_word' id='word_1_416' title='bbox 263 4729 379 4786; x_wconf 88' lang='lat' dir='ltr'><strong>dite</strong></span> <span class='ocrx_word' id='word_1_417' title='bbox 427 4730 629 4786; x_wconf 70' lang='lat' dir='ltr'><strong>Czsari</strong></span> <span class='ocrx_word' id='word_1_418' title='bbox 675 4745 796 4802; x_wconf 71' lang='lat' dir='ltr'><strong>quae</strong></span> <span class='ocrx_word' id='word_1_419' title='bbox 845 4731 1074 4786; x_wconf 69' lang='lat' dir='ltr'><strong>Caesaris</strong></span> <span class='ocrx_word' id='word_1_420' title='bbox 1119 4738 1272 4799; x_wconf 84' lang='lat' dir='ltr'><strong>sunt,</strong></span> <span class='ocrx_word' id='word_1_421' title='bbox 1317 4739 1366 4786; x_wconf 89' lang='lat' dir='ltr'><strong>et</strong></span> <span class='ocrx_word' id='word_1_422' title='bbox 1398 4732 1504 4788; x_wconf 88' lang='lat' dir='ltr'><strong>Deo</strong></span> <span class='ocrx_word' id='word_1_423' title='bbox 1535 4745 1660 4804; x_wconf 68' lang='lat' dir='ltr'><strong>quae</strong></span> <span class='ocrx_word' id='word_1_424' title='bbox 1690 4732 1787 4787; x_wconf 89' lang='lat' dir='ltr'><strong>Dei</strong></span> <span class='ocrx_word' id='word_1_425' title='bbox 1815 4735 1986 4792; x_wconf 80' lang='lat' dir='ltr'><strong>sunt:</strong></span> 
     </span>
    </p>
   </div>
   <div class='ocr_carea' id='block_1_51' title="bbox 267 4820 1985 4892">
    <p class='ocr_par' dir='ltr' id='par_1_51' title="bbox 267 4820 1985 4892">
     <span class='ocr_line' id='line_1_51' title="bbox 267 4820 1985 4892; baseline -0.001 -15"><span class='ocrx_word' id='word_1_426' title='bbox 267 4837 404 4877; x_wconf 88' lang='lat' dir='ltr'><strong>cum</strong></span> <span class='ocrx_word' id='word_1_427' title='bbox 417 4837 522 4877; x_wconf 87' lang='lat' dir='ltr'><strong>vos</strong></span> <span class='ocrx_word' id='word_1_428' title='bbox 538 4820 645 4892; x_wconf 87' lang='lat' dir='ltr'><strong>ipsi</strong></span> <span class='ocrx_word' id='word_1_429' title='bbox 663 4821 1110 4891; x_wconf 88' lang='lat' dir='ltr'><strong>respondissetis</strong></span> <span class='ocrx_word' id='word_1_430' title='bbox 1126 4820 1278 4892; x_wconf 76' lang='lat' dir='ltr'><strong>quod</strong></span> <span class='ocrx_word' id='word_1_431' title='bbox 1294 4837 1573 4877; x_wconf 84' lang='lat' dir='ltr'><strong>nummus</strong></span> <span class='ocrx_word' id='word_1_432' title='bbox 1587 4820 1824 4876; x_wconf 86' lang='lat' dir='ltr'><strong>haberet</strong></span> <span class='ocrx_word' id='word_1_433' title='bbox 1838 4820 1985 4876; x_wconf 90' lang='lat' dir='ltr'><strong>ima-</strong></span> 
     </span>
    </p>
   </div>
   <div class='ocr_carea' id='block_1_52' title="bbox 267 4909 1986 4982">
    <p class='ocr_par' dir='ltr' id='par_1_52' title="bbox 267 4909 1986 4982">
     <span class='ocr_line' id='line_1_52' title="bbox 267 4909 1986 4982; baseline 0.002 -20"><span class='ocrx_word' id='word_1_434' title='bbox 267 4910 468 4982; x_wconf 85' lang='lat' dir='ltr'><strong>ginem</strong></span> <span class='ocrx_word' id='word_1_435' title='bbox 491 4909 732 4965; x_wconf 65' lang='lat' dir='ltr'><strong>Cmsaris</strong></span> <span class='ocrx_word' id='word_1_436' title='bbox 761 4909 972 4981; x_wconf 69' lang='lat' dir='ltr'><strong>(Matth.</strong></span> <span class='ocrx_word' id='word_1_437' title='bbox 1008 4925 1145 4976; x_wconf 63' lang='grc' dir='ltr'>χχιι,</span> <span class='ocrx_word' id='word_1_438' title='bbox 1180 4910 1391 4981; x_wconf 81' lang='grc'><strong>15-21).</strong></span> <span class='ocrx_word' id='word_1_439' title='bbox 1425 4911 1567 4975; x_wconf 89' lang='lat' dir='ltr'><strong>Quia</strong></span> <span class='ocrx_word' id='word_1_440' title='bbox 1599 4910 1746 4965; x_wconf 90' lang='lat' dir='ltr'><strong>sicut</strong></span> <span class='ocrx_word' id='word_1_441' title='bbox 1779 4911 1986 4980; x_wconf 64' lang='lat' dir='ltr'><strong>quaerit</strong></span> 
     </span>
    </p>
   </div>
   <div class='ocr_carea' id='block_1_53' title="bbox 268 4999 1984 5071">
    <p class='ocr_par' dir='ltr' id='par_1_53' title="bbox 268 4999 1984 5071">
     <span class='ocr_line' id='line_1_53' title="bbox 268 4999 1984 5071; baseline 0 -16"><span class='ocrx_word' id='word_1_442' title='bbox 268 5001 462 5055; x_wconf 59' lang='lat' dir='ltr'><strong>Cassar</strong></span> <span class='ocrx_word' id='word_1_443' title='bbox 496 4999 554 5053; x_wconf 90' lang='lat' dir='ltr'><strong>in</strong></span> <span class='ocrx_word' id='word_1_444' title='bbox 586 5015 825 5055; x_wconf 89' lang='lat' dir='ltr'><strong>nummo</strong></span> <span class='ocrx_word' id='word_1_445' title='bbox 855 5000 1166 5071; x_wconf 90' lang='lat' dir='ltr'><strong>imaginem</strong></span> <span class='ocrx_word' id='word_1_446' title='bbox 1199 5016 1389 5064; x_wconf 83' lang='lat' dir='ltr'><strong>suam,</strong></span> <span class='ocrx_word' id='word_1_447' title='bbox 1419 4999 1498 5054; x_wconf 90' lang='lat' dir='ltr'><strong>sic</strong></span> <span class='ocrx_word' id='word_1_448' title='bbox 1531 5000 1678 5055; x_wconf 85' lang='lat' dir='ltr'><strong>Deus</strong></span> <span class='ocrx_word' id='word_1_449' title='bbox 1703 4999 1904 5070; x_wconf 71' lang='lat' dir='ltr'><strong>quierit</strong></span> <span class='ocrx_word' id='word_1_450' title='bbox 1926 4999 1984 5055; x_wconf 91' lang='lat' dir='ltr'><strong>in</strong></span> 
     </span>
    </p>
   </div>
   <div class='ocr_carea' id='block_1_54' title="bbox 273 5087 1984 5161">
    <p class='ocr_par' dir='ltr' id='par_1_54' title="bbox 273 5087 1984 5161">
     <span class='ocr_line' id='line_1_54' title="bbox 273 5087 1984 5161; baseline 0.001 -19"><span class='ocrx_word' id='word_1_451' title='bbox 273 5087 514 5143; x_wconf 89' lang='lat' dir='ltr'><strong>homine</strong></span> <span class='ocrx_word' id='word_1_452' title='bbox 536 5104 722 5143; x_wconf 88' lang='lat' dir='ltr'><strong>suam.</strong></span> <span class='ocrx_word' id='word_1_453' title='bbox 747 5087 875 5144; x_wconf 66' lang='lat' dir='ltr'><strong>Haec</strong></span> <span class='ocrx_word' id='word_1_454' title='bbox 893 5105 1028 5161; x_wconf 83' lang='lat' dir='ltr'><strong>ergo</strong></span> <span class='ocrx_word' id='word_1_455' title='bbox 1047 5088 1599 5160; x_wconf 74' lang='lat' dir='ltr'><strong>responditJudteis.</strong></span> <span class='ocrx_word' id='word_1_456' title='bbox 1617 5089 1805 5144; x_wconf 89' lang='lat' dir='ltr'><strong>Movet</strong></span> <span class='ocrx_word' id='word_1_457' title='bbox 1826 5089 1984 5145; x_wconf 88' lang='lat' dir='ltr'><strong>enim</strong></span> 
     </span>
    </p>
   </div>
   <div class='ocr_carea' id='block_1_55' title="bbox 277 5177 1985 5250">
    <p class='ocr_par' dir='ltr' id='par_1_55' title="bbox 277 5177 1985 5250">
     <span class='ocr_line' id='line_1_55' title="bbox 277 5177 1985 5250; baseline 0.001 -19"><span class='ocrx_word' id='word_1_458' title='bbox 277 5192 390 5244; x_wconf 89' lang='lat' dir='ltr'><strong>me,</strong></span> <span class='ocrx_word' id='word_1_459' title='bbox 426 5179 657 5246; x_wconf 79' lang='lat' dir='ltr'><strong>fratres,</strong></span> <span class='ocrx_word' id='word_1_460' title='bbox 708 5177 1013 5234; x_wconf 89' lang='lat' dir='ltr'><strong>hominum</strong></span> <span class='ocrx_word' id='word_1_461' title='bbox 1071 5195 1220 5234; x_wconf 88' lang='lat' dir='ltr'><strong>vana</strong></span> <span class='ocrx_word' id='word_1_462' title='bbox 1276 5178 1570 5249; x_wconf 88' lang='lat' dir='ltr'><strong>superbia,</strong></span> <span class='ocrx_word' id='word_1_463' title='bbox 1622 5178 1761 5250; x_wconf 90' lang='lat' dir='ltr'><strong>quia</strong></span> <span class='ocrx_word' id='word_1_464' title='bbox 1807 5179 1985 5234; x_wconf 89' lang='lat' dir='ltr'><strong>etiam</strong></span> 
     </span>
    </p>
   </div>
   <div class='ocr_carea' id='block_1_56' title="bbox 275 5266 1987 5338">
    <p class='ocr_par' dir='ltr' id='par_1_56' title="bbox 275 5266 1987 5338">
     <span class='ocr_line' id='line_1_56' title="bbox 275 5266 1987 5338; baseline 0.002 -19"><span class='ocrx_word' id='word_1_465' title='bbox 275 5266 348 5322; x_wconf 87' lang='lat' dir='ltr'><strong>de</strong></span> <span class='ocrx_word' id='word_1_466' title='bbox 377 5267 524 5337; x_wconf 90' lang='lat' dir='ltr'><strong>ipsa,</strong></span> <span class='ocrx_word' id='word_1_467' title='bbox 560 5284 736 5338; x_wconf 88' lang='lat' dir='ltr'><strong>quam</strong></span> <span class='ocrx_word' id='word_1_468' title='bbox 771 5269 1079 5324; x_wconf 70' lang='lat' dir='ltr'><strong>carnaliter</strong></span> <span class='ocrx_word' id='word_1_469' title='bbox 1110 5267 1534 5338; x_wconf 89' lang='lat' dir='ltr'><strong>intelligebant,</strong></span> <span class='ocrx_word' id='word_1_470' title='bbox 1586 5285 1692 5322; x_wconf 90' lang='lat' dir='ltr'><strong>sua</strong></span> <span class='ocrx_word' id='word_1_471' title='bbox 1723 5267 1987 5323; x_wconf 88' lang='lat' dir='ltr'><strong>libertate</strong></span> 
     </span>
    </p>
   </div>
   <div class='ocr_carea' id='block_1_57' title="bbox 277 5357 1876 5428">
    <p class='ocr_par' dir='ltr' id='par_1_57' title="bbox 277 5357 1876 5428">
     <span class='ocr_line' id='line_1_57' title="bbox 277 5357 1876 5428; baseline 0.001 -18"><span class='ocrx_word' id='word_1_472' title='bbox 277 5360 505 5413; x_wconf 85' lang='lat' dir='ltr'><strong>mentiti</strong></span> <span class='ocrx_word' id='word_1_473' title='bbox 537 5362 678 5412; x_wconf 89' lang='lat' dir='ltr'><strong>sunt</strong></span> <span class='ocrx_word' id='word_1_474' title='bbox 707 5358 989 5424; x_wconf 88' lang='lat' dir='ltr'><strong>dicentes,</strong></span> <span class='ocrx_word' id='word_1_475' title='bbox 1017 5358 1235 5413; x_wconf 84' lang='lat' dir='ltr'><strong>Nemini</strong></span> <span class='ocrx_word' id='word_1_476' title='bbox 1265 5357 1593 5414; x_wconf 81' lang='lat' dir='ltr'><strong>servivimus</strong></span> <span class='ocrx_word' id='word_1_477' title='bbox 1612 5373 1876 5428; x_wconf 88' lang='lat' dir='ltr'><strong>unquam.</strong></span> 
     </span>
    </p>
   </div>
   <div class='ocr_carea' id='block_1_58' title="bbox 348 5446 1987 5520">
    <p class='ocr_par' dir='ltr' id='par_1_58' title="bbox 348 5446 1987 5520">
     <span class='ocr_line' id='line_1_58' title="bbox 348 5446 1987 5520; baseline 0.003 -23"><span class='ocrx_word' id='word_1_478' title='bbox 348 5446 398 5498; x_wconf 85' lang='lat'><strong>3.</strong></span> <span class='ocrx_word' id='word_1_479' title='bbox 434 5447 716 5503; x_wconf 84' lang='lat' dir='ltr'><strong>Dominus</strong></span> <span class='ocrx_word' id='word_1_480' title='bbox 740 5451 937 5504; x_wconf 89' lang='lat' dir='ltr'><strong>autem</strong></span> <span class='ocrx_word' id='word_1_481' title='bbox 979 5447 1113 5519; x_wconf 90' lang='lat' dir='ltr'><strong>quid</strong></span> <span class='ocrx_word' id='word_1_482' title='bbox 1151 5449 1538 5520; x_wconf 88' lang='lat' dir='ltr'><strong>responderit,</strong></span> <span class='ocrx_word' id='word_1_483' title='bbox 1572 5448 1681 5502; x_wconf 91' lang='lat' dir='ltr'><strong>hoc</strong></span> <span class='ocrx_word' id='word_1_484' title='bbox 1713 5447 1907 5518; x_wconf 91' lang='lat' dir='ltr'><strong>potius</strong></span> <span class='ocrx_word' id='word_1_485' title='bbox 1931 5452 1987 5502; x_wconf 87' lang='lat' dir='ltr'><strong>et</strong></span> 
     </span>
    </p>
   </div>
   <div class='ocr_carea' id='block_1_59' title="bbox 273 5533 1986 5609">
    <p class='ocr_par' dir='ltr' id='par_1_59' title="bbox 273 5533 1986 5609">
     <span class='ocr_line' id='line_1_59' title="bbox 273 5533 1986 5609; baseline 0.002 -21"><span class='ocrx_word' id='word_1_486' title='bbox 273 5533 554 5592; x_wconf 86' lang='lat' dir='ltr'><strong>intentius</strong></span> <span class='ocrx_word' id='word_1_487' title='bbox 586 5537 919 5607; x_wconf 88' lang='lat' dir='ltr'><strong>audiamus,</strong></span> <span class='ocrx_word' id='word_1_488' title='bbox 952 5553 1024 5593; x_wconf 89' lang='lat' dir='ltr'><strong>ne</strong></span> <span class='ocrx_word' id='word_1_489' title='bbox 1053 5541 1110 5593; x_wconf 87' lang='lat' dir='ltr'><strong>et</strong></span> <span class='ocrx_word' id='word_1_490' title='bbox 1138 5554 1241 5594; x_wconf 90' lang='lat' dir='ltr'><strong>nos</strong></span> <span class='ocrx_word' id='word_1_491' title='bbox 1272 5537 1383 5609; x_wconf 90' lang='lat' dir='ltr'><strong>ipsi</strong></span> <span class='ocrx_word' id='word_1_492' title='bbox 1417 5537 1565 5592; x_wconf 88' lang='lat' dir='ltr'><strong>servi</strong></span> <span class='ocrx_word' id='word_1_493' title='bbox 1595 5536 1986 5593; x_wconf 88' lang='lat' dir='ltr'><strong>inveniamur.</strong></span> 
     </span>
    </p>
   </div>
   <div class='ocr_carea' id='block_1_60' title="bbox 343 5660 1019 5726">
    <p class='ocr_par' dir='ltr' id='par_1_60' title="bbox 343 5660 1019 5726">
     <span class='ocr_line' id='line_1_60' title="bbox 343 5660 1019 5726; baseline 0.012 -22"><span class='ocrx_word' id='word_1_494' title='bbox 343 5660 413 5720; x_wconf 85' lang='lat' dir='ltr'><strong>(u)</strong></span> <span class='ocrx_word' id='word_1_495' title='bbox 435 5661 634 5726; x_wconf 59' lang='lat' dir='ltr'><strong>Gram,</strong></span> <span class='ocrx_word' id='word_1_496' title='bbox 661 5660 1019 5712; x_wconf 78' lang='lat' dir='ltr'><strong>eleutherdsei.</strong></span> 
     </span>
    </p>
   </div>
   <div class='ocr_carea' id='block_1_61' title="bbox 1441 278 2615 347">
    <p class='ocr_par' dir='ltr' id='par_1_61' title="bbox 1441 278 2615 347">
     <span class='ocr_line' id='line_1_61' title="bbox 1441 278 2615 347; baseline 0.007 -8"><span class='ocrx_word' id='word_1_497' title='bbox 1441 278 1899 342; x_wconf 82' lang='lat' dir='ltr'><strong>TRACTATUS</strong></span> <span class='ocrx_word' id='word_1_498' title='bbox 1944 279 2103 341; x_wconf 87' lang='lat' dir='ltr'><strong>XLI.</strong></span> <span class='ocrx_word' id='word_1_499' title='bbox 2150 282 2408 346; x_wconf 90' lang='lat' dir='ltr'>CAPUT</span> <span class='ocrx_word' id='word_1_500' title='bbox 2452 284 2615 347; x_wconf 83' lang='lat' dir='ltr'><strong>VIII.</strong></span> 
     </span>
    </p>
   </div>
   <div class='ocr_carea' id='block_1_62' title="bbox 3631 296 3788 360">
    <p class='ocr_par' dir='ltr' id='par_1_62' title="bbox 3631 296 3788 360">
     <span class='ocr_line' id='line_1_62' title="bbox 3631 296 3788 360; baseline -0.013 -3"><span class='ocrx_word' id='word_1_501' title='bbox 3631 296 3788 360; x_wconf 66' lang='lat'><strong>1694</strong></span> 
     </span>
    </p>
   </div>
   <div class='ocr_carea' id='block_1_63' title="bbox 2084 413 3784 495">
    <p class='ocr_par' dir='ltr' id='par_1_63' title="bbox 2084 413 3784 495">
     <span class='ocr_line' id='line_1_63' title="bbox 2084 413 3784 495; baseline 0.008 -27"><span class='ocrx_word' id='word_1_502' title='bbox 2084 413 2371 485; x_wconf 78' lang='lat' dir='ltr'><strong>Respondit</strong></span> <span class='ocrx_word' id='word_1_503' title='bbox 2422 419 2577 473; x_wconf 88' lang='lat' dir='ltr'><strong>enim</strong></span> <span class='ocrx_word' id='word_1_504' title='bbox 2633 421 2710 474; x_wconf 86' lang='lat' dir='ltr'><strong>eis</strong></span> <span class='ocrx_word' id='word_1_505' title='bbox 2756 421 2908 474; x_wconf 77' lang='lat' dir='ltr'><strong>Jesus</strong></span> <span class='ocrx_word' id='word_1_506' title='bbox 2943 435 2959 475; x_wconf 92' lang='lat'><em>:</em></span> <span class='ocrx_word' id='word_1_507' title='bbox 3001 419 3193 488; x_wconf 84' lang='lat' dir='ltr'><strong>Amen,</strong></span> <span class='ocrx_word' id='word_1_508' title='bbox 3242 438 3402 479; x_wconf 91' lang='lat' dir='ltr'><strong>amen</strong></span> <span class='ocrx_word' id='word_1_509' title='bbox 3459 424 3576 482; x_wconf 83' lang='lat' dir='ltr'><strong>dico</strong></span> <span class='ocrx_word' id='word_1_510' title='bbox 3618 429 3784 495; x_wconf 79' lang='lat' dir='ltr'><strong>vobis,</strong></span> 
     </span>
    </p>
   </div>
   <div class='ocr_carea' id='block_1_64' title="bbox 2078 505 3787 582">
    <p class='ocr_par' dir='ltr' id='par_1_64' title="bbox 2078 505 3787 582">
     <span class='ocr_line' id='line_1_64' title="bbox 2078 505 3787 582; baseline 0.009 -26"><span class='ocrx_word' id='word_1_511' title='bbox 2078 505 2209 572; x_wconf 86' lang='lat' dir='ltr'><strong>quia</strong></span> <span class='ocrx_word' id='word_1_512' title='bbox 2238 507 2415 560; x_wconf 83' lang='lat' dir='ltr'><strong>omnis</strong></span> <span class='ocrx_word' id='word_1_513' title='bbox 2442 510 2537 577; x_wconf 88' lang='lat' dir='ltr'><strong>qui</strong></span> <span class='ocrx_word' id='word_1_514' title='bbox 2563 509 2701 578; x_wconf 80' lang='lat' dir='ltr'><strong>facit</strong></span> <span class='ocrx_word' id='word_1_515' title='bbox 2731 513 3032 578; x_wconf 88' lang='lat' dir='ltr'><strong>peccatum,</strong></span> <span class='ocrx_word' id='word_1_516' title='bbox 3061 525 3245 563; x_wconf 66' lang='lat' dir='ltr'><strong>servus</strong></span> <span class='ocrx_word' id='word_1_517' title='bbox 3276 517 3352 565; x_wconf 85' lang='lat' dir='ltr'><strong>est</strong></span> <span class='ocrx_word' id='word_1_518' title='bbox 3378 517 3612 582; x_wconf 83' lang='lat' dir='ltr'><strong>peccati.</strong></span> <span class='ocrx_word' id='word_1_519' title='bbox 3655 517 3787 571; x_wconf 85' lang='lat' dir='ltr'><strong>Scr-</strong></span> 
     </span>
    </p>
   </div>
   <div class='ocr_carea' id='block_1_65' title="bbox 2077 596 3784 668">
    <p class='ocr_par' dir='ltr' id='par_1_65' title="bbox 2077 596 3784 668">
     <span class='ocr_line' id='line_1_65' title="bbox 2077 596 3784 668; baseline 0.007 -22"><span class='ocrx_word' id='word_1_520' title='bbox 2077 607 2183 648; x_wconf 88' lang='lat' dir='ltr'><strong>vus</strong></span> <span class='ocrx_word' id='word_1_521' title='bbox 2205 599 2312 661; x_wconf 89' lang='lat' dir='ltr'><strong>est,</strong></span> <span class='ocrx_word' id='word_1_522' title='bbox 2336 596 2557 651; x_wconf 87' lang='lat' dir='ltr'><strong>utinam</strong></span> <span class='ocrx_word' id='word_1_523' title='bbox 2587 597 2841 653; x_wconf 82' lang='lat' dir='ltr'><strong>hominis</strong></span> <span class='ocrx_word' id='word_1_524' title='bbox 2862 602 2917 652; x_wconf 89' lang='lat' dir='ltr'><strong>et</strong></span> <span class='ocrx_word' id='word_1_525' title='bbox 2951 615 3059 652; x_wconf 88' lang='lat' dir='ltr'><strong>non</strong></span> <span class='ocrx_word' id='word_1_526' title='bbox 3089 601 3346 668; x_wconf 82' lang='lat' dir='ltr'><strong>peccati!</strong></span> <span class='ocrx_word' id='word_1_527' title='bbox 3380 603 3517 665; x_wconf 87' lang='lat' dir='ltr'><strong>Quis</strong></span> <span class='ocrx_word' id='word_1_528' title='bbox 3541 621 3652 659; x_wconf 89' lang='lat' dir='ltr'><strong>non</strong></span> <span class='ocrx_word' id='word_1_529' title='bbox 3680 606 3784 660; x_wconf 90' lang='lat' dir='ltr'><strong>sub</strong></span> 
     </span>
    </p>
   </div>
   <div class='ocr_carea' id='block_1_66' title="bbox 2077 681 3787 751">
    <p class='ocr_par' dir='ltr' id='par_1_66' title="bbox 2077 681 3787 751">
     <span class='ocr_line' id='line_1_66' title="bbox 2077 681 3787 751; baseline 0.009 -15"><span class='ocrx_word' id='word_1_530' title='bbox 2077 681 2170 737; x_wconf 89' lang='lat' dir='ltr'><strong>his</strong></span> <span class='ocrx_word' id='word_1_531' title='bbox 2191 686 2379 742; x_wconf 85' lang='lat' dir='ltr'><strong>verbis</strong></span> <span class='ocrx_word' id='word_1_532' title='bbox 2398 689 2800 744; x_wconf 88' lang='lat' dir='ltr'><strong>contremiscal</strong></span> <span class='ocrx_word' id='word_1_533' title='bbox 2824 690 2850 742; x_wconf 70' lang='grc' dir='ltr'><strong>ἱ)</strong></span> <span class='ocrx_word' id='word_1_534' title='bbox 2870 689 3107 744; x_wconf 72' lang='lat' dir='ltr'><strong>Prmstot</strong></span> <span class='ocrx_word' id='word_1_535' title='bbox 3131 692 3295 746; x_wconf 91' lang='lat' dir='ltr'><strong>nobis</strong></span> <span class='ocrx_word' id='word_1_536' title='bbox 3321 692 3604 751; x_wconf 87' lang='lat' dir='ltr'><strong>Dominus</strong></span> <span class='ocrx_word' id='word_1_537' title='bbox 3638 697 3787 751; x_wconf 72' lang='lat' dir='ltr'><strong>Deus</strong></span> 
     </span>
    </p>
   </div>
   <div class='ocr_carea' id='block_1_67' title="bbox 2079 776 3786 849">
    <p class='ocr_par' dir='ltr' id='par_1_67' title="bbox 2079 776 3786 849">
     <span class='ocr_line' id='line_1_67' title="bbox 2079 776 3786 849; baseline 0.008 -25"><span class='ocrx_word' id='word_1_538' title='bbox 2079 778 2294 841; x_wconf 85' lang='lat' dir='ltr'><strong>noster,</strong></span> <span class='ocrx_word' id='word_1_539' title='bbox 2329 776 2382 829; x_wconf 92' lang='lat' dir='ltr'><strong>id</strong></span> <span class='ocrx_word' id='word_1_540' title='bbox 2419 782 2506 832; x_wconf 88' lang='lat' dir='ltr'><strong>est</strong></span> <span class='ocrx_word' id='word_1_541' title='bbox 2536 783 2589 834; x_wconf 92' lang='lat' dir='ltr'><strong>et</strong></span> <span class='ocrx_word' id='word_1_542' title='bbox 2622 777 2763 832; x_wconf 86' lang='lat' dir='ltr'><strong>mihi</strong></span> <span class='ocrx_word' id='word_1_543' title='bbox 2797 783 2851 832; x_wconf 84' lang='lat' dir='ltr'><strong>et</strong></span> <span class='ocrx_word' id='word_1_544' title='bbox 2901 777 3085 845; x_wconf 83' lang='lat' dir='ltr'><strong>vobis,</strong></span> <span class='ocrx_word' id='word_1_545' title='bbox 3121 782 3184 832; x_wconf 89' lang='lat' dir='ltr'><strong>ut</strong></span> <span class='ocrx_word' id='word_1_546' title='bbox 3236 796 3335 849; x_wconf 89' lang='lat' dir='ltr'><strong>pro</strong></span> <span class='ocrx_word' id='word_1_547' title='bbox 3384 784 3668 839; x_wconf 84' lang='lat' dir='ltr'><strong>sententia</strong></span> <span class='ocrx_word' id='word_1_548' title='bbox 3701 785 3786 838; x_wconf 81' lang='lat' dir='ltr'><strong>lo-</strong></span> 
     </span>
    </p>
   </div>
   <div class='ocr_carea' id='block_1_68' title="bbox 2077 864 3787 938">
    <p class='ocr_par' dir='ltr' id='par_1_68' title="bbox 2077 864 3787 938">
     <span class='ocr_line' id='line_1_68' title="bbox 2077 864 3787 938; baseline 0.008 -25"><span class='ocrx_word' id='word_1_549' title='bbox 2077 878 2225 930; x_wconf 86' lang='lat' dir='ltr'><strong>quar</strong></span> <span class='ocrx_word' id='word_1_550' title='bbox 2273 865 2343 919; x_wconf 92' lang='lat' dir='ltr'><strong>de</strong></span> <span class='ocrx_word' id='word_1_551' title='bbox 2375 864 2481 921; x_wconf 89' lang='lat' dir='ltr'><strong>hac</strong></span> <span class='ocrx_word' id='word_1_552' title='bbox 2513 866 2770 922; x_wconf 83' lang='lat' dir='ltr'><strong>libertate</strong></span> <span class='ocrx_word' id='word_1_553' title='bbox 2826 869 3173 938; x_wconf 80' lang='lat' dir='ltr'><strong>appetenda,</strong></span> <span class='ocrx_word' id='word_1_554' title='bbox 3205 874 3258 923; x_wconf 89' lang='lat' dir='ltr'><strong>et</strong></span> <span class='ocrx_word' id='word_1_555' title='bbox 3290 870 3358 924; x_wconf 89' lang='lat' dir='ltr'><strong>de</strong></span> <span class='ocrx_word' id='word_1_556' title='bbox 3386 871 3485 926; x_wconf 90' lang='lat' dir='ltr'><strong>illa</strong></span> <span class='ocrx_word' id='word_1_557' title='bbox 3514 874 3787 928; x_wconf 89' lang='lat' dir='ltr'><strong>servitute</strong></span> 
     </span>
    </p>
   </div>
   <div class='ocr_carea' id='block_1_69' title="bbox 2078 950 3786 1023">
    <p class='ocr_par' dir='ltr' id='par_1_69' title="bbox 2078 950 3786 1023">
     <span class='ocr_line' id='line_1_69' title="bbox 2078 950 3786 1023; baseline 0.008 -20"><span class='ocrx_word' id='word_1_558' title='bbox 2078 950 2330 1008; x_wconf 87' lang='lat' dir='ltr'><strong>vitanda.</strong></span> <span class='ocrx_word' id='word_1_559' title='bbox 2383 959 2570 1022; x_wconf 86' lang='lat' dir='ltr'><strong>Amen,</strong></span> <span class='ocrx_word' id='word_1_560' title='bbox 2625 972 2782 1010; x_wconf 88' lang='lat' dir='ltr'><strong>amen</strong></span> <span class='ocrx_word' id='word_1_561' title='bbox 2841 956 2959 1011; x_wconf 87' lang='lat' dir='ltr'><strong>dico</strong></span> <span class='ocrx_word' id='word_1_562' title='bbox 3000 957 3172 1023; x_wconf 82' lang='lat' dir='ltr'><strong>vobis,</strong></span> <span class='ocrx_word' id='word_1_563' title='bbox 3218 959 3443 1015; x_wconf 85' lang='lat' dir='ltr'><strong>Veritas</strong></span> <span class='ocrx_word' id='word_1_564' title='bbox 3492 960 3680 1017; x_wconf 89' lang='lat' dir='ltr'><strong>dicit:</strong></span> <span class='ocrx_word' id='word_1_565' title='bbox 3732 970 3786 1017; x_wconf 88' lang='lat' dir='ltr'><strong>et</strong></span> 
     </span>
    </p>
   </div>
   <div class='ocr_carea' id='block_1_70' title="bbox 2078 1045 3787 1117">
    <p class='ocr_par' dir='ltr' id='par_1_70' title="bbox 2078 1045 3787 1117">
     <span class='ocr_line' id='line_1_70' title="bbox 2078 1045 3787 1117; baseline 0.005 -20"><span class='ocrx_word' id='word_1_566' title='bbox 2078 1046 2248 1112; x_wconf 90' lang='lat' dir='ltr'><strong>quale</strong></span> <span class='ocrx_word' id='word_1_567' title='bbox 2279 1049 2365 1100; x_wconf 86' lang='lat' dir='ltr'><strong>est</strong></span> <span class='ocrx_word' id='word_1_568' title='bbox 2395 1045 2624 1102; x_wconf 89' lang='lat' dir='ltr'><strong>Domini</strong></span> <span class='ocrx_word' id='word_1_569' title='bbox 2659 1046 2754 1100; x_wconf 88' lang='lat' dir='ltr'><strong>Dei</strong></span> <span class='ocrx_word' id='word_1_570' title='bbox 2789 1046 2972 1101; x_wconf 88' lang='lat' dir='ltr'><strong>nostri</strong></span> <span class='ocrx_word' id='word_1_571' title='bbox 3010 1047 3218 1115; x_wconf 86' lang='lat' dir='ltr'><strong>dicere,</strong></span> <span class='ocrx_word' id='word_1_572' title='bbox 3253 1050 3441 1117; x_wconf 84' lang='lat' dir='ltr'><strong>Amen,</strong></span> <span class='ocrx_word' id='word_1_573' title='bbox 3477 1067 3637 1106; x_wconf 86' lang='lat' dir='ltr'><strong>amen</strong></span> <span class='ocrx_word' id='word_1_574' title='bbox 3669 1052 3787 1106; x_wconf 81' lang='lat' dir='ltr'><strong>dico</strong></span> 
     </span>
    </p>
   </div>
   <div class='ocr_carea' id='block_1_71' title="bbox 2076 1135 3788 1212">
    <p class='ocr_par' dir='ltr' id='par_1_71' title="bbox 2076 1135 3788 1212">
     <span class='ocr_line' id='line_1_71' title="bbox 2076 1135 3788 1212; baseline 0.002 -18"><span class='ocrx_word' id='word_1_575' title='bbox 2076 1137 2271 1194; x_wconf 80' lang='lat' dir='ltr'><strong>vobis?</strong></span> <span class='ocrx_word' id='word_1_576' title='bbox 2303 1135 2544 1191; x_wconf 86' lang='lat' dir='ltr'><strong>Multum</strong></span> <span class='ocrx_word' id='word_1_577' title='bbox 2577 1137 2948 1191; x_wconf 86' lang='lat' dir='ltr'><strong>commendat</strong></span> <span class='ocrx_word' id='word_1_578' title='bbox 2971 1137 3124 1207; x_wconf 89' lang='lat' dir='ltr'><strong>quod</strong></span> <span class='ocrx_word' id='word_1_579' title='bbox 3158 1137 3235 1193; x_wconf 89' lang='lat' dir='ltr'><strong>ita</strong></span> <span class='ocrx_word' id='word_1_580' title='bbox 3261 1141 3624 1209; x_wconf 85' lang='lat' dir='ltr'><strong>pronuntiat;</strong></span> <span class='ocrx_word' id='word_1_581' title='bbox 3653 1153 3788 1212; x_wconf 82' lang='lat' dir='ltr'><strong>quo‘</strong></span> 
     </span>
    </p>
   </div>
   <div class='ocr_carea' id='block_1_72' title="bbox 2077 1227 3787 1302">
    <p class='ocr_par' dir='ltr' id='par_1_72' title="bbox 2077 1227 3787 1302">
     <span class='ocr_line' id='line_1_72' title="bbox 2077 1227 3787 1302; baseline 0.002 -19"><span class='ocrx_word' id='word_1_582' title='bbox 2077 1228 2414 1295; x_wconf 88' lang='lat' dir='ltr'><strong>dammodo,</strong></span> <span class='ocrx_word' id='word_1_583' title='bbox 2460 1229 2504 1282; x_wconf 87' lang='lat' dir='ltr'><strong>si</strong></span> <span class='ocrx_word' id='word_1_584' title='bbox 2552 1227 2666 1282; x_wconf 89' lang='lat' dir='ltr'><strong>dici</strong></span> <span class='ocrx_word' id='word_1_585' title='bbox 2718 1227 2801 1281; x_wconf 87' lang='lat' dir='ltr'><strong>fas</strong></span> <span class='ocrx_word' id='word_1_586' title='bbox 2845 1230 2953 1293; x_wconf 91' lang='lat' dir='ltr'><strong>est,</strong></span> <span class='ocrx_word' id='word_1_587' title='bbox 2998 1228 3216 1297; x_wconf 88' lang='lat' dir='ltr'><strong>juratio</strong></span> <span class='ocrx_word' id='word_1_588' title='bbox 3263 1230 3390 1299; x_wconf 88' lang='lat' dir='ltr'><strong>ejus</strong></span> <span class='ocrx_word' id='word_1_589' title='bbox 3439 1235 3545 1297; x_wconf 89' lang='lat' dir='ltr'><strong>est,</strong></span> <span class='ocrx_word' id='word_1_590' title='bbox 3594 1232 3787 1302; x_wconf 81' lang='lat' dir='ltr'><strong>Amen,</strong></span> 
     </span>
    </p>
   </div>
   <div class='ocr_carea' id='block_1_73' title="bbox 2077 1316 3783 1389">
    <p class='ocr_par' dir='ltr' id='par_1_73' title="bbox 2077 1316 3783 1389">
     <span class='ocr_line' id='line_1_73' title="bbox 2077 1316 3783 1389; baseline 0.001 -15"><span class='ocrx_word' id='word_1_591' title='bbox 2077 1333 2237 1374; x_wconf 89' lang='lat' dir='ltr'><strong>amen</strong></span> <span class='ocrx_word' id='word_1_592' title='bbox 2268 1319 2396 1374; x_wconf 87' lang='lat' dir='ltr'><strong>dico</strong></span> <span class='ocrx_word' id='word_1_593' title='bbox 2418 1316 2590 1372; x_wconf 82' lang='lat' dir='ltr'><strong>vobis.</strong></span> <span class='ocrx_word' id='word_1_594' title='bbox 2618 1317 2786 1370; x_wconf 83' lang='lat' dir='ltr'><strong>Amen</strong></span> <span class='ocrx_word' id='word_1_595' title='bbox 2818 1316 3033 1387; x_wconf 86' lang='lat' dir='ltr'><strong>quippe</strong></span> <span class='ocrx_word' id='word_1_596' title='bbox 3066 1317 3500 1389; x_wconf 86' lang='lat' dir='ltr'><strong>interpretatur,</strong></span> <span class='ocrx_word' id='word_1_597' title='bbox 3535 1319 3783 1376; x_wconf 89' lang='lat' dir='ltr'><strong>Verum:</strong></span> 
     </span>
    </p>
   </div>
   <div class='ocr_carea' id='block_1_74' title="bbox 2080 1407 3780 1480">
    <p class='ocr_par' dir='ltr' id='par_1_74' title="bbox 2080 1407 3780 1480">
     <span class='ocr_line' id='line_1_74' title="bbox 2080 1407 3780 1480; baseline 0.001 -16"><span class='ocrx_word' id='word_1_598' title='bbox 2080 1414 2138 1464; x_wconf 87' lang='lat' dir='ltr'><strong>et</strong></span> <span class='ocrx_word' id='word_1_599' title='bbox 2169 1413 2362 1464; x_wconf 85' lang='lat' dir='ltr'><strong>tamen</strong></span> <span class='ocrx_word' id='word_1_600' title='bbox 2397 1425 2510 1464; x_wconf 91' lang='lat' dir='ltr'><strong>non</strong></span> <span class='ocrx_word' id='word_1_601' title='bbox 2543 1412 2632 1464; x_wconf 88' lang='lat' dir='ltr'><strong>est</strong></span> <span class='ocrx_word' id='word_1_602' title='bbox 2662 1407 3127 1479; x_wconf 86' lang='lat' dir='ltr'><strong>interpretatum,</strong></span> <span class='ocrx_word' id='word_1_603' title='bbox 3163 1424 3296 1464; x_wconf 90' lang='lat' dir='ltr'><strong>cum</strong></span> <span class='ocrx_word' id='word_1_604' title='bbox 3329 1412 3612 1480; x_wconf 87' lang='lat' dir='ltr'><strong>potuisset</strong></span> <span class='ocrx_word' id='word_1_605' title='bbox 3643 1412 3780 1479; x_wconf 89' lang='lat' dir='ltr'><strong>dici,</strong></span> 
     </span>
    </p>
   </div>
   <div class='ocr_carea' id='block_1_75' title="bbox 2078 1495 3788 1570">
    <p class='ocr_par' dir='ltr' id='par_1_75' title="bbox 2078 1495 3788 1570">
     <span class='ocr_line' id='line_1_75' title="bbox 2078 1495 3788 1570; baseline 0.002 -17"><span class='ocrx_word' id='word_1_606' title='bbox 2078 1502 2294 1554; x_wconf 84' lang='lat' dir='ltr'><strong>Verum</strong></span> <span class='ocrx_word' id='word_1_607' title='bbox 2330 1498 2457 1554; x_wconf 91' lang='lat' dir='ltr'><strong>dico</strong></span> <span class='ocrx_word' id='word_1_608' title='bbox 2483 1498 2663 1553; x_wconf 90' lang='lat' dir='ltr'><strong>vobis.</strong></span> <span class='ocrx_word' id='word_1_609' title='bbox 2696 1495 2810 1552; x_wconf 88' lang='lat' dir='ltr'><strong>Nec</strong></span> <span class='ocrx_word' id='word_1_610' title='bbox 2861 1513 3084 1567; x_wconf 67' lang='lat' dir='ltr'><strong>graecus</strong></span> <span class='ocrx_word' id='word_1_611' title='bbox 3133 1497 3241 1554; x_wconf 90' lang='lat' dir='ltr'><strong>hoc</strong></span> <span class='ocrx_word' id='word_1_612' title='bbox 3289 1499 3577 1570; x_wconf 88' lang='lat' dir='ltr'><strong>interpres</strong></span> <span class='ocrx_word' id='word_1_613' title='bbox 3610 1518 3788 1556; x_wconf 88' lang='lat' dir='ltr'><strong>ausus</strong></span> 
     </span>
    </p>
   </div>
   <div class='ocr_carea' id='block_1_76' title="bbox 2079 1587 3792 1660">
    <p class='ocr_par' dir='ltr' id='par_1_76' title="bbox 2079 1587 3792 1660">
     <span class='ocr_line' id='line_1_76' title="bbox 2079 1587 3792 1660; baseline -0.001 -15"><span class='ocrx_word' id='word_1_614' title='bbox 2079 1595 2164 1645; x_wconf 89' lang='lat' dir='ltr'><strong>est</strong></span> <span class='ocrx_word' id='word_1_615' title='bbox 2196 1590 2399 1656; x_wconf 83' lang='lat' dir='ltr'><strong>facere,</strong></span> <span class='ocrx_word' id='word_1_616' title='bbox 2433 1605 2536 1644; x_wconf 90' lang='lat' dir='ltr'><strong>nec</strong></span> <span class='ocrx_word' id='word_1_617' title='bbox 2569 1587 2788 1644; x_wconf 89' lang='lat' dir='ltr'><strong>latinus</strong></span> <span class='ocrx_word' id='word_1_618' title='bbox 2821 1604 2834 1643; x_wconf 88' lang='lat'><strong><em>:</em></strong></span> <span class='ocrx_word' id='word_1_619' title='bbox 2894 1604 3029 1643; x_wconf 90' lang='lat' dir='ltr'><strong>nam</strong></span> <span class='ocrx_word' id='word_1_620' title='bbox 3076 1587 3184 1643; x_wconf 92' lang='lat' dir='ltr'><strong>hoc</strong></span> <span class='ocrx_word' id='word_1_621' title='bbox 3234 1588 3472 1644; x_wconf 89' lang='lat' dir='ltr'><strong>verbum</strong></span> <span class='ocrx_word' id='word_1_622' title='bbox 3519 1589 3672 1660; x_wconf 91' lang='lat' dir='ltr'><strong>quod</strong></span> <span class='ocrx_word' id='word_1_623' title='bbox 3706 1597 3792 1644; x_wconf 88' lang='lat' dir='ltr'><strong>est</strong></span> 
     </span>
    </p>
   </div>
   <div class='ocr_carea' id='block_1_77' title="bbox 2079 1677 3788 1750">
    <p class='ocr_par' dir='ltr' id='par_1_77' title="bbox 2079 1677 3788 1750">
     <span class='ocr_line' id='line_1_77' title="bbox 2079 1677 3788 1750; baseline 0 -15"><span class='ocrx_word' id='word_1_624' title='bbox 2079 1683 2268 1747; x_wconf 80' lang='lat' dir='ltr'><strong>Amen,</strong></span> <span class='ocrx_word' id='word_1_625' title='bbox 2303 1695 2407 1735; x_wconf 90' lang='lat' dir='ltr'><strong>nec</strong></span> <span class='ocrx_word' id='word_1_626' title='bbox 2458 1695 2710 1750; x_wconf 66' lang='lat' dir='ltr'><strong>gracum</strong></span> <span class='ocrx_word' id='word_1_627' title='bbox 2741 1683 2826 1734; x_wconf 92' lang='lat' dir='ltr'><strong>est</strong></span> <span class='ocrx_word' id='word_1_628' title='bbox 2872 1695 2976 1733; x_wconf 89' lang='lat' dir='ltr'><strong>nec</strong></span> <span class='ocrx_word' id='word_1_629' title='bbox 3009 1677 3281 1749; x_wconf 88' lang='lat' dir='ltr'><strong>latinum,</strong></span> <span class='ocrx_word' id='word_1_630' title='bbox 3336 1680 3434 1734; x_wconf 91' lang='lat' dir='ltr'><strong>sed</strong></span> <span class='ocrx_word' id='word_1_631' title='bbox 3466 1677 3788 1736; x_wconf 70' lang='lat' dir='ltr'><strong>hcbraaum.</strong></span> 
     </span>
    </p>
   </div>
   <div class='ocr_carea' id='block_1_78' title="bbox 2079 1768 3789 1840">
    <p class='ocr_par' dir='ltr' id='par_1_78' title="bbox 2079 1768 3789 1840">
     <span class='ocr_line' id='line_1_78' title="bbox 2079 1768 3789 1840; baseline 0 -15"><span class='ocrx_word' id='word_1_632' title='bbox 2079 1771 2171 1825; x_wconf 86' lang='lat' dir='ltr'><strong>Sic</strong></span> <span class='ocrx_word' id='word_1_633' title='bbox 2214 1770 2448 1835; x_wconf 87' lang='lat' dir='ltr'><strong>mansit,</strong></span> <span class='ocrx_word' id='word_1_634' title='bbox 2483 1785 2597 1823; x_wconf 89' lang='lat' dir='ltr'><strong>non</strong></span> <span class='ocrx_word' id='word_1_635' title='bbox 2649 1773 2734 1824; x_wconf 89' lang='lat' dir='ltr'><strong>est</strong></span> <span class='ocrx_word' id='word_1_636' title='bbox 2774 1768 3243 1840; x_wconf 84' lang='lat' dir='ltr'><strong>interpretatum.</strong></span> <span class='ocrx_word' id='word_1_637' title='bbox 3279 1773 3342 1823; x_wconf 93' lang='lat' dir='ltr'><strong>ut</strong></span> <span class='ocrx_word' id='word_1_638' title='bbox 3371 1768 3650 1824; x_wconf 90' lang='lat' dir='ltr'><strong>honorem</strong></span> <span class='ocrx_word' id='word_1_639' title='bbox 3685 1768 3789 1825; x_wconf 86' lang='lat' dir='ltr'><strong>ha-</strong></span> 
     </span>
    </p>
   </div>
   <div class='ocr_carea' id='block_1_79' title="bbox 2082 1859 3786 1930">
    <p class='ocr_par' dir='ltr' id='par_1_79' title="bbox 2082 1859 3786 1930">
     <span class='ocr_line' id='line_1_79' title="bbox 2082 1859 3786 1930; baseline -0.002 -15"><span class='ocrx_word' id='word_1_640' title='bbox 2082 1860 2236 1915; x_wconf 88' lang='lat' dir='ltr'><strong>beret</strong></span> <span class='ocrx_word' id='word_1_641' title='bbox 2266 1859 2586 1915; x_wconf 88' lang='lat' dir='ltr'><strong>velamento</strong></span> <span class='ocrx_word' id='word_1_642' title='bbox 2620 1859 2818 1914; x_wconf 89' lang='lat' dir='ltr'><strong>secreti</strong></span> <span class='ocrx_word' id='word_1_643' title='bbox 2857 1874 2870 1915; x_wconf 90' lang='lat'><strong>:</strong></span> <span class='ocrx_word' id='word_1_644' title='bbox 2903 1874 3018 1913; x_wconf 89' lang='lat' dir='ltr'><strong>non</strong></span> <span class='ocrx_word' id='word_1_645' title='bbox 3069 1863 3131 1913; x_wconf 91' lang='lat' dir='ltr'><strong>ut</strong></span> <span class='ocrx_word' id='word_1_646' title='bbox 3166 1866 3315 1914; x_wconf 88' lang='lat' dir='ltr'><strong>esset</strong></span> <span class='ocrx_word' id='word_1_647' title='bbox 3347 1864 3650 1930; x_wconf 88' lang='lat' dir='ltr'><strong>negatum,</strong></span> <span class='ocrx_word' id='word_1_648' title='bbox 3689 1859 3786 1914; x_wconf 87' lang='lat' dir='ltr'><strong>sed</strong></span> 
     </span>
    </p>
   </div>
   <div class='ocr_carea' id='block_1_80' title="bbox 2081 1947 3787 2014">
    <p class='ocr_par' dir='ltr' id='par_1_80' title="bbox 2081 1947 3787 2014">
     <span class='ocr_line' id='line_1_80' title="bbox 2081 1947 3787 2014; baseline -0.001 -9"><span class='ocrx_word' id='word_1_649' title='bbox 2081 1967 2152 2005; x_wconf 92' lang='lat' dir='ltr'><strong>ne</strong></span> <span class='ocrx_word' id='word_1_650' title='bbox 2183 1949 2486 2005; x_wconf 80' lang='lat' dir='ltr'><strong>vilesceret</strong></span> <span class='ocrx_word' id='word_1_651' title='bbox 2517 1950 2821 2004; x_wconf 89' lang='lat' dir='ltr'><strong>nudatum.</strong></span> <span class='ocrx_word' id='word_1_652' title='bbox 2876 1953 2991 2004; x_wconf 79' lang='lat' dir='ltr'><strong>Nec</strong></span> <span class='ocrx_word' id='word_1_653' title='bbox 3035 1947 3213 2004; x_wconf 88' lang='lat' dir='ltr'><strong>semel</strong></span> <span class='ocrx_word' id='word_1_654' title='bbox 3247 1956 3465 2014; x_wconf 89' lang='lat' dir='ltr'><strong>tamen,</strong></span> <span class='ocrx_word' id='word_1_655' title='bbox 3499 1949 3600 2004; x_wconf 88' lang='lat' dir='ltr'><strong>sed</strong></span> <span class='ocrx_word' id='word_1_656' title='bbox 3635 1948 3726 2003; x_wconf 88' lang='lat' dir='ltr'><strong>bis</strong></span> <span class='ocrx_word' id='word_1_657' title='bbox 3756 1966 3787 2004; x_wconf 90' lang='lat' dir='ltr'><strong>a</strong></span> 
     </span>
    </p>
   </div>
   <div class='ocr_carea' id='block_1_81' title="bbox 2081 2037 3790 2110">
    <p class='ocr_par' dir='ltr' id='par_1_81' title="bbox 2081 2037 3790 2110">
     <span class='ocr_line' id='line_1_81' title="bbox 2081 2037 3790 2110; baseline -0.002 -14"><span class='ocrx_word' id='word_1_658' title='bbox 2081 2039 2326 2096; x_wconf 91' lang='lat' dir='ltr'><strong>Domino</strong></span> <span class='ocrx_word' id='word_1_659' title='bbox 2350 2039 2568 2094; x_wconf 91' lang='lat' dir='ltr'><strong>dictum</strong></span> <span class='ocrx_word' id='word_1_660' title='bbox 2592 2043 2697 2105; x_wconf 88' lang='lat' dir='ltr'><strong>est,</strong></span> <span class='ocrx_word' id='word_1_661' title='bbox 2721 2040 2913 2105; x_wconf 80' lang='lat' dir='ltr'><strong>Amen,</strong></span> <span class='ocrx_word' id='word_1_662' title='bbox 2937 2053 3096 2094; x_wconf 86' lang='lat' dir='ltr'><strong>amen</strong></span> <span class='ocrx_word' id='word_1_663' title='bbox 3120 2037 3242 2093; x_wconf 86' lang='lat' dir='ltr'><strong>dico</strong></span> <span class='ocrx_word' id='word_1_664' title='bbox 3266 2041 3433 2094; x_wconf 84' lang='lat' dir='ltr'><strong>vobis.</strong></span> <span class='ocrx_word' id='word_1_665' title='bbox 3452 2038 3584 2094; x_wconf 88' lang='lat' dir='ltr'><strong>Jam</strong></span> <span class='ocrx_word' id='word_1_666' title='bbox 3608 2054 3790 2110; x_wconf 89' lang='lat' dir='ltr'><strong>quan-</strong></span> 
     </span>
    </p>
   </div>
   <div class='ocr_carea' id='block_1_82' title="bbox 2081 2126 3792 2200">
    <p class='ocr_par' dir='ltr' id='par_1_82' title="bbox 2081 2126 3792 2200">
     <span class='ocr_line' id='line_1_82' title="bbox 2081 2126 3792 2200; baseline -0.001 -16"><span class='ocrx_word' id='word_1_667' title='bbox 2081 2133 2204 2184; x_wconf 88' lang='lat' dir='ltr'><strong>tum</strong></span> <span class='ocrx_word' id='word_1_668' title='bbox 2264 2129 2369 2184; x_wconf 89' lang='lat' dir='ltr'><strong>hoc</strong></span> <span class='ocrx_word' id='word_1_669' title='bbox 2422 2126 2892 2185; x_wconf 89' lang='lat' dir='ltr'><strong>commendatum</strong></span> <span class='ocrx_word' id='word_1_670' title='bbox 2944 2128 3042 2194; x_wconf 88' lang='lat' dir='ltr'><strong>sit,</strong></span> <span class='ocrx_word' id='word_1_671' title='bbox 3093 2144 3161 2184; x_wconf 92' lang='lat' dir='ltr'><strong>ex</strong></span> <span class='ocrx_word' id='word_1_672' title='bbox 3216 2128 3342 2200; x_wconf 85' lang='lat' dir='ltr'><strong>ipsa</strong></span> <span class='ocrx_word' id='word_1_673' title='bbox 3397 2126 3792 2198; x_wconf 88' lang='lat' dir='ltr'><strong>geminatione</strong></span> 
     </span>
    </p>
   </div>
   <div class='ocr_carea' id='block_1_83' title="bbox 2081 2219 2430 2288">
    <p class='ocr_par' dir='ltr' id='par_1_83' title="bbox 2081 2219 2430 2288">
     <span class='ocr_line' id='line_1_83' title="bbox 2081 2219 2430 2288; baseline 0 -13"><span class='ocrx_word' id='word_1_674' title='bbox 2081 2219 2430 2288; x_wconf 79' lang='lat' dir='ltr'><strong>cognoscite.</strong></span> 
     </span>
    </p>
   </div>
   <div class='ocr_carea' id='block_1_84' title="bbox 2153 2307 3789 2379">
    <p class='ocr_par' dir='ltr' id='par_1_84' title="bbox 2153 2307 3789 2379">
     <span class='ocr_line' id='line_1_84' title="bbox 2153 2307 3789 2379; baseline -0.001 -18"><span class='ocrx_word' id='word_1_675' title='bbox 2153 2307 2206 2362; x_wconf 81' lang='grc'><strong>4.</strong></span> <span class='ocrx_word' id='word_1_676' title='bbox 2254 2307 2403 2370; x_wconf 88' lang='lat' dir='ltr'><strong>Quid</strong></span> <span class='ocrx_word' id='word_1_677' title='bbox 2447 2311 2533 2362; x_wconf 89' lang='lat' dir='ltr'><strong>est</strong></span> <span class='ocrx_word' id='word_1_678' title='bbox 2579 2323 2714 2379; x_wconf 88' lang='lat' dir='ltr'><strong>ergo</strong></span> <span class='ocrx_word' id='word_1_679' title='bbox 2761 2307 3232 2362; x_wconf 88' lang='lat' dir='ltr'><strong>commendatum</strong></span> <span class='ocrx_word' id='word_1_680' title='bbox 3264 2307 3291 2359; x_wconf 75' lang='lat' dir='ltr'><strong>‘I</strong></span> <span class='ocrx_word' id='word_1_681' title='bbox 3323 2307 3554 2371; x_wconf 87' lang='lat' dir='ltr'><strong>Verum,</strong></span> <span class='ocrx_word' id='word_1_682' title='bbox 3589 2322 3789 2361; x_wconf 89' lang='lat' dir='ltr'><strong>verum</strong></span> 
     </span>
    </p>
   </div>
   <div class='ocr_carea' id='block_1_85' title="bbox 2081 2394 3788 2467">
    <p class='ocr_par' dir='ltr' id='par_1_85' title="bbox 2081 2394 3788 2467">
     <span class='ocr_line' id='line_1_85' title="bbox 2081 2394 3788 2467; baseline -0.001 -17"><span class='ocrx_word' id='word_1_683' title='bbox 2081 2398 2206 2452; x_wconf 90' lang='lat' dir='ltr'><strong>dico</strong></span> <span class='ocrx_word' id='word_1_684' title='bbox 2238 2398 2420 2466; x_wconf 87' lang='lat' dir='ltr'><strong>vobis,</strong></span> <span class='ocrx_word' id='word_1_685' title='bbox 2451 2397 2665 2454; x_wconf 87' lang='lat' dir='ltr'><strong>Veritas</strong></span> <span class='ocrx_word' id='word_1_686' title='bbox 2693 2396 2832 2452; x_wconf 84' lang='lat' dir='ltr'><strong>dicit</strong></span> <span class='ocrx_word' id='word_1_687' title='bbox 2857 2414 2871 2464; x_wconf 88' lang='lat'><strong>;</strong></span> <span class='ocrx_word' id='word_1_688' title='bbox 2905 2412 3035 2467; x_wconf 70' lang='lat' dir='ltr'><strong>qua:</strong></span> <span class='ocrx_word' id='word_1_689' title='bbox 3060 2394 3261 2467; x_wconf 89' lang='lat' dir='ltr'><strong>utique</strong></span> <span class='ocrx_word' id='word_1_690' title='bbox 3283 2395 3388 2450; x_wconf 87' lang='lat' dir='ltr'><strong>etsi</strong></span> <span class='ocrx_word' id='word_1_691' title='bbox 3413 2411 3527 2450; x_wconf 91' lang='lat' dir='ltr'><strong>non</strong></span> <span class='ocrx_word' id='word_1_692' title='bbox 3550 2394 3788 2464; x_wconf 88' lang='lat' dir='ltr'><strong>diceret,</strong></span> 
     </span>
    </p>
   </div>
   <div class='ocr_carea' id='block_1_86' title="bbox 2079 2484 3795 2557">
    <p class='ocr_par' dir='ltr' id='par_1_86' title="bbox 2079 2484 3795 2557">
     <span class='ocr_line' id='line_1_86' title="bbox 2079 2484 3795 2557; baseline -0.001 -17"><span class='ocrx_word' id='word_1_693' title='bbox 2079 2484 2294 2542; x_wconf 87' lang='lat' dir='ltr'><strong>Verum</strong></span> <span class='ocrx_word' id='word_1_694' title='bbox 2329 2487 2478 2554; x_wconf 90' lang='lat' dir='ltr'><strong>dico,</strong></span> <span class='ocrx_word' id='word_1_695' title='bbox 2506 2487 2736 2544; x_wconf 91' lang='lat' dir='ltr'><strong>mentiri</strong></span> <span class='ocrx_word' id='word_1_696' title='bbox 2759 2487 2998 2541; x_wconf 90' lang='lat' dir='ltr'><strong>omnino</strong></span> <span class='ocrx_word' id='word_1_697' title='bbox 3025 2503 3138 2541; x_wconf 86' lang='lat' dir='ltr'><strong>non</strong></span> <span class='ocrx_word' id='word_1_698' title='bbox 3165 2493 3358 2557; x_wconf 89' lang='lat' dir='ltr'><strong>posset</strong></span> <span class='ocrx_word' id='word_1_699' title='bbox 3385 2502 3398 2539; x_wconf 88' lang='lat'><strong>:</strong></span> <span class='ocrx_word' id='word_1_700' title='bbox 3428 2493 3618 2540; x_wconf 89' lang='lat' dir='ltr'><strong>tamen</strong></span> <span class='ocrx_word' id='word_1_701' title='bbox 3642 2500 3795 2540; x_wconf 90' lang='lat' dir='ltr'><strong>com-</strong></span> 
     </span>
    </p>
   </div>
   <div class='ocr_carea' id='block_1_87' title="bbox 2085 2575 3792 2645">
    <p class='ocr_par' dir='ltr' id='par_1_87' title="bbox 2085 2575 3792 2645">
     <span class='ocr_line' id='line_1_87' title="bbox 2085 2575 3792 2645; baseline -0.004 -12"><span class='ocrx_word' id='word_1_702' title='bbox 2085 2578 2340 2645; x_wconf 88' lang='lat' dir='ltr'><strong>mendat,</strong></span> <span class='ocrx_word' id='word_1_703' title='bbox 2373 2577 2664 2644; x_wconf 83' lang='lat' dir='ltr'><strong>inculcat;</strong></span> <span class='ocrx_word' id='word_1_704' title='bbox 2700 2576 3050 2631; x_wconf 87' lang='lat' dir='ltr'><strong>dormientes</strong></span> <span class='ocrx_word' id='word_1_705' title='bbox 3081 2575 3510 2645; x_wconf 89' lang='lat' dir='ltr'><strong>quodammodo</strong></span> <span class='ocrx_word' id='word_1_706' title='bbox 3561 2575 3792 2640; x_wconf 85' lang='lat' dir='ltr'><strong>excitat,</strong></span> 
     </span>
    </p>
   </div>
   <div class='ocr_carea' id='block_1_88' title="bbox 2083 2662 3792 2734">
    <p class='ocr_par' dir='ltr' id='par_1_88' title="bbox 2083 2662 3792 2734">
     <span class='ocr_line' id='line_1_88' title="bbox 2083 2662 3792 2734; baseline -0.004 -11"><span class='ocrx_word' id='word_1_707' title='bbox 2083 2668 2342 2723; x_wconf 89' lang='lat' dir='ltr'><strong>intentos</strong></span> <span class='ocrx_word' id='word_1_708' title='bbox 2373 2667 2530 2734; x_wconf 83' lang='lat' dir='ltr'><strong>facit,</strong></span> <span class='ocrx_word' id='word_1_709' title='bbox 2564 2667 2985 2722; x_wconf 89' lang='lat' dir='ltr'><strong>contemninon</strong></span> <span class='ocrx_word' id='word_1_710' title='bbox 3007 2665 3150 2719; x_wconf 91' lang='lat' dir='ltr'><strong>vult.</strong></span> <span class='ocrx_word' id='word_1_711' title='bbox 3177 2664 3322 2730; x_wconf 88' lang='lat' dir='ltr'><strong>Quid</strong></span> <span class='ocrx_word' id='word_1_712' title='bbox 3347 2662 3583 2721; x_wconf 73' lang='lat' dir='ltr'><strong>dicens?</strong></span> <span class='ocrx_word' id='word_1_713' title='bbox 3601 2665 3792 2730; x_wconf 79' lang='lat' dir='ltr'><strong>Amen,</strong></span> 
     </span>
    </p>
   </div>
   <div class='ocr_carea' id='block_1_89' title="bbox 2082 2756 3796 2828">
    <p class='ocr_par' dir='ltr' id='par_1_89' title="bbox 2082 2756 3796 2828">
     <span class='ocr_line' id='line_1_89' title="bbox 2082 2756 3796 2828; baseline -0.003 -16"><span class='ocrx_word' id='word_1_714' title='bbox 2082 2774 2242 2813; x_wconf 88' lang='lat' dir='ltr'><strong>amen</strong></span> <span class='ocrx_word' id='word_1_715' title='bbox 2272 2757 2388 2811; x_wconf 84' lang='lat' dir='ltr'><strong>dico</strong></span> <span class='ocrx_word' id='word_1_716' title='bbox 2411 2759 2580 2824; x_wconf 78' lang='lat' dir='ltr'><strong>vobis,</strong></span> <span class='ocrx_word' id='word_1_717' title='bbox 2615 2759 2743 2828; x_wconf 90' lang='lat' dir='ltr'><strong>quia</strong></span> <span class='ocrx_word' id='word_1_718' title='bbox 2774 2756 2951 2811; x_wconf 86' lang='lat' dir='ltr'><strong>omnis</strong></span> <span class='ocrx_word' id='word_1_719' title='bbox 2995 2757 3090 2826; x_wconf 92' lang='lat' dir='ltr'><strong>qui</strong></span> <span class='ocrx_word' id='word_1_720' title='bbox 3116 2756 3252 2823; x_wconf 84' lang='lat' dir='ltr'><strong>facit</strong></span> <span class='ocrx_word' id='word_1_721' title='bbox 3278 2762 3582 2824; x_wconf 86' lang='lat' dir='ltr'><strong>peccatum,</strong></span> <span class='ocrx_word' id='word_1_722' title='bbox 3615 2769 3796 2808; x_wconf 78' lang='lat' dir='ltr'><strong>servus</strong></span> 
     </span>
    </p>
   </div>
   <div class='ocr_carea' id='block_1_90' title="bbox 2083 2842 3797 2920">
    <p class='ocr_par' dir='ltr' id='par_1_90' title="bbox 2083 2842 3797 2920">
     <span class='ocr_line' id='line_1_90' title="bbox 2083 2842 3797 2920; baseline -0.003 -17"><span class='ocrx_word' id='word_1_723' title='bbox 2083 2853 2162 2903; x_wconf 82' lang='lat' dir='ltr'><strong>est</strong></span> <span class='ocrx_word' id='word_1_724' title='bbox 2190 2849 2418 2920; x_wconf 81' lang='lat' dir='ltr'><strong>peccati.</strong></span> <span class='ocrx_word' id='word_1_725' title='bbox 2453 2846 2495 2902; x_wconf 92' lang='grc' dir='ltr'><strong>Ο</strong></span> <span class='ocrx_word' id='word_1_726' title='bbox 2528 2845 2879 2902; x_wconf 86' lang='lat' dir='ltr'><strong>miserabilis</strong></span> <span class='ocrx_word' id='word_1_727' title='bbox 2901 2844 3148 2900; x_wconf 88' lang='lat' dir='ltr'><strong>servitus</strong></span> <span class='ocrx_word' id='word_1_728' title='bbox 3174 2847 3184 2900; x_wconf 90' lang='lat' dir='ltr'><strong>l</strong></span> <span class='ocrx_word' id='word_1_729' title='bbox 3232 2842 3577 2915; x_wconf 87' lang='lat' dir='ltr'><strong>Plerumque</strong></span> <span class='ocrx_word' id='word_1_730' title='bbox 3607 2844 3797 2898; x_wconf 81' lang='lat' dir='ltr'><strong>homi-</strong></span> 
     </span>
    </p>
   </div>
   <div class='ocr_carea' id='block_1_91' title="bbox 2086 2935 3794 3008">
    <p class='ocr_par' dir='ltr' id='par_1_91' title="bbox 2086 2935 3794 3008">
     <span class='ocr_line' id='line_1_91' title="bbox 2086 2935 3794 3008; baseline -0.004 -14"><span class='ocrx_word' id='word_1_731' title='bbox 2086 2955 2187 2994; x_wconf 87' lang='lat' dir='ltr'><strong>nes</strong></span> <span class='ocrx_word' id='word_1_732' title='bbox 2208 2955 2338 2994; x_wconf 90' lang='lat' dir='ltr'><strong>cum</strong></span> <span class='ocrx_word' id='word_1_733' title='bbox 2365 2938 2636 2992; x_wconf 89' lang='lat' dir='ltr'><strong>dominos</strong></span> <span class='ocrx_word' id='word_1_734' title='bbox 2660 2935 2848 2992; x_wconf 88' lang='lat' dir='ltr'><strong>malos</strong></span> <span class='ocrx_word' id='word_1_735' title='bbox 2872 2935 3448 3008; x_wconf 87' lang='lat' dir='ltr'><strong>patiuntur,venales</strong></span> <span class='ocrx_word' id='word_1_736' title='bbox 3471 2950 3533 2990; x_wconf 88' lang='lat' dir='ltr'><strong>se</strong></span> <span class='ocrx_word' id='word_1_737' title='bbox 3556 2939 3794 3004; x_wconf 89' lang='lat' dir='ltr'><strong>petunt;</strong></span> 
     </span>
    </p>
   </div>
   <div class='ocr_carea' id='block_1_92' title="bbox 2087 3024 3796 3099">
    <p class='ocr_par' dir='ltr' id='par_1_92' title="bbox 2087 3024 3796 3099">
     <span class='ocr_line' id='line_1_92' title="bbox 2087 3024 3796 3099; baseline -0.004 -15"><span class='ocrx_word' id='word_1_738' title='bbox 2087 3045 2201 3084; x_wconf 90' lang='lat' dir='ltr'><strong>non</strong></span> <span class='ocrx_word' id='word_1_739' title='bbox 2234 3031 2559 3099; x_wconf 59' lang='lat' dir='ltr'><strong>quaerentes</strong></span> <span class='ocrx_word' id='word_1_740' title='bbox 2577 3026 2882 3081; x_wconf 90' lang='lat' dir='ltr'><strong>dominum</strong></span> <span class='ocrx_word' id='word_1_741' title='bbox 2913 3024 3284 3094; x_wconf 89' lang='lat' dir='ltr'><strong>nonhabere,</strong></span> <span class='ocrx_word' id='word_1_742' title='bbox 3303 3026 3404 3079; x_wconf 90' lang='lat' dir='ltr'><strong>sed</strong></span> <span class='ocrx_word' id='word_1_743' title='bbox 3432 3025 3636 3079; x_wconf 89' lang='lat' dir='ltr'><strong>saltem</strong></span> <span class='ocrx_word' id='word_1_744' title='bbox 3663 3039 3796 3077; x_wconf 91' lang='lat' dir='ltr'><strong>mu—</strong></span> 
     </span>
    </p>
   </div>
   <div class='ocr_carea' id='block_1_93' title="bbox 2085 3113 3798 3188">
    <p class='ocr_par' dir='ltr' id='par_1_93' title="bbox 2085 3113 3798 3188">
     <span class='ocr_line' id='line_1_93' title="bbox 2085 3113 3798 3188; baseline -0.004 -15"><span class='ocrx_word' id='word_1_745' title='bbox 2085 3123 2245 3186; x_wconf 87' lang='lat' dir='ltr'><strong>tare;</strong></span> <span class='ocrx_word' id='word_1_746' title='bbox 2280 3133 2482 3173; x_wconf 89' lang='lat' dir='ltr'><strong>servus</strong></span> <span class='ocrx_word' id='word_1_747' title='bbox 2516 3117 2733 3188; x_wconf 87' lang='lat' dir='ltr'><strong>peccati</strong></span> <span class='ocrx_word' id='word_1_748' title='bbox 2778 3116 2917 3186; x_wconf 89' lang='lat' dir='ltr'><strong>quid</strong></span> <span class='ocrx_word' id='word_1_749' title='bbox 2953 3114 3172 3170; x_wconf 83' lang='lat' dir='ltr'><strong>faciat?</strong></span> <span class='ocrx_word' id='word_1_750' title='bbox 3207 3131 3379 3187; x_wconf 84' lang='lat' dir='ltr'><strong>quem</strong></span> <span class='ocrx_word' id='word_1_751' title='bbox 3423 3113 3798 3186; x_wconf 88' lang='lat' dir='ltr'><strong>interpellet?</strong></span> 
     </span>
    </p>
   </div>
   <div class='ocr_carea' id='block_1_94' title="bbox 2088 3201 3796 3281">
    <p class='ocr_par' dir='ltr' id='par_1_94' title="bbox 2088 3201 3796 3281">
     <span class='ocr_line' id='line_1_94' title="bbox 2088 3201 3796 3281; baseline -0.006 -15"><span class='ocrx_word' id='word_1_752' title='bbox 2088 3208 2240 3281; x_wconf 86' lang='lat' dir='ltr'><strong>apud</strong></span> <span class='ocrx_word' id='word_1_753' title='bbox 2266 3223 2436 3280; x_wconf 89' lang='lat' dir='ltr'><strong>quem</strong></span> <span class='ocrx_word' id='word_1_754' title='bbox 2459 3206 2788 3277; x_wconf 81' lang='lat' dir='ltr'><strong>interpellet</strong></span> <span class='ocrx_word' id='word_1_755' title='bbox 2808 3205 2834 3259; x_wconf 68' lang='lat' dir='ltr'><strong>‘i</strong></span> <span class='ocrx_word' id='word_1_756' title='bbox 2865 3207 3018 3275; x_wconf 89' lang='lat' dir='ltr'><strong>apud</strong></span> <span class='ocrx_word' id='word_1_757' title='bbox 3045 3221 3216 3276; x_wconf 87' lang='lat' dir='ltr'><strong>quem</strong></span> <span class='ocrx_word' id='word_1_758' title='bbox 3239 3219 3297 3259; x_wconf 85' lang='lat' dir='ltr'><strong>se</strong></span> <span class='ocrx_word' id='word_1_759' title='bbox 3321 3203 3577 3259; x_wconf 86' lang='lat' dir='ltr'><strong>venalem</strong></span> <span class='ocrx_word' id='word_1_760' title='bbox 3603 3201 3796 3273; x_wconf 70' lang='lat' dir='ltr'><strong>petat?</strong></span> 
     </span>
    </p>
   </div>
   <div class='ocr_carea' id='block_1_95' title="bbox 2091 3292 3795 3365">
    <p class='ocr_par' dir='ltr' id='par_1_95' title="bbox 2091 3292 3795 3365">
     <span class='ocr_line' id='line_1_95' title="bbox 2091 3292 3795 3365; baseline -0.004 -13"><span class='ocrx_word' id='word_1_761' title='bbox 2091 3299 2307 3354; x_wconf 84' lang='lat' dir='ltr'><strong>Deinde</strong></span> <span class='ocrx_word' id='word_1_762' title='bbox 2339 3313 2540 3353; x_wconf 88' lang='lat' dir='ltr'><strong>servus</strong></span> <span class='ocrx_word' id='word_1_763' title='bbox 2585 3295 2841 3352; x_wconf 88' lang='lat' dir='ltr'><strong>hominis</strong></span> <span class='ocrx_word' id='word_1_764' title='bbox 2892 3294 3210 3365; x_wconf 86' lang='lat' dir='ltr'><strong>aliquando</strong></span> <span class='ocrx_word' id='word_1_765' title='bbox 3262 3292 3353 3348; x_wconf 88' lang='lat' dir='ltr'><strong>sui</strong></span> <span class='ocrx_word' id='word_1_766' title='bbox 3385 3292 3600 3348; x_wconf 90' lang='lat' dir='ltr'><strong>domini</strong></span> <span class='ocrx_word' id='word_1_767' title='bbox 3635 3292 3795 3346; x_wconf 83' lang='lat' dir='ltr'><strong>duris</strong></span> 
     </span>
    </p>
   </div>
   <div class='ocr_carea' id='block_1_96' title="bbox 2089 3381 3796 3457">
    <p class='ocr_par' dir='ltr' id='par_1_96' title="bbox 2089 3381 3796 3457">
     <span class='ocr_line' id='line_1_96' title="bbox 2089 3381 3796 3457; baseline -0.006 -14"><span class='ocrx_word' id='word_1_768' title='bbox 2089 3387 2348 3457; x_wconf 85' lang='lat' dir='ltr'><strong>imperiis</strong></span> <span class='ocrx_word' id='word_1_769' title='bbox 2380 3386 2679 3457; x_wconf 87' lang='lat' dir='ltr'><strong>fatigatus,</strong></span> <span class='ocrx_word' id='word_1_770' title='bbox 2717 3383 2991 3456; x_wconf 89' lang='lat' dir='ltr'><strong>fugiendo</strong></span> <span class='ocrx_word' id='word_1_771' title='bbox 3043 3381 3394 3452; x_wconf 86' lang='lat' dir='ltr'><strong>requiescit:</strong></span> <span class='ocrx_word' id='word_1_772' title='bbox 3432 3397 3632 3436; x_wconf 84' lang='lat' dir='ltr'><strong>servus</strong></span> <span class='ocrx_word' id='word_1_773' title='bbox 3667 3396 3796 3450; x_wconf 87' lang='lat' dir='ltr'><strong>pec-</strong></span> 
     </span>
    </p>
   </div>
   <div class='ocr_carea' id='block_1_97' title="bbox 2088 3467 3792 3547">
    <p class='ocr_par' dir='ltr' id='par_1_97' title="bbox 2088 3467 3792 3547">
     <span class='ocr_line' id='line_1_97' title="bbox 2088 3467 3792 3547; baseline -0.005 -17"><span class='ocrx_word' id='word_1_774' title='bbox 2088 3477 2203 3531; x_wconf 87' lang='lat' dir='ltr'><strong>cati</strong></span> <span class='ocrx_word' id='word_1_775' title='bbox 2235 3492 2350 3547; x_wconf 89' lang='lat' dir='ltr'><strong>quo</strong></span> <span class='ocrx_word' id='word_1_776' title='bbox 2383 3475 2584 3546; x_wconf 80' lang='lat' dir='ltr'><strong>fugit?</strong></span> <span class='ocrx_word' id='word_1_777' title='bbox 2610 3479 2818 3529; x_wconf 88' lang='lat' dir='ltr'><strong>Secum</strong></span> <span class='ocrx_word' id='word_1_778' title='bbox 2851 3489 2910 3528; x_wconf 88' lang='lat' dir='ltr'><strong>se</strong></span> <span class='ocrx_word' id='word_1_779' title='bbox 2941 3469 3122 3526; x_wconf 89' lang='lat' dir='ltr'><strong>trahit</strong></span> <span class='ocrx_word' id='word_1_780' title='bbox 3157 3485 3525 3540; x_wconf 89' lang='lat' dir='ltr'><strong>quocumque</strong></span> <span class='ocrx_word' id='word_1_781' title='bbox 3557 3467 3792 3538; x_wconf 77' lang='lat' dir='ltr'><strong>fugerit.</strong></span> 
     </span>
    </p>
   </div>
   <div class='ocr_carea' id='block_1_98' title="bbox 2088 3560 3791 3638">
    <p class='ocr_par' dir='ltr' id='par_1_98' title="bbox 2088 3560 3791 3638">
     <span class='ocr_line' id='line_1_98' title="bbox 2088 3560 3791 3638; baseline -0.006 -16"><span class='ocrx_word' id='word_1_782' title='bbox 2088 3567 2212 3622; x_wconf 89' lang='lat' dir='ltr'><strong>Non</strong></span> <span class='ocrx_word' id='word_1_783' title='bbox 2246 3566 2395 3638; x_wconf 83' lang='lat' dir='ltr'><strong>fugit</strong></span> <span class='ocrx_word' id='word_1_784' title='bbox 2416 3565 2662 3635; x_wconf 87' lang='lat' dir='ltr'><strong>seipsam</strong></span> <span class='ocrx_word' id='word_1_785' title='bbox 2699 3562 2851 3618; x_wconf 88' lang='lat' dir='ltr'><strong>mala</strong></span> <span class='ocrx_word' id='word_1_786' title='bbox 2882 3560 3262 3631; x_wconf 88' lang='lat' dir='ltr'><strong>conscientia,</strong></span> <span class='ocrx_word' id='word_1_787' title='bbox 3286 3575 3398 3615; x_wconf 90' lang='lat' dir='ltr'><strong>non</strong></span> <span class='ocrx_word' id='word_1_788' title='bbox 3423 3563 3511 3613; x_wconf 89' lang='lat' dir='ltr'><strong>est</strong></span> <span class='ocrx_word' id='word_1_789' title='bbox 3541 3573 3656 3628; x_wconf 89' lang='lat' dir='ltr'><strong>quo</strong></span> <span class='ocrx_word' id='word_1_790' title='bbox 3678 3565 3791 3626; x_wconf 91' lang='lat' dir='ltr'><strong>eat,</strong></span> 
     </span>
    </p>
   </div>
   <div class='ocr_carea' id='block_1_99' title="bbox 2088 3646 3796 3727">
    <p class='ocr_par' dir='ltr' id='par_1_99' title="bbox 2088 3646 3796 3727">
     <span class='ocr_line' id='line_1_99' title="bbox 2088 3646 3796 3727; baseline -0.007 -15"><span class='ocrx_word' id='word_1_791' title='bbox 2088 3655 2348 3727; x_wconf 82' lang='lat' dir='ltr'><strong>sequitur</strong></span> <span class='ocrx_word' id='word_1_792' title='bbox 2379 3671 2437 3710; x_wconf 88' lang='lat' dir='ltr'><strong>se</strong></span> <span class='ocrx_word' id='word_1_793' title='bbox 2467 3672 2480 3722; x_wconf 88' lang='lat'>;</span> <span class='ocrx_word' id='word_1_794' title='bbox 2533 3653 2649 3709; x_wconf 90' lang='lat' dir='ltr'><strong>imo</strong></span> <span class='ocrx_word' id='word_1_795' title='bbox 2698 3669 2812 3707; x_wconf 93' lang='lat' dir='ltr'><strong>non</strong></span> <span class='ocrx_word' id='word_1_796' title='bbox 2851 3650 3066 3706; x_wconf 85' lang='lat' dir='ltr'><strong>recedit</strong></span> <span class='ocrx_word' id='word_1_797' title='bbox 3096 3667 3129 3705; x_wconf 89' lang='lat' dir='ltr'><strong>a</strong></span> <span class='ocrx_word' id='word_1_798' title='bbox 3159 3666 3222 3705; x_wconf 88' lang='lat' dir='ltr'><strong>se</strong></span> <span class='ocrx_word' id='word_1_799' title='bbox 3255 3666 3270 3705; x_wconf 90' lang='lat'><strong>:</strong></span> <span class='ocrx_word' id='word_1_800' title='bbox 3303 3651 3603 3720; x_wconf 89' lang='lat' dir='ltr'><strong>peccatum</strong></span> <span class='ocrx_word' id='word_1_801' title='bbox 3639 3646 3796 3702; x_wconf 90' lang='lat' dir='ltr'><strong>enim</strong></span> 
     </span>
    </p>
   </div>
   <div class='ocr_carea' id='block_1_100' title="bbox 2090 3734 3796 3818">
    <p class='ocr_par' dir='ltr' id='par_1_100' title="bbox 2090 3734 3796 3818">
     <span class='ocr_line' id='line_1_100' title="bbox 2090 3734 3796 3818; baseline -0.008 -16"><span class='ocrx_word' id='word_1_802' title='bbox 2090 3746 2243 3818; x_wconf 89' lang='lat' dir='ltr'><strong>quod</strong></span> <span class='ocrx_word' id='word_1_803' title='bbox 2279 3744 2436 3812; x_wconf 85' lang='lat' dir='ltr'><strong>facit,</strong></span> <span class='ocrx_word' id='word_1_804' title='bbox 2487 3741 2647 3798; x_wconf 89' lang='lat' dir='ltr'><strong>intus</strong></span> <span class='ocrx_word' id='word_1_805' title='bbox 2689 3749 2794 3797; x_wconf 87' lang='lat' dir='ltr'><strong>est.</strong></span> <span class='ocrx_word' id='word_1_806' title='bbox 2837 3740 2990 3796; x_wconf 84' lang='lat' dir='ltr'><strong>Fecit</strong></span> <span class='ocrx_word' id='word_1_807' title='bbox 3037 3745 3360 3811; x_wconf 87' lang='lat' dir='ltr'><strong>peccatum,</strong></span> <span class='ocrx_word' id='word_1_808' title='bbox 3422 3741 3484 3792; x_wconf 91' lang='lat' dir='ltr'><strong>ut</strong></span> <span class='ocrx_word' id='word_1_809' title='bbox 3538 3734 3796 3808; x_wconf 88' lang='lat' dir='ltr'><strong>aliquam</strong></span> 
     </span>
    </p>
   </div>
   <div class='ocr_carea' id='block_1_101' title="bbox 2089 3827 3795 3908">
    <p class='ocr_par' dir='ltr' id='par_1_101' title="bbox 2089 3827 3795 3908">
     <span class='ocr_line' id='line_1_101' title="bbox 2089 3827 3795 3908; baseline -0.005 -14"><span class='ocrx_word' id='word_1_810' title='bbox 2089 3835 2449 3908; x_wconf 87' lang='lat' dir='ltr'><strong>corporalem</strong></span> <span class='ocrx_word' id='word_1_811' title='bbox 2494 3837 2724 3906; x_wconf 88' lang='lat' dir='ltr'><strong>caperet</strong></span> <span class='ocrx_word' id='word_1_812' title='bbox 2782 3830 3187 3904; x_wconf 86' lang='lat' dir='ltr'><strong>voluptatem:</strong></span> <span class='ocrx_word' id='word_1_813' title='bbox 3237 3829 3506 3902; x_wconf 85' lang='lat' dir='ltr'><strong>voluptas</strong></span> <span class='ocrx_word' id='word_1_814' title='bbox 3563 3827 3795 3886; x_wconf 80' lang='lat' dir='ltr'><strong>transit.</strong></span> 
     </span>
    </p>
   </div>
   <div class='ocr_carea' id='block_1_102' title="bbox 2090 3919 3797 3999">
    <p class='ocr_par' dir='ltr' id='par_1_102' title="bbox 2090 3919 3797 3999">
     <span class='ocr_line' id='line_1_102' title="bbox 2090 3919 3797 3999; baseline -0.008 -16"><span class='ocrx_word' id='word_1_815' title='bbox 2090 3929 2388 3999; x_wconf 90' lang='lat' dir='ltr'><strong>peccatum</strong></span> <span class='ocrx_word' id='word_1_816' title='bbox 2424 3929 2655 3993; x_wconf 88' lang='lat' dir='ltr'><strong>manet;</strong></span> <span class='ocrx_word' id='word_1_817' title='bbox 2692 3922 2966 3995; x_wconf 87' lang='lat' dir='ltr'><strong>praeteriit</strong></span> <span class='ocrx_word' id='word_1_818' title='bbox 2996 3920 3150 3993; x_wconf 90' lang='lat' dir='ltr'><strong>quod</strong></span> <span class='ocrx_word' id='word_1_819' title='bbox 3182 3919 3523 3988; x_wconf 88' lang='lat' dir='ltr'><strong>delectabat,</strong></span> <span class='ocrx_word' id='word_1_820' title='bbox 3569 3933 3797 3974; x_wconf 87' lang='lat' dir='ltr'><strong>reman-</strong></span> 
     </span>
    </p>
   </div>
   <div class='ocr_carea' id='block_1_103' title="bbox 2089 4006 3799 4088">
    <p class='ocr_par' dir='ltr' id='par_1_103' title="bbox 2089 4006 3799 4088">
     <span class='ocr_line' id='line_1_103' title="bbox 2089 4006 3799 4088; baseline -0.008 -15"><span class='ocrx_word' id='word_1_821' title='bbox 2089 4017 2351 4088; x_wconf 88' lang='lat' dir='ltr'><strong>sitquod</strong></span> <span class='ocrx_word' id='word_1_822' title='bbox 2386 4018 2625 4088; x_wconf 86' lang='lat' dir='ltr'><strong>pungat.</strong></span> <span class='ocrx_word' id='word_1_823' title='bbox 2661 4013 2811 4069; x_wconf 84' lang='lat' dir='ltr'><strong>Mala</strong></span> <span class='ocrx_word' id='word_1_824' title='bbox 2855 4010 3137 4068; x_wconf 80' lang='lat' dir='ltr'><strong>servitus!</strong></span> <span class='ocrx_word' id='word_1_825' title='bbox 3188 4009 3519 4082; x_wconf 81' lang='lat' dir='ltr'><strong>Aliquando</strong></span> <span class='ocrx_word' id='word_1_826' title='bbox 3565 4006 3799 4078; x_wconf 85' lang='lat' dir='ltr'><strong>fugiunt</strong></span> 
     </span>
    </p>
   </div>
   <div class='ocr_carea' id='block_1_104' title="bbox 2090 4100 3801 4175">
    <p class='ocr_par' dir='ltr' id='par_1_104' title="bbox 2090 4100 3801 4175">
     <span class='ocr_line' id='line_1_104' title="bbox 2090 4100 3801 4175; baseline -0.007 -13"><span class='ocrx_word' id='word_1_827' title='bbox 2090 4106 2356 4164; x_wconf 89' lang='lat' dir='ltr'><strong>homines</strong></span> <span class='ocrx_word' id='word_1_828' title='bbox 2410 4105 2480 4160; x_wconf 89' lang='lat' dir='ltr'><strong>ad</strong></span> <span class='ocrx_word' id='word_1_829' title='bbox 2539 4104 2879 4171; x_wconf 88' lang='lat' dir='ltr'><strong>Ecclesiam,</strong></span> <span class='ocrx_word' id='word_1_830' title='bbox 2942 4108 2998 4158; x_wconf 87' lang='lat' dir='ltr'><strong>et</strong></span> <span class='ocrx_word' id='word_1_831' title='bbox 3027 4101 3369 4175; x_wconf 89' lang='lat' dir='ltr'><strong>plerumque</strong></span> <span class='ocrx_word' id='word_1_832' title='bbox 3417 4117 3514 4157; x_wconf 86' lang='lat' dir='ltr'><strong>eos</strong></span> <span class='ocrx_word' id='word_1_833' title='bbox 3547 4100 3801 4171; x_wconf 87' lang='lat' dir='ltr'><strong>patimur</strong></span> 
     </span>
    </p>
   </div>
   <div class='ocr_carea' id='block_1_105' title="bbox 2084 4185 3796 4268">
    <p class='ocr_par' dir='ltr' id='par_1_105' title="bbox 2084 4185 3796 4268">
     <span class='ocr_line' id='line_1_105' title="bbox 2084 4185 3796 4268; baseline -0.008 -15"><span class='ocrx_word' id='word_1_834' title='bbox 2084 4206 2363 4268; x_wconf 89' lang='lat' dir='ltr'><strong>tanquam</strong></span> <span class='ocrx_word' id='word_1_835' title='bbox 2397 4193 2869 4266; x_wconf 86' lang='lat' dir='ltr'><strong>indisciplinatos</strong></span> <span class='ocrx_word' id='word_1_836' title='bbox 2903 4210 2916 4247; x_wconf 86' lang='lat'><strong>:</strong></span> <span class='ocrx_word' id='word_1_837' title='bbox 2951 4194 3211 4249; x_wconf 90' lang='lat' dir='ltr'><strong>volentes</strong></span> <span class='ocrx_word' id='word_1_838' title='bbox 3243 4206 3437 4246; x_wconf 90' lang='lat' dir='ltr'><strong>carere</strong></span> <span class='ocrx_word' id='word_1_839' title='bbox 3467 4185 3722 4243; x_wconf 91' lang='lat' dir='ltr'><strong>dominis</strong></span> <span class='ocrx_word' id='word_1_840' title='bbox 3757 4188 3796 4249; x_wconf 87' lang='grc'><strong>¹,</strong></span> 
     </span>
    </p>
   </div>
   <div class='ocr_carea' id='block_1_106' title="bbox 2085 4276 3799 4359">
    <p class='ocr_par' dir='ltr' id='par_1_106' title="bbox 2085 4276 3799 4359">
     <span class='ocr_line' id='line_1_106' title="bbox 2085 4276 3799 4359; baseline -0.009 -17"><span class='ocrx_word' id='word_1_841' title='bbox 2085 4286 2185 4359; x_wconf 89' lang='lat' dir='ltr'><strong>qui</strong></span> <span class='ocrx_word' id='word_1_842' title='bbox 2237 4284 2443 4341; x_wconf 90' lang='lat' dir='ltr'><strong>nolunt</strong></span> <span class='ocrx_word' id='word_1_843' title='bbox 2493 4301 2690 4342; x_wconf 86' lang='lat' dir='ltr'><strong>carere</strong></span> <span class='ocrx_word' id='word_1_844' title='bbox 2731 4283 3010 4356; x_wconf 88' lang='lat' dir='ltr'><strong>peccatis.</strong></span> <span class='ocrx_word' id='word_1_845' title='bbox 3044 4278 3368 4351; x_wconf 86' lang='lat' dir='ltr'><strong>Aliquando</strong></span> <span class='ocrx_word' id='word_1_846' title='bbox 3402 4281 3596 4333; x_wconf 90' lang='lat' dir='ltr'><strong>autem</strong></span> <span class='ocrx_word' id='word_1_847' title='bbox 3625 4276 3799 4329; x_wconf 87' lang='lat' dir='ltr'><strong>etiam</strong></span> 
     </span>
    </p>
   </div>
   <div class='ocr_carea' id='block_1_107' title="bbox 2083 4363 3798 4447">
    <p class='ocr_par' dir='ltr' id='par_1_107' title="bbox 2083 4363 3798 4447">
     <span class='ocr_line' id='line_1_107' title="bbox 2083 4363 3798 4447; baseline -0.008 -17"><span class='ocrx_word' id='word_1_848' title='bbox 2083 4369 2449 4447; x_wconf 86' lang='lat' dir='ltr'><strong>illicitojugo</strong></span> <span class='ocrx_word' id='word_1_849' title='bbox 2482 4380 2536 4430; x_wconf 89' lang='lat' dir='ltr'><strong>et</strong></span> <span class='ocrx_word' id='word_1_850' title='bbox 2556 4373 2820 4445; x_wconf 89' lang='lat' dir='ltr'><strong>improbo</strong></span> <span class='ocrx_word' id='word_1_851' title='bbox 2841 4371 3086 4442; x_wconf 87' lang='lat' dir='ltr'><strong>subjecti</strong></span> <span class='ocrx_word' id='word_1_852' title='bbox 3114 4369 3346 4440; x_wconf 88' lang='lat' dir='ltr'><strong>fugiunt</strong></span> <span class='ocrx_word' id='word_1_853' title='bbox 3369 4368 3436 4422; x_wconf 85' lang='lat' dir='ltr'><strong>ad</strong></span> <span class='ocrx_word' id='word_1_854' title='bbox 3467 4363 3798 4433; x_wconf 86' lang='lat' dir='ltr'><strong>Ecclesiam,</strong></span> 
     </span>
    </p>
   </div>
   <div class='ocr_carea' id='block_1_108' title="bbox 2093 4453 3799 4538">
    <p class='ocr_par' dir='ltr' id='par_1_108' title="bbox 2093 4453 3799 4538">
     <span class='ocr_line' id='line_1_108' title="bbox 2093 4453 3799 4538; baseline -0.008 -16"><span class='ocrx_word' id='word_1_855' title='bbox 2093 4467 2231 4538; x_wconf 87' lang='lat' dir='ltr'><strong>quia</strong></span> <span class='ocrx_word' id='word_1_856' title='bbox 2264 4466 2588 4520; x_wconf 84' lang='lat' dir='ltr'><strong>retinentur</strong></span> <span class='ocrx_word' id='word_1_857' title='bbox 2619 4463 2860 4533; x_wconf 87' lang='lat' dir='ltr'><strong>ingenui</strong></span> <span class='ocrx_word' id='word_1_858' title='bbox 2895 4462 2965 4515; x_wconf 88' lang='lat' dir='ltr'><strong>ad</strong></span> <span class='ocrx_word' id='word_1_859' title='bbox 2996 4460 3360 4524; x_wconf 87' lang='lat' dir='ltr'><strong>servitutem,</strong></span> <span class='ocrx_word' id='word_1_860' title='bbox 3383 4461 3439 4512; x_wconf 88' lang='lat' dir='ltr'><strong>et</strong></span> <span class='ocrx_word' id='word_1_861' title='bbox 3469 4453 3799 4526; x_wconf 86' lang='lat' dir='ltr'><strong>interpella-</strong></span> 
     </span>
    </p>
   </div>
   <div class='ocr_carea' id='block_1_109' title="bbox 2087 4545 3798 4626">
    <p class='ocr_par' dir='ltr' id='par_1_109' title="bbox 2087 4545 3798 4626">
     <span class='ocr_line' id='line_1_109' title="bbox 2087 4545 3798 4626; baseline -0.006 -16"><span class='ocrx_word' id='word_1_862' title='bbox 2087 4560 2181 4611; x_wconf 89' lang='lat' dir='ltr'><strong>tur</strong></span> <span class='ocrx_word' id='word_1_863' title='bbox 2210 4556 2556 4626; x_wconf 90' lang='lat' dir='ltr'><strong>episcopus:</strong></span> <span class='ocrx_word' id='word_1_864' title='bbox 2591 4557 2648 4610; x_wconf 91' lang='lat' dir='ltr'><strong>et</strong></span> <span class='ocrx_word' id='word_1_865' title='bbox 2679 4550 2791 4606; x_wconf 90' lang='lat' dir='ltr'><strong>nisi</strong></span> <span class='ocrx_word' id='word_1_866' title='bbox 2832 4554 2994 4606; x_wconf 89' lang='lat' dir='ltr'><strong>curet</strong></span> <span class='ocrx_word' id='word_1_867' title='bbox 3037 4564 3272 4620; x_wconf 89' lang='lat' dir='ltr'><strong>operam</strong></span> <span class='ocrx_word' id='word_1_868' title='bbox 3323 4545 3680 4617; x_wconf 89' lang='lat' dir='ltr'><strong>impendere,</strong></span> <span class='ocrx_word' id='word_1_869' title='bbox 3726 4560 3798 4599; x_wconf 90' lang='lat' dir='ltr'><strong>ne</strong></span> 
     </span>
    </p>
   </div>
   <div class='ocr_carea' id='block_1_110' title="bbox 2085 4634 3787 4718">
    <p class='ocr_par' dir='ltr' id='par_1_110' title="bbox 2085 4634 3787 4718">
     <span class='ocr_line' id='line_1_110' title="bbox 2085 4634 3787 4718; baseline -0.008 -16"><span class='ocrx_word' id='word_1_870' title='bbox 2085 4645 2422 4718; x_wconf 82' lang='lat' dir='ltr'><strong>ingenuitas</strong></span> <span class='ocrx_word' id='word_1_871' title='bbox 2453 4643 2838 4715; x_wconf 89' lang='lat' dir='ltr'><strong>opprimatur,</strong></span> <span class='ocrx_word' id='word_1_872' title='bbox 2891 4639 3310 4695; x_wconf 88' lang='lat' dir='ltr'><strong>immisericors</strong></span> <span class='ocrx_word' id='word_1_873' title='bbox 3340 4637 3670 4708; x_wconf 88' lang='lat' dir='ltr'><strong>deputatur.</strong></span> <span class='ocrx_word' id='word_1_874' title='bbox 3704 4634 3787 4689; x_wconf 87' lang='lat' dir='ltr'><strong>Ad</strong></span> 
     </span>
    </p>
   </div>
   <div class='ocr_carea' id='block_1_111' title="bbox 2089 4729 3795 4804">
    <p class='ocr_par' dir='ltr' id='par_1_111' title="bbox 2089 4729 3795 4804">
     <span class='ocr_line' id='line_1_111' title="bbox 2089 4729 3795 4804; baseline -0.008 -11"><span class='ocrx_word' id='word_1_875' title='bbox 2089 4737 2617 4793; x_wconf 45' lang='lat' dir='ltr'><strong>Christum&#39;omnes</strong></span> <span class='ocrx_word' id='word_1_876' title='bbox 2669 4731 2987 4804; x_wconf 86' lang='lat' dir='ltr'><strong>fugiamus,</strong></span> <span class='ocrx_word' id='word_1_877' title='bbox 3035 4733 3232 4786; x_wconf 90' lang='lat' dir='ltr'><strong>contra</strong></span> <span class='ocrx_word' id='word_1_878' title='bbox 3265 4734 3565 4798; x_wconf 87' lang='lat' dir='ltr'><strong>peccatum</strong></span> <span class='ocrx_word' id='word_1_879' title='bbox 3615 4729 3795 4781; x_wconf 86' lang='lat' dir='ltr'><strong>Deum</strong></span> 
     </span>
    </p>
   </div>
   <div class='ocr_carea' id='block_1_112' title="bbox 2093 4818 3797 4893">
    <p class='ocr_par' dir='ltr' id='par_1_112' title="bbox 2093 4818 3797 4893">
     <span class='ocr_line' id='line_1_112' title="bbox 2093 4818 3797 4893; baseline -0.008 -11"><span class='ocrx_word' id='word_1_880' title='bbox 2093 4827 2461 4882; x_wconf 87' lang='lat' dir='ltr'><strong>liberatorem</strong></span> <span class='ocrx_word' id='word_1_881' title='bbox 2492 4821 2930 4893; x_wconf 87' lang='lat' dir='ltr'><strong>interpellemus</strong></span> <span class='ocrx_word' id='word_1_882' title='bbox 2964 4837 2976 4874; x_wconf 90' lang='lat'><strong>:</strong></span> <span class='ocrx_word' id='word_1_883' title='bbox 3012 4818 3246 4876; x_wconf 87' lang='lat' dir='ltr'><strong>venales</strong></span> <span class='ocrx_word' id='word_1_884' title='bbox 3280 4834 3384 4873; x_wconf 91' lang='lat' dir='ltr'><strong>nos</strong></span> <span class='ocrx_word' id='word_1_885' title='bbox 3408 4819 3698 4888; x_wconf 89' lang='lat' dir='ltr'><strong>petamus,</strong></span> <span class='ocrx_word' id='word_1_886' title='bbox 3733 4820 3797 4870; x_wconf 91' lang='lat' dir='ltr'><strong>ut</strong></span> 
     </span>
    </p>
   </div>
   <div class='ocr_carea' id='block_1_113' title="bbox 2090 4903 3801 4988">
    <p class='ocr_par' dir='ltr' id='par_1_113' title="bbox 2090 4903 3801 4988">
     <span class='ocr_line' id='line_1_113' title="bbox 2090 4903 3801 4988; baseline -0.009 -15"><span class='ocrx_word' id='word_1_887' title='bbox 2090 4919 2218 4988; x_wconf 84' lang='lat' dir='ltr'><strong>ejus</strong></span> <span class='ocrx_word' id='word_1_888' title='bbox 2252 4915 2493 4987; x_wconf 88' lang='lat' dir='ltr'><strong>sangine</strong></span> <span class='ocrx_word' id='word_1_889' title='bbox 2525 4915 2902 4970; x_wconf 87' lang='lat' dir='ltr'><strong>redimamur.</strong></span> <span class='ocrx_word' id='word_1_890' title='bbox 2936 4909 3087 4965; x_wconf 91' lang='lat' dir='ltr'><strong>Dicit</strong></span> <span class='ocrx_word' id='word_1_891' title='bbox 3126 4909 3276 4964; x_wconf 88' lang='lat' dir='ltr'><strong>enim</strong></span> <span class='ocrx_word' id='word_1_892' title='bbox 3315 4906 3623 4972; x_wconf 90' lang='lat' dir='ltr'><strong>Dominus,</strong></span> <span class='ocrx_word' id='word_1_893' title='bbox 3657 4903 3801 4958; x_wconf 84' lang='lat' dir='ltr'><strong>Gra-</strong></span> 
     </span>
    </p>
   </div>
   <div class='ocr_carea' id='block_1_114' title="bbox 2093 4993 3802 5070">
    <p class='ocr_par' dir='ltr' id='par_1_114' title="bbox 2093 4993 3802 5070">
     <span class='ocr_line' id='line_1_114' title="bbox 2093 4993 3802 5070; baseline -0.011 -8"><span class='ocrx_word' id='word_1_894' title='bbox 2093 5010 2159 5062; x_wconf 87' lang='lat' dir='ltr'><strong>tis</strong></span> <span class='ocrx_word' id='word_1_895' title='bbox 2208 5005 2528 5062; x_wconf 82' lang='lat' dir='ltr'><strong>venumdati</strong></span> <span class='ocrx_word' id='word_1_896' title='bbox 2573 5004 2722 5070; x_wconf 82' lang='lat' dir='ltr'><strong>estis,</strong></span> <span class='ocrx_word' id='word_1_897' title='bbox 2762 5008 2814 5057; x_wconf 84' lang='lat' dir='ltr'><strong>et</strong></span> <span class='ocrx_word' id='word_1_898' title='bbox 2871 5003 2989 5056; x_wconf 87' lang='lat' dir='ltr'><strong>sine</strong></span> <span class='ocrx_word' id='word_1_899' title='bbox 3017 5003 3244 5068; x_wconf 85' lang='lat' dir='ltr'><strong>argento</strong></span> <span class='ocrx_word' id='word_1_900' title='bbox 3291 4994 3644 5050; x_wconf 86' lang='lat' dir='ltr'><strong>redimemini</strong></span> <span class='ocrx_word' id='word_1_901' title='bbox 3671 4993 3802 5060; x_wconf 88' lang='lat' dir='ltr'><strong>(Isai</strong></span> 
     </span>
    </p>
   </div>
   <div class='ocr_carea' id='block_1_115' title="bbox 2093 5082 3803 5168">
    <p class='ocr_par' dir='ltr' id='par_1_115' title="bbox 2093 5082 3803 5168">
     <span class='ocr_line' id='line_1_115' title="bbox 2093 5082 3803 5168; baseline -0.01 -15"><span class='ocrx_word' id='word_1_902' title='bbox 2093 5115 2179 5167; x_wconf 77' lang='lat' dir='ltr'><strong>in,</strong></span> <span class='ocrx_word' id='word_1_903' title='bbox 2205 5098 2283 5168; x_wconf 90' lang='lat'><strong>3).</strong></span> <span class='ocrx_word' id='word_1_904' title='bbox 2324 5095 2458 5150; x_wconf 90' lang='lat' dir='ltr'><strong>Sine</strong></span> <span class='ocrx_word' id='word_1_905' title='bbox 2490 5094 2697 5166; x_wconf 90' lang='lat' dir='ltr'><strong>pretio,</strong></span> <span class='ocrx_word' id='word_1_906' title='bbox 2749 5091 2847 5147; x_wconf 89' lang='lat' dir='ltr'><strong>sed</strong></span> <span class='ocrx_word' id='word_1_907' title='bbox 2881 5094 3073 5146; x_wconf 89' lang='lat' dir='ltr'><strong>vestro</strong></span> <span class='ocrx_word' id='word_1_908' title='bbox 3115 5108 3129 5157; x_wconf 86' lang='lat'><strong>;</strong></span> <span class='ocrx_word' id='word_1_909' title='bbox 3181 5086 3323 5157; x_wconf 88' lang='lat' dir='ltr'><strong>quia</strong></span> <span class='ocrx_word' id='word_1_910' title='bbox 3355 5099 3507 5140; x_wconf 87' lang='lat' dir='ltr'><strong>meo.</strong></span> <span class='ocrx_word' id='word_1_911' title='bbox 3542 5082 3659 5137; x_wconf 87' lang='lat' dir='ltr'><strong>Hoc</strong></span> <span class='ocrx_word' id='word_1_912' title='bbox 3687 5087 3803 5137; x_wconf 88' lang='lat' dir='ltr'><strong>Do-</strong></span> 
     </span>
    </p>
   </div>
   <div class='ocr_carea' id='block_1_116' title="bbox 2094 5173 3800 5254">
    <p class='ocr_par' dir='ltr' id='par_1_116' title="bbox 2094 5173 3800 5254">
     <span class='ocr_line' id='line_1_116' title="bbox 2094 5173 3800 5254; baseline -0.01 -14"><span class='ocrx_word' id='word_1_913' title='bbox 2094 5185 2288 5241; x_wconf 89' lang='lat' dir='ltr'><strong>minus</strong></span> <span class='ocrx_word' id='word_1_914' title='bbox 2313 5183 2487 5239; x_wconf 87' lang='lat' dir='ltr'><strong>dicit:</strong></span> <span class='ocrx_word' id='word_1_915' title='bbox 2523 5183 2646 5254; x_wconf 88' lang='lat' dir='ltr'><strong>ipse</strong></span> <span class='ocrx_word' id='word_1_916' title='bbox 2669 5181 2823 5235; x_wconf 90' lang='lat' dir='ltr'><strong>enim</strong></span> <span class='ocrx_word' id='word_1_917' title='bbox 2852 5179 3100 5250; x_wconf 90' lang='lat' dir='ltr'><strong>pretium</strong></span> <span class='ocrx_word' id='word_1_918' title='bbox 3127 5174 3304 5232; x_wconf 88' lang='lat' dir='ltr'><strong>dedit.</strong></span> <span class='ocrx_word' id='word_1_919' title='bbox 3333 5189 3444 5227; x_wconf 93' lang='lat' dir='ltr'><strong>non</strong></span> <span class='ocrx_word' id='word_1_920' title='bbox 3472 5173 3800 5242; x_wconf 87' lang='lat' dir='ltr'><strong>argentum,</strong></span> 
     </span>
    </p>
   </div>
   <div class='ocr_carea' id='block_1_117' title="bbox 2094 5259 3795 5344">
    <p class='ocr_par' dir='ltr' id='par_1_117' title="bbox 2094 5259 3795 5344">
     <span class='ocr_line' id='line_1_117' title="bbox 2094 5259 3795 5344; baseline -0.009 -14"><span class='ocrx_word' id='word_1_921' title='bbox 2094 5276 2190 5330; x_wconf 88' lang='lat' dir='ltr'><strong>sed</strong></span> <span class='ocrx_word' id='word_1_922' title='bbox 2224 5273 2560 5344; x_wconf 79' lang='lat' dir='ltr'><strong>sanguinem</strong></span> <span class='ocrx_word' id='word_1_923' title='bbox 2595 5285 2790 5326; x_wconf 88' lang='lat' dir='ltr'><strong>suum.</strong></span> <span class='ocrx_word' id='word_1_924' title='bbox 2823 5269 2966 5321; x_wconf 77' lang='lat' dir='ltr'><strong>Nam</strong></span> <span class='ocrx_word' id='word_1_925' title='bbox 3005 5283 3109 5320; x_wconf 83' lang='lat' dir='ltr'><strong>nos</strong></span> <span class='ocrx_word' id='word_1_926' title='bbox 3142 5267 3198 5318; x_wconf 91' lang='lat' dir='ltr'><strong>et</strong></span> <span class='ocrx_word' id='word_1_927' title='bbox 3227 5263 3372 5317; x_wconf 82' lang='lat' dir='ltr'><strong>servi</strong></span> <span class='ocrx_word' id='word_1_928' title='bbox 3414 5264 3470 5316; x_wconf 91' lang='lat' dir='ltr'><strong>et</strong></span> <span class='ocrx_word' id='word_1_929' title='bbox 3499 5259 3665 5331; x_wconf 88' lang='lat' dir='ltr'><strong>egeni</strong></span> <span class='ocrx_word' id='word_1_930' title='bbox 3697 5275 3795 5315; x_wconf 89' lang='lat' dir='ltr'><strong>re—</strong></span> 
     </span>
    </p>
   </div>
   <div class='ocr_carea' id='block_1_118' title="bbox 2097 5380 2526 5421">
    <p class='ocr_par' dir='ltr' id='par_1_118' title="bbox 2097 5380 2526 5421">
     <span class='ocr_line' id='line_1_118' title="bbox 2097 5380 2526 5421; baseline -0.007 -1"><span class='ocrx_word' id='word_1_931' title='bbox 2097 5380 2526 5421; x_wconf 86' lang='lat' dir='ltr'><strong>manseramus.</strong></span> 
     </span>
    </p>
   </div>
   <div class='ocr_carea' id='block_1_119' title="bbox 2165 5440 3799 5520">
    <p class='ocr_par' dir='ltr' id='par_1_119' title="bbox 2165 5440 3799 5520">
     <span class='ocr_line' id='line_1_119' title="bbox 2165 5440 3799 5520; baseline -0.004 -13"><span class='ocrx_word' id='word_1_932' title='bbox 2165 5454 2219 5507; x_wconf 67' lang='lat' dir='ltr'><strong>t5.</strong></span> <span class='ocrx_word' id='word_1_933' title='bbox 2243 5453 2468 5507; x_wconf 79' lang='lat' dir='ltr'><strong>Liberet</strong></span> <span class='ocrx_word' id='word_1_934' title='bbox 2498 5466 2634 5520; x_wconf 86' lang='lat' dir='ltr'><strong>ergo</strong></span> <span class='ocrx_word' id='word_1_935' title='bbox 2665 5448 2738 5502; x_wconf 89' lang='lat' dir='ltr'><strong>ab</strong></span> <span class='ocrx_word' id='word_1_936' title='bbox 2771 5447 2880 5502; x_wconf 91' lang='lat' dir='ltr'><strong>bac</strong></span> <span class='ocrx_word' id='word_1_937' title='bbox 2929 5444 3204 5500; x_wconf 86' lang='lat' dir='ltr'><strong>servitute</strong></span> <span class='ocrx_word' id='word_1_938' title='bbox 3256 5441 3416 5498; x_wconf 86' lang='lat' dir='ltr'><strong>solus</strong></span> <span class='ocrx_word' id='word_1_939' title='bbox 3466 5440 3746 5498; x_wconf 87' lang='lat' dir='ltr'><strong>Dominus</strong></span> <span class='ocrx_word' id='word_1_940' title='bbox 3783 5458 3799 5500; x_wconf 87' lang='lat'><strong>:</strong></span> 
     </span>
    </p>
   </div>
   <div class='ocr_carea' id='block_1_120' title="bbox 2157 5585 3799 5655">
    <p class='ocr_par' dir='ltr' id='par_1_120' title="bbox 2157 5585 3799 5655">
     <span class='ocr_line' id='line_1_120' title="bbox 2157 5585 3799 5655; baseline -0.007 -12"><span class='ocrx_word' id='word_1_941' title='bbox 2157 5599 2173 5631; x_wconf 82' lang='grc' dir='ltr'>ί</span> <span class='ocrx_word' id='word_1_942' title='bbox 2197 5595 2278 5643; x_wconf 84' lang='lat' dir='ltr'><strong>Er.</strong></span> <span class='ocrx_word' id='word_1_943' title='bbox 2305 5591 2469 5655; x_wconf 84' lang='lat' dir='ltr'><strong>Lugd.</strong></span> <span class='ocrx_word' id='word_1_944' title='bbox 2494 5595 2547 5641; x_wconf 89' lang='lat' dir='ltr'><strong>et</strong></span> <span class='ocrx_word' id='word_1_945' title='bbox 2569 5591 2696 5655; x_wconf 81' lang='lat' dir='ltr'><strong>Ven.</strong></span> <span class='ocrx_word' id='word_1_946' title='bbox 2721 5590 2796 5638; x_wconf 88' lang='lat' dir='ltr'><strong>sic</strong></span> <span class='ocrx_word' id='word_1_947' title='bbox 2838 5588 3214 5655; x_wconf 80' lang='lat' dir='ltr'><strong>babent__hun_c</strong></span> <span class='ocrx_word' id='word_1_948' title='bbox 3243 5585 3415 5655; x_wconf 73' lang='lat' dir='ltr'><strong>locum</strong></span> <span class='ocrx_word' id='word_1_949' title='bbox 3450 5599 3463 5635; x_wconf 88' lang='lat'><strong>:</strong></span> <span class='ocrx_word' id='word_1_950' title='bbox 3497 5585 3799 5647; x_wconf 80' lang='lat' dir='ltr'><strong>Quanquam</strong></span> 
     </span>
    </p>
   </div>
   <div class='ocr_carea' id='block_1_121' title="bbox 2098 5648 3366 5720">
    <p class='ocr_par' dir='ltr' id='par_1_121' title="bbox 2098 5648 3366 5720">
     <span class='ocr_line' id='line_1_121' title="bbox 2098 5648 3366 5720; baseline -0.008 -14"><span class='ocrx_word' id='word_1_951' title='bbox 2098 5648 2538 5720; x_wconf 63' lang='lat' dir='ltr'><strong>indisciplinatos,</strong></span> <span class='ocrx_word' id='word_1_952' title='bbox 2569 5653 2796 5703; x_wconf 81' lang='lat' dir='ltr'><strong>nolentes</strong></span> <span class='ocrx_word' id='word_1_953' title='bbox 2825 5664 2998 5702; x_wconf 89' lang='lat' dir='ltr'><strong>carere</strong></span> <span class='ocrx_word' id='word_1_954' title='bbox 3022 5649 3240 5700; x_wconf 76' lang='lat' dir='ltr'><strong>divinis.</strong></span> <span class='ocrx_word' id='word_1_955' title='bbox 3295 5648 3366 5697; x_wconf 82' lang='grc' dir='ltr'><strong>Μ.</strong></span> 
     </span>
    </p>
   </div>
  </div>
