4178 6192
357 315 511 376 1695

352 452 452 524 qui
486 450 641 507 illam
677 468 792 507 non
817 449 1192 523 habuit,ipse
1213 450 1283 504 de
1306 448 1674 518 illaliberat;
1712 449 1871 505 solus
1896 448 2050 503 enim

348 544 407 599 in
442 544 549 600 hac
581 560 747 601 carne
778 544 935 599 venit
964 544 1088 598 sine
1120 545 1376 615 peccato.
1409 540 1553 597 Nam
1589 558 1731 612 quos
1762 541 1971 595 videtis
1992 541 2049 595 in

350 634 622 690 manibus
652 638 907 689 matrum
943 632 1212 705 parvulos
1244 631 1398 696 ferri,
1434 632 1693 686 nondum
1731 629 2053 698 ambulant,

348 729 404 779 et
427 725 548 794 jam
577 728 716 779 sunt
733 720 1076 794 compediti;
1103 723 1398 775 traxerunt
1419 720 1571 775 enim
1596 720 1663 774 de
1688 720 1873 774 Adam
1899 718 2050 789 quod

350 813 609 868 solvatur
655 831 687 868 a
735 812 986 867 Christo.
1044 811 1295 865 Pertinet
1343 809 1516 864 etiam
1564 809 1633 864 ad
1684 808 1864 881 ipsos,
1918 824 2051 863 cum

352 903 747 973 baptizantur,
782 902 897 955 ista
946 899 1134 971 gratia
1183 914 1355 969 quam
1388 897 1673 953 Dominus
1706 896 2004 969 pollicetur
2036 913 2050 964 ;

351 992 489 1063 quia
528 993 597 1047 de
628 995 865 1063 peccato
896 989 1056 1045 solus
1085 988 1330 1044 liberare
1361 992 1569 1059 potest,
1613 988 1713 1061 qui
1743 987 1900 1043 venit
1931 987 2053 1043 sine

345 1085 601 1153 peccato,
650 1084 706 1135 et
754 1080 940 1135 tactus
987 1082 1075 1134 est
1123 1078 1475 1134 sacriﬁcium
1518 1095 1618 1149 pro
1650 1082 1903 1151 peccato.
1936 1079 2056 1132 Au-

344 1169 509 1224 distis
559 1167 714 1224 enim
766 1184 901 1223 cum
933 1166 1240 1238 Apostolus
1298 1167 1622 1239 legeretur:
1674 1172 1783 1223 Pro
1817 1166 2051 1236 Christo,

340 1256 550 1327 inquit,
575 1258 844 1325 legatione
863 1258 1172 1328 fungimur,
1191 1259 1454 1329 tanquam
1478 1258 1579 1312 Deo
1601 1257 1923 1312 exhortante
1952 1271 2053 1327 per

342 1364 488 1413 nos;
535 1347 881 1402 obsecramus
928 1333 1028 1419 pro,
1068 1346 1278 1402 Christo
1307 1362 1332 1413 ;
1384 1346 1441 1400 id
1494 1351 1599 1412 est,
1655 1354 1921 1416 tanquam
1956 1362 2054 1401 vos

345 1437 614 1492 Christus
644 1437 925 1493 obsecret.
968 1437 1115 1500 Quid
1146 1434 1175 1488 ?
1202 1436 1566 1492 Reconciliari
1602 1437 1726 1491 Deo.
1756 1436 1814 1489 Si
1846 1434 2054 1490 exhor-

346 1531 498 1583 tatur
518 1533 575 1584 et
596 1529 860 1585 obsecrat
891 1526 1204 1599 Apostolus
1228 1534 1289 1581 ut
1320 1526 1760 1583 reconciliemur
1783 1527 1915 1593 Deo,
1940 1526 2050 1580 ini-

350 1618 484 1673 mici
515 1635 746 1674 eramus
779 1619 913 1674 Deo.
962 1617 1143 1673 Nemo
1175 1617 1331 1672 enim
1383 1616 1787 1672 reconciliatur
1833 1615 1943 1671 nisi
1987 1631 2054 1670 ex

349 1707 698 1763 inimicitiis.
734 1707 1009 1764 Inimicos
1041 1710 1234 1762 autem
1270 1723 1377 1761 nos
1412 1722 1523 1761 non
1550 1710 1776 1773 natura,
1801 1705 1896 1761 sed
1924 1720 2052 1775 pec-

348 1801 478 1853 cata
511 1796 791 1852 fecerunt.
827 1796 988 1852 Unde
1021 1795 1244 1852 inimici
1274 1794 1455 1863 illius,
1480 1793 1615 1850 inde
1639 1794 1787 1849 servi
1816 1792 2051 1863 peccati.

351 1887 477 1942 Non
509 1886 684 1942 habet
713 1886 866 1942 Deus
897 1885 1111 1941 liberos
1141 1884 1410 1941 inimicos
1444 1904 1457 1953 ;
1501 1900 1737 1939 necesse
1784 1888 1874 1939 est
1902 1882 2051 1939 servi

352 1977 469 2033 sint
502 1992 515 2031 :
549 1982 605 2031 et
635 1977 785 2032 servi
818 1976 1203 2032 remanebunt
1234 1974 1345 2031 nisi
1377 1975 1448 2031 ab
1479 1973 1578 2030 illo
1610 1974 1937 2042 liberenter,
1962 1973 2051 2030 cui

350 2068 642 2139 peccando
688 2067 909 2123 inimici
960 2083 1086 2123 esse
1133 2066 1459 2121 voluerunt.
1510 2066 1866 2122 Obsecramus
1896 2081 2049 2135 ergo,

349 2158 561 2229 inquit,
592 2175 690 2229 pro
735 2158 976 2227 Christo,
1006 2158 1358 2213 reconciliari
1378 2158 1500 2213 Deo.
1533 2157 1825 2220 Quomodo
1857 2160 2052 2211 autem

345 2248 814 2316 reconciliamur,
847 2248 961 2303 nisi
987 2247 1247 2303 solvatur
1275 2248 1427 2317 quod
1463 2247 1617 2301 inter
1644 2262 1751 2301 nos
1773 2249 1828 2301 et
1858 2245 2052 2316 ipsum

345 2337 633 2408 separat?
686 2337 779 2393 Ait
816 2337 971 2393 enim
1023 2353 1124 2409 per
1180 2336 1522 2408 prophetam
1560 2353 1573 2391 :
1616 2340 1737 2393 Non
1800 2334 2054 2405 gravavit

345 2444 536 2483 aurem
564 2445 633 2483 ne
661 2426 875 2497 audiat,
906 2430 1007 2484 sed
1034 2433 1250 2498 peccata
1282 2433 1463 2483 vestra
1492 2430 1749 2499 separant
1773 2425 1920 2482 inter
1967 2441 2055 2481 vos

343 2521 393 2572 el
427 2518 594 2573 Deum
621 2518 750 2587 (lsa.
788 2534 899 2584 ιιι,
935 2518 987 2586 1,
1019 2520 1090 2587 2).
1126 2518 1267 2583 Quia
1298 2534 1433 2591 ergo
1466 2535 1579 2574 non
1612 2515 2056 2573 reconciliamur

351 2606 465 2660 nisi
498 2605 691 2660 ablato
721 2606 873 2676 quod
900 2605 957 2660 in
985 2605 1174 2660 medio
1198 2609 1302 2675 est,
1323 2614 1375 2662 et
1398 2607 1581 2677 posito
1605 2606 1758 2676 quod
1782 2604 1840 2659 in
1865 2603 2053 2659 medio

342 2692 438 2748 sit.
472 2693 573 2748 Est
602 2694 756 2748 enim
779 2693 1034 2749 medium
1060 2709 1363 2764 separans,
1387 2696 1483 2749 sed
1512 2699 1712 2750 contra
1732 2697 1818 2749 est
1842 2693 2051 2748 media-

347 2783 436 2836 tor
467 2781 890 2849 reconcilians;
942 2781 1199 2837 medium
1260 2798 1538 2854 separans
1586 2786 1675 2838 est
1723 2786 2051 2854 peccatum,

347 2872 639 2928 mediator
668 2871 1046 2929 reconcilians
1083 2876 1172 2928 est
1219 2871 1499 2929 Dominus
1544 2874 1710 2931 Jesus
1740 2872 2003 2928 Christus
2035 2887 2049 2927 :

352 2963 499 3019 Unus
546 2964 695 3019 enim
743 2964 902 3031 Deus,
948 2971 1000 3019 et
1044 2980 1186 3019 unus
1237 2963 1503 3020 mediator
1530 2964 1629 3019 Dei
1665 2972 1715 3019 et
1744 2962 2049 3034 hominum,

344 3052 500 3109 homo
553 3052 806 3110 Christus
851 3054 1006 3110 Iesus
1058 3054 1107 3125 (Ι
1133 3053 1269 3109 Tim.
1303 3068 1364 3122 ll,
1420 3054 1496 3123 5).
1556 3051 1630 3108 Ut
1658 3068 1795 3124 ergo
1819 3051 2053 3109 tollatur

346 3142 595 3199 maceria
616 3159 895 3214 separans
917 3144 1065 3214 quod
1087 3146 1177 3199 est
1198 3146 1518 3216 peccatum,
1536 3143 1690 3199 venit
1706 3143 1804 3200 ille
1826 3143 2051 3200 media-

344 3238 457 3304 tor,
490 3237 547 3289 et
569 3233 752 3289 factus
782 3238 872 3289 est
893 3233 1242 3290 sacrificium
1268 3235 1535 3291 sacerdos
1556 3233 1701 3307 ipse.
1728 3236 1794 3290 Et
1816 3234 1952 3305 quia
1966 3251 2053 3291 sa-

348 3323 629 3381 criﬁcium
664 3324 848 3379 factus
873 3328 963 3380 est
994 3342 1094 3395 pro
1129 3328 1385 3396 peccato,
1420 3324 1668 3380 offerens
1709 3323 1959 3396 seipsum
1989 3324 2049 3381 in

342 3412 745 3471 holocaustum
778 3413 838 3470 in
889 3430 1058 3471 cruce
1092 3415 1384 3486 passionis
1415 3431 1551 3482 suae,
1604 3415 1869 3486 sequitur
1897 3416 2048 3487 Apo-

336 3501 519 3559 stolus
549 3506 607 3559 et
639 3502 795 3571 dicit,
831 3519 964 3560 cum
998 3503 1261 3575 dixisset,
1297 3503 1648 3560 Obsecremus
1685 3519 1784 3575 pro
1816 3503 2048 3571 Christo,

338 3592 687 3649 reconciliari
716 3594 825 3649 Deo
855 3610 874 3647 :
907 3593 1075 3666 quasi
1105 3593 1456 3659 diceremus,
1496 3592 1786 3664 quomodo
1826 3592 2048 3664 poteri-

345 3699 478 3738 mus
502 3681 903 3739 reconciliari?
923 3683 1079 3753 Eum,
1104 3682 1388 3755 inquit,id
1408 3687 1496 3740 est
1517 3683 1706 3754 ipsum
1730 3681 2047 3751 Christum,

343 3773 440 3843 qui
469 3788 581 3828 non
609 3780 836 3827 noverat
863 3777 1167 3848 peccatum,
1196 3778 1479 3845 peccatum
1496 3788 1595 3844 pro
1626 3772 1777 3829 nobis
1799 3772 1957 3843 fecit,
1988 3777 2052 3827 ut

344 3874 441 3913 nos
465 3860 633 3913 simus
654 3860 882 3930 justitia
916 3861 1008 3916 Dei
1036 3862 1096 3917 in
1152 3862 1265 3932 ipso
1297 3861 1371 3933 (lI
1406 3861 1528 3917 Cor.
1560 3877 1617 3928 v,
1647 3863 1739 3928 20,
1770 3861 1879 3931 2i).
1914 3863 2053 3917 Eum

341 3946 537 4019 ipsum
551 3989 565 4016 ,
588 3948 800 4019 inquit,
825 3949 1122 4006 Christum
1146 3955 1345 4017 Deum,
1364 3952 1462 4024 qui
1483 3967 1591 4007 non
1609 3957 1845 4007 noverat
1861 3967 2052 4024 pecca-

340 4042 481 4092 tum.
504 4037 677 4092 Venit
706 4038 862 4093 enim
888 4040 946 4094 in
978 4055 1163 4106 carne,
1188 4038 1295 4096 hoc
1320 4045 1411 4096 est
1441 4041 1499 4095 in
1523 4041 1909 4097 similitudine
1931 4058 2053 4098 car-

340 4126 435 4183 nis
467 4127 684 4198 peccati
718 4128 891 4199 (Rom.
944 4144 1066 4196 vm,
1116 4129 1190 4199 3),
1238 4146 1351 4185 non
1401 4133 1597 4186 tamen
1629 4129 1689 4186 in
1719 4146 1892 4187 carne
1914 4148 2055 4203 pec-

338 4217 471 4288 cati,
506 4235 620 4275 non
654 4218 879 4276 habens
939 4219 1128 4276 ullum
1173 4221 1412 4277 omnino
1462 4228 1758 4293 peccatum
1791 4239 1803 4276 :
1837 4228 1893 4277 et
1923 4222 2051 4280 ideo

339 4308 533 4365 factus
553 4313 643 4365 est
666 4327 866 4367 verum
885 4310 1243 4371 sacriﬁcium
1270 4328 1370 4384 pro
1395 4316 1649 4384 peccato,
1666 4311 1797 4383 quia
1818 4311 2049 4368 nullum

345 4398 596 4456 habebat
626 4399 747 4471 ipse
776 4405 1100 4472 peccatum.

415 4489 470 4542 6.
499 4488 609 4544 Sed
644 4489 790 4547 torte
819 4491 890 4546 de
920 4508 1092 4548 sensu
1129 4508 1257 4549 meo
1284 4491 1421 4562 dixi,
1454 4492 1591 4564 quia
1636 4496 1917 4564 peccatum
1954 4508 2052 4548 sa-

342 4576 626 4633 criﬁcium
677 4583 765 4635 est
813 4596 916 4650 pro
948 4590 1201 4653 peccato.
1244 4581 1350 4646 Qui
1386 4581 2047 4654 legerunt,agnoscant;

344 4667 445 4737 qui
481 4683 593 4723 non
624 4666 908 4739 legerunt,
943 4688 1059 4727 non
1092 4670 1208 4727 sint
1239 4672 1386 4744 pigri
1424 4688 1438 4728 :
1469 4688 1587 4729 non
1610 4672 1746 4741 sint,
1780 4673 2046 4744 inquam,

342 4754 492 4824 pigri
531 4756 599 4810 ad
632 4756 969 4829 legendum,
1003 4768 1064 4815 ut
1093 4776 1329 4818 veraces
1362 4762 1482 4818 sint
1522 4762 1592 4817 ad
1634 4762 2045 4833 judicandum.

340 4847 483 4901 Cum
517 4844 587 4901 de
618 4848 913 4904 sacriﬁciis
959 4849 1116 4905 enin:
1166 4851 1508 4923 praeciperet
1550 4852 1701 4908 Deus
1742 4852 2048 4908 efferendis

340 4949 444 5005 pro
479 4940 735 5006 peccato,
770 4937 827 4991 in
872 4938 1085 5008 quibus
1132 4939 1433 4995 sacrificiis
1482 4956 1596 4995 non
1652 4943 1775 4995 erat
1803 4940 2048 5013 expiatio

333 5030 729 5095 peccatorum,
774 5026 872 5082 sed
932 5027 1138 5084 umbra
1167 5028 1518 5096 futurorum,
1549 5030 1751 5086 eadem
1793 5032 1916 5102 ipsa
1946 5048 2047 5087 sa-

344 5113 580 5180 criﬁcia,
614 5116 844 5172 easdem
904 5116 1062 5187 ipsas
1110 5116 1357 5184 hostias,
1406 5118 1635 5173 easdem
1694 5118 1852 5189 ipsas
1882 5118 2050 5174 victi-

344 5217 495 5267 mas,
528 5204 728 5260 eadem
764 5204 894 5277 ipsa
938 5204 1219 5261 animalia
1258 5222 1385 5277 quas
1434 5207 1895 5263 admovebantur
1925 5224 2047 5264 ma-

341 5292 555 5348 ctanda
586 5310 688 5363 pro
720 5296 997 5365 peccatis,
1030 5294 1088 5350 in
1115 5311 1367 5366 quorum
1391 5295 1670 5367 sanguine
1692 5298 1930 5368 sanguis
1953 5296 2050 5353 ille

339 5378 728 5451 ﬁgurabatur,
758 5389 994 5456 peccata
1025 5384 1135 5441 Lex
1165 5385 1420 5459 appellat
1454 5401 1467 5441 :
1504 5402 1689 5458 usque
1718 5386 1858 5442 adeo
1892 5390 1957 5443 ut
1988 5388 2048 5443 in

342 5465 693 5535 quibusdam
722 5472 862 5528 locis
894 5474 1174 5544 scriptum
1207 5476 1282 5531 sit
1332 5475 1432 5540 ita,
1481 5479 1545 5531 ut
1576 5477 1906 5533 sacerdotes
1937 5479 2050 5533 im-

347 5554 621 5614 molaturi
648 5568 932 5631 ponerent
976 5579 1184 5622 manus
1237 5582 1373 5622 suae
1404 5581 1577 5638 super
1606 5570 1781 5638 caput
1813 5568 2049 5640 peccati,

340 5645 404 5701 id
431 5649 541 5716 est,
574 5665 746 5722 super
774 5655 953 5723 caput
971 5652 1218 5712 victimas
1250 5656 1624 5713 immolandas
1656 5674 1759 5729 pro
1790 5662 2049 5731 peccato.

1350 311 1432 374 IN
1474 312 1794 375 JOANNIS
1842 310 2374 384 EVANGELIUM,
2421 311 2485 371 s.
2538 312 2967 375 AUGUSTINI

3717 310 3875 371 1696

2163 447 2301 504 Tale
2332 464 2466 520 ergo
2494 454 2795 521 peccatum,
2830 451 2885 505 id
2917 454 3025 515 est,
3079 449 3439 506 sacrificium
3475 464 3577 521 pro
3609 452 3875 520 peccato,

2166 536 2352 593 factus
2383 542 2471 594 est
2500 537 2783 595 Dominus
2806 544 3004 595 noster
3024 538 3197 596 Jesus
3221 537 3507 606 Christus,
3533 541 3627 609 qui
3646 553 3752 594 non
3776 552 3879 591 no-

2165 636 2313 684 verat
2342 637 2640 699 peccatum.

2231 719 2285 773 7.
2320 719 2518 774 Merito
2550 718 2754 775 liberat
2798 719 2869 775 ab
2919 719 3024 775 hac
3078 719 3359 775 servitute
3391 717 3611 791 peccati
3647 717 3740 774 ille
3775 716 3874 790 qui

2164 806 2302 861 dicit
2330 805 2388 861 in
2423 806 2669 863 Psalmis
2695 824 2707 861 :
2742 807 2933 863 Factus
2952 824 3073 863 sum
3097 816 3362 879 tanquam
3393 807 3548 863 homo
3569 808 3689 863 sine
3708 808 3873 877 adju-

2162 895 2322 964 torio,
2367 898 2513 952 inter
2559 905 2801 954 mortuos
2832 897 2973 953 liber
3022 898 3197 968 (Prol.
3232 913 3482 965 Lxxxvn,
3508 898 3563 963 5,
3594 897 3671 967 6).
3704 896 3873 952 Solus

2161 986 2313 1041 enim
2366 985 2528 1055 liber,
2588 987 2726 1058 quia
2752 1002 2865 1043 non
2902 986 3157 1043 habebat
3188 992 3512 1058 peccatum.
3546 988 3677 1059 Ipse
3710 986 3869 1042 enim

2163 1075 2305 1131 dicit
2334 1075 2393 1129 in
2428 1075 2733 1145 Evangelio
2769 1092 2781 1131 :
2835 1077 2971 1131 Ecce
3000 1078 3146 1131 venit
3172 1078 3431 1147 princeps
3461 1076 3620 1143 huius
3658 1074 3874 1143 mundi,

2161 1165 2457 1221 diabolum
2490 1165 2829 1238 significans
2858 1171 3165 1222 venturum
3196 1167 3257 1222 in
3286 1167 3507 1222 Judaeis
3539 1174 3875 1238 persecuto-

2162 1254 2325 1311 ribus
2351 1281 2365 1323 ;
2396 1271 2533 1325 ecce,
2563 1256 2779 1329 inquit,
2811 1258 2977 1327 venit,
3001 1261 3048 1313 et
3071 1260 3126 1312 in
3150 1272 3237 1312 me
3255 1256 3400 1313 nihil
3422 1258 3665 1312 inveniet
3684 1256 3872 1327 (Joan.

2162 1364 2277 1413 xxv,
2308 1348 2399 1415 30,
2430 1347 2538 1417 31).
2571 1347 2696 1403 Νοιι
2732 1348 3026 1420 quomodo
3059 1348 3116 1403 in
3150 1348 3233 1404 eis
3266 1364 3413 1419 quos
3446 1346 3652 1403 occidit
3694 1346 3869 1402 etiam

2156 1437 2370 1507 justos,
2420 1435 2640 1492 invenit
2681 1436 3109 1509 qualecumque
3142 1441 3463 1509 peccatum,
3498 1437 3556 1492 in
3602 1453 3693 1492 me
3724 1435 3870 1491 nihil

2161 1526 2433 1581 inveniet.
2465 1526 2535 1581 Et
2563 1530 2838 1597 tanquam
2876 1527 2926 1581 ei
2970 1528 3281 1593 diceretur,
3320 1527 3369 1582 si
3421 1525 3567 1581 nihil
3601 1526 3659 1580 in
3693 1533 3745 1582 te
3774 1525 3868 1580 in-

2162 1615 2370 1683 veniet,
2401 1630 2579 1687 quare
2635 1620 2691 1671 te
2747 1615 3027 1671 occidet?
3086 1614 3366 1686 Subjecit,
3407 1619 3463 1671 et
3494 1616 3573 1670 ait
3608 1632 3621 1669 :
3665 1614 3770 1671 Sed
3808 1618 3871 1670 ut

2161 1702 2337 1758 sciant
2365 1718 2549 1759 omnes
2579 1702 2711 1774 quia
2743 1703 3077 1759 voluntatem
3099 1704 3283 1758 Patris
3314 1704 3422 1760 mei
3449 1704 3618 1772 facio,
3640 1704 3867 1772 surgite,

2163 1811 2350 1851 eamus
2380 1794 2527 1850 hinc.
2560 1793 2707 1863 Non,
2742 1795 2957 1867 inquit,
2993 1798 3241 1851 mortem
3276 1794 3386 1850 mei
3422 1795 3640 1866 peccati
3671 1810 3876 1850 neces-

2164 1886 2334 1940 sitate
2367 1883 2651 1956 persolvo,
2702 1885 2803 1940 sed
2854 1885 2912 1939 in
2958 1901 3023 1940 eo
3057 1886 3210 1955 quod
3244 1884 3481 1954 morior,
3511 1883 3871 1941 voluntatem

2164 1974 2352 2031 Patris
2386 1975 2492 2031 mei
2526 1974 2704 2030 facio:
2741 1973 2990 2047 plusque
3013 1974 3092 2029 ibi
3125 1974 3272 2031 facio
3303 1991 3474 2046 quam
3505 1974 3711 2047 patior,
3737 1975 3874 2046 quia

2164 2064 2213 2120 si
2241 2065 2475 2133 nollem,
2510 2081 2615 2121 nec
2665 2081 2873 2137 passus
2918 2080 3129 2121 essem.
3177 2064 3365 2121 [labes
3395 2065 3563 2122 illum
3596 2065 3709 2122 alio
3741 2064 3869 2121 loco

2163 2152 2476 2222 dicentem,
2509 2153 2834 2208 Potestatem
2880 2151 3056 2207 habeo
3100 2152 3343 2221 ponendi
3391 2154 3639 2209 animam
3669 2168 3870 2221 meam,

2163 2252 2214 2301 et
2241 2250 2554 2317 potestatem
2586 2243 2755 2301 habeo
2802 2247 3005 2301 iterum
3050 2244 3302 2300 sumendi
3344 2261 3464 2301 eam
3512 2244 3616 2317 (Id.
3660 2260 3716 2311 κ,
3753 2244 3864 2317 18).

2165 2336 2307 2391 Ecce
2339 2350 2466 2391 vere
2498 2335 2557 2391 in
2588 2334 2833 2391 mortuis
2862 2333 3027 2391 liber.

2234 2427 2287 2482 8.
2322 2427 2464 2483 Cum
2495 2440 2631 2497 ergo
2660 2425 2852 2482 omnis
2883 2425 2982 2497 qui
3032 2425 3170 2481 facit
3212 2433 3535 2498 peccatum,
3568 2441 3765 2482 servus
3795 2424 3869 2481 sit

2166 2516 2399 2585 peccati,
2434 2533 2562 2587 quas
2591 2515 2669 2572 sit
2698 2532 2829 2587 spes
2861 2516 3029 2571 nobis
3078 2515 3386 2587 libertatis,
3420 2516 3634 2571 audite.
3666 2517 3868 2572 Servus

2162 2614 2366 2673 autem,
2399 2605 2614 2677 inquit,
2644 2621 2752 2661 non
2776 2613 2960 2661 manet
2988 2606 3047 2659 in
3076 2605 3231 2663 domo
3264 2607 3321 2661 in
3353 2611 3636 2662 aeternum.
3671 2606 3870 2662 Eccle-

2165 2695 2251 2751 sia
2279 2700 2368 2751 est
2400 2696 2633 2763 domus,
2678 2716 2879 2756 servus
2914 2706 3179 2772 peccator
3207 2702 3315 2755 est.
3351 2699 3577 2755 latrant
3611 2695 3779 2752 multi
3810 2696 3874 2751 in

2163 2784 2476 2843 Ecclesium
2503 2792 2851 2859 peccatores.
2895 2790 3019 2845 Non
3052 2804 3188 2858 ergo
3220 2788 3385 2855 dixit,
3410 2788 3613 2845 Serva:
3647 2803 3758 2841 non
3789 2789 3878 2842 est

2161 2875 2218 2930 in
2254 2876 2460 2945 domo;
2496 2877 2621 2943 sed,
2656 2895 2767 2934 non
2789 2884 2971 2934 manet
2996 2880 3055 2934 in
3077 2877 3315 2935 domoin
3338 2882 3631 2935 aeternum.
3657 2876 3716 2932 Si
3739 2892 3876 2947 ergo

2163 2964 2362 3020 nullus
2395 2964 2474 3019 ibi
2506 2980 2708 3021 servus
2739 2967 2869 3026 erit,
2918 2966 3050 3038 quis
3095 2966 3174 3022 ibi
3206 2966 3317 3023 erit
3344 2966 3372 3022 τ
3414 2966 3547 3022 Cum
3578 2965 3737 3021 enim
3770 2980 3879 3021 rex

2152 3056 2335 3126 justus
2362 3054 2563 3111 sederit
2594 3056 2649 3109 in
2682 3056 2896 3119 throno.
2930 3056 3081 3112 sicut
3110 3056 3414 3128 Scriptura
3442 3055 3722 3127 loquitur,
3753 3058 3876 3126 quis

2159 3145 2510 3218 gloriabitur
2539 3153 2747 3201 castum
2777 3163 2833 3203 se
2862 3145 3062 3203 habere
3090 3162 3182 3203 cor
3205 3149 3230 3200 .’
3256 3149 3353 3201 aut
3380 3144 3503 3218 quis
3530 3144 3875 3217 gloriabitur

2158 3234 2426 3290 mundum
2454 3249 2509 3290 se
2539 3250 2651 3290 esse
2677 3251 2713 3289 α
2750 3241 2969 3306 peccato
3018 3236 3198 3306 (Prov.
3248 3253 3342 3305 xx,
3374 3235 3427 3303 8,
3458 3234 3515 3306 9)
3544 3235 3573 3289 ?
3618 3233 3867 3290 Multum

2160 3342 2267 3381 nos
2297 3324 2523 3390 terruit,
2557 3342 2588 3381 ο
2622 3325 2825 3382 fratres
2855 3326 2984 3394 mei,
3021 3326 3285 3394 dicendo,
3320 3325 3515 3382 Servus
3544 3342 3656 3381 non
3683 3328 3872 3380 manet

2159 3416 2216 3472 in
2250 3416 2407 3471 domo
2436 3414 2494 3470 in
2527 3423 2816 3471 aeternum.
2852 3416 3133 3486 Adiungit
3164 3420 3382 3486 autem,
3415 3420 3472 3472 et
3500 3414 3657 3486 dicit,
3696 3415 3872 3471 Filius

2159 3516 2341 3563 autem
2370 3514 2557 3562 manet
2589 3509 2647 3563 in
2669 3518 2956 3563 aeternum.
2991 3508 3137 3579 Ergo
3169 3506 3329 3563 solus
3353 3507 3410 3562 in
3436 3507 3605 3563 domo
3639 3523 3744 3563 sua
3762 3506 3875 3562 erit

2161 3597 2468 3653 Christus?
2490 3596 2689 3654 nullus
2706 3596 2787 3653 illi
2807 3597 3054 3669 populus
3067 3596 3535 3653 coherebit?Cui
3552 3597 3871 3669 eritcaput,

2160 3690 2211 3746 si
2244 3707 2357 3747 non
2391 3691 2500 3746 erit
2528 3706 2737 3763 corpus
2757 3689 2785 3744 ?
2813 3693 2897 3746 An
2935 3690 3078 3747 forte
3107 3695 3295 3746 totum
3327 3690 3438 3746 hoc
3469 3690 3671 3758 Filius,
3697 3692 3874 3762 caput

2159 3784 2215 3837 et
2246 3796 2456 3852 corpus
2485 3779 2513 3834 ?
2544 3784 2670 3836 Non
2703 3780 2858 3837 enim
2892 3780 3019 3836 sine
3052 3797 3231 3836 causa
3260 3783 3316 3837 et
3346 3780 3567 3847 terruit,
3622 3786 3674 3835 et
3705 3797 3872 3853 spem

2159 3870 2317 3926 dedit
2349 3886 2362 3924 :
2398 3870 2624 3937 terruit,
2658 3885 2729 3925 ne
2761 3872 3059 3940 peccatum
3092 3886 3461 3938 amaremus;
3496 3886 3655 3941 spem
3689 3870 3871 3940 dedit,

2159 3975 2231 4015 ne
2262 3959 2332 4014 de
2361 3958 2579 4029 peccati
2612 3958 2899 4015 solutione
2929 3958 3332 4015 difﬁderemus
3366 3974 3379 4016 :
3412 3958 3624 4029 Omnis,
3657 3960 3870 4032 inquit,

2160 4051 2255 4120 qui
2281 4049 2416 4119 facit
2466 4052 2765 4121 peccatum,
2820 4065 3009 4106 servus
3064 4058 3143 4105 est
3191 4053 3419 4123 peccati.
3452 4054 3651 4107 Servus
3682 4056 3871 4107 autem

2158 4154 2267 4193 non
2299 4146 2481 4193 manet
2512 4136 2573 4193 in
2601 4137 2761 4193 domo
2786 4139 2845 4194 in
2875 4149 3167 4196 xternum.
3200 4139 3331 4205 Quas
3364 4156 3500 4212 ergo
3528 4140 3695 4197 nobis
3735 4157 3868 4213 spes

2162 4231 2273 4296 est,
2306 4227 2405 4300 qui
2437 4243 2552 4283 non
2586 4243 2791 4283 sumus
2822 4227 2947 4284 sine
2978 4227 3431 4301 peccato?Audi
3464 4246 3625 4301 spem
3658 4234 3863 4299 tuam;

2160 4318 2335 4374 Filius
2367 4322 2549 4374 manet
2580 4320 2638 4373 in
2668 4327 2958 4377 aeternum.
2983 4320 3045 4375 Si
3064 4335 3199 4392 ergo
3226 4335 3312 4376 vos
3332 4320 3505 4375 Filius
3528 4320 3865 4391 liberaverit,

2159 4412 2289 4464 tunc
2310 4424 2434 4465 vere
2467 4407 2631 4464 liberi
2657 4410 2833 4465 erilis.
2866 4411 2997 4465 Haec
3048 4426 3182 4481 spes
3231 4414 3429 4466 nostra
3480 4416 3586 4479 est,
3640 4411 3868 4478 fratres,

2160 4503 2226 4555 ut
2255 4517 2289 4555 a
2320 4500 2503 4555 libero
2536 4498 2878 4567 liberemur,
2900 4504 2956 4555 et
2978 4499 3275 4557 liberando
3298 4518 3496 4559 servos
3519 4519 3625 4558 nos
3656 4502 3867 4559 faciat:

2159 4588 2308 4644 servi
2342 4590 2495 4645 enim
2530 4605 2766 4645 eramus
2814 4589 3181 4662 cupiditatis,
3230 4590 3459 4647 liberati
3500 4592 3650 4649 servi
3682 4591 3869 4650 effici-

2161 4696 2291 4737 mur
2320 4678 2643 4735 cbaritatis.
2698 4678 2817 4736 Hoc
2864 4683 2921 4737 et
2967 4679 3275 4753 Apostolus
3316 4680 3507 4737 dicit:
3561 4684 3656 4739 Vos
3685 4687 3872 4740 autem

2159 4770 2365 4842 fratres
2394 4771 2451 4823 in
2481 4769 2787 4825 libertatem
2813 4771 2999 4826 vocati
3027 4773 3199 4839 estis;
3225 4773 3442 4827 tantum
3471 4786 3542 4827 ne
3563 4772 3871 4832 libertatem

2158 4860 2218 4913 in
2251 4858 2593 4913 occasionem
2642 4857 2833 4913 carnis
2881 4856 3040 4925 detis,
3070 4858 3163 4915 sed
3190 4875 3291 4931 per
3314 4859 3644 4917 charitatem
3671 4864 3873 4920 servite

2160 4948 2394 5003 invicem
2426 4946 2633 5015 (Galat.
2666 4964 2721 5014 v,
2776 4948 2879 5018 i3).
2929 4947 3046 5004 Non
3080 4964 3214 5022 ergo
3254 4949 3409 5006 dicat
3457 4950 3814 5009 Christianus
3850 4969 3866 5009 :

2159 5035 2323 5091 Liber
2345 5052 2498 5105 sum,
2532 5034 2589 5090 in
2623 5035 2951 5093 libertatem
2982 5042 3222 5094 vocatus
3243 5054 3376 5095 sum
3402 5056 3417 5095 :
3448 5056 3649 5098 servus
3680 5058 3869 5114 eram,

2159 5124 2262 5181 sed
2293 5125 2632 5197 redemptus
2663 5141 2819 5195 sum,
2850 5129 2907 5181 et
2954 5126 3078 5198 ipsa
3108 5129 3507 5200 redemptione
3549 5129 3694 5186 liber
3721 5133 3869 5189 eﬂ‘e-

2160 5219 2290 5270 ctus
2322 5231 2478 5285 sum,
2515 5214 2723 5271 faciam
2755 5215 2909 5287 quod
2941 5215 3069 5273 volo
3104 5235 3118 5287 ;
3153 5235 3324 5275 nemo
3355 5236 3449 5276 me
3498 5221 3802 5293 prohibeat
3833 5241 3870 5281 a

2158 5306 2458 5361 voluntate
2492 5320 2641 5376 mea,
2687 5304 2735 5360 si
2767 5305 2915 5361 liber
2946 5322 3098 5363 sum.
3159 5308 3273 5365 Sed
3304 5310 3353 5365 si
3396 5310 3513 5367 ista
3565 5311 3869 5369 voluntate

2161 5398 2458 5467 peccatum
2496 5394 2658 5461 lacis,
2690 5410 2893 5451 servus
2916 5411 2975 5453 es
3008 5400 3247 5469 peccati.
3272 5399 3397 5455 Noli
3432 5417 3568 5474 ergo
3598 5400 3871 5462 libertate

2160 5484 2323 5540 abuti
2356 5485 2424 5539 ad
2460 5484 2638 5541 libere
2670 5486 3050 5557 peccandum,
3076 5489 3172 5546 sed
3201 5494 3357 5546 utere
3387 5492 3459 5547 ad
3485 5508 3597 5548 non
3621 5509 3871 5566 peccan-

2162 5575 2323 5628 dum.
2359 5574 2479 5630 Erit
2509 5574 2663 5631 enim
2693 5575 2963 5633 voluntas
2984 5585 3083 5634 tua
3106 5578 3305 5646 libera,
3331 5580 3379 5637 si
3404 5581 3580 5639 fuerit
3603 5583 3719 5655 pia.
3745 5584 3874 5641 Eris

2148 5660 2334 5731 'liber,
2369 5662 2419 5719 si
2451 5663 2629 5737 fueris
2659 5680 2863 5725 servus
2894 5685 2909 5737 ;
2944 5667 3090 5725 liber
3118 5668 3355 5741 peccati,
3376 5673 3835 5745 servusjustitie
3860 5692 3876 5733 :
