4148 6190
317 292 470 355 I697

309 428 529 483 dicente
551 426 843 495 Apostolo,
870 426 1003 483 Cum
1024 430 1166 484 servi
1183 431 1372 485 essetis
1400 434 1633 502 peccati,
1668 431 1835 487 liberi
1854 431 2018 487 eratis

306 516 563 584 iustitia.-
582 532 731 571 nunc
742 520 931 571 autem
960 515 1187 573 liberati
1211 535 1241 572 a
1256 525 1496 590 peccato,
1520 521 1662 577 servi
1683 527 1866 576 autem
1881 519 2021 588 facti

308 607 428 671 Dea,
460 606 676 660 habetis
711 607 961 673 fructum
993 610 1227 661 vestrum
1256 608 1316 662 in
1347 611 1829 677 sanctiﬁcationem
1858 612 2018 677 ﬁnem

308 710 424 751 vero
448 697 616 750 vitam
645 700 919 750 aeternam
952 696 1129 767 (llam.
1178 713 1252 765 vr,
1311 697 1528 769 20-22).
1575 701 1690 754 Hoc
1720 714 2018 773 conemur,

314 785 366 840 id
400 801 659 857 agamus.

379 878 428 932 9.
465 876 664 932 Prima
693 872 930 932 libertas
961 879 1051 932 est
1078 892 1271 935 carere
1311 877 1677 936 criminibus.
1712 878 2019 950 Intendite,

309 968 514 1024 fratres
559 966 695 1034 mei,
747 966 1073 1035 intendite;
1126 983 1198 1024 ne
1245 968 1387 1025 forte
1437 969 1654 1041 possim
1706 969 2020 1042 perducere

308 1056 469 1112 vobis
501 1056 575 1111 ad
605 1071 842 1112 sensum
871 1060 927 1112 et
961 1056 1152 1127 qualis
1184 1058 1357 1113 modo
1389 1057 1487 1127 sit,
1520 1064 1574 1114 et
1603 1058 1796 1129 qualis
1828 1059 2022 1114 futura

306 1146 382 1202 sit
410 1147 523 1201 ista
553 1144 812 1201 libertas.
841 1145 1173 1210 Quamlibet
1201 1146 1363 1203 valde
1387 1148 1619 1218 justum
1651 1148 1929 1204 discutias
1959 1148 2019 1202 in

307 1234 413 1291 hac
446 1236 581 1303 vita,
614 1236 880 1308 quamvis
903 1236 1029 1307 jam
1053 1236 1131 1293 sit
1150 1237 1366 1309 dignus
1387 1238 1532 1308 justi
1570 1238 1870 1301 vocabulo,
1904 1254 2022 1295 non

308 1333 394 1381 est
431 1329 633 1380 tamen
681 1324 805 1381 sine
836 1330 1068 1395 peccato
1104 1343 1117 1380 :
1152 1326 1287 1381 audi
1317 1326 1514 1398 ipsum
1545 1331 1811 1383 sanctum
1841 1328 2018 1384 Joan-

311 1429 473 1481 nem,
504 1414 675 1485 cujus
712 1418 769 1469 et
817 1413 927 1469 hoc
969 1414 1346 1486 Evangelium
1378 1421 1485 1484 est,
1526 1416 1586 1472 in
1625 1416 1883 1487 Epistola
1912 1434 2021 1475 sua

304 1504 615 1574 dicentem,
658 1502 719 1558 Si
763 1503 1092 1573 dixerimus,
1134 1504 1343 1577 inquit,
1392 1505 1526 1578 quia
1581 1513 1865 1578 peccatum
1909 1523 2020 1563 non

303 1592 584 1660 habemus,
616 1608 712 1649 nos
743 1595 886 1665 ipsos
916 1594 1241 1667 decipimus,
1268 1604 1333 1657 et
1359 1596 1608 1651 veritatis
1639 1599 1695 1652 in
1725 1596 1879 1653 nobis
1907 1613 2019 1653 non

301 1691 381 1739 est
410 1682 593 1755 (Joan.
626 1699 667 1749 ι,
698 1684 773 1752 8).
809 1682 981 1739 Solus
1025 1682 1134 1740 hoc
1191 1684 1380 1741 dicere
1429 1686 1618 1758 potuit
1664 1686 1723 1741 in
1773 1687 2019 1743 mortuis

302 1772 474 1833 liber.
498 1773 569 1828 de
600 1772 722 1828 solo
754 1772 867 1829 dici
900 1774 1091 1843 potuit
1120 1774 1220 1845 qui
1247 1790 1361 1829 non
1393 1780 1631 1831 noverat
1670 1781 2012 1848 peccatum;

300 1866 374 1920 de
403 1862 526 1920 solo
560 1862 673 1919 dici
714 1862 897 1935 potuit
929 1879 943 1918 :
978 1864 1193 1920 etenim
1245 1868 1518 1936 expertus
1549 1874 1658 1935 est,
1700 1868 1898 1923 omnia
1928 1885 2020 1925 se-

300 1955 566 2011 cundum
614 1954 1066 2011 similitudinem
1115 1955 1242 2012 sine
1276 1962 1509 2028 peccato
1551 1959 1747 2030 (Hebr.
1795 1976 1872 2026 ιν,
1908 1960 2017 2032 15).

300 2045 480 2102 Solus
511 2046 701 2103 dicere
732 2046 943 2117 potuit,
975 2048 1102 2102 Ecce
1131 2048 1312 2102 veniet
1336 2050 1588 2120 princeps
1623 2050 1835 2118 mundi,
1869 2061 1921 2108 et
1958 2051 2021 2107 in

302 2152 392 2191 me
421 2136 567 2191 nihil
590 2135 857 2191 inveniet.
903 2138 1341 2209 Quemcumque
1380 2137 1561 2195 alium
1608 2138 1744 2196 licet
1791 2141 2017 2211 justum

302 2224 673 2292 discusseris,
706 2242 820 2280 non
841 2225 1174 2282 omnimodo
1198 2234 1281 2281 est
1313 2229 1441 2283 sine
1464 2234 1715 2299 peccato.
1742 2230 1853 2287 Nec
1875 2247 2019 2303 qua-

300 2314 380 2371 lis
413 2324 535 2371 erat
565 2315 693 2381 Job,
727 2315 819 2370 cui
852 2314 1128 2371 Dominus
1176 2316 1291 2372 tale
1321 2316 1714 2375 testimonium
1757 2320 2019 2391 perhibe-

296 2407 425 2475 bat,
465 2414 528 2461 ut
575 2406 844 2461 diabolus
876 2406 1179 2477 invideret,
1211 2411 1267 2462 et
1298 2406 1619 2478 postularet
1650 2411 2014 2479 tentandum,

299 2500 542 2551 tentans
575 2499 970 2567 superaretur,
1022 2500 1086 2551 ut
1132 2496 1229 2553 ille
1260 2498 1609 2569 probaretur
1646 2500 1791 2568 (Job.
1842 2517 1881 2561 ι,
1928 2500 2015 2574 ιι).

294 2587 437 2641 Ideo
470 2588 669 2641 autem
705 2583 798 2639 ille
822 2585 1100 2655 probatus
1130 2590 1238 2653 est,
1272 2603 1386 2642 non
1420 2588 1555 2659 quia
1583 2588 1803 2646 latebat
1832 2590 2015 2646 Deum

292 2674 695 2743 coronandus,
711 2675 811 2730 sed
829 2674 1295 2732 utinnotesceret
1314 2677 1648 2735 hominibus
1671 2679 2013 2737 imitandus.

288 2764 484 2820 Etiam
517 2763 643 2834 ipse
672 2762 781 2819 Job
812 2762 955 2835 quid
983 2764 1123 2820 dicit
1153 2764 1180 2819 ‘t
1220 2765 1352 2834 Quis
1378 2768 1527 2822 enim
1579 2770 1817 2825 mundus
1845 2774 1871 2823 γ
1911 2771 2019 2827 Nec

296 2856 514 2926 infans,
546 2854 705 2923 cujus
735 2859 817 2909 est
846 2853 1010 2909 unius
1048 2854 1162 2911 diei
1210 2857 1325 2911 vita
1351 2872 1516 2927 super
1537 2863 1747 2915 terram
1768 2861 1876 2932 (td.
1900 2878 2014 2932 xxv,

288 2945 344 3012 4,
382 2960 491 3001 sec.
538 2942 723 3015 LXX).
772 2944 879 3000 Sed
928 2943 1099 3015 plane
1150 2945 1318 3001 multi
1362 2947 1498 3013 iusti
1542 2948 1680 3004 dicti
1710 2960 1844 3005 sunt
1890 2951 2017 3009 sine

292 3033 556 3105 querela,
608 3033 764 3105 quod
795 3033 1140 3105 intelligitur
1188 3035 1315 3091 sine
1344 3036 1588 3093 crimine
1622 3055 1635 3093 :
1669 3039 1824 3097 nulla
1858 3042 2013 3099 enim

293 3122 543 3196 querela
565 3123 729 3193 jusla
758 3128 847 3179 est
877 3123 944 3179 de
986 3123 1076 3179 his
1110 3124 1166 3179 in
1215 3124 1387 3181 rebus
1432 3126 1730 3197 humanis,
1764 3131 1864 3202 qui
1898 3148 2013 3188 non

293 3211 522 3267 habent
552 3210 795 3268 crimen.
847 3210 1072 3268 Crimen
1102 3217 1301 3269 autem
1349 3218 1439 3270 est
1487 3222 1787 3287 peccatum
1821 3236 2011 3291 grave,

290 3300 674 3357 accusatione
728 3309 779 3356 et
821 3301 1191 3358 damnatione
1236 3303 1669 3376 dignissimum.
1720 3308 1843 3365 Non
1877 3327 2014 3382 ergo

297 3390 454 3447 Deus
484 3390 755 3463 quaedam
788 3398 1024 3462 peccata
1070 3393 1326 3460 damnat,
1360 3396 1621 3465 quaedam
1647 3398 1928 3468 justiticat
1957 3405 2015 3457 et

295 3477 547 3535 laudat:
615 3478 779 3535 nulla
826 3478 1045 3545 laudat,
1099 3481 1217 3537 odit
1271 3483 1487 3539 omnia.
1546 3485 1845 3548 Quomodo
1889 3490 2015 3546 odit

296 3569 571 3626 medicus
598 3569 1002 3641 aegritudinem
1052 3573 1273 3643 aegroti,
1325 3580 1381 3629 et
1410 3575 1463 3630 id
1497 3577 1616 3644 agit
1656 3581 1916 3635 curando
1948 3586 2015 3637 ut

294 3660 586 3731 agritudo
618 3659 887 3731 pellatur,
921 3678 1072 3735 aeger
1100 3662 1323 3720 levetur
1352 3684 1365 3723 :
1399 3667 1484 3723 sic
1515 3669 1667 3724 Deus
1690 3671 1877 3740 gratia
1906 3689 2014 3729 sua

295 3749 409 3807 hoc
450 3750 511 3805 in
546 3750 717 3805 nobis
769 3750 907 3820 agit,
959 3755 1022 3807 ut
1070 3758 1367 3825 peccatum
1412 3768 1807 3827 consumatur,
1841 3760 2013 3819 homo

296 3838 604 3895 liberetur.
626 3839 739 3895 Sed
764 3841 995 3910 quando
1018 3844 1401 3913 consumitur,
1436 3846 1705 3918 inquies?
1727 3848 1784 3904 Si
1807 3851 2017 3907 minui-

300 3931 418 3995 tur,
447 3944 630 4000 quare
661 3944 777 3983 non
808 3932 1216 3987 consumitur?
1264 3933 1546 3992 Minuitur
1576 3941 1768 3994 autem
1812 3939 1870 3995 in
1904 3942 2017 3998 vita

301 4016 760 4091 proficientium,
795 4019 947 4090 quod
980 4020 1036 4075 in
1066 4021 1188 4077 vita
1208 4025 1580 4081 consumitur
1608 4030 2015 4099 perfecturum.

380 4108 463 4163 10.
525 4106 720 4163 Prima
780 4113 869 4164 est
915 4124 1045 4180 ergo
1085 4110 1347 4179 libertas,
1406 4130 1597 4172 carere
1645 4118 2015 4178 criminibus.

305 4196 442 4252 Ideo
472 4199 531 4252 et
560 4195 864 4268 apostolus
911 4200 1130 4257 Paulus
1172 4205 1401 4272 quando
1451 4205 1625 4278 elegit
1671 4208 2027 4268 ordinandos

307 4284 397 4341 vel
423 4285 795 4358 presbyteros
824 4286 912 4343 vel
945 4288 1239 4360 diaconos,
1272 4298 1328 4349 et
1358 4295 1714 4368 quicumque
1753 4300 2028 4356 ordinan-

309 4376 414 4432 dus
443 4380 532 4434 est
563 4376 637 4433 ad
672 4379 1108 4447 praepositurum
1159 4382 1448 4454 Ecclesiae,
1485 4403 1599 4443 non
1633 4388 1735 4458 ait,
1786 4390 1845 4446 Si
1895 4392 2028 4463 quis

310 4466 431 4520 sine
463 4475 697 4535 peccato
729 4475 853 4536 est;
886 4468 994 4525 hoc
1023 4472 1179 4527 enim
1232 4473 1277 4527 si
1324 4474 1561 4547 diceret,
1612 4480 1805 4536 omnis
1853 4480 2027 4537 homo

309 4557 737 4626 reprobaretur,
772 4558 963 4615 nullus
985 4561 1390 4621 ordinaretur:
1424 4567 1521 4623 sed
1555 4568 1655 4638 ait,
1680 4571 1742 4626 Si
1772 4575 1892 4643 quis
1908 4572 2030 4629 sine

308 4647 538 4703 crimine
567 4654 650 4703 est
679 4647 726 4718 (Ι
751 4648 880 4704 Tim.
916 4666 1002 4717 ιιι,
1028 4652 1114 4718 10,
1146 4661 1199 4708 et
1225 4655 1330 4710 Tit.
1365 4673 1402 4722 ι,
1430 4656 1508 4729 6),
1537 4658 1707 4715 sicuti
1730 4667 1820 4717 est
1841 4662 2029 4719 homi-

308 4734 543 4803 cidium,
580 4736 952 4806 adulterium,
976 4739 1171 4812 aliqua
1199 4742 1578 4803 immunditia
1608 4748 2026 4820 fornicationis,

312 4825 553 4893 furtum,
578 4825 763 4895 fraus,
783 4828 1178 4903 sacrilegium,
1205 4837 1480 4892 etctetera
1500 4838 1857 4908 hujusmodi.
1884 4841 2027 4897 Cum

313 4915 548 4986 eruperit
569 4931 639 4971 ea
661 4931 774 4974 non
798 4916 1011 4977 habere
1035 4921 1205 4979 homo
1226 4923 1423 4995 (debet
1458 4932 1653 4983 autem
1678 4946 1792 4985 non
1816 4930 2031 4985 habere

314 5004 503 5063 omnis
532 5004 895 5063 christianus
927 5008 1143 5081 homo),
1178 5011 1384 5084 incipit
1413 5023 1583 5087 caput
1609 5018 1832 5090 erigere
1864 5021 1935 5075 ad
1960 5019 2031 5077 li-

314 5094 602 5151 bertatem
626 5110 642 5150 :
676 5097 779 5152 sed
804 5096 915 5153 ista
936 5097 1204 5157 inchoata
1222 5109 1329 5169 est,
1353 5120 1463 5161 non
1487 5106 1741 5179 perlecta
1768 5107 2028 5166 libertas.

315 5184 522 5254 Quare,
546 5184 739 5255 inquit
768 5184 1000 5258 aliquis,
1034 5206 1148 5246 non
1181 5196 1271 5248 est
1300 5195 1555 5264 perfecta
1578 5195 1815 5255 libertas
1835 5200 1863 5254 ?
1892 5200 2033 5264 Quia

320 5294 343 5325 ε
378 5273 542 5330 video
573 5273 748 5329 aliim
780 5273 965 5348 legem
999 5278 1057 5335 in
1091 5282 1369 5338 membris
1401 5284 1564 5352 meis,
1608 5292 2028 5358 repugnantem

316 5364 426 5435 legi
454 5366 676 5421 mentis
709 5381 882 5424 meae:
933 5386 1048 5427 non
1091 5372 1247 5428 enim
1280 5377 1434 5446 quod
1466 5376 1595 5432 volo
1626 5394 1754 5451 ago,
1788 5382 1888 5444 ait,
1931 5379 2030 5435 sed

316 5456 467 5530 quod
486 5455 585 5511 odi
610 5453 757 5511 illud
780 5457 925 5517 facio
953 5482 980 5511 »
998 5461 1204 5533 (Galat.
1232 5480 1281 5531 ν,
1304 5465 1413 5536 17),
1433 5488 1461 5517 (ι
1486 5470 1649 5535 Caro,
1672 5471 1876 5542 inquit,
1901 5484 2034 5525 con-

313 5545 565 5620 cupiscit
590 5545 871 5605 adversus
901 5552 1196 5623 spiritum,
1228 5556 1287 5610 et
1316 5556 1552 5627 spiritus
1591 5561 1868 5617 adversus
1902 5576 2036 5616 car-

312 5652 473 5707 nem,
501 5638 573 5693 ut
605 5650 725 5693 non
755 5652 819 5695 ea
845 5654 970 5710 qua:
999 5641 1174 5701 vultis
1208 5644 1309 5700 illa
1342 5646 1585 5705 faciatis.
1624 5650 1745 5707 nEx
1770 5654 1930 5723 parte
1949 5649 2031 5705 li-

1462 297 1941 359 TRACTATUS
1982 294 2140 356 XLI.
2191 293 2451 357 CAPUT
2499 293 2656 359 VIII.

3689 301 3843 363 1698

2124 428 2338 497 bertas,
2362 443 2430 485 ex
2454 432 2614 500 parte
2643 426 2927 485 servitus:
2966 428 3182 485 nodum
3217 432 3353 501 tota,
3380 433 3641 491 nondum
3672 450 3837 507 pura,

2127 518 2392 573 nondum
2424 517 2591 590 plena
2622 516 2883 584 libertas,
2916 516 3054 588 quia
3082 517 3346 575 nondum
3378 523 3690 579 aeternitas.
3727 524 3838 581 Ha-

2126 606 2331 663 bemus
2360 609 2513 664 enim
2546 625 2614 664 ex
2646 613 2808 679 parte
2855 606 3283 674 infirmitatem,
3316 625 3383 665 ex
3424 616 3584 683 parte
3612 614 3838 685 accepi—

2128 712 2260 752 mus
2289 696 2635 753 libertatem.
2669 696 2963 766 Quidquid
2999 704 3296 767 peccatum
3333 704 3420 755 est
3459 718 3490 756 a
3522 702 3712 771 nobis,
3735 720 3837 758 an-

2129 790 2222 842 tea
2243 787 2497 843 deletum
2526 791 2615 843 est
2636 787 2693 842 in
2717 787 3033 856 Baptismo.
3059 789 3353 860 Numquid
3377 791 3515 862 quia
3541 792 3730 849 deleta
3751 796 3842 848 est

2128 881 2249 933 tota
2276 877 2571 949 iniquitas,
2608 876 2772 933 nulla
2801 877 3082 934 remansit
3111 878 3426 937 inﬁrmitas
3457 881 3484 936 Ἰ
3514 882 3573 938 Si
3605 898 3720 939 non
3751 898 3842 940 re-

2131 967 2468 1037 mansisset,
2509 968 2637 1025 sine
2668 975 2900 1041 peccato
2950 968 3044 1024 hic
3074 968 3413 1028 viveremus.
3464 972 3608 1036 Quis
3648 977 3840 1030 autem

2131 1056 2342 1112 audeat
2371 1056 2482 1113 hoc
2514 1057 2703 1113 dicere
2734 1056 2843 1113 nisi
2874 1057 3184 1129 superbus,
3217 1059 3331 1115 nisi
3368 1060 3769 1118 misericordia
3790 1062 3852 1118 li-

2130 1145 2414 1201 beratoris
2464 1146 2767 1217 indignus,
2815 1147 2928 1201 nisi
2974 1148 3075 1217 qui
3102 1147 3363 1219 seipsum
3397 1150 3520 1205 vult
3557 1150 3845 1224 decipere,

2130 1241 2189 1290 et
2219 1235 2278 1290 in
2310 1252 2424 1307 quo
2452 1237 2661 1291 veritas
2692 1252 2805 1292 non
2828 1235 2962 1291 est?
2994 1238 3145 1308 Ergo
3175 1253 3245 1293 ex
3274 1256 3339 1295 eo
3374 1242 3527 1312 quod
3562 1241 3852 1297 remansit

2132 1323 2353 1395 aliquid
2389 1324 2769 1390 inﬁrmitatis,
2803 1326 2985 1381 audeo
3008 1325 3216 1396 dicere,
3239 1344 3308 1382 ex
3337 1345 3454 1399 qua
3483 1336 3641 1399 parte
3670 1330 3847 1387 servi-

2131 1429 2265 1470 mus
2292 1414 2426 1482 Deo,
2463 1414 2627 1470 liberi
2660 1430 2870 1471 sumus
2905 1432 2917 1469 :
2961 1432 3029 1470 ex
3076 1433 3188 1486 qua
3219 1422 3382 1487 parte
3414 1418 3698 1475 servimus
3727 1420 3842 1492 legi

2130 1507 2372 1576 peccati,
2422 1505 2612 1562 adhuc
2661 1506 2812 1562 servi
2859 1523 3087 1564 sumus.
3142 1507 3304 1564 Unde
3344 1510 3483 1565 dicit
3529 1512 3848 1582 Apostolus

2130 1596 2284 1667 quod
2318 1596 2505 1652 dicere
2536 1612 2897 1667 cmperamus
2918 1614 2937 1651 :
2984 1596 3335 1653 Condelector
3376 1599 3481 1668 legi
3511 1600 3611 1655 Dei
3638 1616 3849 1657 secun—

2128 1684 2259 1739 dum
2291 1684 2609 1741 interiorem
2640 1686 2942 1741 hominem.
2971 1686 3110 1742 Ecce
3135 1686 3288 1742 unde
3308 1686 3498 1755 liberi,
3533 1689 3685 1745 unde
3710 1706 3850 1747 con—

2129 1773 2485 1830 delectamur
2540 1774 2653 1847 legi
2713 1775 2857 1830 Dei:
2907 1774 3154 1831 libertas
3202 1775 3354 1831 enim
3386 1775 3657 1835 delectat.
3700 1778 3846 1835 Nam

2128 1864 2386 1933 quandiu
2421 1864 2628 1921 timore
2660 1864 2802 1920 facis
2850 1865 3003 1936 quod
3044 1866 3269 1936 justum
3318 1869 3424 1934 est,
3461 1882 3574 1923 non
3612 1868 3756 1924 Deus
3790 1872 3848 1924 te

2127 1952 2373 2009 delectat
2404 1956 2446 2011 ¹.
2479 1953 2769 2020 Quamdiu
2800 1954 2992 2009 adhuc
3023 1970 3224 2012 servus
3264 1954 3428 2022 facis,
3461 1959 3518 2011 te
3548 1972 3663 2012 non
3695 1957 3850 2014 dele-

2130 2046 2283 2099 ctat:
2315 2042 2558 2099 delectet
2586 2048 2662 2110 te,
2694 2048 2751 2099 et
2771 2043 2918 2099 liber
2948 2059 3030 2099 es.
3063 2043 3195 2099 Noli
3227 2044 3433 2101 timere
3464 2062 3717 2118 pmnam,
3741 2048 3844 2104 sed

2129 2148 2262 2188 ama
2284 2133 2601 2204 justitiam.
2630 2132 2898 2189 Nondum
2932 2136 3095 2205 potes
3125 2150 3324 2190 amare
3347 2135 3634 2205 justitiam
3658 2141 3687 2193 7
3708 2137 3843 2195 time

2128 2223 2215 2279 vel
2248 2240 2503 2295 pmnam,
2538 2227 2602 2278 ut
2632 2225 2931 2293 pervenias
2963 2224 3031 2279 ad
3060 2224 3365 2280 amandam
3390 2226 3702 2297 justitiam.

2200 2313 2288 2369 11.
2329 2315 2474 2381 Ergo
2510 2314 2626 2384 jam
2673 2312 2770 2369 ille
2818 2329 2887 2368 ex
2938 2316 3098 2384 parte
3145 2314 3446 2383 superiore
3488 2315 3735 2373 liberum
3782 2333 3846 2373 se

2127 2420 2256 2460 esse
2277 2403 2585 2471 sentiebat,
2621 2404 2772 2460 unde
2810 2404 3061 2464 dicebat,
3106 2404 3452 2462 Condelcctor
3489 2407 3599 2476 legi
3635 2409 3731 2465 Dei
3758 2424 3840 2465 se-

2127 2493 2368 2551 cundum
2390 2494 2712 2550 interiorem
2733 2495 3027 2549 hominem.
3053 2493 3308 2550 Delectat
3340 2511 3433 2551 me
3453 2495 3565 2565 lex,
3597 2496 3853 2554 delectat

2129 2599 2221 2638 me
2251 2584 2400 2655 quod
2432 2584 2596 2652 jubet
2626 2582 2738 2651 lex,
2780 2583 3028 2639 delectat
3077 2598 3165 2639 me
3196 2583 3326 2653 ipsa
3363 2584 3614 2654 justitia.
3674 2588 3844 2644 Video

2127 2678 2310 2729 autem
2340 2673 2514 2728 aliam
2544 2674 2720 2743 legem
2748 2676 2808 2728 in
2827 2673 3089 2729 membris
3125 2675 3299 2729 meis:
3333 2673 3452 2730 hzec
3484 2679 3573 2731 est
3601 2692 3728 2747 quas
3753 2694 3844 2733 re-

2126 2767 2343 2822 mansit
2372 2766 2722 2821 inﬁrmitas:
2756 2770 3155 2838 repugnantem
3195 2766 3336 2838 legis
3374 2769 3576 2823 mentis
3614 2784 3768 2837 mete,
3791 2776 3849 2826 et

2125 2857 2490 2926 captivantem
2521 2871 2607 2911 me
2654 2856 2717 2911 in
2757 2856 2875 2924 lege
2920 2857 3150 2925 peccati,
3195 2870 3321 2926 quae
3349 2863 3427 2911 est
3476 2860 3531 2912 in
3584 2859 3842 2914 membris

2124 2947 2282 3001 meis.
2316 2944 2394 2999 Ex
2425 2945 2531 3000 hac
2563 2948 2724 3015 parte
2772 2944 2949 3001 sentit
2996 2944 3413 3016 captivitatem,
3460 2945 3557 3001 ubi
3600 2964 3716 3003 non
3757 2952 3848 3004 est

2126 3034 2599 3106 impletajustitia
2623 3050 2636 3089 :
2664 3049 2799 3087 nam
2834 3032 2933 3088 ubi
2973 3032 3535 3107 condelectaturlegi
3577 3036 3702 3103 Dei,
3727 3054 3841 3093 non

2126 3124 2410 3195 captivus,
2444 3124 2544 3179 sed
2591 3122 2733 3193 legis
2764 3122 2990 3177 amicus
3028 3127 3153 3190 est;
3208 3129 3265 3177 et
3304 3123 3432 3179 ideo
3481 3124 3644 3194 liber,
3690 3128 3845 3197 quod

2127 3214 2373 3270 amicus.
2409 3213 2556 3277 Quid
2589 3228 2725 3282 ergo
2756 3228 2825 3267 ex
2854 3227 2920 3268 eo
2948 3212 3103 3282 quod
3134 3216 3311 3267 restat
3341 3213 3368 3266 ‘l
3400 3213 3571 3278 Quid,
3605 3215 3716 3269 nisi
3749 3232 3838 3273 rc-

2126 3302 2446 3374 spiciamus
2477 3304 2546 3357 ad
2572 3301 2740 3357 illum
2773 3303 2872 3373 qui
2904 3301 3069 3370 dixit,
3093 3300 3154 3356 Si
3180 3315 3270 3356 vos
3298 3300 3479 3357 Filius
3502 3302 3839 3376 liberaverit,

2125 3403 2257 3450 tunc
2281 3409 2403 3450 vere
2424 3394 2586 3449 liberi
2604 3393 2797 3448 eritis?
2836 3390 3095 3462 Denique
3119 3394 3176 3445 et
3198 3390 3323 3463 ipse
3346 3392 3444 3461 qui
3468 3390 3837 3464 loquebatur,

2124 3485 2196 3539 ad
2232 3483 2393 3538 illum
2428 3482 2722 3553 respexit:
2756 3501 2779 3531 α
2808 3480 3009 3536 Infelix
3038 3495 3171 3550 ergo
3196 3478 3387 3543 homo,
3416 3480 3547 3550 quis
3580 3496 3669 3536 mc
3693 3481 3842 3538 libe-

2126 3573 2298 3641 rabit,
2321 3575 2521 3644 inquit,
2546 3574 2615 3628 de
2635 3586 2874 3642 corpore
2905 3570 3102 3626 mortis
3133 3568 3307 3639 hujus
3326 3568 3354 3624 ‘l
3383 3569 3577 3625 Gratia
3616 3569 3716 3625 Dei
3740 3587 3846 3643 per

2123 3662 2321 3718 Jesum
2346 3662 2643 3718 Christum
2672 3659 2985 3715 Dominum
3006 3660 3449 3729 nostrum.Ergo
3467 3658 3515 3713 si
3532 3674 3629 3715 vos
3653 3658 3837 3717 Filius

2125 3751 2630 3819 liberaverit,tunc
2651 3764 2778 3804 vere
2794 3748 2959 3804 liberi
2982 3748 3165 3804 eritis.
3191 3770 3212 3797 ι
3235 3748 3484 3819 Denique
3505 3747 3585 3803 ita
3606 3747 3843 3805 conclu-

2125 3844 2226 3900 sit:
2253 3863 2281 3893 «
2299 3841 2607 3913 lgituripse
2621 3856 2725 3911 ego
2742 3848 2928 3896 mente
2950 3839 3137 3896 servio
3155 3836 3263 3906 legi
3287 3838 3406 3909 Dei,
3439 3854 3611 3894 carne
3642 3843 3840 3896 autem

2127 3932 2241 4004 legi
2275 3933 2496 4003 peccati
2528 3952 2556 3980 »
2588 3930 2763 4003 (Rom.
2796 3928 3116 3999 vn,19-25).
3148 3930 3270 4000 Ipse
3302 3944 3418 3998 ego,
3462 3928 3688 4000 inquit:
3727 3946 3842 3986 non

2128 4024 2284 4079 enim
2300 4023 2412 4077 duo
2440 4037 2651 4077 sumus
2673 4020 2826 4076 inter
2848 4036 2953 4075 nos
2975 4018 3248 4075 contrarii
3273 4018 3343 4074 de
3363 4019 3607 4075 diversis
3630 4020 3851 4092 princi-

2129 4113 2243 4184 piis
2273 4112 2601 4179 venientes;
2626 4111 2724 4167 sed
2748 4126 2841 4181 ego
2871 4111 2985 4182 ipse
3006 4118 3184 4164 mente
3204 4111 3381 4164 servio
3406 4110 3513 4179 legi
3543 4110 3661 4177 Dei,
3684 4126 3853 4166 carne

2132 4206 2317 4259 autem
2339 4202 2446 4273 legi
2466 4200 2697 4274 peccati,
2723 4199 3002 4271 quamdiu
3025 4198 3275 4270 languor
3308 4196 3635 4253 obluctatur
3655 4198 3852 4254 saluti.

2207 4294 2294 4348 12.
2327 4293 2436 4349 Sed
2485 4292 2533 4348 si
2585 4306 2759 4346 carne
2807 4288 2986 4345 servis
3036 4286 3146 4358 legi
3189 4285 3431 4357 peccati,
3465 4286 3555 4341 fac
3585 4287 3739 4355 quod
3772 4287 3855 4342 ait

2135 4385 2259 4456 ipse
2316 4383 2625 4455 Apostolus
2659 4398 2672 4436 :
2724 4382 2841 4435 Non
2870 4394 2995 4448 ergo
3041 4384 3236 4450 regnet
3274 4381 3555 4448 peccatum
3586 4377 3643 4431 in
3674 4389 3851 4435 vestro

2132 4470 2371 4527 mortali
2400 4484 2624 4541 corpore
2654 4468 2722 4523 ad
2769 4464 3132 4522 obediendum
3154 4462 3451 4519 desideriis
3500 4464 3641 4533 ejus,
3674 4474 3850 4535 neque

2134 4561 2436 4618 exhibeatis
2462 4558 2703 4613 membra
2720 4560 2900 4611 vestra
2922 4570 3085 4609 arma
3103 4552 3421 4624 iniquitatis
3438 4557 3652 4624 peccato
3664 4554 3847 4626 (Rom.

2134 4667 2208 4718 vr,
2242 4650 2325 4717 12,
2362 4646 2468 4717 13).
2502 4646 2627 4701 Non
2657 4644 2757 4711 ait,
2789 4642 2914 4699 Non
2947 4642 3065 4711 sit;
3102 4641 3225 4709 sed,
3260 4641 3374 4697 Non
3406 4648 3612 4712 regnet.
3646 4643 3853 4707 Quam-

2135 4740 2234 4795 diu
2260 4742 2555 4811 peccatum
2579 4751 2810 4792 necesse
2831 4738 3066 4790 estesse
3088 4733 3145 4788 in
3171 4731 3450 4788 membris
3478 4730 3616 4798 tuis,
3650 4730 3851 4788 saltem

2136 4828 2218 4885 illi
2241 4842 2485 4899 regnum
2509 4827 2820 4894 auferatur,
2847 4840 2962 4881 non
2993 4823 3096 4879 ﬁat
3116 4822 3271 4895 quod
3296 4820 3483 4891 jubet.
3505 4820 3703 4892 Surgit
3727 4820 3852 4875 ira?

2135 4919 2254 4976 noli
2286 4919 2422 4975 dare
2451 4917 2549 4973 iraa
2578 4916 2835 4987 linguam
2885 4917 2953 4971 ad
3006 4912 3512 4979 maledicendum;
3551 4910 3669 4965 noli
3712 4910 3851 4965 dare

2135 5009 2233 5066 ira:
2266 5024 2508 5064 manum
2539 5011 2640 5064 aut
2669 5006 2873 5078 pedem
2922 5005 2991 5060 ad
3027 5003 3376 5060 feriendum.
3414 5000 3537 5055 Non
3587 5002 3851 5068 surgeret

2136 5099 2223 5155 ira
2250 5099 2360 5154 ista
2390 5094 2829 5165 irrationabilis,
2862 5093 2976 5150 nisi
3026 5096 3325 5164 peccatum
3372 5091 3529 5144 esset
3561 5085 3622 5141 in
3659 5102 3850 5143 mem-

2137 5186 2296 5243 bris:
2332 5186 2432 5242 sed
2479 5184 2616 5241 tolle
2660 5182 2744 5238 illi
2793 5197 3063 5252 regnum,
3114 5194 3231 5235 non
3262 5176 3476 5232 habeat
3506 5189 3669 5231 arma
3694 5176 3855 5232 unde

2137 5280 2340 5332 contra
2386 5278 2442 5330 te
2491 5279 2747 5346 pugnet;
2785 5271 2969 5327 discet
3016 5268 3186 5324 etiam
3248 5282 3361 5322 non
3412 5278 3676 5334 surgere,
3716 5280 3850 5321 cum

2139 5382 2301 5423 arma
2332 5365 2568 5437 coeperit
2618 5378 2731 5418 non
2775 5358 3052 5416 invenire.
3101 5360 3216 5415 Non
3260 5354 3561 5411 exhibeatis
3606 5355 3853 5413 membra

2205 5477 2219 5508 ¹
2247 5474 2392 5522 Unus
2428 5487 2455 5521 e
2486 5472 2607 5519 Mss.
2638 5467 2853 5524 omittit,
2910 5469 3055 5515 Deus.
3088 5467 3245 5516 Forte
3276 5462 3847 5527 legenduanondum

2137 5538 2187 5584 te
2208 5536 2451 5584 delectat.
2495 5533 2613 5581 Mox
2645 5523 2853 5580 veteres
2881 5530 3090 5579 codices
3139 5523 3470 5579 Fossaténsis
3496 5536 3546 5573 et
3570 5523 3849 5576 Carcasso-

2139 5598 2318 5646 nensis
2337 5598 2747 5723 Fro'sequuntur
2778 5593 2851 5642 sic
2883 5606 2894 5641 :
2940 5592 3347 5657 Quamdiuv‘non
3390 5589 3637 5651 delectat,
3682 5589 3848 5641 adhuc

2139 5672 2311 5709 servus
2368 5673 2493 5709 acts.

2137 5672 2311 5709 servus
2340 5672 2493 5709 racss.
