4178 6192
347 306 503 368 1699

341 445 524 496 vestra
567 456 726 495 arma
773 436 1088 508 iniquitatis
1140 433 1354 504 peccato
1385 447 1404 490 ,'
1435 427 1676 498 aloquin
1713 426 1813 480 toti
1852 425 2065 494 captivi

350 531 542 598 cretis,
577 533 633 586 et
663 545 777 584 non
807 526 917 582 erit
946 525 1156 588 dicere,
1191 522 1363 576 Mente
1392 519 1570 574 servio
1603 517 1714 585 legi
1745 516 1860 570 Dei.
1895 514 2063 570 Mens

340 619 492 676 enim
527 619 576 674 si
609 622 799 674 teneat
827 632 1009 682 arma,
1060 611 1323 668 membra
1354 625 1468 663 non
1520 614 1828 662 moventur
1857 605 1916 659 in
1952 602 2062 656 mi-

342 708 646 764 nisterium
702 704 951 762 furentis
987 701 1226 775 peccati.
1258 701 1480 754 Teneat
1528 711 1720 752 arcem
1752 695 2067 766 imperator

342 799 604 866 interior,
629 797 764 868 quia
786 795 896 851 sub
920 795 1136 862 majore
1153 785 1849 861 temperatorejuvandus
1882 783 2064 838 assis-

341 889 450 955 tit;
483 890 667 944 frenet
700 886 864 952 iram,
898 887 1153 938 coerceat
1195 876 1753 947 concupiscentiam.
1797 875 1950 929 Inest
1979 878 2064 929 ta-

341 994 474 1034 men
507 978 659 1049 quod
684 977 966 1038 frenatur,
988 972 1137 1026 inest
1162 968 1315 1039 quod
1337 971 1692 1030 coercentur,
1716 965 1872 1020 inest
1908 962 2059 1034 quod

339 1071 622 1123 teneatur.
657 1065 802 1131 Quid
838 1068 1032 1118 autem
1072 1059 1297 1115 volebat
1329 1057 1427 1111 ille
1453 1056 1654 1125 justus
1705 1057 1895 1109 mente
1936 1066 2060 1107 ser-

337 1157 501 1211 viens
533 1155 643 1224 legi
673 1153 794 1219 Dei,
827 1152 938 1207 nisi
972 1155 1035 1206 ut
1065 1147 1302 1206 omnino
1337 1163 1452 1201 non
1490 1148 1645 1201 eset
1684 1145 1834 1215 quod
1871 1143 2059 1196 frena-

337 1247 537 1303 retur?
562 1247 632 1302 Et
662 1246 771 1300 hoc
803 1245 972 1301 debet
1003 1240 1201 1298 conari
1223 1238 1413 1295 omnis
1435 1237 1536 1309 qui
1559 1235 1745 1291 tendit
1772 1235 1838 1288 ad
1874 1233 2057 1304 perfe-

336 1337 617 1403 ctionem,
655 1340 716 1390 ut
742 1338 800 1389 et
829 1334 956 1403 ipsa
978 1328 1452 1401 concupiscentia
1480 1327 1568 1382 cui
1601 1341 1716 1379 non
1751 1323 1965 1377 dantur
1987 1323 2056 1376 ad

337 1424 726 1482 obediendum
750 1423 1030 1487 membra,
1064 1417 1323 1491 quotidie
1354 1417 1413 1471 in
1439 1414 1777 1486 proﬁciente
1824 1411 2056 1466 minua-

336 1520 452 1572 tur.
491 1513 650 1582 Velle,
682 1507 1302 1584 inquit,adiacetmihi,
1335 1506 1591 1577 perﬁcere
1630 1506 1818 1558 autem
1856 1503 2056 1556 bonum

337 1621 448 1660 non
479 1604 654 1675 (Rom.
686 1619 785 1668 vn,
821 1602 932 1670 18).
977 1597 1268 1669 Numquid
1293 1595 1457 1663 dixit,
1493 1594 1617 1651 Non
1651 1591 1793 1647 mihi
1835 1591 2057 1660 adjacet

337 1695 524 1750 facere
555 1693 774 1748 bonum
795 1690 822 1746 τ
845 1690 904 1746 Si
939 1689 1046 1745 hoc
1067 1687 1332 1752 dixisset,
1364 1700 1496 1755 spes
1526 1683 1690 1738 nulla
1720 1684 1894 1737 esset.
1929 1679 2054 1735 Non

336 1783 441 1849 ait,
473 1782 598 1838 Non
632 1780 775 1836 mihi
822 1780 1044 1850 adjacet
1088 1777 1295 1841 facere,
1327 1775 1450 1841 sed,
1502 1775 1620 1829 Non
1664 1770 1804 1826 mihi
1846 1769 2058 1837 adiacet

332 1871 617 1944 perﬁcere.
651 1871 784 1936 Quae
816 1874 903 1925 est
934 1868 1086 1924 enim
1122 1865 1391 1939 perfectio
1425 1863 1580 1930 boni,
1627 1861 1739 1917 nisi
1777 1877 2056 1916 consum-

335 1961 455 2033 ptio
487 1966 544 2016 et
592 1961 726 2016 finis
758 1959 944 2016 mali?
974 1960 1107 2024 Quae
1139 1964 1226 2012 est
1268 1958 1462 2010 autem
1491 1952 1856 2022 consumptio
1890 1950 2050 2018 mali,

335 2050 449 2106 nisi
479 2052 632 2122 quod
669 2051 780 2106 ch
812 2049 974 2114 dixit,
1005 2049 1119 2103 Non
1168 2047 1522 2116 concupisces
1552 2041 1747 2113 (Exod.
1780 2058 1872 2107 xx,
1910 2041 1992 2109 17)
2024 2048 2051 2102 ?

332 2140 583 2196 Omnino
633 2156 747 2195 non
803 2139 1212 2209 concupiscere
1261 2134 1530 2206 perfectio
1578 2131 1715 2186 boni
1763 2135 1871 2198 est,
1911 2131 2050 2201 quia

331 2231 701 2300 consumptio
732 2228 866 2282 mali
919 2235 1024 2282 est.
1078 2226 1194 2280 Hoc
1227 2225 1450 2279 dicebat
1484 2222 1599 2291 ille,
1659 2222 1922 2290 Per/icere
1954 2223 2046 2275 bo-

332 2337 462 2374 num
496 2335 604 2373 non
634 2316 777 2371 mihi
805 2316 1016 2386 adjacet
1041 2333 1060 2376 ,ο
1084 2316 1220 2384 quia
1248 2330 1358 2368 non
1397 2315 1620 2383 poterat
1646 2313 1829 2365 facere
1849 2314 1911 2364 ut
1934 2327 2042 2365 non

331 2407 802 2478 concupisceret:
842 2405 1085 2461 faciebat
1138 2409 1359 2458 tantum
1394 2407 1456 2456 ut
1510 2399 2043 2471 concupiscentiam

331 2500 666 2562 refrenaret,
694 2501 758 2552 ut
779 2495 1265 2565 concupiscentiae
1287 2509 1400 2548 non
1423 2491 1794 2557 consentiret,
1818 2496 1874 2544 et
1902 2506 2043 2544 con-

333 2587 702 2658 cupiscentiir
727 2586 987 2640 membra
1003 2586 1070 2638 ad
1097 2582 1437 2638 satellitium
1466 2598 1573 2636 nen
1594 2579 1883 2650 praeberet.
1909 2580 2042 2634 Per-

335 2679 495 2747 ﬁcere
525 2693 682 2748 ergo,
715 2676 926 2745 inquit,
959 2675 1160 2729 bonum
1181 2690 1290 2726 non
1321 2671 1462 2726 mihi
1491 2671 1699 2737 adiacet
1723 2685 1743 2723 :
1766 2686 1879 2724 non
1905 2687 2043 2741 pos-

327 2782 461 2821 sum
496 2763 738 2835 implere
766 2763 916 2833 quod
952 2763 1174 2816 dictum
1207 2765 1312 2824 est,
1344 2761 1458 2815 Non
1489 2758 1852 2828 concupisces.
1896 2758 2038 2823 Quid

327 2873 462 2926 ergo
480 2871 626 2924 opus
639 2853 764 2908 est?
778 2858 850 2910 Ut
873 2851 1140 2920 impleas,
1158 2857 1283 2907 Post
1302 2851 1770 2919 concupiscentias
1789 2859 1909 2904 (itas
1931 2866 2037 2905 non

329 2963 418 3000 eas
435 2945 622 3016 (Eccli.
639 2959 800 3008 xvm,
820 2943 928 3012 30).
955 2941 1070 2996 Hoc
1084 2956 1187 3010 age
1211 2940 1440 2994 interim
1459 2939 1737 3009 quamdiu
1757 2938 1955 2993 insunt
1977 2939 2039 2993 il-

328 3035 500 3090 licita:
526 3031 1076 3102 concupiscentiaein
1101 3045 1273 3084 carne
1291 3034 1410 3095 tua,
1436 3031 1563 3082 Post
1576 3027 2039 3097 concupiscentias

324 3129 447 3180 tuas
468 3138 576 3178 non
597 3139 705 3177 eas.
732 3121 899 3176 Mane
923 3121 979 3175 in
995 3120 1276 3175 servitute
1298 3118 1418 3186 Dei,
1435 3119 1489 3172 in
1514 3118 1772 3172 libertate
1793 3117 2036 3185 Christi;

328 3219 518 3269 mente
549 3213 697 3269 servi
730 3211 842 3283 legi
874 3212 973 3266 Dei
1003 3211 1107 3265 tui.
1137 3208 1261 3265 Noli
1291 3213 1344 3263 te
1379 3209 1515 3263 dare
1548 3208 2036 3276 concupiscentiis

324 3304 478 3361 tuis:
515 3303 812 3374 sequendo
842 3317 961 3366 eas,
983 3300 1135 3355 vires
1166 3299 1249 3355 eis
1273 3298 1440 3353 addis
1468 3317 1481 3364 ;
1516 3298 1739 3351 dandos
1771 3297 1855 3352 eis
1886 3297 2035 3352 vires

323 3395 614 3465 quomodo
632 3391 836 3459 vincis,
873 3389 1103 3462 quando
1126 3393 1327 3445 contra
1348 3392 1400 3443 te
1424 3387 1689 3442 inimicos
1723 3387 1910 3442 nutris
1951 3389 2034 3442 vi-

322 3484 482 3540 ribus
524 3483 644 3538 tuis
674 3481 701 3537 ?

393 3575 478 3628 13.
515 3575 648 3638 Qua»
679 3572 857 3643 igitur
885 3571 1124 3626 libertas
1148 3569 1316 3640 plena
1347 3573 1522 3639 atque
1556 3567 1809 3637 perfecta
1845 3567 1902 3622 in
1935 3566 2035 3623 illo

321 3663 562 3719 Domino
586 3666 719 3717 Jesu
754 3661 852 3732 qui
887 3660 1051 3727 dixit,
1085 3660 1144 3714 Si
1176 3675 1261 3714 vos
1302 3658 1475 3713 Filius
1521 3657 1855 3717 liberaverit,
1907 3662 2036 3711 tunc

321 3769 443 3808 vere
474 3753 637 3806 liberi
682 3753 873 3812 erilis;
921 3749 1149 3820 quando
1198 3749 1369 3820 plena
1413 3754 1468 3802 et
1510 3748 1757 3815 perfecta
1795 3747 2036 3802 libertas

318 3841 422 3897 erit
452 3841 478 3894 ‘2
506 3841 749 3903 Quando
781 3839 952 3893 nulla:
1002 3839 1344 3906 inimicitia},
1375 3839 1611 3908 quando
1645 3859 1672 3885 α
1717 3835 2035 3891 novissima

320 3927 558 3982 inimica
586 3929 914 3980 destruetur
962 3942 1140 3980 mors.
1191 3925 1420 3995 Oportet
1453 3924 1610 3979 enim
1661 3924 2035 3990 corrUptihile

322 4017 424 4071 hoc
449 4015 688 4070 induere
720 4014 1236 4084 incorruptionem,
1269 4019 1326 4069 et
1371 4013 1609 4068 mortale
1657 4012 1765 4068 hoc
1796 4013 2034 4068 induere

315 4103 814 4175 immortalitatem
843 4119 855 4156 :
884 4119 1011 4157 cum
1032 4107 1224 4158 autem
1257 4102 1496 4158 morlale
1518 4101 1626 4156 hoc
1651 4102 1907 4157 induerit
1929 4119 2034 4157 tm-

316 4193 758 4262 mortalitatem,
793 4197 932 4247 tunc
963 4191 1063 4246 iiet
1092 4207 1282 4247 sermo
1315 4193 1416 4262 qui
1448 4191 1702 4260 scriptus
1754 4197 1865 4259 est,
1912 4192 2036 4247 Ab-

315 4288 518 4355 sorpta
547 4290 632 4339 est
665 4298 819 4338 mors
851 4284 908 4336 in
941 4282 1264 4337 victoriam.
1302 4281 1407 4337 Ubi
1441 4285 1552 4348 est,
1587 4297 1761 4346 mors,
1802 4286 2037 4338 conten-

313 4373 391 4429 tio
423 4376 519 4428 tua
551 4394 579 4423 ››
608 4373 654 4443 (Ι
682 4372 799 4429 Cor.
829 4388 918 4437 xv,
948 4372 1040 4438 26,
1071 4371 1165 4438 53,
1193 4371 1284 4438 54,
1305 4371 1398 4442 55)
1430 4371 1458 4424 ‘l
1488 4370 1632 4435 Quid
1665 4375 1773 4435 est,
1808 4372 1905 4427 Ubi
1934 4376 2031 4440 est,

311 4478 476 4528 mors,
509 4463 782 4518 contentio
813 4470 905 4516 tua
925 4464 1107 4518 ?Caro
1147 4460 1599 4533 concupiscebat
1631 4459 1889 4515 adversus
1924 4465 2033 4531 spi-

311 4554 500 4621 ritum,
531 4559 586 4607 et
615 4552 845 4619 spiritus
872 4550 1130 4606 adversus
1151 4567 1396 4619 carnem,
1422 4551 1522 4606 sed
1546 4552 1779 4622 quando
1814 4551 2030 4620 peccati

310 4659 441 4698 caro
473 4641 720 4711 vigebat.
758 4641 858 4698 Ubi
885 4649 984 4710 est,
1030 4657 1196 4703 mors,
1228 4640 1502 4697 contentio
1548 4644 1644 4695 tua
1672 4643 1742 4695 Μ
1753 4657 1845 4696 am
1878 4641 2027 4697 vive-

311 4747 467 4797 mus,
495 4730 616 4798 jam
651 4746 763 4785 non
799 4730 1138 4798 moriemur,
1171 4730 1228 4784 in
1251 4729 1349 4784 illo
1382 4730 1482 4801 qui
1532 4746 1634 4799 pro
1681 4730 1848 4784 nobis
1882 4746 2031 4785 mor-

314 4827 443 4876 tuus
484 4827 567 4873 est
599 4821 652 4873 et
685 4819 1035 4873 resurrexit:
1072 4819 1244 4888 utqui
1284 4822 1493 4885 vivunt,
1527 4819 1738 4889 inquit,
1762 4820 1886 4889 jam
1919 4835 2029 4876 non

308 4910 417 4967 sibi
441 4911 644 4977 vivant,
664 4907 755 4962 sed
785 4909 837 4963 ei
866 4909 962 4977 qui
979 4922 1080 4976 pro
1104 4910 1233 4979 ipsis
1253 4919 1492 4963 mortuus
1524 4917 1602 4964 est
1632 4914 1683 4962 et
1724 4912 2026 4965 resurrexit

310 5000 380 5071 (ll
415 4999 535 5055 Cor.
567 5015 620 5064 v,
656 4997 762 5068 15).
807 4997 1114 5052 Precemur
1145 4995 1438 5052 medicum
1487 4997 1692 5063 saucii,
1736 5001 2030 5067 portemur

309 5090 369 5144 in
401 5085 696 5143 stabulum
731 5085 993 5142 curandi.
1025 5085 1125 5142 Ille
1146 5090 1235 5142 est
1256 5086 1407 5141 enim
1442 5085 1540 5156 qui
1566 5087 1850 5157 promittit
1874 5091 2028 5145 sani-

307 5183 505 5243 tatem,
537 5178 638 5249 qui
673 5176 988 5232 miseratus
1020 5179 1105 5230 est
1135 5176 1193 5230 in
1228 5176 1317 5230 via
1348 5175 1688 5231 semivivum
1731 5194 1762 5230 a
1793 5176 2022 5234 latroni-

309 5271 418 5324 bus
449 5268 871 5323 derelictum‘:
921 5266 1130 5321 infudit
1179 5264 1370 5321 oleum
1421 5271 1479 5321 et
1524 5267 1751 5332 vinum,
1799 5268 2027 5324 curavit

308 5357 570 5419 vulnera,
593 5354 873 5410 levavitin
899 5355 1258 5424 jumentum,
1295 5355 1564 5426 perduxit
1592 5353 1649 5408 in
1695 5354 2020 5423 stabulum,

311 5443 626 5500 stabulario
675 5443 1117 5499 commendavit.
1185 5445 1286 5500 Cui
1339 5444 1652 5500 stabulario
1681 5444 1708 5499 ?
1737 5445 1904 5501 Forte
1937 5447 2020 5501 illi

312 5533 409 5607 qui
443 5530 608 5596 dixit,
657 5533 766 5588 Pro
814 5532 1028 5590 Christo
1059 5533 1327 5605 legatione
1363 5533 1658 5606 fungimur
1687 5535 1853 5606 (Ibid.
1902 5536 2015 5610 20).

375 5634 389 5669 ¹
420 5630 564 5690 Μαι,
582 5628 853 5678 miseratus
865 5631 939 5679 est
953 5630 1009 5680 in
1038 5631 2016 5688 oiasemivivoalatronibusderelicto.

1311 296 1389 356 IN
1433 291 1752 355 JOANNIS
1798 289 2342 361 EVANGELIUM,
2387 290 2457 350 S.
2504 291 2927 354 AUGUSTINI

3735 299 3892 359 1700

2174 421 2346 477 Dedit
2367 422 2541 478 etiam
2568 425 2714 480 duos
2739 442 3031 494 nummos,
3062 427 3160 497 qui
3197 427 3672 498 impenderentur
3693 435 3893 488 saucio

2177 513 2436 567 curando
2469 514 2618 584 (Luc.
2661 531 2716 576 x,
2749 516 2989 586 30-35):
3043 517 3186 572 forte
3235 516 3363 589 ipsa
3407 525 3546 575 sunt
3593 522 3710 576 duo
3746 541 3891 595 prte-

2173 607 2360 672 cepta,
2391 603 2448 657 in
2481 604 2696 674 quibus
2729 609 2850 660 tota
2881 605 2989 660 Lex
3018 607 3229 677 pendet
3255 612 3312 662 et
3342 608 3638 677 PrOpbeta
3672 613 3887 682 (Matth.

2172 707 2308 761 xxu,
2342 693 2549 761 37-60).
2585 694 2754 766 Ergo,
2797 696 3024 763 fratres,
3057 702 3112 752 et
3143 696 3400 753 Ecclesia
3447 697 3556 754 hoc
3606 706 3888 774 tempore,

2173 782 2231 836 in
2268 798 2378 851 qua
2415 783 2656 840 saucius
2711 789 2971 853 sanatur,
3027 787 3327 843 stabulum
3361 793 3449 844 est
3479 789 3758 848 viatoris:
3786 795 3886 849 sed

2169 873 2286 942 ipsi
2319 872 2583 929 Ecclesia:
2615 889 2846 930 sursum
2881 879 2964 930 est
2997 875 3304 932 hereditas
3336 882 3714 949 possessoris.

2740 965 3169 1022 TRACTATUS
3199 967 3376 1023 XLII.

2172 1053 2247 1107 Ab
2278 1068 2337 1109 eo
2366 1054 2504 1124 quod
2534 1053 2800 1126 scriptum
2831 1061 2933 1122 est,
2965 1057 3093 1112 Scio
3121 1057 3259 1128 quia
3291 1057 3394 1114 filii
3439 1061 3687 1119 Abrahts
3731 1065 3896 1135 estis,

2241 1143 2340 1198 sed
2371 1144 2639 1214 qumritis
2672 1160 2764 1200 me
2795 1145 3120 1201 interficere
3149 1164 3160 1212 ;
3186 1162 3352 1218 usque
3373 1148 3443 1203 ad
3473 1150 3550 1216 id,
3584 1151 3897 1225 Propterea

2238 1248 2338 1288 vos
2369 1250 2482 1288 non
2517 1235 2754 1302 auditis,
2790 1235 2924 1306 quia
2956 1251 3025 1290 ex
3073 1235 3188 1291 Deo
3241 1253 3357 1292 non
3414 1239 3720 1314 estis.Cap.
3755 1261 3879 1315 VlII,

2240 1323 2293 1391 ᾖ.
2331 1323 2528 1378 37-47.

2242 1412 2291 1466 1.
2325 1410 2606 1467 Dominus
2631 1417 2827 1468 noster
2849 1413 3021 1468 etiam
3045 1413 3103 1468 in
3132 1415 3317 1470 forma
3338 1417 3486 1472 servi
3524 1435 3637 1475 non
3662 1437 3888 1494 servus,

2167 1500 2269 1555 sed
2305 1499 2362 1554 in
2396 1502 2579 1556 forma
2611 1501 2784 1556 etiam
2836 1502 2982 1556 servi
3032 1501 3314 1560 Dominus
3374 1505 3507 1577 (fuit
3538 1509 3751 1581 quippe
3782 1512 3886 1570 illa

2167 1589 2358 1643 carnis
2393 1589 2575 1644 forma
2604 1588 2852 1657 servilis,
2904 1591 3000 1645 sed
3035 1592 3300 1662 quamvis
3358 1603 3510 1650 esset
3555 1597 3882 1657 similitudo

2165 1677 2355 1732 carnis
2388 1678 2608 1749 peccati
2651 1679 2825 1751 [Rom
2878 1695 2996 1749 mi,
3028 1680 3104 1751 3],
3139 1697 3254 1736 non
3285 1690 3403 1737 erat
3433 1700 3565 1741 caro
3612 1691 3878 1762 peccati),

2165 1766 2490 1822 libertatem
2534 1769 2800 1836 promisit
2842 1770 3217 1827 credentibus
3258 1772 3316 1826 in
3369 1789 3471 1830 se:
3522 1774 3712 1833 Judaei
3743 1795 3878 1836 vero

2164 1861 2441 1927 tanquam
2469 1855 2538 1911 de
2560 1874 2661 1912 sua
2687 1855 2952 1913 libertate
2973 1859 3393 1929 superbientes,
3417 1863 3710 1935 dedignati
3740 1878 3880 1925 sunt

2162 1946 2284 2001 fieri
2317 1946 2507 2012 liberi,
2541 1963 2674 2002 cum
2707 1953 2901 2003 essent
2933 1949 3081 2004 servi
3130 1951 3362 2021 peccati.
3401 1953 3534 2009 Ideo
3583 1962 3779 2014 autem
3823 1977 3886 2015 se

2159 2036 2371 2094 liberos
2391 2054 2515 2093 esse
2537 2037 2827 2104 dixerunt,
2851 2040 2989 2110 quia
3033 2057 3229 2096 semen
3251 2051 3412 2098 erant
3434 2045 3701 2103 Abrahae.
3728 2050 3879 2113 Quid

2160 2143 2294 2200 ergo
2325 2129 2409 2184 eis
2435 2130 2503 2183 ad
2534 2129 2649 2183 hiec
2676 2129 3038 2201 responderit
3060 2129 3363 2200 Dominus,
3397 2133 3682 2193 hodierna
3715 2138 3887 2196 lectio

2159 2233 2290 2272 cum
2346 2219 2712 2285 recitaretur,
2775 2219 3127 2276 audivimus.
3171 2225 3318 2288 Scio,
3351 2223 3560 2296 inquit,
3593 2230 3726 2298 quia
3775 2233 3889 2298 filii

2156 2308 2392 2365 Abrahae
2419 2309 2585 2364 estis:
2634 2309 2724 2363 sed
2761 2308 3004 2381 quaeritis
3051 2325 3137 2366 me
3167 2313 3488 2382 interﬁcere,
3528 2319 3659 2388 quia
3702 2335 3880 2375 sermo

2155 2415 2304 2456 meus
2358 2416 2468 2453 non
2523 2397 2667 2468 capit
2707 2401 2763 2453 in
2812 2399 2982 2454 vobis.
3015 2402 3280 2472 Agnosco
3330 2420 3448 2470 vos,
3500 2404 3688 2476 inquit
3720 2426 3733 2463 :
3765 2411 3882 2477 ﬁlii

2152 2488 2383 2546 Abrahae
2414 2489 2560 2555 estis,
2592 2489 2682 2541 sed
2713 2490 2953 2559 queritis
2976 2505 3060 2543 me
3083 2490 3404 2562 interﬁcere.
3431 2497 3694 2566 Agnosco
3737 2515 3875 2554 car-

2154 2578 2244 2634 nis
2267 2578 2571 2649 originem,
2599 2594 2711 2632 non
2735 2579 2926 2633 cordis
2951 2579 3142 2635 fidem.
3174 2581 3307 2636 Filii
3329 2585 3570 2642 Abrahw
3595 2591 3742 2653 estis,
3768 2591 3869 2645 sed

2151 2667 2472 2723 secundum
2505 2683 2759 2723 carnem.
2793 2667 2944 2735 Ideo,
2969 2668 3183 2740 inquit,
3204 2672 3460 2741 quaeritis
3490 2690 3578 2730 me
3595 2677 3836 2733 occidere
3866 2696 3886 2730 .-

2149 2773 2322 2813 sermo
2346 2757 2499 2811 enim
2523 2773 2674 2812 meus
2698 2774 2808 2810 non
2825 2757 2975 2828 capit
3005 2760 3063 2812 in
3089 2760 3256 2815 vobis.
3283 2761 3339 2816 Si
3358 2778 3548 2819 sermo
3581 2782 3744 2822 meus
3776 2784 3878 2824 ca-

2149 2853 2398 2919 peretur,
2434 2852 2702 2918 caperet;
2730 2847 2774 2902 si
2798 2850 3168 2918 caperemini,
3203 2852 3356 2906 intra
3388 2854 3529 2908 retia
3561 2856 3692 2911 ﬁdei
3731 2863 3872 2913 tan-

2149 2955 2325 3010 quam
2363 2939 2548 3010 pisces
2582 2938 3092 2995 concluderemini.
3121 2941 3261 3007 Quid
3289 2949 3376 2998 est
3397 2961 3552 3016 ergo,
3579 2964 3685 3004 non
3718 2952 3873 3019 capit

2147 3029 2206 3084 in
2239 3029 2569 3084 vobis?Non
2603 3031 2757 3099 capit
2783 3046 2880 3084 cor
2902 3035 3182 3097 vestrum,
3217 3033 3354 3103 quia
3385 3052 3496 3089 nou
3532 3037 3812 3109 recipitur
3836 3058 3868 3096 a

2147 3120 2317 3173 corde
2350 3126 2558 3174 vestro.
2586 3119 2679 3173 Sic
2702 3117 2853 3172 enim
2879 3123 2965 3173 est
2988 3135 3177 3176 sermo
3197 3120 3316 3186 Dei,
3351 3127 3408 3177 et
3429 3123 3512 3178 sic
3533 3139 3663 3181 esse
3693 3127 3865 3184 debet

2147 3207 2440 3274 fidelibus,
2466 3213 2747 3279 tanquam
2807 3209 2952 3278 pisci
2994 3209 3204 3265 hamus
3232 3235 3246 3278 ;
3279 3219 3413 3266 tunc
3445 3215 3598 3285 capit
3630 3221 3866 3287 quando

2145 3298 2394 3367 capitur.
2422 3300 2532 3352 Nec
2554 3299 2616 3352 lit
2648 3298 2862 3368 injuria
2887 3299 3003 3354 illis
3027 3300 3123 3368 qui
3150 3302 3453 3373 capiuntur
3476 3321 3490 3360 :
3517 3307 3584 3360 ad
3617 3307 3871 3366 salutem

2146 3386 2383 3456 quippe,
2421 3402 2534 3440 nan
2568 3387 2636 3440 ad
2667 3385 2981 3456 perniciem
3022 3387 3356 3458 capiuntur.
3393 3389 3554 3448 Unde
3585 3395 3871 3452 Dominus

2145 3474 2453 3544 discipulis
2470 3474 2596 3530 suis
2627 3475 2706 3529 ait
2732 3491 2744 3530 :
2775 3475 2961 3530 Venite
2978 3481 3101 3545 post
3123 3493 3227 3544 me,
3260 3488 3315 3533 et
3337 3480 3546 3547 faciam
3566 3498 3656 3538 vos
3684 3487 3870 3553 pisca—

2145 3572 2283 3620 tores
2306 3564 2809 3631 hominum(Matth.
2837 3582 2912 3634 tv,
2937 3566 3042 3638 19).
3059 3567 3182 3622 Non
3207 3583 3342 3638 ergo
3369 3569 3465 3624 isti
3488 3578 3653 3627 erant
3677 3574 3822 3629 tales
3847 3592 3862 3629 :

2145 3657 2202 3709 et
2225 3660 2418 3708 tamen
2447 3652 2547 3707 lilii
2575 3654 2814 3709 Abrahm
2837 3655 3146 3724 erant;filii
3171 3657 3426 3712 hominis
3443 3659 3564 3729 Dei,
3602 3660 3869 3718 homines

2145 3742 2353 3814 iniqui.
2387 3743 2721 3798 Trahebant
2749 3743 2904 3798 enim
2929 3746 3118 3800 carnis
3159 3762 3366 3817 genus,
3410 3749 3510 3803 sed
3545 3750 3863 3822 degeneres

2146 3831 2277 3888 facti
2311 3837 2498 3899 erant,
2524 3849 2638 3887 non
2663 3832 2942 3888 imitando
2969 3834 3138 3889 [idem
3165 3835 3326 3891 illius
3349 3838 3517 3907 cujus
3541 3839 3643 3894 ﬁlii
3673 3848 3864 3898 erant.

2214 3923 2267 3975 2.
2303 3923 2556 3977 Audistis
2589 3927 2740 3978 certe
2771 3923 3082 3978 Dominum
3110 3925 3424 3993 dicentem,
3457 3927 3578 3983 Scio
3600 3930 3736 3999 quia
3755 3933 3868 3999 ﬁlii

2145 4011 2376 4067 Abrahae
2396 4013 2564 4076 estis;
2593 4013 2791 4068 audite
2821 4013 2956 4082 quid
2991 4013 3145 4068 dicat
3177 4020 3409 4085 postea:
3444 4019 3552 4087 Ego
3573 4022 3712 4090 quod
3743 4020 3864 4078 vidi

2144 4102 2290 4171 apud
2319 4105 2529 4173 patrem
2567 4118 2770 4162 meum,
2806 4102 2994 4174 loquor
3024 4123 3044 4169 ;
3073 4111 3126 4158 et
3155 4120 3246 4159 vos
3275 4121 3400 4176 qua":
3457 4108 3669 4163 vidistis
3717 4113 3864 4182 apud

2141 4204 2360 4264 patrem
2392 4198 2653 4258 vestrum,
2707 4193 2915 4262 facitis.
2958 4193 3087 4248 Jaiu
3119 4195 3365 4263 dixerat,
3409 4196 3530 4253 Scio
3561 4199 3695 4269 quia
3746 4201 3867 4271 ﬁlii

2141 4283 2374 4338 Abrahw
2398 4283 2542 4338 estis.
2565 4283 2714 4348 Quid
2729 4291 2920 4338 autem
2944 4283 3166 4338 iaciunt
3184 4284 3210 4339 ?
3231 4287 3393 4350 Quod
3416 4289 3499 4343 eis
3513 4287 3677 4358 dixit,
3703 4293 3864 4359 Quae-

2141 4374 2275 4427 ritis
2305 4388 2390 4427 me
2416 4371 2686 4427 occidere.
2721 4372 2837 4428 Hoc
2869 4373 3024 4443 apud
3053 4374 3338 4430 Abraham
3373 4393 3676 4449 nunquam
3700 4381 3861 4437 vide-

2141 4466 2299 4518 runt.
2325 4461 2608 4516 Dominus
2630 4466 2824 4517 autem
2852 4461 3078 4518 Patrem
3097 4463 3280 4519 Deum
3305 4465 3429 4521 vult
3452 4466 3696 4540 intelligi
3720 4486 3855 4527 cum

2140 4552 2304 4620 dicit,
2337 4552 2470 4618 Quae
2497 4551 2611 4606 vidi
2637 4553 2783 4622 apud
2807 4555 3025 4608 Patrem
3054 4571 3257 4625 meum,
3286 4556 3497 4627 loquor.
3533 4558 3853 4616 Veritatem

2139 4640 2278 4710 vidi,
2311 4640 2610 4696 veritatem
2634 4640 2857 4712 loquor,
2883 4643 3022 4713 quia
3043 4643 3264 4701 Veritas
3288 4661 3440 4701 sum.
3468 4648 3529 4703 Si
3557 4650 3713 4705 enim
3742 4651 3852 4706 Do-

2139 4731 2339 4787 minus
2359 4731 2665 4786 veritatem
2691 4732 2950 4803 loquitur
2973 4750 3148 4804 quam
3171 4736 3479 4808 viditapud
3507 4738 3728 4797 Patrem
3757 4757 3769 4806 ;
3797 4758 3861 4797 se

2137 4822 2304 4888 vidit,
2331 4838 2394 4878 se
2425 4821 2710 4890 loquitur:
2754 4824 2888 4894 quia
2915 4825 3038 4894 ipse
3059 4838 3149 4880 est
3175 4825 3402 4883 Veritas
3433 4828 3642 4896 Patris,
3677 4847 3857 4903 quam

2133 4911 2282 4967 vidit
2310 4914 2461 4984 apud
2488 4914 2714 4969 Patrem
2742 4931 2756 4981 ;
2791 4913 2914 4985 ipse
2933 4919 3024 4971 est
3052 4915 3209 4971 enim
3233 4916 3504 4987 Verbum,
3535 4921 3686 4989 quod
3712 4921 3857 4978 Ver-

2137 5001 2272 5056 bum
2306 5006 2429 5056 erat
2457 5003 2607 5071 apud
2640 5002 2847 5058 Deum.
2883 5003 2980 5058 lati
3011 5019 3146 5076 ergo
3177 5004 3398 5062 malum
3431 5009 3581 5078 quod
3609 5009 3852 5076 faciunt,

2134 5091 2287 5162 quod
2305 5090 2588 5146 Dominus
2603 5091 3210 5164 objurgatetcorripit,
3235 5094 3335 5150 ubi
3363 5094 3853 5170 viderunt?Apud

2133 5184 2354 5252 patrem
2400 5197 2592 5237 suum.
2639 5181 2782 5236 Cum
2833 5182 3196 5239 audierimus
3251 5185 3308 5240 in
3349 5189 3852 5259 consequentibus

2133 5269 2392 5340 apertius
2423 5270 2642 5325 dictum
2671 5270 2772 5342 qui
2821 5270 2899 5326 sit
2931 5287 3131 5328 eorum
3181 5278 3364 5345 pater,
3387 5279 3528 5331 tunc
3559 5277 3847 5350 intellige-

2132 5374 2266 5414 mus
2294 5359 2491 5430 qualia
2517 5359 2769 5415 viderint
2790 5361 2942 5432 apud
2967 5360 3144 5418 talem
3180 5372 3440 5435 patrem:
3473 5367 3664 5423 adhuc
3687 5371 3845 5426 enim

2130 5464 2244 5504 non
2280 5449 2544 5504 nominat
2576 5457 2798 5520 patrem
2829 5450 3116 5522 ipsorum.
3151 5452 3332 5510 Paulo
3363 5456 3634 5528 superius
3663 5460 3849 5516 Abra-

2130 5536 2262 5596 ham
2287 5539 2782 5611 commemoravit,
2799 5542 2899 5598 sed
2925 5543 3115 5598 carnis
3137 5542 3384 5616 origine,
3401 5561 3515 5602 non
3537 5546 3666 5604 vita
3688 5548 3856 5606 simi-

2124 5625 2370 5688 litudine
2390 5629 3084 5692 :dicturusestalternum
3098 5634 3600 5707 patremillorum,
3617 5638 3716 5712 qui
3738 5656 3847 5700 nec
