4178 6192
271 295 302 353 1
315 295 427 352 ’101

264 433 464 506 genuit
485 447 603 497 eos,
629 445 735 485 nec
756 426 967 484 creavit
1000 430 1062 481 ut
1081 423 1351 480 homines
1373 427 1569 479 essent
1597 438 1610 476 :
1645 423 1745 477 sed
1777 425 1976 476 tamen

266 524 371 579 filii
408 526 572 578 erant
600 521 728 591 ejus
763 519 819 572 in
844 522 1126 589 quantum
1164 514 1295 569 mali
1329 518 1513 581 erant,
1541 529 1653 567 non
1701 513 1756 566 in
1793 527 1981 582 quan-

271 625 394 672 tum
421 611 687 668 homines
717 614 881 664 erant
909 626 922 674 ;
955 607 1014 662 in
1046 622 1160 676 quo
1191 604 1423 663 imitati,
1450 621 1563 658 non
1593 604 1745 673 quod
1781 601 1980 656 creati-

340 703 393 755 3.
431 699 860 770 Responderunt,
895 705 946 750 et
977 695 1241 750 dixerunt
1269 695 1320 748 ei
1338 712 1356 746 :
1380 695 1552 747 Pater
1583 702 1762 746 noster
1811 691 1981 744 Abra-

267 793 395 846 ham
426 798 510 845 est
539 807 556 842 :
591 787 781 860 quasi,
806 785 952 853 Quid
972 790 1030 839 tu
1054 783 1318 838 dicturus
1341 798 1401 837 es
1425 785 1624 837 contra
1643 780 1934 835 Abraham
1957 779 1984 833 ‘Z

266 886 389 947 aut,
421 881 479 934 Si
512 878 728 948 aliquid
764 880 945 947 potes,
979 874 1127 928 aude
1187 871 1606 943 reprehendere
1669 870 1981 926 Abraham.

271 971 396 1025 Non
433 969 570 1040 quia
603 965 884 1022 Dominus
917 980 1029 1018 non
1063 963 1311 1017 audebat
1341 960 1761 1032 reprehendere
1806 959 1982 1014 Abra-

268 1061 402 1116 ham
436 1081 452 1123 ;
473 1058 571 1112 sed
596 1055 726 1110 talis
747 1059 869 1110 erat
898 1053 1192 1108 Abraham
1215 1051 1313 1122 qui
1332 1067 1446 1104 non
1463 1049 1986 1119 reprehenderetur

267 1166 299 1203 a
330 1145 600 1212 Domino,
630 1145 728 1198 sed
755 1141 945 1213 potius
969 1141 1307 1196 laudaretur
1337 1156 1352 1196 :
1387 1143 1578 1194 tamen
1600 1139 1690 1192 isti
1719 1136 1985 1191 videban-

271 1242 368 1292 tur
397 1252 528 1290 sum
556 1248 892 1304 provocare,
923 1236 987 1286 ut
1017 1230 1236 1300 aliquid
1270 1228 1406 1284 mali
1432 1229 1649 1284 diceret
1692 1227 1761 1282 de
1803 1229 1983 1282 Abra-

269 1325 428 1388 ham,
461 1328 518 1378 et
546 1326 702 1377 esset
732 1319 956 1376 occasio
991 1318 1233 1375 faciendi
1257 1317 1409 1388 quod
1440 1316 1791 1387 cogitabant.
1822 1316 1988 1369 Pater

269 1420 457 1468 noster
486 1412 764 1466 Abraham
793 1414 891 1466 est.

340 1503 394 1556 4.
428 1500 755 1556 Audiamus
785 1499 1080 1570 quomodo
1132 1497 1216 1552 eis
1265 1494 1632 1566 responderit
1679 1492 1983 1561 Dominus,

271 1609 404 1648 cum
438 1591 677 1647 illorum
713 1589 1091 1645 damnatione
1114 1587 1361 1642 laudans
1384 1584 1695 1654 Abraham,
1735 1584 1881 1638 Dicit
1903 1583 1987 1637 eis

267 1686 432 1739 Iesus
462 1699 482 1735 :
514 1681 578 1736 Si
593 1681 706 1750 ﬁlii
735 1679 974 1734 Abrahae
1005 1679 1332 1747 estis,opera
1361 1674 1599 1731 Abrahae
1615 1676 1806 1741 facite.
1831 1671 1988 1727 Nunc

270 1776 456 1827 autem
484 1771 734 1842 quaeritis
757 1784 842 1823 me
883 1767 1210 1838 interﬁcere,
1253 1765 1529 1819 hominem
1552 1765 1644 1834 qui
1700 1760 1983 1817 veritatem

269 1862 417 1918 vobis
434 1861 652 1915 locutus
674 1873 993 1930 sum,quam
1013 1854 1208 1910 audivi
1236 1872 1268 1910 a
1292 1856 1393 1909 Deo
1425 1871 1442 1909 :
1464 1853 1561 1909 hoc
1580 1851 1852 1907 Abraham
1876 1865 1984 1904 non

267 1953 422 2019 fecit.
457 1949 602 2004 Ecce
631 1947 728 2002 ille
758 1946 1052 2010 laudatus,
1085 1945 1178 1999 isti
1213 1943 1497 1999 damnati.
1547 1941 1830 1996 Abraham
1867 1955 1980 1992 non

270 2044 396 2095 erat
427 2037 741 2094 homicida.
773 2034 896 2091 Non
931 2034 1080 2102 dico,
1112 2033 1322 2104 inquit,
1355 2032 1468 2102 Ego
1510 2030 1791 2086 Dominus
1850 2043 1983 2082 sum

267 2127 543 2184 Abrahm:
572 2125 722 2196 quod
757 2124 804 2179 si
830 2123 1106 2187 dicerem,
1137 2138 1334 2176 verum
1367 2121 1634 2176 dicerem.
1660 2118 1805 2173 Nam
1839 2115 1984 2172 dixit

271 2218 388 2272 alio
437 2215 589 2282 loco,
633 2220 768 2270 Ante
815 2213 1091 2267 Abraham
1137 2227 1229 2282 ego
1277 2227 1397 2266 sum
1442 2211 1625 2279 (Joa-n.
1677 2225 1796 2275 vm,
1837 2210 1980 2281 58):

268 2311 413 2361 tunc
446 2320 580 2359 eum
613 2302 695 2356 illi
732 2301 990 2369 lapidare
1021 2300 1329 2354 voluerunt
1366 2314 1378 2352 :
1416 2314 1530 2352 non
1549 2297 1695 2351 dixit
1727 2297 1853 2352 hoc.
1888 2299 1979 2351 ln-

271 2395 440 2451 terim
474 2393 628 2464 quod
667 2391 892 2457 videtis,
938 2390 1094 2460 quod
1132 2388 1408 2460 aspicitis,
1452 2387 1608 2458 quod
1652 2403 1744 2441 me
1792 2386 1982 2442 solum

270 2483 515 2556 putatis,
551 2482 723 2537 homo
755 2496 887 2536 sum
917 2496 930 2534 :
965 2479 1254 2534 hominem
1287 2476 1571 2532 dicentem
1621 2476 1786 2530 vobis
1827 2476 1980 2546 quod

266 2573 492 2628 audivit
525 2590 556 2626 a
582 2575 714 2638 Deo,
749 2585 929 2640 quare
977 2568 1156 2623 vultis
1198 2566 1480 2633 occidere,
1519 2564 1633 2620 nisi
1686 2565 1821 2634 quia
1865 2581 1977 2620 non

267 2663 413 2719 estis
437 2660 540 2716 lilii
565 2658 813 2714 Abrahae
837 2658 864 2712 ?
895 2657 958 2712 Et
991 2661 1186 2712 tamen
1211 2655 1478 2727 superius
1519 2654 1618 2721 ait,
1677 2653 1800 2708 Scio
1850 2655 1982 2724 quia

265 2752 376 2821 ﬁlii
401 2750 633 2805 Abrahae
652 2745 938 2804 estis.Non
963 2750 1136 2816 negat
1164 2759 1361 2800 eorum
1385 2743 1689 2814 originem,
1707 2743 1807 2797 sed
1828 2744 1982 2797 facta

264 2841 658 2898 condemnat:
684 2853 812 2892 caro
839 2852 1042 2893 eorum
1065 2851 1133 2890 ex
1157 2834 1253 2890 illo
1270 2839 1410 2898 erat,
1436 2834 1537 2888 sed
1561 2834 1676 2888 vita
1693 2848 1806 2888 non
1835 2838 1976 2889 erat.

337 2932 397 2984 5.
425 2929 538 2985 Nos
569 2931 782 2990 autem,
821 2924 1174 2992 charissimi,
1219 2923 1506 2994 numquid
1547 2923 1615 2976 de
1655 2937 1862 2992 genere
1895 2940 1980 2978 ve-

268 3022 467 3078 nimus
499 3015 762 3082 Abrahae,
797 3020 899 3070 aut
931 3014 1047 3069 ullo
1081 3014 1252 3070 modo
1284 3011 1572 3066 Abraham
1594 3015 1757 3081 pater
1787 3017 1982 3067 noster

269 3111 387 3166 fuit
415 3106 739 3163 secundum
764 3119 999 3158 carnem
1031 3104 1057 3156 ‘t
1089 3101 1384 3172 Originem
1399 3101 1467 3155 de
1499 3116 1670 3156 carne
1701 3101 1822 3169 ejus
1847 3115 1980 3154 caro

269 3200 613 3256 Judeoruin
643 3196 824 3260 ducit,
849 3209 962 3248 non
980 3208 1111 3248 caro
1126 3191 1615 3248 Christianorum:
1650 3207 1750 3245 nos
1765 3191 1836 3245 de
1851 3189 1980 3244 aliis

269 3289 549 3362 gentibus
563 3287 816 3341 venimus
831 3302 845 3352 ;
863 3293 916 3341 et
931 3283 1438 3346 tamenimitando,
1463 3281 1706 3336 Abrahae
1726 3279 1825 3333 filii
1843 3279 1980 3334 facti

271 3395 511 3437 sumus.
529 3376 678 3432 Audi
702 3374 1062 3444 Apostolum:
1086 3372 1496 3428 Abrahaedicta:
1511 3377 1638 3425 sunt
1657 3372 1981 3440 promissio-

270 3487 369 3526 nes
403 3475 453 3523 et
486 3468 682 3522 semini
709 3466 844 3530 eius.
879 3465 988 3520 Non
1011 3462 1167 3529 dicit,
1192 3462 1401 3532 inquit,
1427 3461 1491 3514 Et
1518 3461 1840 3527 seminibus,
1866 3465 1983 3514 tan-

272 3576 442 3633 quam
475 3560 534 3612 in
566 3554 788 3621 multis;
815 3554 904 3609 sed
936 3556 1198 3622 tanquam
1227 3553 1286 3606 in
1334 3565 1464 3616 uno,
1509 3551 1576 3603 Et
1623 3548 1821 3604 semini
1869 3555 1984 3616 tuo,

272 3648 422 3722 quod
464 3651 540 3702 est
596 3646 854 3701 Christus.
886 3644 947 3700 Si
984 3645 1168 3697 autem
1223 3656 1312 3695 vos
1357 3639 1582 3708 Christi,
1625 3654 1751 3708 ergo
1803 3653 1988 3693 semen

270 3737 517 3795 Abrahz
547 3737 695 3800 estis,
724 3733 1028 3789 secundum
1057 3729 1472 3802 promissionem
1504 3727 1747 3782 hceredes
1784 3726 1988 3797 (Galat.

274 3849 361 3894 Ill,
405 3829 488 3894 16,
521 3825 629 3895 29).
656 3823 771 3878 Nos
795 3838 930 3894 ergo
963 3821 1095 3878 facti
1120 3835 1328 3875 sumus
1352 3834 1552 3874 semen
1579 3816 1825 3872 Abrahae
1859 3832 1988 3887 gra-

271 3920 354 3974 tia
387 3919 508 3971 Dei.
543 3914 668 3970 Non
716 3914 788 3968 de
835 3927 1007 3967 carne
1056 3910 1295 3965 Abrahai
1356 3909 1486 3964 fecit
1532 3907 1615 3962 illi
1665 3907 1991 3962 cohairedes

276 4011 456 4063 Deus.
485 4004 618 4059 Illos
640 4000 1041 4066 exhaaretlavit,
1071 4005 1216 4055 istos
1242 3999 1533 4070 adaptavit
1566 4013 1578 4051 :
1605 4000 1662 4052 et
1685 3997 1754 4052 de
1786 3996 1995 4052 arbore

275 4098 387 4153 illa
417 4095 598 4164 olivae,
633 4095 798 4161 cujus
823 4092 982 4146 radix
1012 4095 1100 4146 est
1129 4090 1193 4146 in
1226 4088 1596 4158 Patriarchis,
1654 4103 1845 4143 ramos
1883 4105 1993 4142 na-

278 4186 506 4243 turales
536 4184 814 4255 superbos
843 4181 1190 4252 amputavit,
1224 4179 1508 4234 humilem
1549 4177 1866 4233 oleastrum
1914 4178 2000 4234 in-

274 4274 900 4344 seruit(Rom.xi,l7).
933 4272 1060 4328 ldeo
1093 4287 1224 4326 cum
1268 4270 1532 4324 venirent
1589 4269 1657 4322 ad
1706 4269 1991 4323 Joannem

274 4363 621 4436 baptizandi
649 4360 855 4426 Judaei,
888 4360 1077 4429 erupit
1109 4359 1168 4414 in
1191 4358 1342 4426 illos,
1375 4358 1524 4412 etait
1546 4355 1682 4426 illis,
1706 4357 1996 4412 Generatio

275 4460 628 4527 viperarum.
664 4450 911 4507 Maxime
932 4450 1148 4522 quippe
1182 4448 1250 4504 de
1281 4447 1581 4503 altitudine
1611 4445 1858 4516 originis
1881 4445 1996 4517 glo-

276 4547 595 4604 riabantur
627 4560 639 4597 :
674 4543 772 4598 ille
798 4545 992 4596 autem
1025 4539 1458 4611 generationem
1483 4553 1579 4592 eos
1611 4535 1752 4592 dixit
1782 4536 2002 4606 vipera-

279 4653 587 4702 rum;non
617 4629 1280 4694 saltemhominum,sed
1307 4629 1657 4700 viperarum.
1688 4628 1999 4682 Hominum

277 4731 536 4786 {urinam
571 4723 828 4789 videbat,
865 4720 966 4776 sed
998 4735 1283 4775 venenum
1314 4719 1686 4789 agnoscebat.
1713 4720 2004 4773 Venerunt

277 4826 487 4874 tamen
528 4813 791 4870 mutandi
825 4813 863 4880 ί,
899 4810 1032 4882 quia
1067 4809 1268 4881 utique
1289 4806 1730 4878 baptizandizet
1752 4807 1833 4862 ait
1865 4807 1999 4863 illis.

279 4906 583 4966 Generatio
606 4907 937 4976 viperarum,
959 4900 1082 4971 quis
1103 4900 1251 4954 vobis
1264 4897 1500 4953 ostendit
1519 4899 1758 4968 fugerea
1771 4904 2004 4952 ventura

277 5003 376 5053 ira
408 5001 432 5049 .9
459 4997 780 5063 Faciteergo
809 4994 1029 5060 fructus
1051 4989 1246 5058 dignos
1259 4989 1615 5059 paenitentiae.
1650 4989 1715 5041 Et
1741 4986 2002 5043 noliledi-

279 5106 410 5149 cere
437 5092 586 5144 intra
621 5103 712 5143 vos
741 5089 883 5156 ipsos
913 5086 1132 5138 Patrem
1165 5081 1428 5136 habemus
1476 5078 1750 5135 Abraham
1775 5099 1796 5134 .·
1815 5090 2005 5149 potens

281 5184 363 5236 est
388 5182 536 5233 enim
568 5178 707 5232 Deus
738 5175 802 5229 de
825 5171 1104 5244 lapidibus
1135 5169 1255 5224 istis
1282 5168 1552 5224 suscitare
1581 5168 1728 5237 ﬁlios
1775 5169 2005 5223 Abrahae

283 5268 509 5338 (Matth.
547 5283 633 5335 in,
665 5265 813 5335 7-9).
845 5264 904 5318 Si
954 5262 1176 5316 fructus
1233 5258 1440 5330 dignos
1491 5257 1839 5328 paenitentiae
1891 5274 2004 5312 non

289 5359 570 5423 feceritis,
606 5355 781 5410 nolite
811 5350 974 5407 vobis
989 5350 1059 5406 de
1082 5348 1182 5404 illa
1205 5348 1381 5417 stirpe
1397 5345 1678 5401 blandiri:
1708 5354 1904 5416 potens
1919 5351 2007 5402 est

289 5457 450 5512 Deus
481 5456 538 5506 et
559 5464 659 5502 vos
692 5445 1062 5511 damnare,et
1093 5437 1388 5492 Abraham
1416 5436 1550 5492 ﬁliis
1576 5453 1690 5491 non
1715 5436 2003 5491 fraudare.

289 5540 652 5602 Habctenim
685 5535 839 5590 unde
862 5531 1066 5588 excitet
1090 5527 1489 5584 iiliosAbraha':
1511 5543 1524 5581 :
1545 5527 1683 5582 ﬁent
1707 5526 1806 5581 ﬁlii
1831 5525 1921 5596 qui
1949 5526 2008 5581 [i-

362 5665 380 5698 1
401 5659 489 5709 Sic
517 5657 573 5706 in
605 5650 862 5704 omnibus
889 5647 1013 5698 Mss.
1055 5647 1120 5697 At
1149 5646 1205 5696 in
1236 5643 1410 5695 editis.
1447 5642 1756 5693 mandandi.

1431 284 1891 346 TRAGTATUS
1935 283 2113 343 XLII.
2159 281 2412 344 CAPUT
2457 280 2611 341 Vlll.

3634 293 3788 353 1702

2088 419 2220 473 dem
2255 418 2469 474 fuerint
2498 417 2706 473 imitati
2738 434 2753 472 :
2786 419 2980 473 Potens
3009 424 3088 474 est
3119 421 3256 476 Deus
3277 421 3341 477 de
3361 423 3635 488 lapidibus
3663 427 3790 483 istis

2087 509 2510 579 suseitareﬁlios
2534 509 2778 562 Abrahae.
2812 513 2924 564 Nos
2955 525 3198 566 sumus:
3235 512 3292 566 in
3327 515 3660 583 parentibus
3692 534 3794 573 no~

2090 598 2224 654 stris
2256 597 2744 669 lapidesieramus.
2771 599 3006 669 quando
3029 615 3131 670 pro
3169 601 3278 655 Deo
3311 601 3532 672 lapides
3557 603 3791 661 coleba-

2093 704 2253 754 mus;
2271 687 2566 742 detalibus
2589 685 2877 757 lapidibus
2903 687 3178 743 familiam
3204 689 3355 745 Deus
3378 691 3506 746 fecit
3527 694 3794 750 Abrahaa.

2161 778 2214 831 6.
2242 778 2387 844 Quid
2422 793 2482 831 se
2504 793 2638 848 ergo
2663 777 2882 832 extollit
2914 777 3109 833 inanis
3131 787 3182 833 et
3207 782 3650 850 vanajactatio?
3672 785 3798 840 Filii

2093 867 2338 921 Abrahe
2361 866 2736 938 gloriarijam
2763 867 3064 922 desinant:
3093 869 3406 924 audierunt
3429 873 3582 942 quod
3600 875 3803 932 audire

2095 960 2438 1026 debuerunt,
2474 958 2534 1014 Si
2562 958 2678 1027 ﬁlii
2723 960 2950 1015 Abrahae
2997 961 3146 1026 estis,
3200 963 3365 1017 factis
3392 966 3649 1033 probate,
3683 983 3796 1023 non

2095 1049 2303 1116 verbis,
2338 1049 2602 1116 Quaeritis
2634 1065 2718 1104 me
2739 1049 2978 1104 occidere
3007 1052 3280 1106 hominem
3309 1070 3327 1106 :
3388 1053 3621 1110 interim
3684 1074 3797 1112 non

2099 1136 2225 1191 dico
2249 1138 2459 1192 Filium
2494 1138 2612 1205 Dei,
2649 1155 2762 1192 non
2797 1139 2924 1194 dico
2959 1139 3164 1205 Deum,
3199 1155 3314 1194 non
3347 1141 3476 1196 dico
3515 1142 3794 1211 Verbum,

2097 1225 2230 1294 quia
2263 1242 2377 1280 non
2412 1225 2660 1280 moritur
2710 1225 3003 1294 Verbum;
3061 1226 3168 1281 hoc
3217 1228 3342 1283 dico
3377 1230 3530 1299 quod
3571 1232 3800 1299 videtis,

2096 1315 2235 1386 quia
2265 1316 2495 1385 etquod
2530 1315 2737 1369 videtis
2769 1317 3012 1385 potestis
3057 1316 3318 1372 occidere
3367 1323 3423 1372 at
3467 1336 3637 1388 quem
3683 1336 3800 1376 non

2095 1405 2302 1461 videtis
2334 1406 2642 1461 offendere.
2679 1407 2783 1461 Hoc
2815 1421 2949 1476 ergo
2982 1407 3265 1461 Abraham
3296 1424 3403 1462 non
3433 1410 3584 1475 fecit.
3608 1411 3700 1464 Vos
3717 1414 3804 1478 fa-

2052 1551 2056 1554 _
2097 1495 2215 1552 citis
2231 1512 2393 1567 opera
2411 1495 2588 1567 patris
2608 1495 2795 1551 vestri.
2823 1495 2891 1551 Et
2913 1495 3102 1550 adhuc
3121 1513 3235 1551 non
3262 1497 3396 1552 dicit
3421 1499 3550 1568 quis
3583 1504 3671 1553 est
3694 1501 3801 1554 iste

2099 1591 2262 1658 pater
2292 1602 2510 1641 eorum.

2164 1678 2221 1743 7,
2255 1675 2526 1731 Modoilli
2550 1674 2686 1745 quid
2725 1676 3169 1744 responderunt.
3195 1675 3508 1746 Coeperunt
3540 1677 3692 1734 enim
3718 1687 3803 1734 ut-

2096 1781 2346 1836 cumque
2378 1779 2745 1834 cognoscere.
2782 1781 2894 1819 non
2927 1765 2997 1818 de
3028 1765 3219 1820 carnis
3267 1765 3636 1836 generatione
3686 1768 3801 1823 Do-

2097 1856 2324 1910 minum
2348 1854 2527 1926 loqui,
2550 1855 2646 1909 sed
2672 1855 2742 1909 de
2761 1854 2887 1908 vita
2913 1854 3297 1910 institutione.
3322 1857 3389 1910 Et
3413 1857 3548 1928 quia
3562 1874 3804 1914 consue-

2096 1947 2237 2002 tudo
2276 1945 2707 2015 Scripturarum
2740 1949 3015 2015 est,quas
3037 1942 3323 2014 legebant,
3358 1945 3801 2005 fornicationem

2093 2033 2802 2106 spiritualiterappellare,
2828 2049 2960 2087 cum
2976 2033 3088 2088 diis
3112 2033 3312 2089 multis
3335 2040 3392 2090 et
3415 2034 3574 2090 falsis
3604 2038 3806 2094 anima

2093 2128 2376 2194 tanquam
2411 2127 2717 2192 prostituta
2738 2123 3066 2190 subjicitur,
3100 2124 3172 2178 ad
3197 2124 3304 2178 hoc
3337 2127 3762 2196 responderunt
3794 2141 3808 2179 ε

2090 2214 2365 2268 Dixerunt
2397 2213 2581 2280 itaque
2611 2213 2679 2272 ei.
2705 2211 2805 2265 Nos
2825 2226 2893 2264 ex
2920 2211 3289 2278 fornicatione
3307 2228 3415 2266 non
3434 2230 3625 2269 sumus
3658 2216 3806 2280 nati,

2091 2317 2260 2356 unum
2307 2307 2518 2371 patrem
2569 2299 2831 2354 habemus
2871 2302 3062 2354 Deum.
3094 2300 3223 2354 Jam
3293 2300 3460 2356 viluit
3488 2302 3805 2358 Abraham.

2093 2390 2330 2462 Repulsi
2361 2390 2514 2444 enim
2548 2398 2706 2458 sunt,
2753 2391 3045 2459 quomodo
3087 2388 3285 2460 repelli
3336 2391 3666 2446 debuerunt
3708 2408 3806 2449 ore

2091 2481 2378 2547 veridico;
2411 2480 2548 2551 quia
2579 2480 2712 2536 talis
2743 2484 2866 2534 erat
2914 2480 3230 2540 Abraham.
3278 2482 3446 2551 cujus
3479 2483 3630 2538 facta
3689 2499 3805 2540 non

2091 2572 2494 2637 imitabantur,
2529 2576 2584 2626 et
2615 2570 2863 2626 deillius
2895 2585 3102 2640 genere
3133 2572 3550 2641 gloriabantur.
3581 2573 3646 2628 Et
3675 2590 3801 2628 mu-

2090 2665 2359 2718 taverunt
2390 2661 2822 2729 responsionem
2851 2677 2864 2726 ;
2889 2661 3078 2726 credo,
3104 2661 3358 2716 dicentes
3388 2663 3541 2730 apud
3589 2666 3802 2718 semet-

2091 2751 2250 2822 ipsos
2281 2767 2294 2806 :
2321 2751 2812 2820 Quotiescumque
2844 2750 3344 2806 nominaverimus
3375 2751 3687 2818 Abraham,
3713 2752 3805 2807 di-

2089 2846 2290 2898 cturus
2321 2847 2409 2896 est
2439 2842 2628 2904 nobis,
2661 2841 2847 2903 Quare
2873 2856 2984 2895 non
3009 2840 3323 2896 imitamini
3345 2857 3503 2907 eum,
3527 2843 3598 2896 de
3630 2842 3799 2911 cujus

2089 2947 2293 3001 genere
2316 2930 2684 3000 gloriamini?
2706 2929 2818 2985 Nos
2834 2931 3798 3000 auctum,justum,innocentem,

2089 3024 2319 3076 tantum
2342 3020 2529 3075 virum
2558 3018 2774 3073 imitari
2806 3035 2919 3073 non
2953 3035 3295 3089 possumus:
3331 3019 3510 3076 Deum
3537 3019 3799 3076 dicamus

2089 3114 2311 3180 patrem
2338 3114 2623 3170 nostrum,
2666 3109 2969 3163 videamus
2999 3109 3140 3179 quid
3170 3110 3332 3164 nobis
3365 3111 3626 3166 dicturus
3658 3119 3760 3166 est.

2160 3203 2212 3256 8.
2249 3200 2492 3254 Prorsus
2525 3198 2744 3253 falsitas
2775 3197 2996 3253 invenit
3025 3199 3175 3268 quod
3209 3198 3442 3266 diceret,
3477 3204 3532 3254 et
3563 3216 3676 3254 non
3710 3199 3800 3254 in-

2090 3290 2308 3345 veniret
2355 3289 2559 3344 veritas
2613 3288 2751 3359 quid
2809 3286 3240 3357 responderet?
3291 3289 3610 3343 Audiamus
3660 3288 3800 3358 quid

2092 3378 2308 3446 dicant,
2341 3378 2647 3433 audiamus
2681 3377 2816 3446 quid
2844 3377 3079 3430 audiant
3115 3393 3128 3430 :
3167 3375 3365 3443 Unum,
3390 3377 3806 3448 inquiunt,pa-

2094 3474 2230 3525 trsm
2255 3468 2513 3523 habemus
2547 3468 2730 3522 Deum.
2757 3467 2905 3520 Dixit
2927 3482 3049 3536 ergo
3078 3468 3156 3520 eis
3175 3467 3369 3521 Iesus:
3401 3467 3459 3520 Si
3487 3467 3624 3520 Deus
3653 3470 3811 3535 pater

2092 3568 2286 3626 vester,
2311 3563 2452 3614 esset
2476 3557 2776 3626 diligeretis
2798 3556 2990 3626 utique
3012 3571 3126 3610 me:
3158 3571 3254 3624 ego
3275 3555 3428 3611 enim
3455 3571 3523 3611 ex
3552 3556 3652 3611 Deo
3673 3571 3800 3626 pro-

2094 3647 2230 3703 cessi
2259 3656 2308 3702 et
2337 3648 2482 3703 veni.
2515 3646 2693 3716 Neque
2709 3644 2856 3698 enim
2896 3662 2930 3698 a
2969 3643 3176 3714 meipso
3225 3644 3369 3711 veni,
3417 3644 3510 3698 sed
3558 3643 3654 3698 ille
3726 3658 3813 3698 me

2099 3739 2267 3791 misit.
2303 3734 2503 3790 Dicitis
2526 3734 2706 3789 Deum
2743 3742 2982 3804 patrem,
3007 3732 3304 3803 agnoscite
3328 3749 3418 3788 me
3445 3733 3528 3788 vel
3549 3733 3807 3787 fratrem.

2098 3826 2530 3881 Verumtamem
2554 3823 2730 3878 erexit
2758 3821 3214 3892 intelligentibus
3237 3838 3353 3886 cur,
3379 3826 3434 3877 et
3456 3821 3600 3876 illud
3626 3822 3820 3893 tetigit

2102 3915 2253 3986 quod
2288 3913 2433 3968 solet
2465 3913 2677 3978 dicere,
2710 3912 2826 3967 Non
2857 3928 2888 3966 a
2920 3911 3119 3981 meipso
3164 3914 3306 3978 veni,
3333 3913 3426 3967 ille
3457 3928 3544 3967 me
3573 3912 3744 3981 misit,
3773 3929 3805 3968 a

2102 4007 2207 4060 Deo
2235 4005 2470 4075 processi
2501 4010 2554 4058 et
2578 4004 2719 4056 veni.
2755 4002 3101 4056 Mementote
3122 4001 3262 4072 quid
3289 4001 3580 4057 soleamus
3599 4003 3813 4069 dicere,

2107 4096 2193 4149 Ab
2227 4093 2325 4148 illo
2357 4092 2547 4158 venit;
2581 4097 2638 4147 et
2669 4109 2703 4146 a
2733 4108 2844 4162 quo
2878 4090 3053 4155 venit,
3078 4106 3211 4145 cum
3246 4089 3343 4146 illo
3369 4091 3543 4145 venit.
3597 4091 3814 4147 Christi

2110 4199 2246 4253 ergo
2279 4183 2498 4246 missio,
2531 4187 2621 4236 est
2651 4181 2992 4236 incarnatio.
3026 4180 3190 4245 Quod
3218 4196 3345 4234 vero
3395 4180 3463 4233 de
3513 4180 3627 4234 Deo
3677 4195 3815 4250 pro-

2108 4273 2279 4330 cessit
2310 4272 2583 4339 Verbum,
2609 4275 2823 4325 a-terna
2857 4269 3142 4341 processio
3173 4274 3261 4323 est
3285 4285 3298 4322 :
3325 4284 3438 4322 non
3472 4268 3643 4322 habet
3673 4272 3814 4321 tem-

2110 4379 2238 4436 pus,
2257 4379 2353 4434 per
2374 4378 2544 4432 quem
2569 4362 2783 4416 factum
2807 4368 2893 4414 est
2914 4357 3360 4428 tempus.Nemo
3385 4356 3539 4410 dicat
3563 4357 3617 4410 in
3643 4357 3813 4411 corde

2112 4469 2214 4508 suo
2245 4454 2603 4520 :Antequam
2635 4453 2788 4504 esset
2818 4448 3094 4514 Verbum,
3127 4445 3416 4516 quomodo
3448 4453 3568 4499 erat
3617 4445 3766 4500 Deus
3790 4446 3816 4500 ?

2111 4541 2422 4610 Nunquam
2457 4539 2614 4592 dicas
2647 4553 2661 4591 :
2696 4540 3018 4604 Antequam
3051 4539 3200 4589 esset
3225 4534 3471 4588 Verbum
3498 4533 3616 4588 Dei.
3653 4537 3814 4587 Nun-

2112 4646 2287 4700 quam
2317 4634 2463 4682 Deus
2488 4627 2610 4680 sine
2645 4625 2825 4680 Verbo
2845 4624 2951 4678 fuit
2977 4641 2990 4692 ;
3013 4625 3146 4694 quia
3162 4622 3414 4678 Verbum
3441 4631 3526 4679 est
3550 4639 3818 4693 manens,

2112 4741 2224 4781 non
2259 4722 2588 4788 transiens;
2625 4725 2796 4785 Deus,
2833 4735 2944 4774 non
2982 4735 3160 4774 sonus
3193 4734 3333 4789 ;per
3382 4734 3554 4787 quem
3609 4718 3816 4772 factum

2112 4823 2194 4872 est
2228 4814 2433 4870 cmlum
2466 4817 2521 4868 et
2559 4818 2732 4879 terra,
2766 4827 2880 4867 non
2904 4811 3053 4880 quod
3104 4809 3378 4882 preteriit
3426 4827 3555 4866 cum
3591 4811 3661 4864 iis
3693 4825 3814 4879 quae

2115 4908 2268 4963 iacta
2298 4913 2432 4962 sunt
2462 4907 2883 4975 superterram.
2901 4902 3046 4972 Ergo
3064 4903 3134 4958 ab
3150 4901 3250 4957 illo
3269 4903 3553 4972 processit
3570 4905 3628 4955 ut
3647 4902 3816 4966 Deus,

2114 5002 2178 5053 ut
2199 4995 2461 5068 aequalis,
2490 5001 2553 5050 ut
2585 4994 2763 5049 Filius
2780 4993 3010 5059 unicus,
3036 4991 3374 5047 utVerbum
3398 4991 3583 5045 Patris
3613 5007 3624 5043 :
3649 4993 3706 5044 et
3729 5005 3820 5042 ve—

2115 5089 2206 5144 nis
2237 5088 2306 5143 ad
2327 5103 2451 5152 nos,
2488 5083 2888 5156 quiaVerbum
2921 5099 3052 5138 caro
3068 5083 3278 5137 factum
3302 5085 3412 5147 est,
3437 5085 3499 5133 ut
3536 5078 3822 5134 habitaret

2115 5179 2174 5234 in
2207 5176 2373 5235 nobis
2403 5178 2587 5248 (Joan.
2614 5191 2654 5240 1,
2680 5174 2790 5243 14).
2814 5173 3111 5227 Adventus
3133 5167 3632 5240 ejus,humanitas
3653 5167 3818 5236 ejus;

2115 5270 2344 5324 mansio
2375 5269 2521 5339 ejus,
2545 5263 2817 5319 divinitas
2848 5263 3009 5331 ejus:
3032 5260 3307 5315 divinitas
3330 5258 3457 5327 ejus
3490 5273 3602 5327 quo
3635 5257 3814 5320 imus,

2115 5357 2715 5428 humanitasejusqua
2733 5352 2906 5408 imus.
2943 5350 3062 5407 Nisi
3083 5350 3245 5405 nobis
3261 5349 3418 5402 fieret
3441 5347 3810 5419 quairemus,

2118 5464 2413 5518 nunquam
2449 5448 2517 5502 ad
2551 5446 2711 5501 illum
2750 5453 3077 5499 manentem
3113 5438 3561 5509 perveniremus.

2186 5539 2239 5593 9.
2274 5538 2473 5605 Quare,
2508 5536 2716 5606 inquit,
2759 5533 3028 5605 loquelam
3059 5545 3236 5585 meam
3285 5543 3394 5582 non
3429 5527 3757 5598 coqnoscitis
3791 5530 3817 5579 1)

2125 5629 2266 5696 Quia
2303 5642 2411 5683 non
2438 5626 2655 5698 potestis
2687 5623 2879 5681 audire
2909 5635 3213 5679 sermonem
3259 5634 3460 5674 meum.
3518 5617 3650 5674 Ideo
3702 5632 3814 5671 non
