4178 6192
358 274 511 338 1703

350 415 617 488 poterant
647 427 1014 486 cognoscere,
1048 410 1187 484 quia
1217 426 1331 467 non
1366 414 1632 481 poterant.
1670 409 1893 466 audire.
1943 409 2051 465 Sed

352 519 505 577 unde
534 511 738 572 audire
768 523 883 564 non
923 510 1205 579 poterant,
1236 501 1346 557 nisi
1378 500 1515 573 quia
1536 499 1743 572 corrigi
1767 500 2053 557 credendo

350 601 679 663 nolebant?
707 599 777 654 Et
806 597 913 652 hoc
970 592 1168 649 unde?
1221 592 1315 647 Vos
1345 606 1379 646 a
1433 598 1588 661 patre
1632 589 1852 646 diabolo
1896 591 2047 646 estis.

348 692 636 764 Quamdiu
685 691 909 761 patrem
956 679 1421 739 commemoratis
1452 679 1480 735 ‘l
1512 678 1803 744 Quamdiu
1858 686 2051 750 patres

347 779 795 850 mutatis,modo
816 773 1128 841 Abraham,
1154 770 1327 825 modo
1349 769 1529 825 Deum
1550 769 1577 824 ?
1598 768 1806 825 Audite
1836 785 1870 824 a
1904 767 2048 824 Filio

346 876 469 945 Dei,
502 873 671 943 cujus
702 867 831 925 sitis
862 864 965 920 filii
999 878 1013 917 :
1047 863 1083 917 A
1119 866 1287 916 Patre
1315 860 1537 917 diabolo
1569 861 1717 917 estis.

418 966 502 1022 10.
536 961 640 1019 Hic
674 961 794 1029 jam
844 952 1097 1011 cavenda
1142 955 1234 1006 est
1282 949 1519 1006 haeresis
1571 948 2046 1020 Manichaeorum,

344 1070 473 1129 quae
503 1050 641 1107 dicit
670 1062 798 1104 esse
830 1040 1145 1117 quamdam
1179 1044 1447 1129 naturam
1473 1039 1611 1095 mali
1641 1044 1698 1095 et
1728 1037 2045 1112 quamdam

342 1128 571 1219 gentem
604 1135 977 1193 tenebrarum
1009 1145 1142 1186 cum
1164 1128 1523 1201 principibus
1546 1129 1689 1198 suis,
1715 1145 1837 1199 quae
1861 1143 2041 1183 causa

340 1217 429 1291 est
458 1240 716 1303 pugnare
743 1226 943 1281 contra
966 1220 1148 1276 Deum
1183 1236 1196 1275 :
1231 1218 1399 1274 illum
1429 1233 1559 1274 vero
1595 1218 1802 1285 Deum,
1838 1233 1908 1272 ne
1939 1217 2042 1271 de-

342 1322 581 1381 bellarct
608 1332 752 1390 gens
794 1313 1039 1392 adversa
1087 1324 1330 1380 regnum
1371 1309 1518 1378 ejus,
1570 1308 1797 1365 misisse
1846 1316 2044 1364 contra

340 1429 470 1471 eam
488 1416 763 1481 tanquam
786 1404 1009 1461 viscera
1029 1418 1137 1459 sua
1158 1400 1449 1473 principes
1474 1401 1546 1458 de
1568 1402 1694 1459 luce
1717 1420 1857 1471 sua;
1880 1416 2038 1458 eam-

339 1519 450 1575 que
480 1504 712 1574 gentem
744 1494 925 1551 fuisse
954 1490 1330 1559 debellatam,
1362 1492 1516 1548 unde
1546 1491 1815 1550 diabolus
1863 1493 2040 1566 origi-

339 1608 471 1650 nem
504 1587 684 1645 ducit.
712 1583 1075 1640 Ilincdicunt
1104 1581 1317 1638 ducere
1347 1580 1629 1653 originem
1664 1599 1900 1640 carnem
1940 1602 2042 1642 no-

338 1687 517 1739 stram
552 1697 568 1751 ;
598 1680 655 1734 et
684 1673 1012 1732 secundum
1044 1670 1153 1726 hoc
1182 1673 1390 1742 putant
1437 1670 1658 1728 dictum
1709 1690 1743 1730 a
1772 1672 2037 1733 Domino.

344 1772 436 1829 Vos
465 1786 500 1825 a
527 1771 684 1841 patre
711 1763 932 1820 diabolo
959 1762 1102 1829 estis,
1135 1760 1286 1829 quod
1309 1759 1598 1816 essentilli
1648 1761 1801 1818 velut
1834 1768 2041 1822 natura

338 1860 497 1926 mali,
528 1859 802 1914 ducentes
823 1850 1106 1923 originem
1139 1850 1209 1906 de
1239 1853 1411 1921 gente
1441 1852 1732 1908 contraria
1762 1855 2039 1912 tenebra-

337 1968 491 2008 rum.
523 1948 617 2005 Sic
646 1949 865 2011 errant,
890 1944 974 1999 sic
1020 1944 1398 2010 excaecantur,
1443 1942 1524 1997 sic
1562 1942 1787 2015 seipsos
1820 1945 2042 2004 faciunt

335 2046 565 2116 gentem
596 2037 988 2101 tenebrarum,
1019 2032 1308 2089 credendo
1341 2033 1495 2104 quod
1529 2033 1738 2090 falsum
1770 2039 1856 2091 est
1899 2054 2041 2094 con-

335 2142 423 2189 tra
452 2146 585 2185 eum
616 2141 775 2197 aquo
816 2125 991 2180 creati
1025 2126 1182 2177 sunt.
1218 2121 1375 2176 Bona
1396 2125 1485 2177 est
1512 2122 1667 2178 enim
1701 2125 1893 2180 omnis
1935 2144 2040 2183 na-

334 2226 495 2289 tura;
525 2219 625 2275 sed
655 2215 858 2271 vitiata
888 2217 975 2269 est
1006 2210 1259 2267 hominis
1291 2216 1500 2267 natura
1547 2229 1651 2284 per
1680 2214 2035 2274 voluntatem

335 2310 569 2368 malum.
604 2306 763 2375 Quod
799 2303 932 2359 fecit
955 2302 1109 2358 Deus
1133 2317 1246 2355 non
1296 2306 1482 2372 potest
1532 2318 1661 2358 esse
1710 2306 1951 2376 malum,
1989 2308 2037 2363 si

333 2404 458 2475 ipse
490 2403 661 2457 homo
694 2412 811 2451 non
866 2392 943 2449 sit
990 2391 1103 2448 sibi
1151 2390 1377 2447 malus:
1416 2394 1514 2448 sed
1563 2391 1732 2463 plane
1781 2395 2034 2467 Greater,

332 2494 564 2549 Creator
584 2492 1018 2555 est;creatura,
1061 2489 1325 2537 creatura
1344 2488 1465 2551 est;
1514 2484 1729 2553 aequari
1771 2493 2038 2544 creatura

332 2598 445 2637 non
483 2583 672 2649 potest
692 2574 968 2630 Creatori.
995 2569 1312 2627 Discernite
1342 2587 1472 2626 eum
1509 2573 1607 2642 qui
1652 2575 1802 2640 fecit,
1850 2577 1920 2630 ab
1968 2594 2034 2633 eo

331 2668 484 2742 quod
518 2666 673 2721 iecit.
694 2661 928 2732 .‘Equari
955 2676 1065 2714 non
1098 2663 1284 2729 potest
1308 2659 1465 2714 fabro
1498 2677 1826 2731 scamnum,
1850 2682 2035 2736 aequa-

331 2759 377 2812 ri
414 2773 526 2811 non
580 2756 764 2824 potest
806 2749 1076 2805 columna
1127 2748 1434 2815 structori;
1467 2755 1524 2803 et
1555 2755 1747 2806 tamen
1790 2754 1952 2809 faber
1982 2756 2031 2812 si

328 2859 635 2903 scamnum
667 2839 802 2897 fecit
854 2839 1079 2909 lignum
1128 2838 1254 2909 ipse
1310 2853 1424 2893 non
1465 2839 1701 2895 creavit.
1752 2843 2032 2901 Dominus

328 2940 520 2991 autem
554 2931 707 2987 Deus
738 2933 936 2984 noster
991 2925 1131 2997 quia
1179 2926 1546 2996 omnipotens
1592 2932 1701 2991 est,
1742 2939 1795 2985 et
1844 2931 2030 2989 Verbo

327 3023 460 3079 fecit
491 3021 641 3093 quod
678 3018 810 3074 fecit
845 3034 857 3073 :
892 3018 1092 3073 omnia
1120 3032 1244 3085 quis
1279 3016 1411 3071 fecit
1461 3033 1575 3073 non
1627 3018 1831 3076 habuit
1879 3025 2031 3081 unde

326 3113 561 3182 laceret,
594 3116 650 3166 et
679 3115 877 3165 tamen
910 3106 1062 3163 fecit.
1098 3106 1270 3161 Facta
1300 3112 1439 3162 sunt
1469 3108 1625 3163 enim
1656 3111 1795 3181 quia
1825 3112 2027 3180 voluit,

326 3203 473 3258 tacta
504 3204 642 3256 sunt
662 3200 801 3271 quia
823 3196 967 3252 dixit
999 3212 1012 3250 :
1038 3195 1137 3252 sed
1166 3195 1313 3251 facta
1336 3196 1533 3252 facturi
1553 3201 1877 3271 comparari
1914 3219 2026 3258 non

325 3293 587 3363 possunt.
645 3285 865 3351 Qumris
915 3285 1069 3356 quod
1108 3286 1451 3355 :‘compares,
1526 3286 1731 3343 Filium
1785 3291 2024 3346 unicum

319 3393 588 3450 agnosce.
628 3375 791 3432 Unde
844 3389 978 3444 ergo
1029 3372 1213 3427 Judaei
1260 3373 1362 3427 lilii
1419 3373 1681 3430 diaboli?
1713 3377 2022 3445 Imitando,

326 3485 441 3525 non
477 3465 791 3522 nascendo.
824 3462 1032 3518 Audite
1063 3460 1369 3532 Scriptura:
1403 3470 1615 3519 sanctae
1646 3469 2023 3523 consuetudi-

318 3575 473 3615 nem.
508 3555 790 3629 Propheta
831 3553 974 3609 dicit
1024 3552 1097 3607 ad
1154 3553 1313 3623 ipsos
1360 3552 1638 3610 Judaeos:
1682 3562 1848 3612 Pater
1897 3569 2025 3616 tuus

314 3645 685 3715 Amori-haras,
742 3651 795 3699 et
853 3646 1025 3698 mater
1070 3649 1161 3698 tuo
1220 3640 1434 3699 Cet/iam
1482 3644 1699 3716 (Ecce/1.
1767 3663 1881 3715 xvr,
1943 3650 2019 3721 3).

316 3737 640 3795 Amorrhzei
673 3750 816 3807 gens
847 3736 971 3789 erat
992 3732 1277 3803 quadam,
1314 3734 1468 3789 unde
1508 3734 1792 3807 originem
1838 3738 2025 3797 ,Ιυάιεί

315 3843 432 3883 non
492 3825 821 3880 ducebant:
857 3821 1071 3877 Cethaei
1120 3826 1178 3876 et
1218 3821 1328 3892 ipsi
1361 3831 1588 3893 gentem
1638 3842 1802 3883 suam
1848 3828 2021 3885 habe-

317 3914 455 3969 bant
484 3913 719 3970 omnino
753 3910 991 3966 alienam
1023 3927 1057 3966 a
1087 3925 1293 3981 genere
1336 3910 1687 3971 Judaecrum.
1738 3916 1846 3972 Sed
1884 3920 2022 3991 quia

313 4006 479 4060 erant
510 4001 675 4074 impii
700 3998 1020 4055 Amorrhaei
1042 4007 1098 4054 et
1117 3998 1351 4069 Cethegi,
1372 4001 1556 4056 Judaei
1584 4008 1776 4061 autem
1808 4008 2018 4066 imitati

313 4091 803 4163 suntimpietates
848 4085 1124 4155 illorum;
1169 4087 1511 4144 invenerunt
1560 4091 1669 4146 sibi
1722 4101 2011 4166 parentes,

311 4200 428 4240 non
459 4182 529 4238 de
562 4179 777 4253 quibus
810 4185 1205 4245 nascerentur,
1240 4180 1337 4232 sed
1388 4194 1637 4251 quorum
1692 4199 1877 4240 mores
1923 4204 2017 4243 se-

310 4270 515 4327 ctando
538 4267 754 4340 pariter
771 4266 1213 4321 damnarentur.
1241 4265 1507 4331 Quaeritis
1525 4271 1720 4323 autem
1747 4270 2014 4343 fortasse,

310 4360 465 4417 unde
496 4358 621 4429 ipse
651 4354 919 4411 diabolus
938 4355 967 4409 ?
996 4353 1134 4410 Inde
1159 4353 1357 4426 utique
1382 4355 1532 4412 unde
1553 4361 1609 4413 et
1624 4360 1810 4415 caeteri
1833 4363 2015 4435 Ange-

306 4450 369 4507 li.
401 4449 509 4504 Sed
543 4445 733 4503 caeteri
766 4443 970 4515 Angeli
1000 4443 1061 4498 in
1091 4459 1196 4499 sua
1226 4444 1552 4503 obedientia
1588 4449 1964 4518 perstiterunt
1994 4468 2009 4510 :

304 4540 402 4595 ille
430 4536 820 4595 inobediendo
844 4540 900 4590 et
922 4534 1309 4606 superbiendo
1339 4534 1537 4609 lapsus
1558 4543 1642 4593 est
1660 4541 1923 4613 angelus,
1957 4547 2013 4601 et

306 4629 491 4683 factus
525 4630 612 4682 est
643 4623 927 4681 diabolus.

378 4717 465 4772 ti.
516 4715 625 4771 Sed
687 4714 858 4769 modo
906 4711 1100 4769 audite
1148 4713 1288 4784 quid
1355 4713 1509 4770 dicat
1556 4719 1859 4791 Dominus,
1896 4722 2005 4794 Vos,

299 4804 514 4879 inquit,
548 4821 579 4859 a
607 4807 765 4875 patre
794 4801 1009 4857 diabolo
1038 4804 1187 4871 estis,
1217 4807 1269 4857 et
1297 4802 1571 4861 desideria
1616 4812 1791 4879 patris
1846 4815 2011 4869 vestri

300 4896 469 4954 vultis
499 4897 696 4967 (acere.
733 4892 874 4947 Ecce
905 4890 1059 4946 unde
1106 4891 1210 4946 lilii
1251 4893 1379 4962 ejus
1413 4911 1427 4961 ;
1484 4895 1623 4966 quia
1677 4898 1817 4955 talia
1862 4902 2010 4959 desi-

298 4985 533 5051 deratis,
565 4999 677 5039 non
711 4980 847 5054 quia
877 4980 949 5035 de
978 4978 1077 5035 illo
1109 4980 1229 5035 nati
1259 4981 1420 5037 estis.
1473 4985 1608 5051 Quae
1659 4993 1798 5045 sunt
1845 4989 2007 5047 illius

296 5075 580 5133 desideria
599 5073 627 5128 ?
654 5073 756 5129 Ille
777 5069 1052 5127 homicida
1081 5074 1199 5125 erat
1227 5070 1293 5125 ab
1326 5071 1511 5128 initio.
1548 5074 1690 5131 Ecce
1719 5080 1873 5150 quod
1897 5085 2002 5151 est,

296 5166 566 5223 desideria
594 5166 767 5235 patris
812 5162 983 5219 vestri
1014 5162 1196 5232 facere
1235 5162 1395 5218 vultis
1425 5180 1444 5219 :
1490 5166 1750 5233 Quwrilis
1778 5187 1865 5227 me
1912 5188 2002 5228 oc-

292 5256 488 5321 cidere,
512 5254 789 5309 hominem
814 5257 911 5324 qui
936 5251 1224 5305 veritatem
1241 5251 1387 5308 vobis
1415 5252 1554 5311 dico.
1587 5255 1655 5311 Et
1684 5256 1778 5313 ille
1798 5259 2004 5316 invidit

296 5341 543 5410 homini,
576 5350 631 5397 et
662 5342 871 5398 occidit
905 5338 1219 5397 hominem.
1254 5340 1525 5397 Diabolus
1546 5344 1702 5400 enim
1736 5363 1871 5403 cum
1916 5348 2003 5406 in-

292 5431 511 5487 videret
542 5430 780 5498 homini,
804 5431 1329 5501 serpenteindutus
1350 5429 1578 5489 locutus
1607 5439 1696 5491 est
1744 5437 1996 5510 mulieri,

292 5528 346 5579 et
376 5520 446 5577 de
479 5519 716 5575 muliere
746 5521 1049 5577 venenavit
1077 5526 1134 5577 et
1153 5522 1360 5578 virum.
1389 5523 1599 5581 Mortui
1630 5536 1769 5585 sunt
1796 5530 2001 5590 diabo-

296 5628 422 5670 lum
453 5608 741 5668 audiendo
771 5609 924 5682 (Gen.
954 5625 1036 5679 ιιι,
1077 5610 1152 5685 1),
1210 5626 1384 5683 quem
1416 5629 1536 5673 non
1583 5616 1908 5693 audissent,
1938 5627 1996 5683 et

1306 275 1384 336 IN
1427 274 1754 337 JOANNIS
1801 274 2329 349 EVANGELIUM,
2379 276 2444 337 S.
2498 276 2917 340 AUGUSTINI

3725 281 3870 343 17οι

2164 410 2479 468 Dominum
2510 411 2714 469 audire
2744 411 3064 469 voluissent
3090 430 3103 468 :
3140 412 3363 484 positus
3391 413 3547 469 enim
3578 412 3755 471 homo
3786 414 3868 470 in-

2162 502 2251 556 ter
2279 516 2411 556 eum
2444 502 2543 573 qui
2577 503 2806 572 creavit,
2839 506 2897 560 et
2926 519 3062 559 eum
3103 504 3201 575 qui
3250 504 3450 576 lapsus
3481 509 3590 573 est,
3647 504 3867 561 obtem-

2161 602 2366 660 perare
2394 589 2597 647 debuit
2623 590 2899 660 Creatori,
2934 608 3047 647 non
3082 593 3394 664 deeeptori.
3445 596 3592 666 Ergo
3637 595 3742 653 ille
3774 596 3865 652 ho-

2159 678 2362 734 micida
2390 689 2443 736 et
2473 680 2540 736 ab
2572 682 2759 737 initio.
2800 680 3003 738 Videte
3040 698 3225 754 genus
3263 681 3588 754 homicidii,
3639 685 3861 742 fratres.

2161 768 2457 826 Homicida
2488 770 2701 827 dicitur
2731 771 3017 842 diabolus,
3052 789 3168 829 non
3200 772 3395 844 gladio
3432 780 3723 842 armatus,
3751 794 3862 834 non

2157 858 2307 916 ferro
2337 861 2673 930 accinctus;
2706 863 2778 918 ad
2823 862 3123 919 hominem
3160 862 3337 932 venit,
3371 864 3612 920 verbum
3647 867 3861 924 malum

2154 950 2480 1019 seminavit,
2513 956 2570 1008 et
2597 952 2822 1008 occidit.
2858 951 3002 1009 'Noli
3045 968 3182 1025 ergo
3213 959 3420 1024 putare
3463 960 3519 1009 te
3574 972 3692 1013 non
3738 973 3862 1014 esse

2154 1039 2530 1110 homicidam,
2564 1044 2795 1112 quando
2848 1044 3013 1099 fratri
3052 1049 3155 1099 tuo
3214 1044 3367 1100 mala
3421 1047 3781 1115 persuades:
3815 1051 3862 1107 si

2154 1128 2318 1187 lratri
2348 1136 2448 1187 tuo
2482 1130 2634 1187 mala
2668 1133 3005 1201 persuades,
3039 1132 3283 1189 occidis.
3332 1134 3397 1188 Et
3442 1138 3506 1190 ut
3545 1135 3690 1191 scias
3721 1139 3859 1209 quia

2151 1218 2388 1285 occidis,
2422 1219 2557 1276 audi
2586 1220 2877 1277 Psalmum
2913 1238 2927 1277 :
2960 1220 3095 1277 Filii
3122 1220 3428 1293 hominum,
3456 1222 3644 1281 dentes
3672 1241 3861 1283 eorum

2148 1323 2308 1364 arma
2335 1315 2390 1364 et
2418 1311 2668 1382 sagittae,
2698 1315 2753 1367 et
2784 1309 2976 1381 lingua
2994 1326 3183 1366 eorum
3203 1313 3474 1368 machara
3498 1317 3657 1369 acuta
3689 1316 3857 1387 (Psul.

2150 1413 2261 1464 LVI,
2290 1399 2373 1468 5).
2406 1399 2521 1455 Vos
2552 1415 2685 1471 ergo
2723 1399 2997 1456 desideria
3027 1402 3202 1471 patris
3231 1403 3395 1458 vestri
3441 1402 3607 1459 vultis
3633 1407 3860 1473 facere?

2148 1487 2278 1544 ideo
2308 1488 2523 1544 saevitis
2553 1487 2613 1544 in
2646 1505 2904 1560 carnem,
2928 1490 3069 1562 quia
3098 1507 3215 1547 non
3238 1491 3477 1563 potestis
3500 1492 3557 1548 in
3581 1500 3854 1556 mentem.

2148 1578 2251 1635 Ille
2280 1579 2549 1636 homicida
2574 1585 2693 1636 erat
2723 1580 2790 1635 ab
2820 1579 3028 1637 initio:
3063 1581 3268 1653 utique
3299 1582 3358 1637 in
3390 1583 3578 1655 primo
3598 1584 3854 1655 homine,

2148 1671 2227 1725 Ex
2257 1668 2356 1725 illo
2387 1669 2482 1725 ille
2513 1669 2824 1739 homicida,
2849 1685 2917 1727 ex
2949 1688 3064 1743 quo
3084 1674 3270 1742 potuit
3294 1671 3415 1728 ﬁeri
3438 1675 3854 1734 homicidium:

2147 1776 2215 1816 ex
2245 1758 2344 1815 illo
2378 1759 2563 1829 potuit
2594 1759 2717 1816 ﬁeri
2761 1759 3171 1829 homicidium,
3230 1777 3299 1817 ex
3348 1778 3463 1834 quo
3520 1764 3711 1823 factus
3767 1751 3855 1824 θέε

2152 1850 2344 1905 homo.
2376 1849 2498 1905 Non
2529 1848 2686 1905 enim
2718 1857 2912 1920 posset
2942 1850 3124 1906 occidi
3159 1850 3360 1918 homo,
3392 1851 3501 1908 nisi
3523 1852 3711 1923 ipsius
3751 1856 3856 1913 ﬁe-

2150 1944 2235 1996 ret
2264 1939 2454 1995 homo.
2489 1939 2777 1996 Homicida
2805 1955 2941 2011 ergo
2972 1938 3071 1996 ille
3100 1940 3169 1996 ab
3198 1940 3364 1998 initio
3395 1942 3460 1998 Et
3491 1946 3641 2000 unde
3664 1944 3852 2002 homi-

2147 2028 2324 2085 cida?
2361 2030 2421 2084 Et
2444 2030 2503 2084 in
2553 2031 2786 2085 veritate
2838 2045 2941 2085 non
2974 2033 3140 2086 stetit.
3175 2031 3325 2103 Ergo
3355 2031 3414 2087 in
3445 2037 3685 2092 veritate
3723 2037 3851 2106 fuit,

2148 2121 2247 2175 seel
2275 2135 2389 2175 non
2421 2119 2629 2175 stando
2666 2119 2892 2175 cecidit.
2926 2120 2995 2176 Et
3025 2135 3203 2191 quare
3236 2123 3292 2175 in
3326 2124 3553 2181 veritate
3572 2141 3682 2180 non
3711 2130 3856 2183 stetit

2149 2208 2294 2277 Quia
2323 2209 2522 2264 veritas
2550 2226 2661 2265 non
2702 2213 2782 2264 est
2826 2208 2888 2263 in
2919 2226 3000 2266 eo.
3036 2214 3156 2266 Non
3189 2213 3481 2282 quomodo
3510 2212 3571 2270 in
3602 2214 3850 2285 Christo,

2148 2300 2228 2356 sic
2257 2304 2343 2355 est
2388 2301 2622 2357 veritas.
2658 2305 2722 2355 ut
2769 2299 3033 2355 Christus
3074 2301 3198 2372 ipse
3238 2302 3317 2356 sit
3351 2303 3579 2360 veritas.
3614 2306 3670 2360 Si
3717 2324 3851 2379 ergo

2148 2390 2256 2445 iste
2279 2390 2334 2444 in
2367 2389 2604 2445 veritate
2634 2389 2915 2456 stetisset,
2943 2389 3001 2444 in
3049 2389 3277 2447 Christo
3334 2392 3609 2466 stetisset,
3656 2397 3755 2453 sed
3790 2399 3847 2452 in

2145 2478 2377 2533 veritate
2410 2493 2519 2531 non
2548 2480 2716 2542 stetit,
2744 2480 2875 2549 quia
2905 2480 3100 2533 veritas
3128 2494 3236 2534 non
3267 2488 3344 2535 est
3375 2482 3438 2536 in
3466 2498 3548 2537 eo.

2218 2569 2299 2622 12.
2320 2565 2452 2621 Cum
2483 2566 2734 2638 loquitur
2785 2566 3246 2635 mendacium,ea;
3281 2571 3526 2640 propriis
3565 2572 3813 2645 loquitur

2144 2658 2273 2727 quia
2304 2656 2546 2710 mendax
2565 2667 2663 2723 est,
2700 2661 2751 2711 et
2775 2662 2938 2727 pater
2961 2656 3094 2726 ejus.
3119 2657 3263 2723 Quid
3297 2659 3513 2717 esthoc
3536 2660 3565 2716 ‘l
3590 2663 3851 2720 Audistis

2139 2746 2316 2802 verba
2371 2744 2689 2817 Evangelii,
2727 2745 2935 2801 intenti
2966 2747 3273 2817 accepistis
3305 2766 3322 2801 :
3349 2763 3479 2805 ecce
3536 2757 3749 2823 repeto,
3787 2760 3850 2809 ut

2140 2835 2471 2906 agnoscatis
2501 2835 2637 2906 quid
2667 2834 2930 2904 exigatis.
2966 2835 3047 2891 De
3076 2836 3305 2892 diabolo
3337 2837 3621 2896 Dominus
3658 2857 3721 2897 ea
3753 2843 3808 2899 di
3832 2873 3844 2883 ο

2140 2926 2307 2980 cebat
2341 2942 2468 2997 qua:
2500 2925 2571 2981 de
2603 2924 2831 2981 diabolo
2881 2924 2993 2979 dici
3021 2942 3053 2980 a
3096 2924 3341 2982 Domino
3368 2927 3714 2986 debuerunt.
3748 2934 3848 2989 Ille

2138 3014 2416 3071 homicida
2443 3021 2562 3071 erat
2582 3017 2649 3070 ab
2680 3015 2870 3081 initio,
2903 3030 3102 3069 verum
3125 3023 3213 3071 est
3244 3033 3258 3084 ;
3292 3033 3426 3073 nam
3451 3020 3707 3089 primum
3742 3022 3845 3078 ho-

2140 3105 2358 3162 minem
2387 3106 2597 3162 occidit
2630 3108 2735 3173 :ctj
2758 3106 2820 3161 in
2843 3104 3071 3162 veritate
3090 3120 3198 3161 non
3226 3109 3413 3173 stetit;
3435 3109 3576 3180 quia
3604 3111 3674 3166 de
3696 3113 3845 3169 veri-

2137 3199 2254 3251 tate
2286 3195 2479 3268 lapsus
2507 3200 2615 3252 est.
2650 3197 2785 3251 Cum
2813 3194 3060 3266 loquitur
3088 3195 3454 3267 mendacium,
3490 3199 3693 3271 utique
3722 3202 3850 3273 ipse

2137 3287 2424 3355 diabolus,
2456 3286 2520 3339 de
2571 3285 2812 3357 prOpriis
2858 3286 3100 3358 loquitur
3126 3302 3151 3349 ;
3200 3288 3332 3357 quia
3378 3289 3619 3346 mendax
3661 3302 3761 3361 est,
3791 3297 3848 3347 et

2131 3389 2290 3452 pater
2309 3378 2444 3448 ejus.
2474 3378 2536 3432 In
2571 3376 2661 3431 his
2696 3375 2879 3432 verbis
2904 3376 3146 3447 quidam
3169 3382 3388 3448 patrem
3414 3379 3708 3437 diabolum
3742 3383 3848 3437 ha-

2135 3470 2268 3525 bere
2327 3469 2695 3538 putaverunt,
2737 3470 2793 3521 et
2837 3465 3192 3537 quassierunt
3246 3468 3377 3537 quis
3425 3474 3576 3525 esset
3627 3470 3841 3527 diaboli

2133 3563 2312 3630 pater.
2349 3555 2451 3610 Hic
2472 3570 2603 3611 vero
2632 3555 2994 3611 detestabilis
3025 3570 3187 3611 error
3216 3554 3664 3616 Manichaeorum
3688 3560 3842 3618 inve-

2132 3649 2219 3705 nit
2250 3646 2443 3704 adhuc
2483 3663 2596 3718 qua
2624 3646 2914 3717 deciperet
2952 3647 3275 3717 imperitos.
3308 3649 3503 3706 Solent
3547 3651 3703 3708 enim
3738 3654 3839 3708 di—

2131 3754 2261 3794 cere
2302 3752 2316 3794 :
2351 3737 2497 3793 Puta
2540 3736 2806 3792 diabolus
2842 3735 3087 3808 angelus
3119 3737 3248 3808 fuit,
3278 3743 3334 3795 et
3387 3740 3583 3812 lapsus
3615 3746 3737 3811 est;
3764 3745 3837 3800 ab

2129 3828 2229 3884 illo
2272 3829 2441 3899 coepit
2490 3831 2810 3900 peccatum,
2844 3826 2995 3881 sicut
3044 3826 3275 3885 dicitis:
3320 3832 3492 3886 Pater
3537 3832 3667 3903 ejus
3704 3834 3840 3903 quis

2127 3918 2295 3976 erat?
2312 3918 2426 3974 Nos
2442 3925 2638 3973 contra
2660 3933 2674 3973 :
2702 3916 2841 3980 Quis
2860 3916 3012 3972 enim
3040 3922 3306 3974 nostrum
3347 3919 3665 3992 aliquando
3687 3925 3839 3980 dixit

2127 4008 2425 4066 diabolum
2477 4008 2689 4063 habere
2738 4010 3008 4077 patrem?
3040 4008 3107 4064 Et
3139 4009 3221 4065 illi
3276 4016 3475 4068 contra
3506 4031 3521 4070 :
3560 4014 3837 4075 Dominus

2125 4102 2287 4166 dicit,
2324 4100 2697 4169 Evangelium
2750 4097 3027 4169 loquitur,
3078 4100 3147 4156 de
3194 4099 3425 4159 diabolo
3475 4104 3699 4173 dicens,
3730 4109 3833 4178 ait,

2128 4193 2221 4249 ille
2244 4189 2516 4247 homicida
2547 4197 2669 4244 erat
2719 4190 2792 4244 ab
2837 4188 3019 4256 initio,
3059 4199 3110 4244 et
3148 4190 3208 4245 in
3252 4196 3478 4248 veritate
3498 4210 3606 4250 non
3634 4197 3840 4263 stetit;

2124 4284 2257 4354 quia
2288 4283 2491 4336 veritas
2519 4296 2628 4334 non
2660 4288 2736 4334 est
2765 4282 2824 4335 in
2846 4296 2908 4334 eo
2942 4296 2959 4334 :
2990 4295 3114 4335 cum
3165 4281 3416 4351 loquitur
3460 4284 3836 4358 mendacium,

2121 4372 2186 4426 de
2216 4370 2462 4442 propriis
2484 4368 2731 4439 loquitur
2760 4384 2778 4427 :
2809 4368 2942 4441 quia
2970 4368 3209 4426 mendax
3228 4377 3323 4431 est,
3355 4379 3406 4427 et
3435 4378 3595 4441 pater
3622 4375 3762 4443 eius.

2196 4458 2281 4513 13.
2314 4454 2770 4527 Audi,intellige
2803 4474 2816 4519 ;
2851 4472 2964 4511 non
3015 4460 3070 4511 te
3118 4457 3290 4527 longe
3340 4459 3531 4526 mitto,
3582 4462 3640 4518 in
3684 4464 3837 4536 ipsis

2119 4548 2309 4604 verbis
2368 4546 2648 4617 intelligo.
2711 4544 3016 4601 Diabolum
3077 4546 3361 4603 Dominus
3408 4550 3554 4606 dixit
3611 4558 3836 4623 patrem

2121 4637 2431 4693 mendacii.
2467 4635 2612 4702 Quid
2636 4646 2723 4690 est
2757 4635 2861 4690 hoc
2891 4634 2918 4689 2
2948 4636 3093 4690 Audi
3117 4637 3247 4707 quid
3282 4638 3374 4709 sit,
3411 4640 3626 4710 replica
3661 4645 3834 4700 modo

2117 4724 2248 4797 ipsa
2278 4724 2471 4788 verba,
2503 4729 2561 4780 et
2591 4723 2870 4796 intelligo.
2917 4723 3041 4779 Non
3088 4724 3279 4781 omnis
3308 4726 3464 4783 enim
3507 4728 3609 4800 qui
3658 4746 3838 4787 men-

2115 4814 2277 4885 titur,
2313 4818 2475 4887 pater
2504 4813 2792 4870 mendacii
2824 4812 2916 4868 sui
2946 4818 3055 4869 est.
3082 4813 3142 4870 Si
3174 4815 3334 4872 enim
3359 4816 3431 4873 ab
3450 4815 3565 4874 alio
3589 4822 3835 4877 menda-

2115 4904 2268 4960 cium
2304 4904 2598 4975 accepisti,
2631 4908 2686 4960 et
2735 4902 2967 4973 dixisti;
3030 4910 3089 4959 tu
3135 4904 3370 4976 quidem
3423 4909 3710 4966 mentitus
3766 4927 3836 4968 es

2116 4994 2464 5069 proferendo
2498 4992 2871 5049 mendacium
2907 4992 3049 5049 :sed
3084 4998 3247 5065 pater
3294 4997 3581 5054 mendacii
3641 4999 3835 5070 ipsius

2114 5098 2233 5140 non
2262 5099 2345 5151 es,
2378 5082 2517 5155 quia
2538 5083 2610 5138 ab
2631 5081 2811 5139 altero
2833 5082 3107 5153 accepisti
3127 5085 3522 5142 mendacium.
3545 5087 3836 5148 Diabolus

2110 5182 2300 5231 autem
2328 5191 2361 5230 a
2400 5174 2594 5247 seipso
2627 5174 2872 5231 mendax
2893 5174 3032 5242 fuit;
3068 5177 3430 5233 mendacium
3481 5194 3657 5236 suum
3699 5180 3837 5254 ipse

2109 5265 2333 5337 genuit,
2367 5281 2401 5320 a
2432 5263 2664 5320 nemine
2706 5263 2944 5321 audivit.
2977 5265 3275 5330 Quomodo
3322 5270 3475 5324 Deus
3521 5270 3695 5327 Pater
3741 5289 3838 5345 ge-

2111 5354 2236 5409 nuit
2292 5353 2502 5409 Filium
2553 5352 2891 5424 veritatem;
2933 5354 3015 5409 sic
3060 5354 3328 5412 diabolus
3375 5355 3575 5428 lapsus
3624 5363 3837 5433 genuit

2110 5444 2279 5515 quasi
2309 5443 2496 5500 lilium
2530 5443 2920 5501 mendacium.
2965 5443 3067 5501 His
3115 5445 3349 5516 auditis,
3400 5447 3617 5521 replica
3665 5466 3835 5512 nunc

2108 5538 2167 5591 et
2196 5533 2382 5591 recole
2412 5535 2588 5591 verba
2616 5533 2895 5593 Domini:
2945 5549 3113 5591 mens
3175 5536 3479 5609 catholica,
3530 5540 3673 5612 quid
3724 5558 3839 5600 au-

2108 5622 2283 5681 dieris
2313 5623 2560 5693 adverte,
2595 5623 2738 5696 quid
2756 5625 2913 5683 dicat
2943 5626 3194 5684 attende.
3226 5626 3369 5685 Ille:
3398 5628 3532 5701 quis
3553 5629 3582 5686 ‘l
3601 5629 3833 5693 Diabo-
