4148 6190
314 281 469 340 1705

300 415 751 472 lus:homicida
779 421 898 471 erat
956 414 1023 470 ab
1084 415 1263 472 initio.
1335 418 1744 487 Agnoscimus,
1804 416 2013 472 occidit

299 507 505 561 Adam.
543 508 608 561 Et
635 508 692 562 in
724 508 953 562 veritate
984 521 1094 563 non
1127 509 1299 564 stetit.
1332 509 1741 580 Agnoscimus,
1775 508 1913 579 quia
1942 507 2014 562 de

299 596 542 651 veritate
573 594 777 666 lapsus
807 600 915 651 est.
951 595 1093 667 Quia
1122 599 1323 652 veritas
1354 614 1464 654 non
1499 605 1576 654 est
1603 599 1663 654 in
1685 614 1764 655 eo.
1797 596 2013 652 Verum

303 692 426 753 est;
461 685 791 740 recedendo
822 702 855 741 a
880 686 1112 741 veritate
1136 689 1153 723 ί
1189 703 1303 741 non
1329 687 1504 743 habet
1534 688 1855 743 veritatem.
1882 686 2016 741 Cum

304 776 552 847 loquitur
580 774 943 844 mendacium,
974 774 1041 830 de
1068 778 1307 847 prapriis
1340 777 1599 848 loquitur.
1631 776 1755 832 Non
1780 775 2015 831 aliunde

299 864 513 935 accipit
564 865 719 920 unde
775 863 1063 935 loquatur.
1098 864 1231 920 Cum
1263 866 1508 937 loquitur
1539 865 1903 930 mendacium,
1948 865 2015 919 de

297 952 539 1027 propriis
571 954 818 1025 loquitur
846 971 864 1009 :
898 953 1034 1026 quia
1080 955 1321 1010 mendax
1348 963 1446 1024 est,
1482 960 1532 1010 et
1583 963 1742 1027 pater
1770 955 1911 1024 ejus.
1942 953 2016 1008 Et

296 1044 548 1100 mendax
581 1048 687 1112 est,
719 1048 775 1099 et
808 1050 969 1114 pater
992 1044 1305 1101 mendacii.
1326 1046 1470 1100 Nam
1494 1052 1552 1099 tu
1587 1045 1734 1099 forte
1761 1042 2009 1098 mendax

300 1152 382 1200 es,
413 1136 555 1205 quia
589 1133 958 1190 mendacium
991 1133 1275 1207 loqueris:
1306 1134 1407 1191 sed
1438 1151 1553 1190 non
1578 1150 1641 1189 es
1675 1137 1835 1204 pater
1864 1132 2011 1202 ejus.

305 1224 364 1279 Si
398 1223 559 1278 enim
608 1223 760 1294 quod
812 1222 957 1278 dicis
1004 1239 1037 1277 a
1086 1222 1316 1278 diabolo
1346 1222 1640 1294 accepisti,
1672 1225 1728 1276 et
1784 1220 2016 1277 diabolo

305 1312 649 1379 credidisti;
683 1306 932 1368 mendax
962 1327 1050 1381 es,
1088 1318 1253 1383 pater
1301 1312 1587 1367 mendacii
1622 1327 1736 1366 non
1768 1326 1830 1366 es
1863 1327 1877 1365 :
1920 1309 2018 1366 ille

306 1418 439 1459 vero
471 1401 613 1473 quia
646 1417 759 1457 non
790 1401 1030 1458 aliunde
1051 1403 1272 1473 accepit
1295 1400 1687 1469 mendacium,
1723 1416 1837 1471 quo
1862 1415 2019 1455 men-

304 1491 471 1548 dacio
501 1495 781 1562 tanquam
830 1506 1052 1547 veneno
1084 1507 1322 1563 serpens
1372 1490 1665 1546 hominem
1708 1488 2017 1557 occideret,

302 1589 466 1651 pater
495 1584 586 1635 est
644 1578 927 1635 mendacii
964 1598 978 1646 ;
1009 1580 1162 1636 sicut
1214 1581 1362 1635 Deus
1393 1584 1564 1635 Pater
1591 1583 1681 1634 est
1738 1577 2016 1633 veritatis.

304 1668 576 1725 Recedite
607 1687 640 1723 a
672 1674 834 1740 patre
876 1670 1188 1738 mendacii,
1219 1670 1439 1727 currite
1482 1670 1553 1724 ad
1606 1669 1832 1723 Patrem
1867 1666 2015 1720 veri-

306 1758 442 1814 tatis
474 1778 489 1825 ;
526 1757 949 1829 amplectimini
1002 1760 1327 1826 veritatem,
1362 1766 1422 1813 ut
1453 1756 1751 1829 accipiatis
1783 1756 2018 1811 liberta-

310 1852 446 1902 tem.

379 1936 570 1993 14.11“
592 1952 731 2008 ergo
751 1935 931 1991 Judmi
954 1939 1107 2009 apud
1136 1942 1357 2008 patrem
1380 1953 1555 1993 suum
1576 1936 1699 1991 vide
1712 1940 1844 1991 runt
1867 1936 2019 2006 quod

302 2026 690 2097 loquebantur
721 2042 740 2081 .'
769 2026 932 2097 quid,
967 2026 1078 2081 nisi
1131 2028 1497 2082 mendacium
1528 2024 1555 2079 ?
1602 2024 1888 2081 Dominus
1917 2034 2020 2081 au-

302 2121 417 2171 tem
442 2117 599 2186 apud
636 2115 857 2172 Patrem
891 2132 1062 2171 suum
1088 2116 1402 2186 viditquod
1451 2115 1823 2186 loqueretur:
1857 2114 2018 2185 quid,

301 2205 416 2260 nisi
448 2205 715 2275 seipsum
746 2204 773 2257 ?
805 2204 970 2275 quid,
1004 2206 1119 2260 nisi
1151 2204 1402 2261 Verbum
1438 2204 1671 2261 Patris?
1715 2204 1879 2276 quid,
1904 2203 2019 2259 nisi

300 2295 609 2349 veritatem
655 2293 841 2349 Patris
872 2298 1171 2362 aeternam,
1206 2302 1261 2350 et
1292 2293 1443 2350 Patri
1477 2298 1820 2349 coaeternam
1852 2292 1880 2347 Ἰ
1922 2291 2017 2347 Ille

300 2399 438 2455 ergo
470 2383 760 2439 homicida
790 2388 910 2439 erat
938 2383 1005 2438 ab
1046 2384 1232 2448 initio,
1265 2389 1320 2438 et
1350 2383 1408 2438 in
1442 2385 1668 2439 veritate
1697 2398 1807 2439 non
1844 2383 2015 2447 stetit,

302 2476 436 2545 quia
469 2473 673 2529 veritas
701 2488 811 2528 non
839 2482 915 2528 est
938 2476 995 2527 in
1018 2489 1134 2529 eos:
1153 2489 1275 2528 cum
1307 2474 1551 2544 loquitur
1570 2471 2018 2538 mendacium,de

299 2565 549 2635 propriis
582 2563 863 2634 loquitur;
886 2565 1014 2632 quia
1035 2563 1274 2617 mendax
1293 2570 1390 2618 est.
1415 2563 1485 2617 Et
1507 2579 1617 2618 non
1644 2561 1834 2617 solum
1860 2575 2018 2615 men-

305 2654 418 2708 dax
448 2659 562 2719 est,
590 2653 693 2708 sed
721 2660 775 2709 et
804 2656 963 2723 pater
989 2653 1105 2718 eius
1134 2657 1251 2707 est:
1277 2653 1336 2707 id
1368 2658 1483 2712 est.
1506 2652 1695 2723 ipsius
1730 2647 2015 2706 mendacii

306 2743 466 2815 quod
500 2743 781 2813 loquitur,
808 2748 971 2813 pater
991 2750 1098 2812 est,
1122 2741 1259 2812 quia
1284 2743 1404 2812 ipse
1420 2743 1624 2813 genuit
1645 2741 2014 2797 mendacium

300 2850 504 2889 suum.
538 2835 647 2903 Ego
695 2840 878 2888 autem
908 2836 1035 2905 quia
1087 2836 1375 2889 veritatem
1423 2835 1566 2902 dico,
1626 2849 1735 2887 non
1792 2831 2019 2888 creditis

301 2925 462 2978 mihi.
498 2925 628 2992 Quis
657 2940 729 2979 ex
764 2925 917 2979 vobis
964 2925 1162 2996 arguit
1192 2938 1277 2978 me
1334 2923 1404 2978 de
1433 2933 1645 2992 peccato
1679 2941 1697 2987 ;
1728 2922 2014 2993 quomodo

305 3028 414 3085 ego
447 3030 625 3084 arguo
658 3018 715 3068 et
743 3029 840 3068 vos
890 3017 947 3067 et
990 3018 1213 3083 patrem
1265 3017 1521 3067 vestrum
1550 3011 1577 3063 ‘t
1637 3012 1695 3065 3i
1726 3010 2015 3066 veritatem

298 3104 423 3160 dico
444 3118 617 3175 quare
644 3118 734 3158 vos
768 3118 876 3158 non
905 3101 1123 3158 creditis
1152 3101 1295 3157 mihi
1317 3121 1338 3167 ;
1364 3100 1476 3156 nisi
1508 3102 1647 3173 quia
1672 3100 1773 3156 ﬁlii
1798 3101 2014 3157 diaboli

306 3193 451 3249 estis
471 3192 498 3247 ?

380 3283 463 3337 15.
500 3280 643 3349 Quid
670 3297 725 3336 es
756 3284 849 3336 tea:
878 3282 1003 3347 Deo,
1036 3280 1201 3335 verba
1242 3280 1337 3335 Dei
1366 3278 1527 3334 audit
1555 3296 1575 3333 :
1605 3286 1893 3351 propterea
1922 3295 2016 3337 vos

300 3387 410 3427 non
436 3370 663 3437 auditis,
694 3373 832 3441 quia
863 3385 931 3425 ex
962 3370 1065 3425 Deo
1109 3384 1215 3424 non
1258 3370 1409 3425 estis.
1448 3369 1661 3424 Iterum
1714 3369 1895 3425 nolite
1926 3373 2012 3425 at-

298 3462 535 3517 tendere
567 3464 866 3526 naturam,
898 3461 996 3515 sed
1026 3460 1251 3514 vitium.
1286 3460 1379 3514 Sic
1411 3464 1551 3515 sunt
1573 3459 1668 3515 isti
1701 3477 1769 3514 ex
1801 3466 1936 3527 Deo,
1958 3464 2017 3516 et

303 3567 418 3606 non
453 3555 596 3605 sunt
627 3566 697 3604 ex
724 3553 873 3604 Deo:
916 3554 1129 3604 natura
1159 3565 1224 3605 ex
1261 3553 1391 3615 Deo,
1426 3549 1562 3604 vitio
1613 3565 1725 3603 non
1757 3565 1821 3604 ex
1876 3549 2013 3608 Deo.

305 3640 562 3695 Obsecro
590 3655 717 3707 vos,
762 3638 1080 3703 attendite;
1115 3638 1171 3692 in
1223 3636 1532 3708 Evangelio
1584 3638 1811 3693 habetis
1861 3639 2015 3694 unde

305 3728 599 3784 sanemini
622 3735 822 3781 contra
852 3742 1076 3781 errores
1116 3742 1436 3781 venenosos
1468 3730 1524 3781 et
1555 3726 1800 3781 nefarios
1835 3726 2015 3782 δωρον

309 3820 583 3875 ticorum.
618 3816 902 3880 Quoniam
933 3821 990 3871 et
1020 3816 1091 3872 de
1124 3815 1212 3873 his
1243 3816 1433 3872 verbis
1483 3816 1667 3871 solent
1716 3815 2013 3871 Manichaei

309 3909 519 3974 dicere,
551 3907 691 3962 Ecce
722 3906 858 3975 quia
886 3906 1014 3961 dus:
1049 3909 1267 3961 naturae
1300 3909 1460 3974 sunt,
1485 3922 1601 3959 una
1634 3906 1807 3974 bona,
1840 3912 1893 3961 et
1932 3902 2011 3959 al-

308 4010 429 4056 tera
463 3999 653 4066 mala;
688 3998 972 4054 Dominus
1003 3996 1176 4055 dicit:
1211 3997 1350 4069 quid
1373 3997 1511 4053 dicit
1534 3997 1814 4053 Dominus
1835 3997 1862 4051 ?
1883 4002 2016 4053 Pro-

307 4096 492 4163 pterea
514 4105 609 4145 vos
631 4105 739 4144 non
771 4086 994 4152 auditis,
1018 4089 1150 4159 quia
1181 4103 1250 4142 ea:
1281 4088 1382 4142 Deo
1403 4103 1512 4144 non
1538 4089 1689 4143 estis.
1722 4087 1872 4142 Dicit
1893 4086 2012 4142 haec

306 4181 616 4238 Dominus.
650 4179 796 4243 Quid
830 4195 988 4249 ergo,
1023 4178 1232 4249 inquit,
1268 4182 1330 4233 tu
1362 4178 1431 4233 ad
1466 4179 1577 4234 ista
1626 4178 1773 4233 dicis
1796 4176 1822 4230 ?
1866 4178 2013 4233 Audi

308 4288 432 4343 qua
463 4271 677 4326 dicam.
712 4268 780 4323 Et
810 4284 878 4324 ex
907 4268 1023 4324 Deo
1045 4274 1205 4334 sunt,
1239 4274 1295 4323 et
1324 4284 1393 4324 ex
1424 4267 1538 4323 Deo
1572 4284 1686 4323 non
1719 4272 1856 4323 sunt
1880 4287 1894 4336 ;
1921 4284 2015 4323 na-

316 4366 446 4416 tura
476 4375 547 4415 ex
600 4358 721 4413 Deo
752 4364 909 4427 sunt,
941 4358 1081 4414 vitio
1140 4374 1255 4413 non
1287 4360 1426 4413 sunt
1463 4374 1531 4412 ex
1588 4357 1702 4413 Deo
1735 4374 1747 4411 :
1812 4361 2017 4413 natura

313 4452 469 4507 enim
507 4452 659 4505 bona
691 4465 820 4520 qua:
850 4463 919 4502 ex
966 4448 1081 4503 Deo
1112 4454 1220 4516 est,
1254 4448 1511 4519 peccavit
1538 4448 1855 4514 voluntate,
1887 4463 2018 4504 cre-

310 4541 502 4597 dendo
535 4540 687 4610 quod
739 4537 1009 4593 diabolus
1058 4538 1369 4608 persuasit,
1404 4545 1460 4592 et
1488 4537 1692 4592 vitiata
1720 4543 1809 4592 est
1841 4552 1856 4603 ;
1888 4538 2017 4593 ideo

314 4629 607 4685 medicum
640 4626 865 4698 quaerit,
890 4625 1029 4697 quia
1054 4643 1199 4681 sana
1230 4641 1345 4681 non
1378 4631 1485 4681 est.
1510 4626 1651 4681 Ecce
1682 4627 1833 4697 quod
1865 4626 2014 4683 dico.

310 4719 422 4775 Sed
456 4716 825 4788 impossibile
848 4713 953 4769 tibi
974 4713 1203 4770 videtur
1224 4718 1283 4769 ut
1314 4730 1382 4769 ex
1416 4718 1525 4770 Deo
1558 4715 1697 4779 sint,
1728 4721 1783 4770 et
1813 4732 1878 4770 ex
1905 4716 2016 4772 Deo

313 4824 431 4863 non
465 4806 624 4863 sint:
655 4804 789 4860 audi
823 4804 960 4874 quia
991 4819 1101 4858 non
1126 4808 1216 4858 est
1246 4802 1629 4874 impossibile.
1662 4802 1756 4859 Sic
1787 4811 1924 4859 sunt
1952 4820 2021 4859 ex

310 4896 453 4963 Deo,
484 4899 544 4951 et
575 4909 687 4949 non
738 4898 879 4948 sunt
907 4908 973 4947 ex
1006 4897 1143 4959 Deo,
1194 4893 1488 4962 quomodo
1535 4896 1591 4948 et
1621 4892 1724 4946 filii
1774 4893 2017 4949 Abrahae

309 4992 471 5053 sunt,
504 4993 556 5040 et
590 5000 707 5041 non
740 4988 879 5040 sunt
911 4983 1011 5039 ﬁlii
1055 4983 1320 5039 Abrahae.
1356 4983 1458 5039 Hic
1485 4982 1753 5050 habetis;
1787 4999 1902 5039 non
1932 4989 2023 5039 est

306 5076 465 5148 quod
498 5074 726 5130 dicatis.
763 5075 957 5142 Ipsum
1006 5072 1320 5128 Dominum
1373 5073 1530 5141 audi,
1562 5072 1677 5143 ipsi
1709 5073 1825 5129 illis
1855 5073 2019 5144 dixit,

309 5166 431 5222 Scio
461 5164 599 5237 quia
620 5162 734 5233 ﬁlii
753 5163 982 5217 Abrahz
1003 5163 1151 5218 estis.
1177 5160 1477 5233 Numquid
1510 5161 1790 5217 Dominus
1814 5162 2019 5218 menti-

310 5251 509 5309 retur?
538 5250 725 5307 Absit.
761 5249 905 5321 Ergo
951 5266 1156 5307 verum
1186 5254 1273 5305 est
1320 5249 1470 5321 quod
1507 5249 1788 5304 Dominus
1819 5247 1966 5303 dixit
1994 5248 2020 5303 ?

308 5343 522 5399 Verum
554 5343 665 5396 est.
716 5337 929 5396 Verum
980 5343 1070 5395 est
1117 5355 1253 5411 ergo
1303 5338 1457 5409 quod
1506 5337 1590 5393 illi
1640 5337 1886 5393 Abrahae
1915 5335 2021 5391 ﬁlii

307 5440 490 5489 erant.
522 5428 742 5485 Verum
775 5433 883 5484 est.
916 5429 1065 5484 Audi
1096 5429 1292 5501 ipsum
1328 5432 1659 5500 negantem.
1684 5426 1792 5493 Qui
1852 5425 2020 5493 dixit,

370 5586 492 5635 'Er.
527 5580 705 5644 Lugd.
737 5583 789 5629 et
816 5578 974 5644 Ven.,
1014 5580 1140 5643 quia
1179 5578 1462 5644 recedentia
1499 5593 1536 5644 ᾳ
1555 5643 1562 5644 ί
1582 5578 1826 5629 veritate.
1856 5579 2024 5631 Leva-

298 5650 520 5699 niensss
550 5642 764 5698 vocem.
796 5643 940 5705 quia,
977 5642 1130 5693 uncis
1160 5642 1458 5693 includunt.
1522 5643 1588 5692 Μ.

636 5761 907 5823 Parnet.
951 5760 1187 5822 XXXV.

1409 279 1881 343 TRACTATUS
1949 273 2156 337 XLIII.
2206 278 2464 343 CAPUT
2508 283 2666 346 VIII.

3671 297 3825 359 1706

2120 416 2251 471 Filii
2278 418 2515 477 Abrahae
2539 425 2683 489 estis,
2714 423 2839 493 ipse
2869 422 2999 477 illos
3058 426 3286 496 negavit
3316 427 3466 484 ﬁlios
3525 430 3771 488 Abrahae
3808 452 3821 489 :

2120 514 2179 569 Si
2205 516 2315 584 filii
2343 517 2580 576 Abrahae
2607 522 2757 588 estis,
2780 524 2927 590 facta
2958 521 3192 579 Abrahae
3219 526 3405 593 facile.
3438 528 3592 583 Nunc
3646 535 3827 586 autem

2118 606 2368 677 quaeritis
2413 625 2498 664 me
2554 611 2817 677 occidere,
2864 613 3141 666 hominem
3198 617 3297 683 qui
3345 618 3630 674 veritatem
3678 621 3830 677 vobis

2120 693 2261 764 dico,
2283 711 2449 767 quam
2478 700 2667 754 audivi
2695 716 2728 755 a
2762 700 2861 754 Deo
2892 717 2910 754 :
2949 700 3048 756 hoc
3081 702 3355 759 Abraham
3402 722 3511 763 non
3541 710 3691 778 fecit.
3734 710 3830 765 Vos

2120 786 2303 854 facitis
2350 803 2513 858 opera
2537 791 2713 860 patris
2759 792 2943 861 vestri,
2978 792 3033 846 id
3084 798 3173 848 est
3230 794 3470 853 diaboli.
3531 799 3829 862 Quomodo

2123 890 2259 946 ergo
2282 881 2339 931 et
2370 876 2473 932 ﬁlii
2504 878 2744 933 Abrahze
2778 885 2963 946 erant,
2988 888 3045 937 et
3073 882 3177 938 ﬁlii
3205 884 3447 941 Abrahae
3478 903 3592 943 non
3621 894 3784 944 erant
3803 888 3831 942 ‘l

2124 961 2447 1035 Utrumque
2500 966 2556 1021 in
2607 966 2724 1022 illis
2765 970 3151 1026 ostenditzet
3198 972 3303 1026 lilii
3346 974 3585 1031 Abrahaa
3643 984 3828 1045 erant,

2126 1061 2358 1122 propter
2388 1056 2671 1126 originem
2704 1058 2897 1113 carnis
2930 1078 2945 1127 ;
2980 1064 3037 1115 et
3063 1076 3176 1115 non
3210 1069 3377 1118 erant
3411 1062 3517 1118 filii
3553 1064 3826 1130 Abrahm,

2083 1208 2089 1215 ~
2126 1146 2360 1211 prepter
2389 1143 2591 1200 vitium
2628 1146 2927 1202 diabolicae
2957 1150 3377 1218 persuasionis.
3413 1152 3508 1209 Sic
3553 1158 3610 1209 et
3643 1154 3833 1210 Domi-

2124 1245 2266 1283 num
2299 1235 2356 1285 et
2377 1231 2559 1287 Deum
2594 1239 2860 1291 nostrum
2894 1239 3176 1294 attendite
3201 1256 3214 1293 :
3239 1245 3297 1296 et
3326 1256 3395 1296 ex
3426 1242 3526 1298 illo
3558 1247 3745 1312 erant,
3777 1251 3833 1299 et

2125 1334 2195 1373 ex
2226 1319 2325 1375 illo
2357 1336 2470 1376 non
2502 1328 2688 1378 erant.
2722 1324 3020 1387 Quomodo
3055 1344 3122 1383 ex
3150 1328 3247 1384 illo
3279 1340 3438 1386 erant
3468 1331 3495 1387 ?
3528 1333 3671 1398 Quia
3703 1332 3829 1404 ipse

2127 1408 2342 1464 creavit
2373 1410 2667 1467 hominem
2700 1413 2771 1467 de
2802 1430 2916 1484 quo
2940 1416 3059 1470 nati
3090 1422 3273 1473 erant.
3301 1421 3599 1485 Quomodo
3632 1438 3698 1477 ex
3730 1422 3828 1477 illo

2128 1497 2339 1553 erant?
2363 1498 2509 1565 Quia
2540 1500 2664 1571 ipse
2693 1508 2783 1557 est
2825 1505 3089 1561 conditor
3119 1510 3360 1575 naturae,
3396 1510 3518 1579 ipse
3549 1516 3634 1566 est
3664 1528 3828 1567 crea-

2127 1591 2217 1642 tor
2243 1589 2435 1642 carnis
2465 1596 2520 1644 et
2546 1590 2775 1646 animae.
2799 1593 3099 1656 Quomodo
3118 1612 3253 1667 ergo
3277 1611 3346 1652 ex
3366 1596 3466 1653 illo
3488 1614 3601 1655 non
3626 1603 3832 1657 erant?

2127 1673 2267 1737 Quia
2300 1676 2491 1731 vitiosi
2537 1696 2570 1732 a
2616 1679 2823 1749 seipsis
2855 1682 2987 1737 facti
3019 1693 3200 1740 erant.
3252 1688 3329 1740 Ex
3361 1686 3460 1743 illo
3494 1704 3607 1744 non
3640 1696 3829 1761 erant,

2128 1764 2264 1835 quia
2296 1765 2578 1823 imitando
2609 1769 2930 1842 diabolum,
2962 1773 3063 1829 lilii
3095 1775 3312 1832 diaboli
3344 1777 3484 1833 facti
3517 1782 3700 1835 erant.

2202 1854 2287 1911 16.
2320 1853 2493 1911 Venit
2513 1873 2647 1929 ergo
2670 1858 2955 1918 Dominus
2978 1862 3128 1919 Deus
3152 1866 3221 1920 ad
3247 1866 3542 1923 hominem
3576 1874 3833 1940 peccato-

2130 1959 2272 2001 rem.
2308 1949 2429 2000 Duo
2478 1948 2718 2004 nomina
2758 1952 2993 2021 audisti,
3027 1958 3083 2009 et
3110 1953 3433 2025 hominem,
3468 1962 3525 2012 et
3568 1964 3832 2028 peccato-

2130 2049 2271 2089 rem.
2297 2035 2455 2099 Quod
2489 2035 2661 2093 homo
2694 2048 2801 2109 est,
2833 2056 2900 2095 ex
2928 2040 3044 2097 Deo
3075 2052 3160 2098 est
3192 2059 3204 2097 :
3244 2045 3399 2115 quod
3432 2051 3698 2116 peccator
3720 2054 3830 2113 est,

2130 2137 2243 2176 non
2259 2130 2420 2177 estex
2443 2123 2580 2181 Deo.
2594 2126 2640 2180 A
2654 2134 2861 2182 natura
2876 2129 3015 2183 vitiu
3028 2146 3080 2184 m
3097 2140 3466 2188 secernatur:
3483 2139 3834 2204 agnoscatur

2129 2214 2355 2278 natura,
2410 2213 2562 2267 unde
2592 2217 2821 2270 Creator
2851 2215 3125 2273 laudetur
3156 2237 3171 2277 :
3205 2231 3557 2290 agnoscatur
3608 2223 3829 2290 vitium,

2128 2306 2363 2372 propter
2377 2304 2531 2374 quod
2567 2305 2827 2361 medicus
2848 2306 3164 2363 invocetur.
3192 2311 3351 2373 Quod
3375 2326 3511 2382 ergo
3542 2312 3617 2366 ait
3640 2312 3835 2367 Domi-

2128 2406 2256 2459 nus,
2292 2392 2397 2459 Qui
2434 2399 2512 2449 est
2567 2410 2638 2449 ea:
2696 2396 2820 2463 Deo,
2852 2398 3017 2452 verba
3058 2399 3152 2453 Dei
3178 2398 3337 2453 audit
3366 2415 3385 2454 :
3414 2404 3701 2471 pr0pterea
3735 2420 3831 2457 vos

2124 2496 2237 2535 non
2258 2481 2481 2549 auditis,
2500 2486 2627 2553 quia
2649 2499 2718 2539 ea:
2739 2484 2843 2541 Deo
2863 2502 2970 2541 non
3002 2490 3130 2542 estis
3152 2505 3174 2550 ;
3201 2503 3313 2542 non
3347 2493 3690 2545 naturarum
3713 2506 3832 2545 me-

2126 2567 2237 2623 rita
2266 2568 2562 2639 discrevit,
2595 2578 2695 2627 aut
2745 2579 2950 2644 praeter
2980 2590 3145 2630 suam
3194 2575 3452 2631 animam
3489 2581 3546 2631 et
3575 2593 3826 2645 carnem,

2127 2654 2383 2726 aliquam
2415 2662 2679 2715 naturam
2712 2658 2771 2715 in
2823 2661 3161 2717 hominibus
3194 2679 3319 2734 quas
3354 2670 3586 2733 peccato
3634 2665 3834 2720 vitiata

2128 2762 2239 2801 non
2274 2753 2444 2815 esset,
2478 2748 2700 2804 invenit
2731 2768 2744 2805 :
2780 2750 2879 2805 sed
2913 2751 3191 2821 quoniam
3224 2752 3552 2823 praescierat
3577 2755 3676 2824 qui
3709 2753 3831 2809 fue-

2124 2842 2255 2891 rant
2284 2838 2583 2903 credituri,
2619 2840 2778 2910 ipsos
2808 2841 2955 2895 dixit
2985 2857 3051 2896 ex
3083 2841 3219 2907 Deo,
3255 2842 3531 2913 quoniam
3585 2860 3826 2914 regene-

2125 2924 2366 2980 rationis
2397 2927 2707 2997 adoptione
2731 2936 3170 2985 renascerentur
3201 2946 3267 2985 ex
3290 2930 3424 2986 Deo.
3449 2932 3535 2987 Ad
3568 2932 3673 2988 hos
3708 2950 3834 3003 per-

2126 3006 2290 3075 tinet,
2322 3008 2424 3074 Qui
2455 3013 2532 3062 est
2589 3024 2658 3063 ea:
2711 3010 2831 3077 Deo,
2891 3010 3054 3064 verba
3099 3012 3195 3065 Dei
3249 3010 3423 3067 audit.
3471 3011 3631 3074 Quod
3699 3030 3830 3068 vero

2124 3092 2408 3164 sequitur,
2439 3096 2851 3165 Propterea’vos
2880 3113 2985 3153 non
3020 3098 3245 3163 auditis,
3278 3099 3411 3171 quia
3440 3117 3509 3156 ex
3552 3103 3657 3156 Deo
3722 3118 3832 3157 non

2124 3186 2298 3242 estis:
2328 3184 2411 3239 eis
2462 3184 2679 3241 dictum
2713 3190 2822 3252 est,
2856 3186 2953 3257 qui
2987 3202 3101 3242 non
3154 3187 3343 3242 solum
3378 3194 3610 3260 peccato
3636 3189 3827 3244 vitiosi

2124 3280 2292 3330 erant
2349 3280 2507 3345 (nam
2566 3275 2675 3330 hoc
2725 3274 2942 3329 malum
2983 3292 3295 3332 commune
3344 3286 3461 3332 erat
3508 3280 3827 3348 omnibus),

2125 3366 2226 3420 sed
2249 3366 2426 3421 etiam
2450 3366 2778 3436 praecogniti
2812 3367 2962 3436 quod
2994 3382 3105 3419 non
3145 3367 3371 3421 fuerant
3419 3369 3721 3433 credituri,
3762 3386 3827 3423 ea

2126 3453 2237 3509 {ide
2266 3470 2377 3524 qua
2406 3454 2525 3510 sola
2558 3458 2786 3523 possent
2816 3470 2848 3508 a
2881 3462 3248 3525 peccatorum
3299 3453 3654 3525 obligatione
3688 3456 3823 3511 libe-

2125 3543 2261 3598 rari.
2277 3545 2636 3615 QuaprOpter
2656 3542 2994 3614 praesciebat
3014 3542 3144 3599 illos
3167 3543 3382 3613 quibus
3404 3542 3545 3599 talia
3573 3544 3822 3612 dicebat,

2123 3634 2181 3689 in
2214 3649 2279 3688 eo
2313 3649 2718 3704 permansuros
2765 3634 2917 3704 quod
2953 3648 3020 3688 ex
3058 3633 3289 3689 diabolo
3320 3637 3500 3700 erant,
3536 3634 3593 3689 id
3624 3637 3731 3699 est,
3766 3635 3823 3689 in

2124 3725 2247 3779 suis
2271 3724 2522 3795 peccatis
2546 3728 2718 3794 atque
2740 3724 3036 3797 impietate
3061 3723 3395 3790 morituros,
3420 3725 3477 3779 in
3511 3741 3628 3797 qua
3659 3723 3710 3779 ei
3743 3725 3825 3779 si-

2126 3814 2292 3872 miles
2322 3820 2522 3882 erant;
2559 3830 2660 3870 nec
2692 3820 2965 3869 venturos
2991 3815 3058 3868 ad
3091 3813 3588 3885 regenerationem
3622 3813 3679 3869 in
3712 3830 3826 3884 qua

2125 3910 2320 3962 essent
2344 3904 2448 3960 lilii
2482 3905 2604 3972 Dei,
2637 3904 2745 3960 hoc
2777 3908 2866 3961 est
2896 3921 2964 3960 ex
2992 3905 3106 3960 Deo
3141 3904 3284 3970 nati,
3318 3921 3352 3960 a
3381 3920 3494 3975 quo
3527 3908 3690 3961 erant
3719 3904 3826 3961 ho-

2124 3996 2308 4052 mines
2332 3996 2873 4052 creati.Secundum
2908 3994 3057 4051 hanc
3083 3994 3651 4064 praedestinationem
3676 3994 3834 4051 locu-

2125 4094 2215 4143 tus
2248 4094 2333 4144 est
2364 4087 2685 4144 Dominus:
2723 4103 2837 4143 non
2870 4088 3018 4159 quod
3054 4086 3308 4156 aliquem
3332 4085 3636 4142 hominum
3672 4086 3828 4141 inve-

2124 4179 2407 4249 nerit,qui
2439 4178 2529 4233 vel
2552 4178 2873 4234 secundum
2918 4176 3410 4247 regenerationem
3430 4176 3552 4245 jam
3576 4179 3729 4230 esset
3757 4191 3825 4229 ex

2126 4269 2262 4336 Deo,
2296 4268 2383 4323 vel
2417 4269 2737 4324 secundum
2790 4272 3058 4323 naturam
3086 4266 3203 4335 jam
3254 4280 3369 4320 non
3412 4268 3565 4321 esset
3595 4280 3661 4319 cx
3692 4264 3823 4320 Deo.

2657 4408 3072 4464 TRACTATUS
3128 4406 3327 4462 XLIII.

2125 4532 2202 4588 Ab
2229 4547 2288 4587 eo
2318 4528 2463 4601 quod
2504 4528 2775 4599 scriptum
2806 4529 2903 4585 est,
2955 4523 3392 4594 Responderunt
3437 4522 3614 4594 igitur
3640 4525 3823 4580 Judaei

2198 4623 2254 4673 et
2285 4618 2558 4671 dixerunt
2588 4616 2676 4682 ei;
2703 4628 2871 4684 usque
2899 4612 2971 4667 ad
3001 4611 3093 4678 id,
3128 4609 3409 4666 Tulerunt
3438 4627 3574 4684 ergo
3605 4612 3823 4685 lapides

2196 4708 2382 4765 Judaei
2415 4712 2477 4763 ut
2498 4708 2761 4778 jacerent
2792 4704 2850 4760 in
2883 4720 3013 4761 eum
3050 4719 3061 4756 :
3094 4702 3267 4759 Jesus
3299 4711 3488 4759 autem
3523 4703 3826 4762 abscondit

2200 4814 2283 4865 se,
2310 4802 2372 4853 et
2401 4796 2575 4852 exivit
2605 4796 2674 4852 de
2706 4792 2936 4866 templo.
2980 4792 3108 4865 Cap.
3141 4808 3258 4863 vm,
3294 4793 3345 4863 ᾗ.
3380 4793 3576 4851 48-59.

2202 4918 2252 4972 1.
2289 4917 2355 4972 In
2388 4916 2500 4971 ista
2530 4913 2775 4971 lectione
2805 4914 2994 4968 sancti
3024 4910 3341 4983 Evangelii,
3373 4928 3497 4981 qua;
3528 4911 3699 4967 hodie
3732 4927 3824 4966 re-

2131 5007 2309 5061 citata
2338 5014 2441 5072 est,
2475 5023 2508 5061 a
2538 5004 2795 5077 potentia
2825 5001 3112 5057 discimus
3134 4999 3470 5072 potentiam.
3490 5000 3636 5062 Quid
3669 5002 3821 5056 enim

2131 5112 2338 5151 sumus
2370 5095 2516 5152 servi
2570 5093 2643 5149 ad
2699 5092 3036 5157 Dominum,
3094 5094 3422 5161 peccatores
3478 5090 3550 5143 ad
3578 5090 3823 5160 justum,

2131 5192 2396 5239 creatura
2416 5184 2488 5239 ad
2511 5184 2835 5238 Creatorem
2858 5180 2886 5235 τ
2906 5181 3121 5235 Tamen
3144 5178 3432 5247 quomodo
3454 5178 3663 5248 siquid
3691 5180 3827 5236 mali

2129 5292 2356 5341 sumus,
2389 5291 2423 5329 a
2453 5272 2620 5328 nobis
2651 5287 2893 5338 sumus;
2927 5270 3006 5323 ita
3032 5266 3311 5338 quidquid
3341 5266 3477 5321 boni
3497 5283 3725 5334 sumus,
3754 5272 3827 5326 ab

2131 5366 2251 5432 illo,
2283 5368 2341 5419 et
2373 5379 2472 5432 per
2510 5361 2675 5415 illum
2709 5373 2933 5414 sumus.
2994 5356 3061 5409 Et
3092 5354 3235 5409 nihil
3289 5354 3372 5410 sic
3404 5357 3607 5426 quaerit
3655 5357 3827 5416 homo

2131 5452 2422 5524 quomodo
2456 5448 2771 5521 potentiam
2799 5464 2811 5501 :
2847 5444 3021 5501 habet
3041 5441 3352 5500 Dominum
3375 5444 3667 5501 Christum
3700 5464 3827 5503 ma-

2131 5556 2304 5612 gnam
2338 5537 2692 5609 potentiam;
2724 5534 2827 5591 sed
2859 5534 3022 5606 prius
3044 5534 3169 5604 ejus
3192 5532 3449 5589 imitetur
3469 5534 3827 5607 patientiam,

2133 5636 2193 5685 ut
2224 5628 2518 5700 perveniat
2573 5626 2643 5681 ad
2679 5624 3020 5697 potentiam.
3055 5623 3196 5687 Quis
3246 5632 3510 5680 nostrum
3544 5627 3831 5696 patienter

2923 5752 3360 5831 (Cinquante—q
3370 5750 3595 5828 uatre.)
