4148 6190
334 295 488 357 1707

326 430 554 488 audiret
584 430 630 485 si
664 428 835 483 alicui
895 426 1202 493 diceretur,
1240 426 1577 479 Dzemonium
1624 422 1784 477 habes
1807 423 1834 474 ?
1863 418 2023 484 Quod

327 522 548 577 dictum
582 524 671 574 est
700 519 750 573 ei
783 517 881 587 qui
915 533 1029 571 non
1086 514 1275 571 solum
1315 514 1579 569 homines
1611 512 1891 574 salvabat,
1925 509 2021 564 sed

324 607 498 664 etiam
530 605 890 661 daemonibus
921 603 1261 674 imperabat.

393 700 448 752 2.
474 696 589 751 Hoc
612 697 763 749 enim
800 709 932 747 cum
959 692 1241 747 dixissent
1269 689 1478 755 Judaei,
1516 690 1698 745 Nonne
1730 690 1861 743 bene
1888 687 2027 740 dici-

321 803 448 841 mus
470 803 570 841 nos
596 788 727 855 quia
750 783 1144 837 Samaritanus
1164 798 1237 841 es,
1260 787 1313 835 et
1343 781 1669 835 dwmonium
1701 778 1898 833 habes?
1920 777 2021 829 bo-

323 893 453 931 rum
478 877 727 930 duorum
756 872 867 926 sibi
890 872 1249 939 objectorum
1286 885 1467 923 unum
1504 869 1751 932 negavit,
1780 866 2019 920 alterum

321 984 437 1022 non
470 967 719 1037 negavit.
746 964 1063 1033 Respondit
1093 965 1271 1027 enim,
1306 969 1356 1014 et
1390 960 1510 1013 ait:
1547 962 1652 1031 Ego
1690 958 2019 1013 daemonium

317 1072 426 1112 non
452 1056 645 1110 habeo.
672 1056 790 1108 Non
834 1052 997 1117 dixit,
1032 1052 1437 1106 Samaritanus
1472 1067 1579 1103 non
1616 1064 1745 1103 sum
1781 1064 1793 1100 :
1828 1052 1884 1099 et
1908 1045 2018 1099 uti-

318 1160 432 1215 que
462 1142 577 1197 duo
610 1143 840 1196 fuerant
870 1141 1115 1209 objecta.
1142 1138 1419 1203 Quamvis
1444 1136 1817 1191 maledictum
1844 1133 2020 1189 male-

318 1234 471 1289 dicto
502 1250 618 1290 non
647 1231 983 1295 reddiderit,
1016 1229 1279 1301 quamvis
1311 1227 1627 1282 convicium
1664 1241 1776 1280 non
1827 1224 2017 1279 convi-

316 1327 405 1380 cio
434 1322 765 1379 refutaverit
790 1339 802 1387 ;
829 1320 1105 1392 pertinuit
1136 1323 1327 1371 tamen
1353 1318 1421 1371 ad
1449 1331 1578 1370 eum
1602 1329 1813 1384 negare
1842 1330 2013 1368 unam

317 1430 462 1479 rem,
496 1413 736 1467 alteram
791 1426 904 1464 non
938 1423 1167 1477 negare.
1202 1406 1323 1460 Non
1378 1406 1612 1471 frustra,
1649 1404 1872 1458 fratres.
1908 1402 2017 1457 Sa-

316 1503 640 1557 maritanus
672 1500 821 1555 enim
856 1499 1270 1567 interpretatur
1298 1494 1525 1549 Custos.
1550 1493 1796 1547 Noverat
1826 1507 1889 1547 se
1919 1492 2016 1547 ille

315 1598 579 1648 nostrum
610 1606 733 1646 esse
765 1588 1084 1643 custodem.
1120 1587 1233 1641 Non
1265 1584 1419 1640 enim
1453 1582 1659 1639 dormit
1688 1597 1864 1653 neque
1893 1582 2014 1637 dor-

312 1685 471 1736 mitat
518 1682 612 1751 qui
657 1677 889 1733 custodit
922 1676 1087 1731 Israel
1118 1675 1288 1741 (Psal.
1323 1690 1449 1740 cxx,
1482 1673 1536 1741 4)
1572 1688 1585 1728 :
1617 1676 1695 1737 et,
1732 1672 1848 1726 Nisi
1908 1677 2014 1726 Do-

311 1772 493 1824 minus
522 1767 842 1823 custodierit
862 1763 1232 1828 civitatem,in
1254 1778 1451 1816 vanum
1470 1760 1780 1830 vigilabunt
1803 1760 2013 1829 quicu—

311 1860 555 1915 stodiunt
584 1857 759 1929 (Psal.
795 1872 976 1921 cxxvx,
1013 1854 1088 1924 1).
1132 1852 1228 1906 Est
1258 1867 1391 1917 ergo
1436 1850 1533 1904 ille
1564 1853 1762 1903 custos
1795 1854 2011 1915 noster,

311 1951 411 2021 qui
444 1954 665 2005 creator
686 1950 899 2001 noster.
933 1945 1081 1999 Num
1105 1944 1257 1996 enim
1291 1939 1569 2004 pertinuit
1590 1938 1657 1992 ad
1684 1953 1815 1992 eum
1838 1943 1901 1993 ut
1918 1956 2013 1993 re-

310 2040 685 2101 dimeremur,
710 2043 763 2091 et
788 2051 899 2089 non
921 2032 1307 2103 pertineretut
1329 2025 1729 2084 servaremur?
1757 2029 2012 2098 Denique

308 2133 373 2182 ut
394 2127 621 2199 plenius
640 2124 915 2179 noveritis
939 2121 1276 2193 mysterium
1300 2134 1478 2189 quare
1496 2133 1557 2171 se
1579 2116 2009 2171 Samaritanum

309 2234 517 2290 negare
549 2233 662 2271 non
695 2214 916 2280 debuit,
952 2208 1285 2282 parabolam
1321 2208 1481 2262 illam
1516 2206 1883 2261 notissimam
1929 2214 2010 2262 at-

309 2302 658 2368 tendile,ubi
692 2302 867 2355 homo
899 2298 1133 2369 quidam
1163 2294 1552 2351 descendebat
1585 2293 1653 2347 ab
1684 2292 2009 2350 Jerusalem

309 2398 368 2450 in
402 2393 657 2455 Jericbo,
690 2396 746 2445 et
774 2389 981 2445 incidit
1013 2388 1071 2442 in
1118 2386 1392 2447 latrones,
1446 2384 1543 2454 qui
1578 2398 1712 2437 eum
1763 2385 2013 2453 graviter

308 2485 700 2547 vulnerantes,
733 2479 1079 2534 semivivum
1122 2478 1177 2530 in
1215 2475 1305 2529 via
1346 2474 1721 2544 reliquerunt.
1755 2473 2011 2526 Transiit

309 2574 601 2634 sacerdos,
662 2567 913 2635 neglexit
965 2582 1094 2619 eum
1132 2582 1148 2617 :
1184 2563 1416 2618 transiit
1474 2562 1718 2625 Levites,
1777 2570 1829 2614 et
1886 2562 2009 2630 ipse

306 2660 611 2731 praeteriit:
644 2657 878 2712 transiit
933 2656 1165 2724 quidam
1201 2652 1616 2717 Samaritanus;
1652 2652 1769 2719 ipse
1800 2656 1887 2706 est
1916 2666 2011 2705 cu-

305 2756 424 2805 stos
454 2752 650 2803 noster
682 2772 696 2813 ;
729 2746 851 2815 ipse
881 2742 1125 2799 accessit
1154 2742 1223 2796 ad
1248 2740 1538 2807 saucium,
1570 2740 1693 2810 ipse
1726 2739 2008 2811 impendit

303 2837 788 2903 misericordiam,
820 2833 989 2903 eique
1020 2848 1081 2888 se
1132 2831 1403 2902 prestitit
1434 2830 1783 2899 proximum,
1832 2846 2004 2899 quem

310 2946 422 2983 non
457 2923 756 2997 deputavit
785 2923 1038 2979 alienum
1077 2921 1231 2991 (Luc.
1266 2937 1322 2987 x,
1354 2918 1576 2987 30-37).
1614 2920 1696 2972 Ad
1734 2918 1842 2975 hoc
1872 2935 2005 2989 ergo

296 3018 503 3073 solium
529 3014 681 3087 quod
724 3010 1075 3068 daemonium
1099 3026 1213 3065 non
1255 3009 1515 3075 haberet,
1550 3026 1661 3064 non
1697 3013 1891 3066 autem
1941 3025 2003 3066 se

297 3104 733 3161 Samaritanum
769 3116 881 3155 non
914 3115 1063 3163 esse,
1098 3095 1412 3168 respondit.

364 3196 418 3250 3.
455 3193 671 3249 Deinde
694 3194 824 3259 post
854 3189 966 3245 tale
998 3187 1344 3255 convicium,
1384 3186 1493 3242 hoc
1530 3186 1717 3241 solum
1751 3187 1895 3243 dixit
1926 3190 1997 3245 de

297 3284 480 3355 gloria
510 3298 614 3337 sua
644 3297 658 3336 :
694 3279 795 3336 Sed
842 3278 1160 3348 honoriﬁco,
1204 3276 1419 3348 inquit,
1444 3278 1669 3331 Patrem
1698 3293 1904 3345 meum,
1944 3282 1998 3333 et

296 3390 385 3429 vos
417 3371 787 3428 inhonorastis
826 3386 931 3423 me.
961 3368 1075 3422 Hoc
1095 3371 1203 3433 est,
1236 3369 1348 3435 Ego
1385 3380 1473 3419 me
1508 3382 1619 3419 non
1653 3365 1994 3436 honorifico,

297 3480 366 3519 ne
395 3463 555 3518 vobis
584 3475 864 3531 arrogans
896 3458 1113 3524 videar,
1164 3456 1349 3511 habeo
1380 3471 1555 3526 quem
1592 3455 1993 3526 honorificem;

294 3553 388 3609 sed
432 3551 481 3607 si
512 3567 611 3606 vos
647 3566 739 3603 me
771 3546 1186 3618 agnosceretis,
1221 3544 1372 3599 sicut
1419 3560 1523 3615 ego
1571 3544 1889 3601 honoriﬁco
1920 3547 1996 3603 Pa

291 3651 464 3711 trem,
497 3642 580 3697 sic
611 3645 667 3697 et
704 3656 805 3694 vos
837 3636 1301 3694 honorificaretis
1335 3652 1426 3690 me
1460 3652 1472 3690 :
1508 3651 1612 3707 ego
1664 3636 1805 3691 facio
1837 3637 1993 3708 quod

292 3734 494 3796 debeo,
526 3747 626 3784 vos
658 3746 772 3783 non
808 3727 998 3781 facitis
1031 3726 1179 3795 quod
1214 3724 1456 3780 debetis.

360 3823 413 3873 4.
450 3822 560 3886 Ego
595 3822 799 3881 autem,
832 3816 1042 3887 inquit,
1077 3830 1185 3869 non
1238 3830 1423 3885 quaero
1481 3815 1715 3883 gloriam
1765 3832 1944 3872 meam
1969 3831 1991 3879 ,'

288 3916 367 3963 est
400 3910 494 3979 qui
523 3915 738 3978 quaerat
762 3913 811 3959 et
835 3904 1066 3975 judicet.
1100 3906 1281 3967 Quem
1314 3903 1435 3957 vult
1458 3903 1855 3975 intelligi,nisi
1888 3906 1993 3963 Pa-

286 4006 434 4055 trem
458 4000 484 4053 ?
514 3996 809 4062 Quomodo
841 4011 976 4066 ergo
1014 3994 1124 4048 alio
1157 3993 1278 4047 loco
1309 3993 1464 4059 dicit,
1502 3995 1662 4050 Pater
1708 4013 1820 4051 non
1842 3998 1991 4066 judi-

284 4094 371 4144 cal
400 4103 751 4159 quemquam,
801 4084 891 4139 sed
921 4100 1079 4139 omne
1108 4082 1386 4155 judicium
1432 4082 1579 4138 dedit
1636 4085 1771 4140 Filio
1802 4086 1984 4156 (Joan.

285 4196 341 4245 ν,
370 4179 586 4249 22);et
616 4175 708 4231 hic
768 4174 930 4237 dicit,
964 4173 1078 4228 Non
1134 4186 1324 4243 qua’ro
1378 4172 1610 4242 gloriam
1656 4186 1990 4239 ineamus!

285 4270 380 4339 qui
402 4275 612 4340 qumrat
641 4264 921 4338 etjudieet
944 4266 971 4317 ?
996 4263 1055 4318 Si
1080 4278 1217 4333 ergo
1235 4263 1459 4331 judicat
1493 4267 1671 4331 Pater,
1697 4270 1988 4336 quomodo

282 4376 399 4415 non
430 4359 654 4429 judicat
704 4370 1081 4428 quamquam,
1124 4352 1225 4409 sed
1279 4368 1451 4408 omne
1488 4353 1775 4423 judicium
1830 4357 1988 4413 dedit

281 4450 425 4504 Filio
452 4450 479 4503 7

350 4540 403 4593 5.
438 4540 592 4593 llanc
624 4537 1003 4609 quaestionem
1032 4532 1428 4600 utsolvamus,
1463 4535 1770 4597 attendite;
1806 4537 1983 4594 simili

278 4629 571 4684 locutione
601 4625 747 4681 solvi
810 4628 1017 4695 potest,
1054 4623 1348 4693 Scriptum
1383 4623 1582 4679 habes.
1618 4625 1759 4680 Deus
1803 4631 1977 4683 nemi-

277 4734 402 4771 nem
434 4721 615 4769 tentat
643 4713 863 4781 (Jacobi,
898 4730 935 4778 ι,
976 4712 1061 4781 t3)
1089 4727 1101 4776 ;
1130 4716 1184 4765 et
1228 4712 1435 4766 iterum
1471 4713 1747 4785 scriptum
1779 4714 1979 4787 babes,

281 4808 467 4863 Tentat
491 4822 578 4861 vos
605 4804 861 4858 Dominus
887 4803 1025 4855 Deus
1055 4807 1325 4867 vester-,ut
1356 4804 1491 4856 sciat
1522 4806 1573 4857 si
1599 4803 1839 4872 diligitis
1858 4822 1982 4863 eum

274 4896 457 4963 (Deut.
492 4910 613 4961 xm,
646 4891 723 4963 3).
755 4890 974 4959 Nempe
996 4887 1237 4958 quaestio
1275 4896 1380 4953 est,
1408 4890 1635 4946 videtis.
1679 4894 1979 4957 Quomodo

274 4986 429 5040 enim
460 4986 595 5038 Deus
623 4982 897 5035 neminem
931 4983 1126 5043 tentat,
1151 4981 1208 5031 et
1240 4982 1526 5047 quomodo
1559 4987 1736 5036 tenlat
1758 4999 1848 5039 vos
1883 4986 1980 5041 Do-

271 5074 456 5127 minus
493 5074 628 5127 Deus
658 5075 848 5133 vester,
885 5072 943 5121 ut
974 5067 1107 5119 sciat
1138 5066 1192 5118 si
1210 5064 1443 5134 diligitis
1472 5082 1596 5122 eum
1622 5077 1649 5121 Ρ
1672 5070 1807 5125 Item
1832 5074 1979 5128 scri-

275 5168 436 5232 ptum
470 5162 777 5235 est,|Timor
798 5173 907 5211 non
937 5162 1018 5212 est
1040 5155 1100 5210 in
1130 5153 1429 5223 charitate,
1452 5158 1546 5211 sed
1574 5162 1815 5227 per/ecta
1841 5164 1997 5220 cha-r

270 5254 412 5306 ritas
442 5254 597 5321 foras
624 5252 801 5306 mittit
834 5250 1086 5303 timorem
1106 5245 1150 5314 (Ι
1174 5247 1329 5303 Joan.
1359 5263 1432 5313 1v,
1471 5250 1555 5318 l8)
1582 5264 1595 5316 ;
1620 5255 1675 5305 et
1705 5252 1818 5308 alio
1848 5253 1972 5311 loco

268 5342 551 5411 scriptum
587 5344 689 5407 est,
724 5340 904 5393 Timor
935 5335 1151 5392 Domini
1178 5342 1379 5404 castus,
1411 5352 1738 5408 permanens
1767 5341 1830 5396 in
1858 5358 1971 5400 sae-

266 5430 448 5484 culum
478 5427 666 5484 saeculi
695 5428 872 5497 (Psal.
922 5443 1084 5492 xvm,
1122 5428 1230 5498 10).
1290 5428 1357 5483 Et
1389 5428 1513 5499 ipsa
1571 5432 1820 5501 qumstio
1853 5448 1965 5490 est.

264 5519 559 5585 Quomodo
581 5515 1013 5586 enim,perfecta
1041 5516 1285 5572 charitas
1312 5519 1461 5587 foras
1481 5522 1653 5575 mittit
1685 5522 1965 5591 timorem,

259 5611 305 5669 si
342 5609 511 5665 timor
544 5604 761 5662 Domini
800 5611 979 5659 castus
1011 5610 1311 5676 permanet
1338 5606 1399 5661 in
1428 5610 1688 5666 sweulum
1726 5614 1914 5669 secuil
1936 5618 1963 5668 ?

1286 287 1363 346 IN
1408 282 1726 346 JOANNlS
1772 280 2301 353 EVANGELIUM,
2354 280 2413 341 S.
2468 281 2890 344 AUGUSTINI

3692 289 3845 349 1708

2203 421 2256 473 6.
2294 418 2682 490 intelligimus
2716 436 2850 491 ergo
2883 423 3029 477 duas
3066 437 3191 477 esse
3224 421 3571 477 tentationea
3601 439 3615 490 ;
3662 438 3842 476 unam

2134 524 2263 578 quae
2307 508 2545 580 decipit,
2580 508 2821 564 alteram
2873 527 2998 581 quas
3029 512 3273 581 probat:
3333 512 3657 565 secundum
3715 526 3844 566 eam

2134 615 2263 668 qua:
2294 599 2529 668 decipit,
2581 600 2717 654 Deus
2764 602 3043 654 neminem
3090 604 3260 655 leniat
3288 616 3310 666 ;
3338 602 3657 655 secundum
3708 617 3839 655 eam

2133 702 2255 754 quas
2290 687 2511 755 probat,
2560 692 2728 741 tentat
2758 703 2847 741 vos
2888 689 3149 743 Dominus
3182 689 3321 743 Deus
3352 694 3548 755 vester,
3585 698 3645 743 ut
3703 691 3843 745 sciat

2129 778 2180 829 si
2208 775 2442 846 diligitis
2471 792 2613 833 eum.
2647 777 2754 832 Sed
2791 779 2993 832 iterum
3027 784 3082 833 et
3112 779 3203 832 hic
3245 779 3356 833 alia
3387 780 3646 833 nascitur
3676 796 3837 849 quae-

2131 869 2262 931 stio,
2299 867 2590 935 quomodo
2623 873 2792 921 tentat
2833 876 2895 921 ut
2922 871 3075 936 sciat,
3118 883 3294 938 quem
3330 868 3505 924 latere
3539 868 3685 924 nihil
3736 885 3841 938 po-

2126 957 2235 1007 test
2273 958 2584 1024 antequam
2608 960 2806 1009 tentet.
2838 958 2959 1010 Non
2987 971 3120 1025 ergo
3153 956 3307 1011 Deus
3342 958 3529 1012 nescit
3562 973 3581 1012 :
3610 958 3711 1012 sed
3747 957 3834 1011 di-

2127 1048 2283 1098 ctum
2318 1049 2423 1111 est,
2458 1053 2516 1098 ut
2562 1046 2715 1112 sciat,
2748 1046 2898 1117 quod
2933 1050 3038 1114 est,
3075 1050 3138 1100 ut
3170 1048 3317 1103 scire
3366 1063 3469 1102 vos
3501 1047 3691 1103 faciat.
3730 1046 3834 1103 Lo-

2126 1132 2387 1188 cutiones
2420 1132 2563 1187 tales
2594 1138 2651 1188 et
2698 1138 2757 1190 in
2808 1135 3174 1189 sermonibus
3230 1135 3441 1192 nostris
3475 1141 3633 1203 sunt,
3664 1140 3723 1192 et
3772 1136 3834 1193 in

2125 1222 2461 1277 auctoribus
2491 1222 2830 1293 eloquentia:
2865 1224 3248 1295 reperiuntur.
3285 1226 3363 1280 De
3412 1242 3679 1283 sermone
3728 1242 3835 1282 no-

2126 1318 2243 1365 stro
2274 1311 2495 1382 aliquid
2524 1313 2734 1367 dicam.
2768 1314 2946 1369 Fossa
2967 1330 3117 1369 ca‘ca
3145 1315 3379 1381 dicitur,
3405 1332 3516 1369 non
3541 1317 3680 1387 quia
3703 1316 3835 1386 ipsa

2126 1399 2324 1453 oculos
2359 1400 2629 1469 perdidit,
2654 1403 2753 1456 sed
2797 1402 2932 1473 quia
2966 1403 3195 1459 latendo
3228 1421 3341 1459 non
3380 1404 3641 1459 videntes
3679 1406 3833 1462 facit.

2126 1489 2354 1560 Aliquid
2391 1494 2447 1544 et
2478 1492 2545 1545 de
2580 1489 2696 1545 illis
2722 1492 3062 1548 auctoribus
3094 1494 3303 1549 dicam.
3339 1494 3563 1549 Tristes
3596 1495 3835 1567 lupinos

2125 1580 2205 1634 ait
2236 1579 2473 1651 quidam
2507 1580 2688 1651 (Virg.
2724 1580 2917 1653 Georg.
2949 1583 3024 1636 lib
3076 1584 3124 1650 t,
3161 1600 3207 1637 υ.
3241 1583 3355 1653 75),
3390 1583 3499 1639 hoc
3529 1588 3616 1638 est
3666 1602 3833 1640 ama-

2124 1684 2217 1723 ros
2254 1685 2265 1723 :
2302 1685 2413 1722 non
2448 1668 2711 1738 quiaipsi
2744 1671 3107 1740 suntlristes,
3142 1672 3239 1725 sed
3276 1671 3410 1742 quia
3440 1674 3656 1743 gustati
3688 1689 3829 1729 con-

2123 1759 2377 1828 tristant,
2402 1760 2511 1814 hoc
2542 1765 2643 1826 est,
2678 1761 2871 1815 tristes
2896 1762 3299 1817 faciunt.Sunt
3345 1778 3483 1834 ergo
3504 1768 3560 1818 et
3591 1763 3650 1819 in
3672 1764 3832 1819 Scri-

2124 1850 2308 1921 pturis
2323 1849 2642 1905 locutiones
2656 1852 2963 1921 ejusmodi.
2980 1851 3086 1918 Qui
3106 1852 3163 1907 in
3179 1852 3394 1907 talibus
3408 1854 3829 1924 questionibus

2124 1939 2538 2010 cognoscendis
2565 1940 2848 2007 laborant,
2874 1941 2929 1994 in
2949 1940 3237 1995 solvendis
3259 1940 3469 1997 talibus
3490 1942 3831 2013 quaestioni-

2124 2031 2233 2085 bus
2266 2046 2376 2085 non
2429 2028 2715 2086 laborant.
2751 2031 2897 2102 Ergo
2927 2035 3105 2086 (autat
3133 2047 3221 2087 vos
3272 2033 3539 2087 Dominus
3572 2033 3711 2088 Deus
3741 2049 3828 2089 ve-

2119 2127 2250 2184 ster,
2274 2129 2334 2173 ut
2362 2121 2501 2174 sciat
2532 2137 2549 2173 :
2579 2120 2718 2191 quid
2753 2125 2856 2187 est,
2889 2124 2947 2174 ut
2977 2123 3107 2175 sciat
3137 2124 3164 2175 ?
3198 2121 3269 2177 Ut
3300 2122 3446 2178 scire
3478 2139 3581 2177 vos
3631 2123 3825 2188 faciat,

2120 2209 2169 2263 si
2195 2208 2435 2272 diliqitis
2464 2209 2737 2264 eum.Job
2761 2208 2973 2264 latebat
3005 2212 3202 2276 se,sed
3233 2211 3409 2266 Deum
3434 2228 3546 2267 non
3579 2209 3826 2268 latebat:

2122 2297 2360 2352 admisit
2382 2302 2744 2364 tentatorem,
2777 2302 2833 2353 et
2866 2299 2993 2353 fecit
3017 2314 3145 2353 eum
3180 2300 3270 2353 sui
3305 2301 3688 2371 cognitorem.

2188 2388 2242 2440 7.
2260 2387 2405 2452 Quid
2439 2389 2508 2443 dc
2530 2389 2761 2443 duobus
2788 2388 3140 2444 timoribus?
3172 2389 3469 2446 Esttimor
3489 2391 3741 2461 servilis,
3766 2398 3824 2448 et

2119 2482 2206 2532 est
2238 2478 2410 2533 timor
2440 2484 2632 2533 castus
2667 2497 2679 2547 ;
2723 2484 2811 2535 est
2842 2480 3017 2535 timor
3048 2496 3119 2535 ne
3160 2480 3401 2552 patiaris
3454 2499 3707 2553 pcenam,
3738 2488 3829 2540 est

2118 2566 2267 2621 alius
2300 2566 2472 2622 timor
2495 2584 2565 2622 ne
2597 2568 2833 2625 amittas
2859 2569 3395 2639 justitiam.Timor
3421 2571 3517 2627 ille
3540 2589 3613 2628 ne
3637 2572 3828 2645 patia-

2118 2657 2195 2710 ris
2222 2673 2467 2727 peenam,
2494 2658 2722 2713 servilis
2752 2663 2857 2714 est.
2886 2658 3033 2724 Quid
3058 2676 3337 2733 magnum
3361 2665 3449 2717 est
3469 2662 3678 2718 timere
3711 2679 3824 2733 pae-

2118 2764 2245 2801 nam
2268 2748 2296 2803 ?
2333 2751 2451 2804 Hoc
2483 2754 2538 2804 et
2570 2750 2967 2820 nequissimus
2998 2768 3216 2819 servus,
3251 2752 3357 2808 hoc
3390 2757 3446 2808 et
3487 2754 3823 2810 crudelissi-

2117 2853 2250 2893 mus
2280 2837 2445 2893 latro.
2481 2838 2601 2896 Non
2637 2844 2726 2895 est
2756 2856 3031 2913 magnum
3065 2841 3264 2897 timere
3290 2858 3540 2914 pcenam,
3574 2844 3673 2899 sed
3700 2860 3824 2899 ma-

2114 2941 2293 2996 gnum
2326 2928 2638 2999 estIamare
2663 2929 2976 2998 justitiam.
3004 2929 3107 2994 Qui
3148 2945 3286 3000 ergo
3320 2935 3476 2986 amat
3502 2931 3815 3001 justitiam,

2114 3013 2259 3069 nihil
2303 3016 2513 3070 timet?
2542 3017 2730 3072 Timet
2761 3016 2963 3088 plane:
2999 3035 3114 3073 non
3140 3034 3209 3075 ne
3241 3018 3535 3075 incidatin
3560 3037 3818 3092 poenam,

2113 3095 2215 3151 sed
2240 3112 2309 3150 ne
2338 3096 2567 3152 amittat
2584 3097 2895 3167 justitiam.
2930 3098 3158 3155 Fratres
3181 3100 3317 3165 mei,
3344 3100 3655 3171 eredite,et
3675 3118 3820 3159 con-

2104 3183 2268 3254 jicite
2291 3201 2357 3240 ex
2387 3201 2451 3241 eo
2474 3188 2621 3257 quod
2646 3186 3083 3244 amatis.Amat
3112 3186 3327 3259 aliquis
3350 3193 3606 3245 vestrum
3643 3208 3819 3261 pecu-

2112 3274 2297 3329 nium.
2332 3274 2521 3342 Putas,
2559 3276 2785 3331 invenio
2819 3276 3073 3348 aliquem
3100 3277 3194 3347 qui
3230 3294 3343 3333 non
3377 3279 3579 3334 amet?
3602 3282 3679 3334 Ex
3705 3280 3815 3338 hoc

2109 3370 2301 3422 tamen
2335 3367 2461 3438 ipso
2512 3369 2667 3438 quod
2702 3373 2876 3434 amat,
2929 3369 3220 3440 intelligat
3248 3371 3395 3440 quod
3440 3371 3589 3427 dico.
3622 3373 3816 3431 Timet

2106 3457 2611 3526 damnumzquare
2652 3458 2811 3512 timet
2835 3459 3320 3524 damnum?Quia
3346 3460 3649 3530 pecuniam
3674 3463 3815 3519 dili-

2106 3544 2207 3615 git.
2241 3545 2529 3608 Quantum
2565 3550 2722 3601 amat
2754 3548 3333 3618 pecuniam,tantum
3367 3549 3529 3604 timet
3570 3565 3640 3606 ne
3678 3568 3813 3623 per-

2106 3636 2202 3691 dat
2234 3637 2561 3707 pecuniam.
2580 3637 2725 3709 Ergo
2748 3638 3041 3695 invenitur
3060 3638 3273 3709 aliquis
3293 3644 3514 3696 amator
3536 3642 3811 3715 justitia,

2104 3726 2201 3797 qui
2230 3726 2433 3797 plusin
2448 3727 2618 3782 corde
2640 3728 2920 3783 damnum
2938 3729 3434 3801 pertimescat,qui
3458 3730 3588 3800 plus
3604 3732 3813 3791 timeat

2102 3818 2666 3888 exspoliarijustitia,
2692 3833 2865 3889 quam
2884 3825 2940 3873 tu
2966 3818 3229 3890 pecunia.
3249 3819 3378 3890 Ipse
3409 3823 3687 3878 esttimor
3706 3840 3810 3879 cal-

2102 3912 2249 3977 stus,
2277 3906 2400 3979 ipse
2424 3916 2719 3977 permanet
2744 3907 2802 3962 in
2827 3908 3105 3963 saeculum
3130 3908 3362 3965 saeculi:
3390 3926 3504 3965 non
3527 3928 3661 3968 eum
3688 3914 3808 3970 toli-

2100 3994 2167 4051 lit
2196 3995 2470 4062 cbaritas,
2506 4012 2610 4053 nec
2638 3997 2791 4053 foras
2814 3998 3014 4066 mittit,
3039 3999 3134 4053 sed
3162 4000 3349 4069 magis
3371 4001 3805 4073 complectitur,

2100 4090 2156 4141 et
2186 4086 2457 4142 comitem
2482 4091 2636 4143 tenet
2667 4088 2839 4143 simul
2874 4092 2930 4143 et
2960 4088 3527 4159 possidet.Venimus
3549 4093 3701 4149 enim
3730 4098 3804 4152 ad

2100 4176 2436 4245 Dominum,
2473 4181 2535 4233 ut
2585 4177 2880 4233 videamus
2931 4178 3076 4233 facie
3126 4178 3196 4233 ad
3230 4178 3433 4236 faciem
3469 4197 3482 4237 :
3516 4182 3595 4238 ibi
3628 4186 3809 4244 timor

2099 4272 2298 4324 castus
2321 4284 2425 4323 nos
2449 4275 2634 4324 servat
2660 4288 2672 4336 ;
2699 4268 2873 4325 timor
2910 4268 3065 4323 enim
3090 4267 3186 4323 ille
3211 4285 3323 4325 non
3349 4272 3667 4341 perturbat,
3700 4279 3803 4333 secl

2098 4357 2418 4413 confirmat.
2459 4358 2645 4413 Timet
2678 4356 2889 4413 mulier
2926 4357 3190 4412 adultera
3221 4374 3292 4414 ne
3323 4362 3407 4415 vlr
3434 4362 3561 4431 ejus
3592 4365 3801 4435 veniat,

2092 4446 2257 4501 timet
2287 4451 2343 4502 et
2373 4464 2551 4503 causa
2580 4462 2654 4503 ne
2683 4447 2769 4502 vir
2807 4446 2935 4517 ejus
2966 4447 3261 4504 abscedat.

2162 4536 2215 4589 8.
2251 4536 2394 4605 Ergo
2426 4536 2576 4591 sicut
2616 4536 2938 4593 secundum
2972 4534 3141 4591 aliam
3201 4539 3608 4610 testationem,
3643 4543 3803 4601 Deus

2090 4628 2365 4681 neminem
2398 4630 2602 4693 tentat;
2630 4627 2948 4683 secundum
2983 4625 3159 4681 aliam
3192 4643 3347 4699 vero,
3380 4637 3556 4687 tentat
3577 4649 3667 4689 vos
3698 4635 3803 4691 Ποι-

2088 4716 2275 4769 minus
2310 4716 2445 4771 Deus
2482 4725 2658 4771 vester
2687 4732 2706 4770 :
2738 4720 2793 4772 et
2824 4716 3147 4772 secundum
3181 4716 3359 4773 alium
3393 4718 3681 4791 timorem,
3715 4727 3797 4779 ti--

2086 4820 2207 4860 mor
2234 4820 2341 4861 non
2373 4814 2451 4860 est
2487 4806 2547 4860 in
2597 4805 2887 4873 charitate,
2919 4806 3009 4861 sed
3055 4808 3296 4877 per/ecta
3347 4811 3587 4868 charitas
3637 4816 3799 4883 foras

2087 4895 2259 4947 mittit
2289 4892 2576 4960 timorem;
2607 4898 2929 4951 secundum
2952 4911 3086 4951 vero
3104 4896 3286 4953 alium
3320 4900 3605 4970 timorem,
3626 4903 3800 4961 timor

2086 4980 2304 5037 Domini
2322 4992 2502 5039 castus
2532 4989 2833 5055 permanet
2861 4986 2919 5039 in
2951 4989 3211 5041 saeculum
3241 4991 3464 5045 sxculi:
3488 4990 3571 5047 sic
3602 4993 3795 5052 ethoc:

2084 5069 2230 5139 loco,
2266 5076 2587 5130 secundum
2621 5075 2866 5131 alterum
2894 5076 3202 5146 judicium,
3246 5080 3407 5135 Pater
3436 5096 3541 5137 non
3573 5084 3794 5150 iudicat

2082 5178 2427 5237 quemquam,
2450 5166 2543 5220 sed
2581 5181 2738 5221 omne
2758 5165 3036 5236 judicium
3068 5167 3215 5221 dedit
3248 5170 3387 5225 Filio
3418 5190 3432 5239 ;
3462 5177 3791 5234 secundum.

2080 5269 2211 5309 vero
2242 5253 2483 5309 alterum
2516 5255 2822 5325 judicium,
2858 5255 2981 5326 Ego,
3035 5256 3243 5328 inquit,
3285 5276 3391 5315 non
3442 5278 3629 5335 quaero
3658 5267 3792 5339 qia--

2079 5346 2217 5399 riam
2251 5362 2425 5400 meam
2455 5363 2478 5409 ,ο
2505 5350 2556 5400 et
2586 5346 2684 5417 qui
2702 5354 2917 5416 quaerat
2938 5350 2989 5400 et
3020 5346 3243 5414 iudicet.

2150 5431 2203 5487 9.
2236 5432 2299 5488 Et
2330 5434 2400 5488 de
2430 5433 2559 5505 ipso
2590 5434 2763 5489 verbo
2824 5434 3067 5504 quaestio
3118 5435 3227 5491 ista
3285 5439 3559 5499 solvatur.
3592 5444 3791 5503 Habes

2074 5521 2134 5577 in
2160 5524 2467 5597 Evangelio
2500 5530 3021 5582 commemoratum
3055 5530 3280 5597 poenale
3302 5530 3595 5599 judicium
3633 5552 3645 5590 :
3682 5537 3792 5605 Qui

2074 5628 2181 5670 non
2214 5613 2403 5682 credit,
2430 5616 2552 5685 jam
2598 5615 2885 5686 judicatus
2934 5622 3013 5673 est
3060 5617 3233 5681 (Joaa.
3269 5636 3354 5688 ιιι,
3407 5625 3509 5692 18ς
3553 5629 3612 5680 et
3669 5627 3790 5685 alio
