4148 6190
322 319 476 379 1709

315 458 456 527 loco,
494 461 678 517 Veniet
711 462 845 519 hora
878 462 1099 534 quando
1126 462 1168 518 ii
1188 463 1284 535 qui
1308 470 1438 519 sunt
1457 461 1517 518 in
1530 465 1895 520 monumentis
1924 479 2023 519 au-

316 550 462 605 dient
496 566 677 608 vocem
715 551 858 624 ejus,
888 560 941 607 et
984 552 1277 625 precedent
1333 554 1427 625 qui
1483 555 1618 609 bene
1662 556 1934 623 fecerunt,
1966 553 2025 608 in

315 642 773 699 resurrectionem
799 645 965 706 vitae;
1006 646 1100 714 qui
1136 644 1282 699 male
1316 652 1566 715 egerunt,
1588 646 1646 699 in
1678 644 2029 715 resurrectio-

317 745 439 785 nem
454 731 663 799 judicii
684 734 861 804 (Joan.
888 749 939 801 ν,
962 732 1170 804 28,29).
1197 733 1399 790 Videte
1418 733 1908 807 quemadmodum
1925 734 2025 804 ju-

313 824 528 881 dicium
555 841 658 897 pro
689 826 1057 883 damnatione
1087 835 1139 883 et
1171 844 1339 898 pmna
1369 827 1580 899 posuit.
1625 829 1693 881 Et
1738 833 1935 883 tamen
1976 826 2027 880 si

320 916 862 986 semperjudicium
894 933 995 987 pro
1027 917 1405 972 damnatione
1434 916 1817 988 acciperetur,
1850 931 2029 971 num-

313 1005 448 1074 quid
484 1004 826 1060 audiremus
854 1005 914 1061 in
950 1005 1204 1073 Psalmo,
1233 1005 1427 1062 Indica
1454 1021 1560 1068 me,
1593 1006 1778 1061 Deus?
1809 1004 1893 1059 lbi
1925 1007 2026 1076 ju-

313 1092 533 1149 dicium
570 1095 891 1150 secundum
923 1095 1321 1164 afﬂictionem,
1353 1094 1447 1152 hic
1471 1095 1764 1165 judicium
1814 1110 2028 1150 secun-

314 1183 454 1236 dum
490 1182 899 1239 discretionem
932 1185 1191 1256 positum
1222 1190 1331 1241 est.
1365 1184 1666 1250 Quomodo
1698 1183 2027 1241 secundum

316 1271 781 1328 discretionem?
832 1274 1133 1339 Quomodo
1198 1274 1432 1345 exponit
1487 1273 1611 1345 ipse
1655 1273 1757 1345 qui
1814 1273 1917 1339 ait,
1940 1272 2033 1328 Ju-

318 1361 568 1429 dicame,
620 1362 781 1418 Deus.
837 1362 984 1435 Lege
1041 1363 1197 1419 enim
1256 1370 1310 1418 et
1366 1363 1490 1419 vide
1546 1362 1686 1433 quid
1744 1362 2029 1433 sequitur.

318 1450 461 1513 Quid
494 1455 604 1519 est,
635 1451 825 1507 Judica
855 1468 962 1521 me,
996 1454 1177 1509 Deus?
1215 1460 1267 1508 et
1297 1451 1542 1508 discerne
1568 1466 1793 1507 causam
1826 1467 2029 1520 meam,

316 1539 525 1610 inquit,
559 1539 626 1595 de
651 1547 812 1611 gente
834 1557 946 1597 non
967 1548 1161 1598 sancta
1193 1541 1361 1613 (Psal.
1385 1555 1520 1607 XLII,
1560 1540 1630 1610 1).
1681 1540 1846 1607 Quod
1896 1555 2028 1610 ergo

314 1630 536 1685 dictum
605 1636 709 1698 est,
766 1630 961 1687 Judica
1012 1648 1119 1701 me,
1178 1632 1338 1701 Deus,
1395 1640 1446 1687 et
1512 1629 1752 1686 discerne
1806 1645 2031 1686 causam

316 1735 493 1774 meam
512 1720 579 1774 de
606 1723 768 1788 gente
795 1737 907 1776 non
935 1725 1169 1785 sancta;
1195 1720 1522 1777 secundum
1568 1719 1676 1776 hoc
1726 1719 1809 1774 ait
1860 1720 2030 1774 modo

318 1808 607 1866 Dominus
638 1810 929 1879 Christus,
962 1811 1069 1881 Ego
1088 1827 1198 1866 non
1222 1824 1404 1882 quaero
1434 1809 1675 1881 gloriam
1701 1823 1922 1869 meam:
1947 1817 2031 1864 est

316 1899 411 1970 qui
440 1902 659 1971 quaerat
697 1902 749 1955 et
768 1899 1004 1970 judicet.
1038 1899 1342 1966 Quomodo
1371 1903 1451 1954 est
1471 1900 1568 1970 qui
1586 1903 1797 1970 quaerat
1820 1902 1869 1952 et
1881 1896 2032 1968 judi-

315 1994 394 2044 ret
420 1990 450 2040 Ρ
473 1992 575 2043 Est
606 1988 770 2045 Pater
798 1988 899 2060 qui
931 1988 1172 2061 gloriam
1209 2003 1395 2044 meam
1428 2006 1460 2045 a
1491 1994 1681 2043 vestra
1701 1988 1884 2058 gloria
1906 1988 2028 2043 dis-

320 2088 515 2135 cernat
545 2084 604 2134 et
623 2083 869 2151 separet.
902 2079 1020 2136 Vos
1048 2079 1205 2135 enim
1239 2079 1564 2136 secundum
1592 2077 1701 2134 hoc
1749 2077 2031 2133 saeclum

323 2169 657 2240 gloriamini
691 2185 704 2225 :
737 2186 844 2241 ego
874 2186 989 2225 non
1018 2169 1340 2226 secundum
1364 2168 1472 2224 hoc
1493 2168 1772 2224 saeclum
1790 2165 2028 2239 glorior,

322 2259 421 2329 qui
444 2259 603 2314 Patri
632 2259 781 2320 dico.
816 2260 997 2326 Pater,
1038 2258 1290 2330 gloriﬁca
1318 2273 1402 2313 me
1430 2273 1495 2313 ea
1523 2257 1702 2327 gloria
1731 2272 1896 2328 quam
1925 2254 2030 2311 ha-

325 2351 417 2403 bui
445 2348 593 2419 apud
648 2352 717 2415 te,
772 2352 1067 2420 antequam
1117 2347 1357 2403 mundus
1393 2351 1526 2403 esset
1559 2348 1733 2415 (Joan.
1786 2361 1924 2413 xvrt,
1948 2345 2028 2415 5).

318 2440 468 2505 Quid
499 2444 611 2505 est,
638 2454 702 2495 ea
730 2440 909 2509 gloria
933 2446 959 2493 Ρ
985 2441 1071 2495 Ab
1123 2440 1382 2495 humana
1425 2438 1721 2494 inﬂatione
1758 2438 2028 2495 discreta.

315 2531 652 2586 Secundum
676 2529 1025 2600 hocjudicat
1049 2530 1232 2585 Pater.
1267 2529 1417 2594 Quid
1449 2538 1555 2599 est,
1603 2527 1871 2599 iudicat?
1905 2528 2031 2584 Dis-

312 2620 520 2675 cernit.
554 2620 703 2683 Quid
732 2620 1007 2676 disoernit
1030 2621 1059 2674 ‘l
1079 2620 1335 2675 Gloriam
1360 2619 1485 2674 Filii
1509 2619 1601 2674 sui
1625 2635 1658 2674 a
1701 2618 1884 2690 gloria
1930 2617 2030 2673 ho-

315 2711 544 2765 minum
573 2729 587 2778 ;
621 2710 759 2781 quia
789 2710 918 2766 ideo
950 2711 1173 2766 dictum
1204 2716 1316 2778 est,
1347 2710 1516 2766 Unxit
1560 2714 1627 2777 te,
1670 2713 1838 2775 Deus,
1893 2708 2032 2763 Deus

317 2807 441 2855 tuus
462 2800 577 2855 oleo
598 2799 1092 2871 exultationisprae
1121 2799 1478 2870 participibus
1518 2801 1624 2854 tuis
1673 2798 1843 2867 (Psal.
1877 2812 2028 2865 κων,

321 2891 399 2961 8).
422 2889 553 2946 Non
576 2891 730 2945 enim
756 2890 892 2961 quia
912 2889 1085 2946 homo
1112 2892 1298 2945 factus
1319 2893 1428 2956 est,
1447 2889 1569 2959 jam
1598 2888 2031 2958 comparandus

322 2989 404 3035 est
436 2980 621 3036 nobis.
657 2979 771 3037 Nos
802 2979 1072 3035 homines
1112 2995 1245 3035 cum
1286 2984 1542 3051 peccato,
1582 2976 1679 3032 ille
1724 2977 1852 3032 sine
1901 2992 2031 3047 pec-

321 3077 448 3127 cato
483 3088 497 3127 :
533 3087 638 3126 nos
663 3072 931 3127 homines
957 3071 1255 3126 trahentes
1283 3071 1355 3125 de
1385 3070 1569 3125 Adam
1593 3072 1651 3123 et
1689 3074 1928 3123 mortem
1976 3068 2034 3122 et

323 3162 603 3217 delictum
630 3176 642 3225 ;
674 3160 772 3216 ille
804 3162 874 3216 de
904 3159 1142 3232 Virgine
1171 3174 1406 3215 carnem
1449 3158 1775 3225 mortalem,
1809 3156 2031 3212 nullam

324 3251 715 3323 iniquitatem.
742 3250 1004 3320 Denique
1036 3265 1142 3305 nos
1174 3264 1280 3305 nec
1309 3248 1447 3320 quia
1477 3245 1741 3303 volumus
1775 3246 1890 3301 nati
1932 3260 2032 3301 su-

325 3358 480 3407 mus,
516 3356 621 3396 nec
660 3340 936 3411 quamdiu
977 3338 1245 3394 volumus
1292 3340 1560 3404 vivimus,
1601 3352 1708 3391 nec
1741 3335 2031 3407 quomodo

318 3431 594 3487 volumus
623 3430 905 3486 morimur
938 3446 951 3484 :
988 3429 1083 3484 ille
1132 3432 1444 3497 antequam
1494 3430 1829 3483 nasceretur
1857 3424 2031 3496 elegit

316 3525 387 3576 de
418 3537 539 3593 qua
570 3526 921 3585 nasceretur,
953 3522 1127 3575 natus
1160 3519 1287 3574 fecit
1311 3522 1424 3573 uta
1447 3516 1631 3588 Magis
1664 3517 2026 3581 adoreretur,

315 3614 491 3668 crevit
509 3613 726 3681 infans,
748 3618 803 3667 et
822 3610 1119 3666 miraculis
1144 3624 1206 3664 se
1237 3608 1422 3663 Deum
1461 3607 1822 3670 ostendebat,
1846 3610 1901 3661 et
1940 3606 2027 3660 in-

315 3704 591 3759 ﬁrmitate
615 3703 907 3757 hominem
933 3699 1286 3773 praeferebat.
1312 3698 1606 3754 Postremo
1628 3696 1804 3766 elegit
1842 3699 1898 3751 et
1928 3711 2025 3766 ge-

316 3810 425 3851 nus
450 3795 678 3859 mortis,
716 3794 822 3849 hoc
858 3796 967 3860 est,
993 3797 1057 3847 ut
1096 3791 1155 3845 in
1194 3804 1366 3844 cruce
1408 3787 1703 3859 penderet,
1738 3790 1796 3841 et
1832 3784 2025 3856 ipsam

313 3901 545 3941 crucem
581 3884 643 3939 in
677 3883 967 3939 frontibus
998 3880 1258 3937 ﬁdelium
1301 3878 1498 3948 ligeret
1523 3894 1535 3932 :
1562 3881 1628 3931 ut
1667 3876 1816 3932 dicat
1864 3874 2025 3932 chri-

315 3976 567 4040 stianus,
589 3974 719 4028 Mihi
738 3980 922 4029 autem
944 3971 1091 4027 absit
1110 3971 1363 4041 gloriari,
1384 3969 1502 4024 nisi
1523 3970 1577 4021 in
1612 3981 1770 4022 cruce
1808 3964 2026 4021 Domini

315 4067 493 4123 nostri
511 4068 641 4122 Iesu
663 4062 1085 4133 Chrisli(Galat.
1120 4078 1199 4130 vr,
1231 4062 1337 4130 14).
1364 4060 1428 4115 In
1450 4060 1578 4130 ipsa
1602 4073 1772 4113 cruce
1794 4057 2023 4128 quando

316 4156 519 4223 voluit,
552 4171 769 4227 corpus
797 4154 1048 4221 dimisit,
1073 4157 1131 4207 et
1152 4150 1473 4207 abscessit:
1501 4151 1558 4203 in
1592 4148 1721 4220 ipso
1756 4147 2024 4219 sepulcro

318 4246 601 4318 quamdiu
633 4244 833 4311 voluit,
854 4243 1076 4315 jacuit;
1115 4242 1348 4314 quando
1390 4238 1595 4308 voluit,
1629 4242 1907 4308 tanquam
1956 4237 2026 4290 de

319 4339 464 4394 lecto
495 4336 771 4394 surrexit.
816 4335 983 4407 Ergo,
1034 4333 1265 4400 fratres,
1297 4330 1619 4386 secundum
1668 4327 1859 4399 ipsam
1910 4327 2024 4381 for-

317 4443 473 4483 mam
505 4427 681 4491 servi,
715 4426 873 4497 (nam
898 4414 1040 4479 ill'ud
1070 4421 1205 4494 quis
1236 4421 1411 4491 digne
1441 4418 1716 4489 loquitur,
1754 4417 1819 4470 In
1867 4416 2021 4487 prin-

310 4520 452 4589 cipio
499 4520 623 4573 erat
686 4515 936 4581 Verbum,
973 4519 1027 4569 et
1080 4513 1306 4568 Verbum
1362 4514 1483 4565 erat
1540 4508 1686 4580 apud
1744 4511 1942 4573 Deum,
1975 4512 2025 4562 et

308 4610 445 4663 Deus
474 4610 596 4663 eral
633 4607 907 4663 Verbum?
942 4604 964 4674 )
1006 4602 1326 4659 secundum
1378 4600 1587 4671 ipsam,
1619 4599 1878 4670 inquam,
1910 4596 2024 4651 for-

309 4715 466 4754 mam
502 4697 656 4753 servi
689 4696 943 4751 multum
969 4695 1207 4749 interest
1236 4691 1389 4746 inter
1418 4690 1665 4762 gloriam
1706 4687 1937 4754 Christi,
1969 4689 2026 4742 et

306 4788 564 4859 gloriam
597 4786 905 4842 hominum
951 4793 1316 4840 caaterorum.
1348 4780 1427 4835 De
1474 4778 1602 4849 ipsa
1639 4778 1823 4850 gloria
1870 4778 2028 4833 diee-

308 4878 428 4944 baf,
452 4878 691 4948 quando
715 4875 874 4947 quod
916 4873 1267 4928 daemonium
1308 4869 1548 4925 haberet
1585 4867 1876 4934 audiebat,
1909 4867 2025 4938 Ego

305 4982 417 5022 non
448 4980 640 5037 quem
668 4966 902 5037 gloriam
928 4978 1104 5019 meam
1126 4981 1145 5027 ,-
1171 4966 1255 5016 est
1284 4960 1379 5031 qui
1409 4961 1626 5029 quaerat
1653 4966 1704 5011 et
1730 4956 1952 5026 iudicet.

391 5058 478 5112 10.
511 5057 599 5112 Tu
630 5062 829 5111 autem
864 5054 934 5109 de
991 5057 1067 5119 te,
1112 5053 1353 5116 Domne,
1396 5047 1532 5119 quid
1583 5046 1777 5102 dicis?
1834 5047 2024 5115 Amen,

312 5164 474 5203 amen
506 5147 626 5203 dico
656 5147 803 5203 vobis
823 5162 845 5207 ;
874 5147 925 5201 si
955 5142 1077 5216 quis
1118 5155 1420 5197 sermonem
1467 5154 1645 5194 meum
1701 5137 2022 5207 servaverit,

313 5245 551 5294 mortem
574 5253 685 5294 non
708 5236 911 5293 videbit
948 5234 1011 5289 in
1058 5238 1346 5290 aeternum.
1399 5229 1534 5299 Vos,
1564 5229 1776 5301 inquit,
1808 5229 2022 5297 dicitis,

316 5326 666 5384 Dzmonium
695 5325 856 5382 habes
876 5341 895 5385 ,·
944 5339 1046 5394 ego
1091 5336 1194 5377 vos
1216 5320 1284 5375 ad
1329 5318 1510 5376 vitam
1566 5335 1752 5375 voco:
1803 5320 2028 5374 servate

308 5431 635 5473 sermonem
678 5430 895 5480 meum,
930 5418 985 5469 et
1024 5426 1142 5466 non
1181 5407 1531 5464 moriemini.
1564 5407 1653 5465 llli
1691 5408 2026 5473 audiebant,

306 5504 526 5562 lor-lem
556 5522 665 5562 non
698 5505 900 5561 videbit
938 5504 998 5558 in
1056 5504 1354 5567 atemum,
1373 5500 1470 5570 qui
1515 5512 1815 5553 sermonem
1848 5511 2029 5551 meum

304 5602 605 5653 servaverit
620 5615 643 5660 ;
674 5602 732 5655 et
752 5594 1182 5658 irascebantur,
1208 5590 1485 5662 quiajam
1510 5589 1721 5644 mortui
1743 5592 1910 5645 erant
1932 5584 2031 5643 illa

310 5694 499 5747 morte
531 5705 661 5761 qua
695 5686 933 5744 vitanda
957 5689 1101 5743 erat.
1138 5683 1402 5739 Dixerunt
1444 5695 1573 5752 ergo
1620 5678 1797 5737 Judaei
1830 5697 1848 5735 :
1878 5680 2033 5736 Nune

1482 322 1943 386 TRACTATUS
1992 322 2202 387 XLIII.
2248 323 2503 388 CAPUT
2545 324 2705 388 VIII.

3687 336 3842 396 1710

2130 464 2474 533 cognovimus
2507 464 2638 536 quia
2684 462 3015 519 damonium
3057 462 3240 518 habes.
3272 464 3550 522 Abraham
3594 475 3843 524 mortuus

2131 559 2207 610 est
2235 562 2287 611 et
2316 554 2621 627 Prophetas,
2652 562 2705 610 et
2737 559 2795 610 tu
2832 556 2989 624 dicis,
3023 555 3082 609 Si
3129 557 3250 627 quis
3297 572 3612 614 sermonem
3659 574 3846 615 meum

2126 645 2444 714 servaverit,
2476 650 2705 702 mortem
2725 661 2833 701 non
2886 645 3128 714 gustabit
3174 645 3237 700 in
3289 650 3580 704 mternum.
3650 648 3846 707 Videte

2132 733 2482 791 locutionem
2504 735 2938 807 Seripturarum
2968 751 2981 790 :
3018 735 3240 792 Mortem
3260 752 3370 793 non
3390 738 3612 805 videbit,
3646 739 3704 794 id
3737 744 3845 809 est,

2132 823 2396 892 gustabit.
2427 822 2647 879 Mortem
2676 823 2897 891 videbit,
2931 830 3164 881 mortem
3193 825 3452 893 gustabit.
3485 826 3627 891 Quis
3654 826 3850 882 videt?

2134 912 2267 983 quis
2297 911 2535 983 gustat?
2579 912 2733 975 Quos
2792 911 2993 968 oculos
3051 912 3229 969 habet
3286 914 3476 983 homo,
3536 918 3602 971 ut
3660 914 3850 970 videat

2135 1002 2368 1072 quando
2402 1002 2649 1058 moritur
2670 1002 2697 1056 ?
2717 1002 2957 1065 Quando
2983 1002 3264 1060 veniendo
3290 1020 3449 1060 mors
3469 1004 3628 1076 ipsos
3649 1003 3849 1060 oculos

2135 1090 2356 1146 claudit
2379 1107 2449 1147 ne
2470 1091 2689 1163 aliquid
2715 1091 2983 1161 videant;
3016 1095 3306 1163 quomodo
3358 1094 3594 1162 dicitur,
3627 1109 3735 1149 non
3769 1094 3851 1149 vi-

2135 1179 2282 1235 debit
2307 1189 2537 1236 mortem
2559 1187 2585 1235 ?
2614 1181 2759 1236 Item
2780 1198 2891 1251 quo
2910 1180 3120 1253 palato,
3142 1183 3355 1254 quibus
3378 1183 3645 1241 faucibus
3691 1199 3849 1240 mors

2136 1272 2427 1340 gustatur,
2450 1270 2673 1339 utquid
2697 1269 2887 1341 sapiat
2916 1270 3297 1341 dignoscatur
3314 1272 3342 1327 Ἰ
3382 1273 3625 1337 Quando
3656 1277 3849 1329 totum

2135 1375 2373 1416 sensum
2404 1358 2570 1428 tollit,
2602 1358 2739 1430 quid
2774 1359 2830 1414 in
2865 1358 3053 1429 palato
3087 1361 3460 1418 remanebit?
3492 1364 3602 1419 Sed
3644 1363 3849 1420 videbit

2138 1450 2358 1505 dictum
2390 1454 2478 1506 est
2507 1453 2565 1505 et
2592 1449 2849 1519 gustabit,
2884 1465 2987 1520 pro
3018 1466 3085 1506 eo
3116 1453 3272 1522 quod
3295 1455 3406 1518 est,
3428 1452 3773 1524 experietur.

2209 1539 2295 1594 11.
2329 1537 2458 1593 Huic
2491 1538 2792 1609 Dominus,
2826 1555 3033 1609 parum
3067 1544 3156 1595 est
3186 1540 3236 1595 si
3285 1541 3498 1610 dicam,
3522 1541 3842 1609 morituris,

2137 1627 2481 1699 loquebatur
2512 1630 2831 1686 moriturus
2863 1646 2878 1686 :
2913 1630 3054 1701 quia
3082 1637 3135 1687 et
3154 1631 3375 1687 Domini
3423 1631 3605 1689 exitus
3652 1637 3849 1691 mortis

2136 1718 2310 1789 (Psal.
2346 1735 2512 1786 van,
2543 1720 2655 1791 21),
2688 1721 2843 1776 sicut
2880 1720 3143 1791 loquitur
3190 1721 3480 1780 Psalmus.
3513 1725 3659 1781 Cum
3708 1740 3845 1796 ergo

2138 1812 2195 1864 et
2219 1809 2870 1881 moriturisloqceretur,
2892 1816 2950 1867 et
2974 1812 3297 1868 moriturus
3316 1812 3670 1885 loqueretur,
3704 1816 3843 1886 quid

2138 1898 2251 1955 sibi
2281 1899 2402 1955 vult
2431 1901 2587 1971 quod
2640 1901 2740 1967 ait,
2793 1902 2897 1969 Qui
2943 1917 3251 1958 sermonem
3294 1919 3477 1959 meum
3529 1906 3845 1971 servaverit,

2137 1995 2369 2045 mortem
2388 2007 2501 2044 non
2532 1990 2738 2046 videbit
2766 1993 2826 2044 in
2852 1995 3156 2054 aeternum;
3187 1992 3296 2049 nisi
3317 1993 3458 2064 quia
3477 1993 3704 2051 videbat
3734 1993 3846 2050 Do-

2140 2080 2333 2135 minus
2365 2080 2538 2137 aliam
2565 2085 2834 2150 mortem,
2866 2081 2937 2136 de
2967 2096 3084 2153 qua
3132 2096 3240 2137 nos
3288 2082 3535 2139 liberare
3587 2089 3844 2151 venerat,

2137 2174 2385 2226 mortem
2405 2171 2744 2235 secundam,
2768 2174 3015 2226 mortem
3038 2173 3341 2241 aeternam,
3366 2178 3613 2229 mortem
3636 2175 3847 2243 gehen-

2138 2277 2369 2328 narum,
2406 2266 2649 2317 mortem
2680 2260 3073 2316 damnationis
3104 2277 3238 2316 cum
3269 2263 3498 2319 diabolo
3528 2268 3587 2319 et
3619 2265 3843 2335 angelis

2135 2350 2302 2421 ejus?
2327 2351 2455 2422 Ipsa
2474 2354 2564 2406 est
2584 2366 2717 2406 vera
2739 2365 2897 2405 mors
2918 2366 2931 2404 :
2957 2366 3092 2405 nam
3116 2352 3229 2407 ista
3251 2352 3519 2422 migratio
3547 2356 3656 2408 est.
3691 2352 3842 2416 Quid

2136 2446 2224 2497 est
2254 2441 2366 2496 ista
2396 2439 2595 2496 mors?
2653 2439 2891 2495 Relictio
2940 2440 3219 2511 corporis,
3264 2441 3548 2511 depositio
3605 2441 3844 2498 sarcinas

2135 2533 2329 2605 gravis
2364 2548 2376 2587 :
2409 2533 2512 2588 sed
2544 2532 2594 2587 si
2625 2531 2739 2587 alia
2768 2531 2996 2589 sarcina
3026 2548 3143 2587 non
3190 2535 3468 2602 portetur,
3500 2548 3615 2604 qua
3662 2532 3837 2589 homo

2136 2625 2193 2679 in
2216 2623 2513 2695 gehennae
2534 2621 2944 2693 praecipitetur.
2974 2621 3052 2677 De
3086 2622 3212 2693 ipsa
3248 2638 3385 2693 ergo
3426 2630 3610 2679 morte
3644 2623 3837 2679 Domi-

2136 2729 2248 2769 nus
2279 2712 2442 2781 dixit,
2465 2712 2678 2767 Mortem
2707 2727 2815 2767 non
2858 2710 3056 2768 videbit
3075 2712 3133 2766 in
3161 2719 3454 2781 aeternum,
3487 2715 3582 2783 qui
3635 2727 3842 2769 sermo-

2135 2817 2260 2859 nem
2289 2818 2472 2858 meum
2502 2800 2827 2857 servaverit.

2208 2894 2295 2948 12.
2330 2892 2454 2948 Non
2496 2907 2943 2963 expavescamus
2993 2892 3167 2948 istam
3212 2898 3481 2959 mortem,
3523 2891 3626 2947 sed
3676 2892 3841 2950 illam

2137 2980 2472 3036 timeamus.
2504 2980 2667 3044 Quod
2696 2987 2785 3034 est
2826 2984 3023 3034 autem
3072 2980 3324 3049 gravius,
3361 2979 3535 3036 multi
3576 2996 3844 3051 perverse

2137 3071 2398 3127 timendo
2429 3071 2626 3133 istam,
2660 3067 2992 3124 inciderunt
3019 3068 3080 3123 in
3110 3068 3291 3126 illam.
3334 3069 3566 3127 Dictum
3610 3078 3697 3126 est
3735 3070 3845 3126 ali-

2140 3163 2375 3235 quibus,
2408 3161 2660 3217 Adorare
2692 3158 2878 3227 idola;
2909 3159 3064 3229 quod
3095 3160 3144 3213 si
3187 3175 3302 3215 non
3355 3160 3627 3230 feceritis,
3659 3161 3846 3217 inter-

2141 3250 2419 3307 ﬁciemini
2454 3267 2467 3305 :
2500 3254 2599 3306 aut
2627 3248 3123 3320 quemadmodum
3166 3247 3263 3302 ille
3312 3248 3845 3307 Nabuchodonosor

2138 3343 2303 3410 dixit,
2330 3342 2515 3396 Sinon
2529 3339 2792 3411 feceritis,
2815 3341 3109 3394 mittemini
3132 3340 3190 3392 in
3232 3341 3513 3394 caminum
3552 3342 3698 3408 ignis
3746 3358 3845 3396 ar-

2136 3431 2335 3487 dentis.
2360 3431 2528 3487 Multi
2547 3430 2869 3486 timuerunt
2891 3435 2947 3483 et
2970 3428 3384 3494 adoraverunt;
3414 3428 3672 3484 nolentes
3695 3431 3843 3485 mori

2138 3519 2506 3575 mortuiscnt
2528 3536 2541 3574 :
2567 3517 2825 3573 timendo
2854 3523 3098 3572 mortem
3122 3530 3248 3586 quae
3290 3532 3407 3571 non
3442 3515 3728 3581 evaditur,
3753 3517 3845 3572 in-

2134 3608 2401 3665 ciderunt
2420 3608 2475 3663 in
2501 3615 2743 3663 mortem
2768 3621 2941 3677 quam
2970 3605 3211 3661 evadere
3251 3604 3493 3661 feliciter
3515 3612 3768 3677 possent,
3794 3608 3842 3662 si

2134 3701 2303 3754 istam
2329 3715 2455 3771 qua:
2482 3713 2594 3753 non
2617 3696 2901 3761 evaditur,
2926 3694 3233 3751 infeliciter
3258 3711 3371 3750 non
3410 3695 3697 3752 timerent.
3731 3696 3842 3751 Na-

2132 3794 2230 3846 tus
2253 3807 2313 3845 es
2338 3789 2537 3855 homo,
2566 3787 2886 3843 moriturus
2919 3802 3004 3842 es.
3036 3787 3159 3851 Qua
3184 3786 3318 3853 ibis,
3364 3792 3430 3841 ut
3461 3802 3574 3842 non
3628 3787 3845 3843 moria-

2134 3881 2213 3935 ris
2234 3878 2262 3932 ‘2
2287 3877 2429 3949 quid
2460 3877 2633 3933 facies
2667 3880 2729 3930 ut
2760 3892 2875 3931 non
2908 3874 3215 3930 moriaris?
3258 3873 3330 3930 Ut
3378 3876 3660 3931 Dominus
3708 3880 3845 3934 tuus

2133 3968 2476 4024 necessitate
2507 3965 2855 4022 moriturum
2889 3964 3311 4033 consolaretur,
3352 3965 3648 4021 voluntate
3699 3972 3844 4022 mori

2135 4057 2412 4128 dignatus
2441 4061 2551 4112 est.
2576 4052 2819 4119 Quando
2843 4054 3000 4109 vides
3022 4052 3314 4108 Christum
3339 4057 3653 4121 mortuum,
3678 4056 3848 4112 dedi—

2133 4146 2328 4215 gnaris
2353 4145 2540 4199 mori?
2560 4145 2701 4213 Ergo
2725 4142 3047 4198 moriturus
3066 4157 3127 4197 es
3153 4157 3165 4194 :
3190 4157 3302 4212 qua
3324 4143 3535 4198 evadas
3559 4143 3688 4208 hoc,
3726 4160 3839 4199 non

2135 4234 2334 4289 habes.
2369 4233 2550 4289 Hodie
2581 4233 2677 4300 sit,
2709 4249 2836 4288 cras
2868 4232 2980 4297 sit;
3016 4231 3277 4285 fcturum
3315 4238 3418 4297 est,
3453 4230 3715 4286 debitum
3756 4243 3841 4286 est

2133 4324 2518 4398 reddendum.
2552 4322 2699 4385 Quid
2733 4337 2873 4392 ergo
2912 4320 3032 4391 agit
3081 4320 3253 4374 homo
3307 4320 3535 4385 timens,
3586 4320 3838 4391 fugiens,

2133 4413 2428 4469 occultans
2449 4429 2510 4468 sc
2532 4429 2604 4467 ne
2626 4411 2957 4466 inveniatur
2987 4409 3059 4463 ab
3084 4408 3321 4463 inimico
3341 4409 3369 4462 ?
3398 4407 3691 4478 Numquid
3721 4411 3840 4480 agit

2134 4508 2195 4559 ut
2224 4520 2341 4559 non
2373 4502 2651 4558 moriatur
2671 4500 2697 4554 ‘2
2719 4498 2831 4555 Sed
2857 4502 2917 4554 ut
2940 4498 3113 4569 paulo
3149 4495 3337 4551 serius
3383 4497 3681 4552 moriatur.
3714 4497 3837 4553 Non

2133 4594 2340 4663 accipit
2368 4591 2545 4648 debiti
2586 4590 2979 4656 securitatem,
3015 4588 3115 4642 sed
3166 4586 3426 4657 postulat
3479 4587 3834 4643 dilationem.

2132 4681 2569 4749 Quantumlibet
2599 4679 2697 4736 diu
2748 4678 3071 4743 dill‘eratur,
3104 4677 3296 4733 veniet
3345 4677 3499 4747 quod
3555 4678 3837 4733 diﬂ‘ertur.

2135 4774 2298 4831 Illam
2334 4778 2575 4830 mortem
2612 4773 2921 4827 timeamus
2955 4784 3131 4839 quam
3174 4767 3495 4823 timuerunt
3543 4772 3658 4824 tres
3708 4770 3836 4836 viri,

2136 4866 2369 4939 quando
2400 4866 2672 4920 dixerunt
2702 4859 2822 4932 regi
2855 4877 2868 4915 :
2896 4861 3091 4916 Potens
3121 4862 3195 4915 est
3228 4858 3364 4913 Deus
3399 4862 3568 4914 etiam
3614 4860 3678 4914 de
3732 4864 3838 4914 ista

2133 4959 2356 5028 ﬂamma
2378 4954 2612 5010 liberare
2631 4968 2727 5007 nos
2750 4968 2771 5015 ;
2790 4950 2881 5006 sed
2903 4954 2952 5005 et
2973 4952 3022 5004 si
3041 4963 3149 5005 non
3168 4949 3328 5019 (Dan.
3362 4964 3443 5011 ιιι,
3472 4949 3559 5014 15,
3599 4950 3684 5015 17,
3724 4950 3835 5018 18).

2138 5045 2221 5101 lbi
2254 5045 2365 5099 fuit
2395 5044 2589 5109 timor,
2612 5041 2771 5097 illius
2818 5038 3024 5095 mortis
3048 5036 3087 5105 ¹,
3122 5052 3297 5107 quam
3345 5038 3513 5091 modo
3555 5036 3838 5091 Dominus

2134 5134 2550 5199 comminatur,
2600 5131 2835 5202 quando
2885 5129 3174 5193 dixerunt,
3221 5126 3327 5179 Sed
3389 5130 3445 5179 et
3490 5124 3537 5178 si
3589 5124 3840 5181 noluerit

2136 5231 2329 5295 aperte
2360 5221 2633 5285 liberare,
2670 5220 2861 5290 potest
2892 5218 2950 5271 in
2989 5214 3215 5271 occulto
3263 5227 3554 5267 coronare.
3590 5211 3753 5269 Unde
3784 5220 3841 5270 et

2138 5314 2262 5383 ipse
2278 5312 2563 5368 Dominus
2585 5310 2837 5363 facturus
2862 5310 3168 5375 martyres,
3199 5313 3256 5357 et
3299 5312 3470 5371 caput
3520 5308 3839 5376 martyrum

2138 5402 2369 5456 futurus
2398 5400 2478 5455 ait
2515 5416 2528 5453 :
2560 5399 2741 5453 Nolite
2774 5397 2967 5451 timere
2993 5408 3080 5448 eos
3121 5392 3219 5461 qui
3265 5391 3511 5448 occidant
3540 5409 3756 5465 corpus,
3787 5408 3839 5451 et

2135 5497 2327 5563 postea
2356 5507 2465 5545 non
2495 5490 2695 5543 habent
2722 5485 2851 5558 quid
2878 5485 3108 5554 faciant.
3141 5481 3442 5545 Quomodo
3482 5500 3599 5539 non
3636 5484 3837 5542 habent

2206 5618 2222 5650 ί
2242 5615 2403 5663 Juxta
2435 5613 2521 5663 Er.
2558 5611 2725 5674 Lugd.
2758 5614 2810 5659 et
2834 5609 2961 5659 Ven.
2986 5607 3287 5674 legendum,
3320 5606 3548 5660 liberare
3578 5624 3689 5669 uos,
3726 5612 3773 5659 te
3799 5610 3842 5660 is

2142 5678 2221 5732 ibi
2250 5691 2352 5728 non
2380 5678 2491 5741 fuit
2519 5670 2674 5728 timor
2700 5674 2854 5725 illius
2885 5670 3087 5721 mortis.
3144 5671 3213 5721 M.
