4148 6190
348 325 496 382 1711

346 457 475 530 quid
504 455 761 528 faciant?
795 451 940 519 Quid
972 447 1017 503 si
1048 460 1180 502 cum
1214 440 1549 506 occiderint,
1583 454 1795 509 corpus
1836 435 2047 530 bestiis

345 525 717 602 lacerandum
741 549 795 598 et
816 535 1213 609 diripiendum
1238 530 1473 586 alitibus
1508 527 1814 598 projiciant
1833 525 1859 579 ?
1890 527 2047 580 vide-

345 642 440 691 tur
468 634 654 690 adhuc
685 630 897 687 saevitia
923 628 1129 683 habere
1153 620 1306 693 quod
1347 618 1538 673 faciat.
1573 616 1681 672 Sed
1731 615 1823 669 cui
1872 612 2048 668 facit?

348 725 456 790 Qui
491 722 779 793 migravit.
814 720 972 774 Inest
1000 728 1237 782 corpus,
1269 710 1366 764 sed
1417 706 1616 761 nullus
1664 715 1747 760 est
1795 717 2045 758 sensus:

345 813 816 881 habitatiojacet,
850 806 1138 861 habitator
1189 797 1493 854 abscessit.
1539 795 1687 865 Ergo
1714 801 1909 864 postea
1936 807 2050 847 non

347 904 544 959 habent
574 899 705 971 quid
732 898 981 968 faciant:
1008 907 1122 947 non
1154 885 1421 945 sentienti
1444 883 1599 939 enim
1626 882 1770 937 nihil
1807 882 2046 935 faciunt.

344 968 797 1045 Sedeum—timete
817 982 911 1053 qui
930 980 1087 1035 habet
1130 976 1443 1045 potestatem
1491 980 1540 1026 et
1582 985 1777 1039 corpus
1821 975 1874 1022 et
1922 968 2050 1021 ani-

346 1094 497 1134 mam
557 1074 795 1129 occidere
854 1074 915 1126 in
960 1068 1210 1140 gehenna
1265 1063 1408 1133 ignis
1463 1061 1674 1131 (Matth.
1734 1076 1789 1126 x,
1846 1060 1937 1122 28,
1998 1064 2051 1110 et

352 1174 476 1223 Luc.
511 1182 609 1234 xu,
640 1167 693 1231 4,
728 1165 806 1230 5).
835 1164 975 1217 Ecce
1003 1160 1073 1214 de
1118 1173 1235 1228 qua
1284 1158 1466 1209 morte
1515 1150 1883 1221 loquebatur,
1915 1163 2049 1202 cum

349 1261 596 1315 diceret:
624 1255 727 1323 Qui
756 1268 1059 1310 sermonem
1107 1264 1292 1302 meum
1332 1244 1655 1308 servaverit,
1684 1244 1913 1295 mortem
1942 1252 2050 1292 non

348 1348 551 1405 videbit
588 1348 649 1400 in
687 1349 979 1401 mternum.
1023 1340 1327 1393 Servemus
1377 1348 1535 1404 ergo,
1568 1331 1794 1395 fratres,
1828 1343 2052 1383 sermo-

352 1452 485 1493 nem
508 1434 774 1506 ipsiusin
800 1431 947 1493 fide;
979 1423 1307 1498 perventuri
1357 1424 1427 1476 ad
1477 1421 1752 1490 speciem,
1782 1432 1917 1471 cum
1962 1431 2052 1470 ac-

350 1526 677 1596 ceperimus
708 1520 1111 1592 plenissimam
1144 1514 1489 1569 libertatem.

423 1616 509 1670 13.
546 1614 647 1668 Isti
670 1617 863 1666 autem
884 1608 1258 1678 indignantes
1290 1602 1527 1667 mortui,
1553 1607 1607 1653 et
1634 1596 1805 1653 morti
1833 1596 2051 1666 sempi-

353 1712 526 1760 ternae
550 1698 963 1772 prmdestinati,
997 1693 1426 1766 respondebant
1446 1688 1792 1755 conviciose,
1815 1691 1869 1741 et
1892 1685 2053 1739 dice-

357 1796 525 1847 bant:
543 1789 687 1844 Modo
700 1784 1051 1857 cognovimus
1063 1784 1193 1854 quia
1209 1780 1543 1835 daemonium
1566 1776 1747 1830 habes.
1772 1772 2053 1829 Abraham

350 1888 599 1937 mortuus
620 1887 694 1934 est
715 1886 763 1931 et
786 1876 1079 1944 PrOphetw.
1106 1872 1214 1925 Sed
1243 1871 1353 1923 ista
1379 1874 1747 1936 mortequam
1777 1863 2053 1919 Dominus

353 1970 476 2024 vult
507 1966 769 2037 intelligi,
800 1980 904 2019 nec
947 1960 1235 2016 Abraham
1290 1963 1554 2012 mortuus
1603 1959 1714 2017 est,
1761 1969 1865 2007 nec
1920 1951 2053 2006 Pro-

356 2059 556 2129 phetas.
580 2054 836 2110 lllienim
868 2053 1071 2107 mortui
1103 2053 1327 2115 sunt,et
1358 2042 2057 2101 vivuntzistivivebantet

356 2148 570 2203 mortui
589 2144 923 2201 erant.Nam
941 2141 1297 2211 respondens
1312 2137 1567 2209 quodam
1587 2133 1709 2189 loco
1724 2131 2055 2187 Sadducaais

354 2236 725 2293 moventibus
747 2231 1122 2304 quaestionem
1146 2230 1217 2283 de
1257 2221 1812 2287 resurrectione,hoc
1833 2220 1912 2275 ait
1934 2220 2056 2289 ipse

351 2327 634 2381 Dominus
659 2342 672 2380 :
704 2325 775 2379 De
793 2321 1189 2377 resurrectione
1209 2324 1389 2372 autem
1408 2321 1749 2369 mortuorum
1770 2326 1879 2364 non
1911 2308 2058 2380 legi-

353 2419 468 2481 stis,
487 2414 779 2485 quomodo
799 2412 879 2466 ait
905 2409 1181 2464 Dominus
1196 2408 1267 2461 de
1284 2405 1427 2459 rubo
1440 2404 1507 2457 ad
1530 2401 1909 2471 Moysen,Ego
1931 2413 2055 2452 sum

356 2507 490 2559 Deus
512 2504 804 2564 Abraham,
836 2507 887 2555 et
912 2501 1051 2554 Deus
1098 2498 1273 2563 Isaac,
1292 2503 1341 2550 et
1387 2495 1517 2547 Deus
1555 2490 1757 2547 Iacob?
1804 2489 1922 2543 Non
1974 2494 2057 2542 est

356 2595 495 2647 Deus
527 2598 890 2653 mortuorum,
919 2587 1010 2642 sed
1050 2585 1299 2640 vivorum
1346 2582 1561 2652 (Matth.
1593 2596 1729 2645 xxn,
1763 2580 1826 2632 31
1860 2584 1914 2632 et
1944 2578 2049 2643 32;

353 2682 531 2736 Exod.
567 2697 652 2745 ιιι,
675 2681 752 2749 6).
778 2678 993 2746 Siergo
1017 2671 1683 2734 illivivunt,laboremus
1722 2668 1803 2723 sic
1843 2668 2054 2737 vivere,

355 2776 417 2825 ut
445 2787 574 2824 cum
598 2769 714 2823 illis
745 2767 928 2821 vivere
952 2764 1242 2835 possimus
1272 2761 1289 2793 ί
1315 2776 1447 2816 cum
1485 2759 1698 2815 mortui
1748 2757 2053 2813 fuerimus.

357 2859 521 2926 Quem
550 2859 783 2926 teipsum
823 2856 983 2920 lacis,
1025 2851 1320 2921 inquiunt,
1351 2854 1413 2903 ut
1461 2848 1637 2914 dicas,
1674 2847 1896 2901 Mortem
1946 2862 2058 2902 non

354 2947 559 3003 videbit
587 2948 644 2999 in
685 2952 975 3011 aeternum,
1008 2944 1102 3011 qui
1144 2954 1444 2994 sermonem
1492 2953 1673 2992 meum
1715 2938 2012 2993 servaverit
2037 2955 2060 3003 ;

357 3052 485 3091 cum
510 3034 659 3091 scias
679 3038 736 3088 et
755 3030 1043 3087 Abraham
1079 3033 1372 3084 mortuum
1404 3035 1457 3081 et
1489 3026 1796 3097 prephetas
1816 3026 1843 3080 ?

430 3126 517 3180 14.
574 3121 860 3193 Respondit
905 3122 1054 3176 Jesus
1121 3135 1139 3171 :
1208 3117 1267 3171 Si
1331 3132 1426 3186 ego
1462 3115 1706 3185 gloriﬁco
1764 3116 2055 3185 meipsum,

356 3214 533 3285 gloria
557 3228 678 3267 mea
696 3210 843 3265 nihil
863 3215 943 3264 est
969 3228 987 3264 :
1006 3216 1084 3263 est
1120 3210 1280 3262 Pater
1307 3221 1458 3260 meus
1485 3206 1583 3277 qui
1618 3206 1901 3275 glori/teat
1946 3222 2053 3262 me.

358 3305 477 3361 Hoc
507 3303 589 3359 ait
622 3308 854 3373 propter
882 3299 1025 3353 illud
1080 3297 1234 3368 quod
1284 3295 1574 3360 dixerunt,
1607 3294 1774 3361 Quem
1820 3297 2055 3365 teipsum

356 3391 535 3460 facis?
562 3391 755 3445 Refert
775 3388 928 3443 enim
955 3386 1195 3455 gloriam
1224 3400 1389 3440 suam
1442 3384 1511 3438 ad
1550 3387 1803 3450 Patrem,
1826 3384 1898 3437 de
1944 3400 2057 3453 quo

356 3486 442 3537 est
462 3479 619 3551 quod
648 3479 796 3533 Deus
818 3480 929 3531 est.
954 3474 1281 3545 Aliquando
1305 3473 1500 3527 Ariani
1523 3476 1579 3525 et
1617 3471 1686 3525 de
1726 3472 1834 3525 islo
1883 3473 2055 3529 verbo

357 3568 790 3626 calumniantur
814 3565 947 3619 fidei
969 3568 1199 3631 nostrae,
1223 3569 1281 3617 et
1301 3562 1539 3616 dicunt:
1566 3563 1709 3616 Ecce
1744 3561 1929 3631 major
1971 3566 2056 3617 est

357 3658 543 3722 Pater,
578 3655 716 3726 quia
760 3655 963 3722 utique
1005 3634 1565 3722 glorificat'I-‘ilium.
1608 3649 1904 3716 Haeretice,
1939 3666 2053 3706 non

356 3747 545 3817 legisti
578 3750 633 3799 et
664 3746 855 3814 ipsum
886 3742 1089 3795 Filium
1114 3742 1397 3795 dicentem
1424 3738 1579 3810 quod
1606 3740 1891 3810 gloriﬁcet
1942 3741 2053 3798 Pa-

357 3841 503 3888 trem
529 3849 702 3887 suum
726 3833 903 3899 (Joan.
929 3846 1061 3895 xvrr,
1081 3829 1139 3899 4)
1157 3830 1184 3883 ?
1207 3830 1262 3883 Si
1284 3833 1339 3884 et
1362 3827 1455 3883 ille
1492 3829 1697 3883 Filium
1746 3828 2050 3900 glorificat,

358 3928 411 3977 et
433 3920 612 3975 Filius
630 3920 846 3973 Patrem
869 3918 1189 3989 glorificat:
1221 3933 1365 3987 pone
1392 3918 1789 3987 pervicaciam,
1814 3935 2054 3990 agnosce

357 4010 772 4080 aequalitatem,
805 4007 1027 4077 corrige
1059 4006 1511 4077 perversitatem.

430 4101 514 4155 15.
539 4098 638 4152 Est
669 4111 824 4167 ergo,
875 4082 1082 4165 inquit,
1114 4100 1278 4149 Pater
1313 4111 1459 4149 meus
1497 4098 1591 4164 gui
1628 4097 1907 4167 gloriﬁcat
1945 4115 2053 4170 me,

357 4206 512 4262 quem
544 4204 635 4243 vos
670 4185 872 4252 dicitis,
898 4186 1034 4252 Quia
1072 4187 1214 4239 Deus
1263 4189 1445 4239 noster
1493 4189 1589 4250 est,
1615 4194 1665 4239 et
1708 4201 1817 4241 non
1864 4202 2058 4258 cogno-

354 4282 507 4337 vistis
536 4295 678 4333 eum.
711 4277 929 4338 Videte,
956 4275 1156 4329 fratres
1190 4272 1323 4338 mei,
1348 4274 1840 4343 quemadmodum
1866 4283 2061 4333 osten-

357 4371 451 4424 dat
482 4369 673 4437 ipsum
702 4365 879 4419 Deum
906 4365 1132 4419 Patrem
1156 4378 1283 4417 esse
1301 4360 1535 4430 Christi,
1562 4363 2058 4433 quiannuntiatus

354 4463 443 4513 est
472 4462 528 4512 et
552 4454 788 4513 Judteis.
839 4455 1147 4524 Propterea
1194 4453 1339 4517 dico,
1377 4453 1516 4523 quia
1565 4470 1769 4509 rursus
1819 4455 2058 4526 quidam

358 4546 607 4601 haeretici
639 4545 840 4599 dicunt
871 4542 1050 4597 Deum
1084 4542 1496 4597 annuntialum
1528 4542 1587 4598 in
1638 4543 1823 4599 Veteri
1855 4545 2055 4602 Testa-

358 4640 579 4700 mento,
613 4650 725 4687 non
760 4648 887 4687 esse
929 4632 1152 4687 Patrem
1202 4632 1448 4700 Christi;
1490 4634 1583 4687 sed
1637 4635 1830 4689 nescio
1880 4651 2054 4706 quem

356 4722 674 4796 principem
710 4721 997 4775 malorum
1031 4721 1391 4790 angelorum.
1427 4722 1725 4777 Manichaei
1775 4730 1911 4779 sunt
1957 4725 2055 4796 qui

356 4815 465 4869 ista
496 4814 717 4877 dicunt,
760 4810 1107 4864 Marcionita:
1137 4816 1275 4863 sunt
1299 4812 1398 4880 qui
1432 4810 1545 4865 ista
1583 4813 1805 4868 dicunt.
1832 4816 1974 4869 Sunt
2002 4821 2059 4871 et

352 4904 447 4959 alii
492 4903 731 4958 fortasse
783 4898 1055 4965 haeretici,
1103 4914 1249 4966 quos
1288 4917 1744 4957 commemorare
1793 4904 1879 4957 vel
1940 4922 2053 4961 non

353 5011 500 5066 opus
523 4996 627 5057 est,
651 4989 737 5046 vel
758 5005 789 5043 a
814 5004 904 5043 me
922 5003 1121 5042 omnes
1147 4986 1315 5043 recoli
1346 4989 1400 5043 in
1429 4991 1735 5057 praesentia
1773 5010 1885 5048 non
1921 5011 2054 5065 pos-

353 5088 489 5138 runt
522 5099 533 5135 :
572 5098 683 5136 non
718 5079 1027 5133 defuerunt
1059 5079 1253 5131 tamen
1287 5077 1379 5145 qui
1415 5078 1520 5133 hoc
1542 5080 1821 5135 dicerent.
1859 5085 2055 5155 Itaque

351 5173 645 5235 attendite,
683 5174 743 5224 ut
773 5167 1037 5223 habeatis
1069 5167 1208 5237 quid
1253 5166 1465 5222 dicatis
1516 5168 1573 5222 in
1624 5175 1825 5226 contra
1873 5175 2052 5241 ipsos.

351 5258 492 5312 Eum
514 5257 654 5312 dicit
676 5257 898 5313 Patrem
925 5270 1093 5310 suum
1125 5255 1407 5311 Dominus
1445 5256 1737 5326 Christus,
1762 5276 1933 5329 quem
1968 5261 2050 5315 illi

348 5345 613 5401 dicebant
646 5351 823 5401 Deum
856 5362 1053 5415 suum,
1086 5350 1142 5400 et
1176 5362 1288 5401 non
1339 5356 1733 5419 cognoverunt
1770 5367 1782 5405 :
1817 5352 1864 5405 si
1898 5351 2055 5406 enim

349 5433 543 5505 ipsum
593 5434 1018 5503 cognovissent,
1074 5436 1201 5507 ejus
1261 5436 1467 5492 Filium
1520 5438 1897 5511 recepissent.
1951 5442 2057 5512 Ego

344 5557 724 5688 P01332238“.
749 5559 833 5608 Er.
852 5563 904 5607 et
926 5559 1107 5623 plures
1123 5559 1328 5623 Mss.,et
1353 5577 1465 5613 cum
1482 5563 1588 5614 illis
1605 5566 1777 5615 vivere
1802 5582 1816 5614 .·
1842 5569 2059 5628 omisso,

1292 307 1369 365 IN
1418 302 1741 363 JOANNIS
1791 298 2336 374 EVANGELIUM,
2386 303 2451 361 S.
2500 301 2923 365 AUGUSTINI

3714 296 3870 357 1712

2157 444 2360 505 autem,
2393 437 2603 508 inquit,
2636 437 2765 494 novi
2792 454 2938 493 eum.
2971 436 3313 492 Secundum
3339 448 3567 490 carnem
3601 434 3876 505 judican-

2162 526 2318 580 tibus
2353 528 2538 598 potuit
2572 533 2627 583 et
2656 527 2791 582 hinc
2836 542 3114 597 arrogans
3156 524 3362 589 videri,
3394 524 3532 595 quia
3562 523 3728 590 dixit,
3762 523 3878 592 Ego

2158 616 2287 666 novi
2314 629 2458 668 eum.
2491 614 2603 669 Sed
2634 616 2820 669 videte
2852 614 2989 684 quid
3025 617 3304 681 sequatur
3336 627 3349 665 :
3392 611 3453 666 Si
3501 612 3701 665 dixero
3747 612 3882 681 quia

2160 719 2271 757 non
2295 707 2425 759 novi
2452 721 2596 770 eum,
2630 721 2720 759 ero
2749 702 2966 759 similis
3016 704 3165 759 vobis
3215 702 3473 758 mendax.
3525 701 3677 771 Ergo
3716 716 3883 755 arro-

2161 794 2361 863 gantia
2392 811 2506 849 non
2538 794 2619 849 ita
2671 798 2956 859 caveatur,
2992 797 3052 846 ut
3094 792 3304 846 veritas
3363 790 3750 859 relinquatur.
3778 789 3881 845 Sed

2160 884 2268 938 scio
2294 900 2440 949 eum,
2473 892 2523 938 et
2552 899 2856 939 sermonem
2902 882 3019 953 ejus
3074 896 3246 937 servo.
3298 881 3639 936 Sermonem
3691 877 3879 933 Patris

2161 980 2433 1041 tanquam
2454 973 2636 1027 Filius
2660 972 3006 1043 loquebatur
3028 989 3042 1034 ;
3066 971 3268 1041 etipse
3298 975 3419 1023 erat
3458 966 3714 1023 Verbum
3765 966 3878 1021 Pa-

2161 1064 2280 1128 tris,
2312 1063 2462 1131 quod
2499 1061 2836 1116 hominibus
2870 1060 3229 1131 loquebatur.

2234 1152 2317 1205 t6.
2348 1151 2621 1205 Abraham
2650 1155 2807 1223 pater
2828 1158 3005 1206 vester
3032 1149 3323 1204 exsultavit
3368 1157 3429 1202 ut
3474 1148 3680 1204 videret
3728 1148 3875 1203 diem

2161 1256 2377 1304 meum;
2407 1246 2455 1295 et
2488 1241 2645 1309 vidit,
2673 1249 2723 1296 et
2752 1244 2978 1309 gavisus
3008 1248 3103 1295 est.
3144 1239 3419 1308 Magnum
3462 1236 3875 1294 testimonium

2162 1330 2425 1399 perhibet
2452 1330 2720 1398 Abrahae,
2753 1346 2953 1385 semen
3002 1328 3266 1396 Abrahae,
3326 1332 3549 1383 creator
3591 1325 3877 1382 Abrahae:

2159 1419 2434 1474 Abraham
2474 1418 2797 1488 exsultavit,
2846 1419 3060 1489 inquit,
3106 1425 3167 1472 ut
3217 1417 3424 1472 videret
3474 1416 3623 1471 diem
3672 1431 3875 1469 meum.

2160 1508 2283 1563 Non
2319 1510 2532 1577 timuit,
2566 1511 2665 1564 sed
2698 1509 2997 1564 exsultavit
3027 1513 3085 1562 ut
3110 1506 3333 1563 videret.
3360 1506 3494 1561 Erat
3515 1506 3673 1562 enim
3695 1507 3753 1560 in
3779 1504 3882 1559 illo

2160 1599 2414 1654 charitas
2437 1615 2566 1669 quas
2591 1600 2743 1654 foras
2768 1599 2945 1653 mittit
2963 1599 3227 1654 timorem
3251 1598 3298 1665 (Ι
3323 1599 3487 1653 Joan.
3513 1613 3589 1661 ιν,
3616 1597 3727 1666 18).
3754 1595 3879 1651 Non

2162 1688 2263 1753 ait,
2287 1688 2633 1756 Exsultavit,
2666 1689 2803 1759 quia
2832 1689 3012 1755 vidit;
3046 1689 3168 1753 sed,
3200 1688 3503 1742 exsultavit
3537 1694 3600 1741 ut
3646 1686 3877 1742 videret.

2161 1778 2413 1833 Credens
2441 1779 2641 1848 utique
2660 1776 2973 1833 exsultavit
3002 1778 3310 1848 sperando,
3337 1785 3398 1831 ut
3422 1776 3879 1831 videretintelli-

2164 1867 2373 1937 gendo.
2408 1868 2472 1924 Et
2501 1868 2659 1933 vidit,
2692 1872 2762 1922 Et
2791 1866 2929 1937 quid
2968 1867 3154 1936 potuit
3186 1866 3319 1937 plus
3350 1867 3562 1931 dicere,
3593 1865 3682 1921 vel
3733 1865 3879 1936 quid

2162 1956 2363 2011 debuit
2394 1954 2519 2025 plus
2550 1956 2741 2010 dicere
2774 1956 3053 2010 Dominus
3084 1954 3257 2011 .Iesus
3288 1953 3598 2010 Christus?
3624 1956 3684 2009 Et
3718 1953 3880 2020 vidit,

2163 2046 2375 2117 inquit,
2408 2055 2460 2100 et
2508 2049 2732 2113 gavisus
2777 2049 2874 2100 est.
2928 2046 3067 2111 Quis
3107 2046 3356 2116 explicat
3403 2045 3512 2100 hoc
3560 2045 3869 2116 gaudium.

2165 2132 2370 2192 fratres
2397 2136 2504 2191 mei
2525 2136 2553 2189 ?
2573 2136 2631 2190 Si
2654 2134 2833 2204 gavisi
2855 2134 3092 2189 suntilli
3114 2134 3331 2206 quibus
3361 2134 3639 2191 Dominus
3666 2132 3871 2189 oculos

2163 2225 2360 2280 carnis
2405 2226 2651 2296 aperuit,
2697 2224 2866 2295 quale
2913 2225 3190 2296 gaudium
3248 2224 3350 2279 l'uit
3400 2224 3647 2280 videntis
3689 2227 3880 2283 cordis

2163 2314 2347 2369 oculis
2380 2314 2398 2347 ί
2434 2316 2615 2369 lucem
2640 2312 3012 2378 ineffabilem,
3033 2313 3283 2369 Verbum
3322 2329 3586 2378 manens,
3611 2313 3881 2384 splendo-

2166 2420 2285 2461 rem
2317 2403 2427 2473 piis
2466 2404 2762 2458 mentibus
2817 2402 3222 2473 refulgentem,
3276 2403 3617 2473 sapientiam
3669 2404 3878 2461 indeﬁ-

2164 2493 2432 2560 cientem,
2452 2492 2603 2561 apud
2630 2492 2855 2547 Patrem
2884 2496 3213 2547 manentem
3248 2492 3445 2559 Deum,
3468 2497 3527 2546 et
3557 2492 3876 2563 aliquando

2164 2584 2223 2638 in
2246 2599 2421 2639 carne
2441 2587 2776 2648 venturum,
2796 2598 2899 2637 nec
2922 2583 2992 2637 de
3014 2582 3204 2637 Patris
3226 2583 3447 2653 gremio
3467 2599 3834 2639 recessurum
3850 2584 3879 2638 ?

2162 2674 2368 2729 Totum
2397 2671 2505 2727 hoc
2526 2671 2672 2725 vidit
2693 2671 3007 2727 Abraham.
3032 2670 3177 2726 Nam
3201 2672 3353 2742 quod
3386 2672 3482 2739 ait,
3508 2671 3647 2727 diem
3667 2689 3874 2742 meum,

2161 2765 2448 2821 incertum
2470 2768 2657 2833 potest
2672 2779 2795 2819 esse
2818 2764 2971 2818 unde
2988 2762 3225 2829 dixerit;
3251 2772 3445 2818 utrum
3460 2764 3613 2819 diem
3637 2763 3879 2822 Domini

2164 2853 2546 2925 temporalem
2573 2870 2687 2925 quo
2704 2858 2829 2909 erat
2850 2860 3127 2908 venturus
3167 2852 3223 2907 in
3249 2869 3441 2921 carne,
3462 2871 3530 2908 an
3568 2854 3721 2909 diem
3754 2854 3873 2911 Do.

2167 2945 2305 3001 mini
2332 2946 2430 3017 qui
2452 2947 2636 3002 nescit
2658 2949 2868 3011 ortum,
2899 2944 3079 2999 nescit
3118 2946 3545 3000 occasum.8ed
3596 2960 3703 3015 ego
3754 2962 3873 3001 non

2165 3035 2364 3090 dubito
2381 3042 2601 3107 patrem
2616 3033 2903 3089 Abraham
2920 3036 3108 3088 totum
3124 3034 3325 3088 scisse.
3346 3033 3411 3087 Et
3427 3034 3523 3089 ubi
3539 3033 3831 3091 inveniam
3847 3037 3877 3091 ?

2164 3127 2249 3180 An
2282 3125 2548 3181 sufﬁcere
2579 3123 2744 3178 nobis
2776 3123 2945 3178 debet
2973 3122 3374 3177 testimonium
3410 3122 3639 3179 Domini
3684 3125 3873 3180 nostri

2162 3216 2297 3271 Jesu
2328 3213 2582 3270 Christi?
2613 3214 2889 3268 Putemus
2916 3228 3022 3267 nos
3045 3211 3302 3268 invenire
3349 3229 3461 3268 non
3511 3230 3703 3283 posse,
3734 3216 3878 3286 quia

2165 3307 2309 3362 forte
2332 3304 2569 3360 difﬁcile
2586 3308 2691 3371 est,
2710 3304 2998 3375 quomodo
3020 3303 3392 3359 manifestum
3416 3306 3488 3360 sit
3512 3306 3663 3378 quod
3697 3307 3881 3363 Abra-

2163 3397 2297 3452 ham
2315 3395 2585 3451 exultavit
2603 3400 2662 3449 ut
2684 3393 2892 3449 videret
2912 3393 3056 3449 diem
3077 3392 3309 3460 Christi,
3330 3401 3378 3450 et
3399 3394 3556 3465 vidit,
3583 3405 3634 3451 et
3656 3396 3883 3466 gavisus

2164 3490 2259 3541 est.
2286 3486 2354 3540 Et
2374 3486 2424 3541 si
2448 3501 2551 3539 nos
2570 3484 3050 3551 noninvenimus,
3074 3484 3360 3554 numquid
3390 3484 3621 3541 mentiri
3661 3486 3877 3542 veritas

2165 3576 2403 3646 posset?
2458 3574 2773 3629 Credamus
2829 3573 3076 3638 veritati,
3113 3577 3169 3629 et
3226 3573 3296 3627 de
3354 3574 3598 3630 Abrahae
3650 3574 3878 3631 meritis

2163 3663 2404 3720 minime
2424 3663 2782 3719 dubitemus.
2816 3664 3025 3718 Tamen
3057 3661 3254 3717 audite
3293 3680 3478 3720 unum
3519 3663 3732 3731 locum,
3768 3666 3874 3735 qui

2163 3754 2308 3811 mihi
2336 3754 2567 3809 interim
2600 3752 2876 3808 occurrit.
2912 3753 3078 3807 Pater
3102 3753 3391 3808 Abraham
3440 3754 3671 3824 quando
3702 3753 3873 3809 misit

2162 3859 2389 3901 servum
2414 3859 2611 3908 suum,
2638 3846 2935 3914 utpeleret
2967 3858 3203 3897 uxorem
3240 3840 3358 3896 ﬁlio
3394 3859 3500 3898 suo
3543 3842 3725 3908 Isaac,
3762 3845 3868 3900 hoc

2162 3951 2291 3991 eum
2325 3936 2688 3989 sacramento
2719 3930 3052 3998 obstrinxit,
3088 3936 3152 3985 ut
3201 3930 3450 3987 fideliter
3493 3934 3645 4004 quod
3686 3934 3869 4003 jube-

2163 4024 2336 4078 batur
2364 4021 2652 4091 impleret,
2684 4025 2741 4077 et
2779 4020 2955 4075 sciret
3009 4020 3184 4075 etiam
3246 4020 3372 4092 ipse
3430 4021 3565 4092 quid
3628 4022 3871 4080 faceret.

2163 4113 2374 4183 Magna
2404 4110 2558 4165 enim
2592 4126 2683 4165 res
2723 4109 3025 4181 agebatur,
3072 4109 3308 4180 quando
3360 4110 3602 4166 Abrahae
3658 4113 3877 4169 semini

2163 4201 2493 4272 conjugium
2517 4198 2903 4270 quaerebatur.
2928 4198 3039 4253 Sed
3061 4203 3120 4253 ut
3139 4199 3246 4253 hoc
3269 4206 3643 4270 cognosceret
3670 4217 3884 4259 servus

2167 4289 2319 4360 quod
2356 4294 2586 4343 noverat
2612 4286 2939 4352 Abraham,
2969 4285 3105 4357 quia
3138 4296 3375 4358 nepotes
3408 4302 3520 4343 non
3568 4291 3890 4347 carnaliter

2166 4378 2556 4445 desiderabat,
2576 4392 2680 4433 nec
2704 4378 2773 4431 de
2792 4392 2997 4448 genere
3011 4394 3116 4432 suo
3137 4376 3353 4447 aliquid
3392 4376 3625 4435 carnale
3682 4382 3891 4452 sapie-

2169 4468 2301 4532 bat;
2334 4466 2417 4520 ait
2448 4481 2612 4520 servo
2644 4482 2750 4520 suo
2784 4481 2951 4535 quem
2988 4464 3252 4520 mittebat
3285 4481 3297 4518 :
3328 4466 3472 4521 Pone
3519 4484 3747 4523 manum
3777 4471 3882 4524 sub

2165 4562 2371 4625 femore
2399 4570 2537 4623 meo,
2569 4561 2619 4611 et
2652 4556 2786 4624 jura
2824 4572 2922 4625 per
2966 4556 3135 4610 Deum
3176 4556 3296 4611 creti
3341 4555 3493 4624 (Gen.
3543 4574 3697 4625 xxiv,
3729 4560 3875 4628 24).

2165 4644 2305 4707 Quid
2341 4642 2461 4698 vult
2491 4643 2645 4698 Deus
2678 4643 2804 4698 cceli
2837 4644 2907 4699 ad
2943 4643 3131 4699 femur
3156 4644 3446 4701 Abrahae?
3484 4646 3611 4716 jam
3661 4647 3889 4704 intelli-

2166 4733 2303 4805 gitis
2336 4740 2760 4788 sacramentum
2792 4751 2803 4789 :
2830 4749 2931 4805 per
2956 4734 3162 4801 femur,
3186 4750 3390 4804 genus.
3415 4736 3563 4805 Ergo
3596 4752 3724 4807 qua
3774 4738 3887 4807 fuit

2166 4822 2518 4893 illajuratio,
2535 4822 2644 4877 nisi
2671 4823 2804 4893 quia
2818 4822 3255 4893 signiﬁcabatur
3277 4824 3348 4878 de
3370 4840 3579 4896 genere
3628 4826 3881 4882 Abrahae

2164 4916 2474 4966 venturum
2510 4915 2566 4967 in
2598 4926 2772 4967 carne
2803 4911 2981 4966 Deum
3016 4910 3190 4966 caeli?
3221 4911 3396 4967 Stulti
3441 4915 3885 4985 reprehendunt

2167 4999 2481 5067 Abraham,
2515 5001 2654 5071 quia
2685 5000 2848 5065 dixit,
2882 5000 3032 5055 Mitte
3079 5018 3304 5056 manum
3346 5004 3445 5057 sub
3502 5006 3711 5073 femore
3736 5021 3881 5062 mea.

2166 5087 2273 5156 Qui
2287 5088 2960 5158 reprehenduntcarnom
2976 5090 3205 5159 Christi,
3222 5090 3540 5161 reprehend
3553 5098 3656 5148 unt
3669 5095 3889 5151 factum

2169 5179 2435 5232 Abrahae.
2466 5177 2587 5233 Nos
2619 5183 2829 5244 autem,
2868 5180 3097 5247 fratres,
3140 5182 3186 5235 si
3220 5182 3599 5252 agnoscimus
3651 5199 3887 5243 carnem

2167 5269 2377 5324 Christi
2408 5269 2819 5339 venerandam,
2853 5269 3001 5325 illud
3030 5273 3219 5326 femur
3253 5286 3363 5325 non
3409 5276 3889 5347 contemnamus,

2174 5359 2273 5412 sed
2298 5358 2355 5411 in
2377 5358 2681 5430 prophetia
2702 5358 2926 5415 dictum
2954 5360 3327 5431 accipiamus.
3348 5359 3573 5415 Etenim
3603 5364 3895 5436 propheta

2175 5456 2296 5504 erat
2324 5449 2639 5505 Abraham.
2674 5449 2855 5521 Cujus
2890 5452 3169 5523 propheta
3191 5451 3217 5505 ?
3249 5450 3502 5508 Seminis
3538 5454 3630 5509 sui
3678 5460 3737 5511 et
3786 5456 3901 5514 Do-

2240 5578 2252 5609 ι
2281 5572 2366 5621 Sic
2388 5574 2509 5622 Mss.
2540 5575 2607 5623 At
2628 5576 2774 5637 editi,
2798 5576 3101 5625 videntibus
3132 5577 3303 5626 cordis
3323 5578 3497 5627 oculis.
3531 5582 3695 5637 Quam
3750 5582 3897 5636 illam

2173 5651 2301 5691 vox,
2332 5637 2517 5699 oculis,
2548 5638 2701 5688 abest
2734 5653 2765 5688 a
2789 5639 2917 5689 Bad.
2952 5645 3005 5690 et
3033 5641 3153 5690 Mss.
3183 5642 3478 5693 nonnullis.
