4178 6192
389 247 541 308 1713

1568 244 2035 310 TBACTA'I‘US
2078 245 2281 307 XLIV.
2330 249 2590 312 CAPUT
2637 252 2707 313 ΙΧ

3754 260 3908 321 1714

388 384 528 441 mini
579 385 690 440 sui.
744 386 950 439 Semen
1000 399 1172 439 suum
1234 383 1581 457 signiﬁcavit
1628 386 1897 454 dicendo,
1958 384 2105 439 Mitte
2214 385 2440 441 bonum.
2475 389 2771 452 Quomodo
2812 400 3037 457 natura,
3093 391 3202 447 nisi
3256 393 3388 463 quia
3430 399 3697 465 peccante
3729 399 3913 466 primo

387 491 618 529 manum
649 475 749 529 sub
767 476 983 545 feruore
1013 488 1149 529 meo.
1202 472 1515 528 Dominum
1550 491 1716 528 suum
1752 472 2105 546 signiﬁcavit
2213 475 2467 543 homine,
2502 478 2702 534 vitium
2754 496 2858 549 pro
2910 486 3115 535 natura
3162 482 3391 536 inolevit
3418 483 3445 536 ?
3485 485 3540 539 Si
3575 486 3777 539 vitium
3814 504 3912 555 pro

389 564 681 630 addendo,
707 568 759 619 et
778 566 919 635 jura
946 578 1047 634 per
1078 564 1242 619 Deum
1272 563 1412 619 coeli.

458 653 543 707 l7.
581 653 717 708 Irati
754 652 939 708 Judaei
971 654 1398 722 responderunt
1428 668 1441 707 :
1484 652 1898 724 Quinquaginta
1929 668 2101 707 anno:

377 743 628 800 nondum
649 744 834 813 habes,
860 751 909 798 et
931 742 1201 797 Abraham
1221 742 1403 798 vidisti
1426 743 1447 795 Ι
1472 743 1537 797 Et
1560 744 1874 799 Dominus:
1909 744 2099 826 Amen,

387 848 550 887 amen
583 832 702 888 dico
749 832 897 887 vobis
926 849 948 895 ;
976 836 1275 901 antequam
1318 833 1592 887 Abraham
1620 833 1796 901 ﬁeret,
1836 847 1931 901 ego
1958 848 2096 887 sum.

390 924 668 994 Appende
706 923 902 982 verba.
954 925 1011 977 et
1057 936 1343 992 cognosce
1390 922 1757 995 mysterium.
1798 923 2099 994 Antequam

385 1011 664 1066 Abraham
687 1012 857 1080 ﬁeret.
885 1010 1337 1082 Intellige,ﬂeret
1354 1012 1425 1066 ad
1445 1011 1762 1066 humanam
1790 1012 2097 1077 facturam,

378 1118 504 1157 sum
535 1118 667 1156 vero
700 1101 766 1155 ad
801 1101 1058 1154 divinam
1112 1100 1403 1171 pertinere
1435 1101 1851 1157 substantiam.
1896 1102 2095 1164 Fieret,

382 1194 523 1263 quia
570 1195 839 1247 creatura
887 1193 975 1245 est
1015 1189 1331 1245 Abraham.
1390 1190 1513 1245 Non
1567 1191 1731 1257 dixit,
1769 1197 2095 1259 Antequam

380 1285 673 1340 Abraham
709 1286 882 1352 esset,
917 1298 1022 1355 ego
1068 1299 1224 1339 eram
1253 1303 1268 1352 ;
1318 1284 1439 1349 sed,
1472 1285 1785 1354 Antequam
1824 1284 2097 1337 Abraham

380 1376 558 1443 ﬁeret,
593 1373 691 1445 qui
720 1372 831 1427 nisi
868 1389 967 1443 per
1000 1389 1091 1428 me
1114 1386 1227 1427 non
1251 1373 1431 1441 ﬁeret,
1463 1389 1565 1445 ego
1592 1390 1731 1428 sum.
1767 1376 1956 1442 Neque
1989 1374 2097 1427 hoc

376 1463 545 1530 dixit,
578 1464 903 1535 Antequam
938 1462 1230 1517 Abraham
1288 1463 1464 1530 ﬁeret,
1496 1480 1599 1534 ego
1633 1464 1818 1518 factus
1847 1479 2003 1531 sum,
2037 1465 2095 1518 In

373 1551 654 1623 principio
686 1551 842 1607 enim
868 1553 997 1621 fecit
1020 1552 1158 1607 Deus
1200 1553 1401 1607 caelum
1423 1561 1469 1608 et
1494 1561 1698 1608 terram
1740 1553 1895 1621 (Gen.
1932 1567 1969 1619 ι,
2002 1553 2094 1619 l):

376 1658 518 1697 nam
550 1643 613 1697 in
640 1641 924 1713 principio
953 1650 1072 1697 erat
1115 1642 1359 1697 Verbum
1396 1643 1575 1711 (Joan.
1609 1658 1650 1709 ι,
1684 1643 1757 1711 1).
1793 1642 2096 1712 Antequam

378 1733 535 1802 ﬁeret
569 1731 863 1803 Abraham,
887 1746 980 1802 ego
1011 1748 1153 1786 mm.
1173 1732 1472 1802 Agnoscite
1495 1731 1843 1797 Creatorem,
1879 1731 2095 1787 discer-

378 1822 502 1876 nite
528 1827 881 1877 creaturam.
905 1820 1012 1885 Qui
1036 1820 1398 1891 loquebatur,
1420 1836 1617 1877 semen
1644 1820 1885 1875 Abrahae
1910 1820 2096 1875 factus

379 1918 543 1977 erat;
578 1915 637 1966 et
668 1918 729 1965 ut
760 1910 1045 1966 Abraham
1081 1910 1264 1977 ﬁeret,
1301 1914 1434 1965 ante
1470 1909 1757 1965 Abraham
1793 1910 1919 1980 ipse
1948 1915 2093 1966 erat.

449 2002 535 2056 18.
573 2001 718 2055 Hinc
756 2001 875 2071 jam
926 2000 1085 2054 velut
1133 2001 1379 2056 Abrahae
1434 2000 1806 2071 apertissimo
1838 2000 2096 2054 convicio

382 2089 667 2144 commoti
699 2091 835 2142 sunt
860 2087 1067 2143 acrius.
1095 2087 1540 2159 Blasphemasse
1563 2087 1778 2158 quippe
1799 2086 1914 2141 illis
1939 2086 2095 2141 visus

385 2183 474 2234 est
498 2177 785 2233 Dominus
805 2176 1089 2243 Christus,
1115 2176 1390 2248 quoniam
1416 2177 1581 2243 dixit,
1602 2177 1903 2247 Antequam
1925 2177 2096 2231 Abra-

384 2269 512 2323 ham
540 2269 719 2338 ﬁeret,
750 2283 846 2335 ego
882 2283 1024 2323 sum.
1063 2268 1320 2323 Tulerunt
1349 2282 1473 2338 ergo
1507 2267 1716 2337 lapides
1744 2274 1807 2321 ut
1839 2268 2097 2335 jacerent

386 2362 443 2415 in
476 2376 624 2415 eum.
656 2362 835 2415 Tanta
868 2358 1082 2413 duritia
1113 2375 1227 2430 quo
1251 2362 1526 2425 curreret,
1561 2358 1669 2413 nisi
1702 2359 1769 2413 ad
1824 2358 2049 2413 similes
2070 2358 2098 2411 ?

380 2448 533 2504 Iesus
563 2456 772 2515 autem,
805 2451 1081 2516 tanquam
1104 2446 1303 2517 homo,
1326 2450 1602 2518 tanquam
1627 2447 1685 2502 in
1710 2446 1895 2502 forma
1927 2446 2092 2513 servi,

377 2543 656 2610 tanquam
692 2537 953 2605 humilis,
979 2542 1255 2609 tanquam
1281 2555 1585 2608 passurus,
1610 2543 1889 2609 tanquam
1915 2538 2092 2593 mori-

378 2632 573 2695 turus,
606 2631 887 2697 tanquam
920 2642 1026 2682 nos
1060 2642 1164 2682 suo
1199 2626 1482 2698 sanguine
1506 2625 1950 2698 redempturus:
1978 2644 2092 2682 non

381 2721 664 2788 tanquam
695 2716 793 2771 ille
824 2716 924 2787 qui
959 2724 1065 2785 est,
1090 2734 1202 2771 non
1229 2721 1506 2788 tanquam
1543 2717 1599 2771 in
1634 2716 1921 2786 principio
1952 2716 2091 2771 Ver-

378 2805 540 2865 bum,
578 2810 634 2861 et
662 2805 918 2861 Verbum
970 2807 1119 2878 apud
1158 2807 1357 2861 Deum.
1403 2805 1549 2860 Nam
1582 2822 1714 2862 cum
1748 2806 1830 2861 illi
1866 2805 2091 2878 lapides

380 2896 642 2952 tulerunt
667 2901 727 2951 ut
746 2896 1117 2951 mitterentin
1134 2912 1288 2962 eum,
1311 2896 1442 2966 quid
1461 2911 1733 2963 magnum
1754 2901 1961 2951 erutus
1992 2912 2089 2951 eos

376 2985 659 3043 continuo
690 2984 995 3040 dehiscens
1045 2992 1192 3039 terra
1234 2983 1514 3054 sorberet,
1558 2988 1615 3039 et
1663 3000 1766 3055 pro
1799 2984 2090 3055 lapidibus

375 3076 595 3131 inferos
618 3074 991 3130 invenirent?
1011 3074 1135 3129 Non
1157 3078 1281 3129 erat
1302 3090 1581 3145 magnum
1600 3079 1749 3128 Deo:
1777 3074 1875 3129 sed
1903 3074 2090 3144 magis

373 3167 498 3216 erat
542 3161 1008 3216 commendanda
1058 3160 1354 3233 patientia,
1392 3176 1567 3232 quam
1616 3161 1935 3216 exserenda
1984 3176 2091 3229 po-

370 3251 573 3306 tentia.
608 3249 893 3306 Abscondit
921 3266 979 3305 se
1009 3266 1143 3321 ergo
1174 3249 1245 3305 ab
1276 3250 1378 3319 eis,
1412 3266 1483 3305 ne
1516 3250 1893 3321 lapidaretur.
1932 3250 2087 3304 Tan—

377 3355 556 3411 quam
591 3338 764 3394 homo
796 3355 827 3392 a
857 3337 1152 3408 lapidibus
1175 3338 1360 3409 fugit:
1386 3338 1486 3393 sed
1516 3354 1596 3392 vae
1628 3337 1744 3392 illis
1776 3355 1809 3392 a
1839 3353 2083 3409 quorum

377 3431 628 3502 lapideis
660 3430 925 3488 cordibus
961 3432 1111 3486 Deus
1135 3430 1280 3503 fugit
1306 3430 1318 3485 l

911 3546 1344 3605 TRACTATUS
1396 3546 1587 3603 XLIV.

383 3651 461 3707 Ab
482 3667 542 3707 eo
562 3649 704 3721 quod
732 3647 998 3720 scriptum
1018 3655 1115 3714 est,
1137 3651 1208 3703 Et
1228 3645 1565 3718 praeteriens
1595 3646 1738 3703 vidit
1784 3647 2080 3707 hominem

445 3757 666 3797 caecum
699 3758 732 3796 a
762 3739 1061 3795 nativitate
1089 3755 1102 3792 :
1136 3753 1305 3809 usque
1327 3737 1395 3792 ad
1419 3736 1496 3805 id,
1520 3737 1683 3793 Nunc
1710 3755 1840 3795 vero
1869 3738 2081 3812 dicitis,

448 3830 598 3896 Quia
626 3829 893 3885 videmus
920 3844 934 3883 :
968 3832 1272 3899 peccatum
1304 3832 1566 3883 vestrum
1594 3831 1803 3884 manet.
1841 3829 1968 3901 Cap.
2002 3847 2080 3886 1x.

452 3930 504 3984 1.
538 3934 620 3985 De
650 3926 888 3984 homine
906 3942 1070 3998 quem
1092 3925 1374 3980 Dominus
1393 3925 1560 3982 Iesus
1581 3925 1956 3995 illuminavit,
1984 3930 2082 3999 qui

372 4036 565 4076 caecus
591 4026 762 4075 natus
788 4018 916 4085 fuit,
951 4015 1174 4087 prolixa
1205 4015 1371 4072 lectio
1403 4017 1637 4074 recitata
1666 4024 1788 4074 est:
1824 4035 1997 4090 quam
2033 4021 2084 4077 si

375 4110 709 4165 universam
760 4110 1117 4178 pertractare
1168 4121 1468 4173 conemur,
1516 4123 1619 4177 pro
1646 4106 2080 4182 ,suidignitate,

370 4202 524 4257 sicut
544 4200 828 4265 valemus,
852 4197 1083 4270 singula
1097 4197 1549 4265 considerantes,
1566 4199 1909 4265 nonsufﬁcit
1931 4202 2076 4260 dies.

366 4289 616 4345 Proinde
638 4293 769 4359 peto
791 4291 849 4342 et
868 4288 1155 4342 admoneo
1176 4285 1528 4342 Charitatem
1552 4291 1825 4355 vestram,
1847 4298 1902 4343 ut
1926 4290 1982 4344 in
2005 4290 2078 4347 iis

366 4396 495 4451 quae
526 4382 729 4450 aperta
748 4382 908 4437 sunt,
933 4392 1261 4432 sermonem
1288 4380 1555 4432 nostrum
1580 4393 1695 4431 non
1726 4378 2074 4448 requiratis:

371 4486 499 4525 nam
526 4467 706 4524 nimis
728 4467 970 4537 longum
992 4465 1097 4521 erit
1120 4466 1179 4522 in
1200 4465 1453 4537 singulis
1476 4465 1795 4522 immorari.
1824 4468 2075 4526 Breviter

362 4578 497 4631 ergo
527 4559 666 4615 casei
698 4558 875 4626 hujus
904 4555 1222 4612 illuminati
1246 4558 1588 4612 commendo
1608 4557 1967 4629 mysterium.
1994 4562 2074 4615 Ea

371 4652 587 4722 quippe
616 4664 746 4719 quas
777 4647 909 4703 fecit
931 4646 1216 4703 Dominus
1247 4652 1445 4702 noster
1472 4647 1640 4704 Jesus
1662 4648 1924 4706 Christus
1955 4654 2071 4705 stu-

368 4742 554 4812 penda
586 4743 762 4809 atque
794 4736 1083 4805 miranda,
1114 4741 1171 4792 et
1208 4752 1381 4808 opera
1401 4737 1643 4793 etverha
1671 4744 1842 4795 sunt:
1875 4757 2071 4813 opera,

361 4832 498 4904 quia
528 4830 681 4884 facta
709 4832 885 4894 sunt;
923 4826 1119 4895 verba,
1143 4826 1280 4897 quia
1303 4827 1469 4897 signa
1489 4832 1645 4884 sunt.
1677 4828 1735 4882 Si
1765 4846 1900 4898 ergo
1931 4832 2067 4901 quid

359 4918 655 4992 signiﬁcet
667 4917 774 4972 hoc
787 4916 941 4988 quod
958 4916 1175 4971 factum
1189 4916 1635 4987 estcogitemus,
1649 4934 1777 4989 gem
1790 4934 1854 4974 us
1869 4919 2071 4977 huma-

360 5025 503 5065 num
531 5010 619 5061 est
662 5004 770 5060 iste
811 5020 1036 5058 cacus:
1089 5002 1209 5058 haec
1256 5003 1413 5059 enim
1462 5006 1687 5061 caecitas
1737 5007 1977 5079 conligit
2007 5009 2065 5064 in

358 5099 549 5170 primo
582 5093 815 5149 homine
849 5109 948 5162 per
968 5098 1295 5163 peccatum,
1321 5094 1390 5148 de
1412 5110 1525 5164 quo
1549 5111 1752 5150 omnes
1784 5095 2062 5167 originem

361 5188 661 5253 duximus,
693 5200 807 5239 non
839 5181 1028 5238 solum
1061 5183 1285 5251 mortis,
1306 5184 1407 5239 sed
1429 5187 1603 5240 etiam
1636 5185 1985 5256 iniquitatis.
2007 5188 2064 5242 Si

358 5277 513 5335 enim
539 5274 769 5330 caecitas
782 5279 865 5328 est
883 5272 1217 5339 inﬁdelitas,
1240 5278 1297 5328 et
1320 5272 1672 5330 illuminatio
1697 5276 1871 5343 ﬁdes;
1895 5292 2064 5346 quem

355 5368 591 5429 ﬁdelem
610 5363 848 5434 quando
871 5363 1522 5419 venitChristusinvenit
1538 5366 1565 5418 ?
1585 5366 2061 5435 Quandoquidem

352 5456 673 5530 Apostolus
704 5457 877 5507 natus
900 5453 957 5506 in
980 5462 1143 5520 gente
1176 5454 1589 5523 Prophetarum
1627 5453 1804 5509 dicit:
1839 5456 2064 5511 Fuimus

350 5559 402 5606 et
432 5562 534 5601 nos
564 5540 864 5611 aliquando
887 5546 1093 5596 natura
1116 5543 1225 5610 ﬁlii
1247 5542 1523 5608 irae,sicut
1552 5548 1603 5598 et
1633 5546 1823 5599 caeteri
1842 5544 2060 5616 (Ephes.

350 5656 413 5711 ιι,
449 5636 529 5709 3).
562 5631 623 5691 Si
652 5631 765 5704 ﬁlii
791 5631 913 5700 irae,
957 5630 1059 5688 ﬁlii
1105 5632 1393 5699 vindictae,
1444 5632 1547 5689 ﬁlii
1595 5651 1798 5707 pennae,
1828 5635 1930 5692 lilii
1960 5638 2067 5709 ge-

2212 569 2419 620 natura
2439 566 2694 635 inolevit,
2720 571 3043 624 secundum
3063 578 3313 625 mentem
3329 572 3518 626 omnis
3541 572 3715 627 homo
3732 590 3913 630 czecus

2210 659 2379 711 natus
2410 661 2516 711 est.
2543 657 2597 710 Si
2632 657 2783 712 enim
2820 658 2993 726 videt,
3028 675 3143 713 non
3176 676 3322 730 opus
3349 660 3523 715 habet
3551 663 3823 727 ductore;
3864 665 3911 717 si

2210 761 2357 817 opus
2398 746 2569 802 habet
2598 748 2837 803 ductore
2860 753 2915 803 et
2938 748 3351 818 illuminatore,
3397 766 3582 807 caecus
3604 762 3691 807 est
3723 769 3857 823 ergo
3880 770 3913 807 a

2209 835 2525 891 nativitate.

2277 926 2330 978 2.
2361 924 2529 980 Venit
2560 926 2843 981 Dominus
2870 944 2881 981 :
2906 928 3048 998 quid
3072 929 3202 983 fecit
3223 929 3250 983 ?
3269 933 3541 1001 Magnum
3568 932 3909 1002 mysterium

2208 1016 2651 1070 commendavit.
2688 1019 2923 1086 Exspuit
2953 1021 3008 1071 in
3030 1021 3260 1087 terram,
3290 1020 3359 1073 de
3381 1019 3559 1073 saliva
3590 1037 3695 1075 sua
3726 1022 3909 1075 lutum

2209 1102 2378 1157 fecit:
2414 1104 2552 1174 quia
2583 1105 2833 1160 Verbum
2881 1123 3015 1161 caro
3066 1108 3279 1161 factum
3313 1113 3400 1163 est
3432 1108 3609 1179 (Joan.
3642 1127 3679 1173 ι,
3707 1111 3811 1179 lli).
3845 1111 3912 1163 Et

2207 1190 2439 1246 inunxit
2460 1193 2659 1248 oculos
2682 1190 3125 1249 casciJnunctus
3141 1202 3282 1261 erat,
3307 1203 3362 1251 et
3381 1200 3633 1252 nondum
3658 1200 3907 1253 videbat.

2208 1276 2366 1332 Misit
2395 1279 2558 1334 illum
2584 1282 2653 1334 ad
2689 1282 2969 1351 piscinam
3003 1300 3127 1353 quas
3160 1288 3396 1338 vocatur
3418 1284 3594 1342 Siloe.
3621 1288 3910 1342 Pertinuit

2207 1376 2397 1422 autem
2440 1370 2508 1422 ad
2564 1369 2993 1442 Evangelistam
3041 1372 3448 1428 commendare
3498 1375 3665 1430 nobis
3696 1393 3907 1431 nomen

2207 1457 2381 1527 hujus
2414 1457 2651 1527 piscinae
2676 1476 2689 1524 ;
2723 1465 2781 1513 et
2808 1460 2910 1527 ait,
2942 1460 3089 1526 Quod
3116 1460 3512 1531 interpretatur
3540 1464 3748 1519 Missus.
3777 1466 3907 1520 Jam

2206 1547 2334 1617 quis
2350 1548 2425 1601 sit
2439 1548 2656 1603 missus
2675 1549 3011 1619 agnoscitis:
3035 1549 3145 1603 nisi
3165 1549 3320 1604 enim
3338 1550 3436 1606 ille
3450 1552 3653 1607 fuisset
3669 1554 3911 1619 missus,

2207 1650 2378 1689 nemo
2404 1644 2661 1691 nostrum
2687 1639 2926 1692 essetab
2947 1638 3259 1709 iniquitate
3274 1640 3572 1694 dimissus.
3597 1641 3754 1696 Lavit
3776 1658 3910 1713 ergo

2205 1723 2405 1779 oculos
2438 1723 2495 1779 in
2529 1742 2595 1779 ea
2626 1726 2850 1795 piscina
2875 1742 3001 1795 qua:
3028 1727 3445 1798 interpretatur
3460 1730 3691 1792 Missus,
3719 1731 3911 1801 bapti-

2205 1819 2368 1870 zatus
2398 1820 2484 1870 est
2516 1816 2572 1869 in
2606 1816 2854 1871 Christo.
2908 1817 2964 1871 Si
3015 1834 3149 1888 ergo
3197 1819 3431 1888 quando
3463 1835 3596 1875 eum
3630 1820 3687 1874 in
3721 1821 3912 1891 seipso

2205 1906 2636 1975 quodammodo
2682 1907 3022 1976 baptizavit,
3072 1914 3207 1962 tunc
3255 1908 3646 1976 illuminavit;
3680 1911 3910 1980 quando

2204 1994 2457 2063 inunxit,
2490 1994 2732 2050 fortasse
2754 1995 3239 2050 catechumenum
3264 1998 3415 2051 fecit.
3444 1997 3642 2053 Potest
3671 1999 3908 2069 quidem

2205 2083 2371 2139 aliter
2391 2089 2561 2154 atque
2582 2083 2747 2140 aliter
2766 2085 2913 2139 tanti
2936 2087 3283 2142 sacramenti
3312 2088 3520 2158 exponi
3556 2089 3911 2160 profunditas

2207 2180 2261 2230 et
2295 2176 2635 2245 pertractari
2672 2175 2689 2208 ί
2726 2192 2739 2230 :
2774 2177 2874 2232 sed
2912 2178 3015 2231 hoc
3065 2178 3322 2232 sufﬁciat
3351 2179 3632 2233 Charitati
3662 2185 3860 2233 vestrae
3894 2204 3907 2244 ;

2206 2264 2452 2320 audistis
2474 2268 2686 2335 grande
2713 2267 3065 2337 mysterium.
3092 2269 3384 2337 Interroga
3413 2268 3730 2333 hominem,
3754 2268 3913 2322 Chri-

2206 2353 2436 2409 stianus
2469 2371 2528 2410 es
2559 2355 2586 2409 ?
2618 2356 2944 2426 Respondet
2975 2356 3097 2422 tibi,
3122 2355 3247 2411 Non
3269 2372 3419 2422 sum,
3454 2357 3500 2411 si
3538 2357 3804 2428 Paganus
3825 2362 3912 2413 est

2202 2447 2298 2499 aut
2325 2444 2583 2499 Judaeus.
2608 2444 2668 2499 Si
2692 2451 2883 2499 autem
2910 2446 3136 2513 dixerit,
3163 2446 3304 2500 Sum
3331 2462 3344 2511 ;
3371 2446 3562 2500 adhuc
3594 2447 3809 2516 quaeris
3839 2447 3910 2500 ab

2205 2548 2292 2601 eo,
2330 2532 2817 2599 Catechumenus,
2852 2550 2923 2588 an
2976 2534 3159 2589 ﬁdelis
3182 2535 3209 2588 ‘i’
3240 2534 3297 2589 Si
3330 2534 3712 2604 responderit,
3746 2534 3910 2589 Cate-

2203 2622 2565 2690 chumenus;
2598 2623 2879 2678 inunctus
2928 2629 3035 2689 est,
3090 2625 3351 2678 nondum
3384 2624 3561 2679 lotus.
3615 2624 3721 2678 Sed
3759 2625 3911 2678 unde

2200 2709 2481 2765 inunctus
2506 2710 2533 2764 ?
2551 2712 2843 2775 Quaere,et
2862 2711 3198 2781 respondet;
3217 2725 3406 2781 quaere
3428 2711 3500 2764 ab
3528 2708 3627 2764 illo
3653 2710 3710 2763 in
3736 2725 3909 2780 quem

2201 2801 2399 2855 credat
2427 2818 2439 2855 :
2472 2816 2539 2855 eo
2558 2800 2683 2870 ipso
2706 2816 2821 2870 quo
2841 2799 3293 2855 catechumenus
3316 2805 3426 2868 est,
3449 2799 3612 2864 dicit,
3646 2800 3709 2854 In
3741 2799 3911 2854 Chri—

2202 2894 2380 2946 stum.
2416 2890 2557 2944 Eece
2588 2891 2759 2944 modo
2783 2890 2989 2959 loquor
3010 2896 3066 2945 et
3089 2890 3357 2945 ﬁdelibus
3376 2894 3430 2945 et
3453 2890 3905 2945 catechumenis.

2200 2981 2343 3045 Quid
2379 2980 2493 3034 dixi
2517 2982 2587 3035 de
2609 2986 2779 3051 sputo
2804 2985 2859 3034 et
2882 2980 2999 3034 luto
3022 2982 3050 3033 Ἰ
3074 2981 3219 3043 Quia
3242 2982 3495 3036 Verbum
3525 2996 3658 3035 caro
3690 2980 3905 3033 factum

2198 3076 2299 3127 est.
2336 3070 2453 3125 Hoc
2474 3072 2531 3123 et
2552 3068 2953 3123 catechumeni
2980 3070 3229 3123 audiunt
3258 3086 3271 3122 :
3306 3070 3403 3124 sed
3429 3086 3544 3123 non
3576 3070 3662 3124 eis
3693 3067 3910 3123 sufﬁcit

2198 3160 2265 3214 ad
2292 3159 2446 3230 quod
2470 3157 2695 3213 inuncti
2726 3162 2901 3225 sunt;
2934 3158 3293 3211 festinentad
3321 3158 3691 3226 lavacrum,si
3713 3158 3907 3217 lumen

2196 3248 2525 3317 inquirunt.

2266 3340 2321 3393 8.
2352 3339 2479 3394 Jam
2509 3354 2647 3409 ergo
2680 3341 2915 3409 propter
2960 3336 3240 3407 quasdam
3272 3336 3329 3390 in
3367 3335 3476 3390 hac
3506 3336 3631 3406 ipsa
3666 3338 3905 3395 lectione

2197 3430 2565 3502 quazstiones,
2596 3427 2772 3483 verba
2794 3427 3021 3481 Domini
3050 3434 3103 3480 et
3126 3425 3312 3496 ipsius
3337 3425 3616 3481 universas
3643 3427 3904 3483 lectionis

2193 3536 2603 3594 percurramus
2634 3520 2823 3590 potius
2854 3534 3030 3589 quam
3056 3521 3395 3579 tractemus.
3422 3518 3625 3572 Exierit
3652 3519 3791 3572 vidit
3812 3518 3902 3574 ho-

2192 3613 2398 3665 minem
2417 3625 2622 3665 cazcum
2654 3628 2670 3662 :
2704 3624 2816 3663 non
2850 3612 3171 3677 utcumque
3202 3622 3441 3673 caecum,
3474 3606 3595 3672 sed,
3629 3625 3661 3661 a
3690 3607 3901 3662 nativi-

2192 3708 2324 3755 tate.
2385 3700 2449 3753 Et
2494 3701 2971 3767 interrogaverunt
3008 3711 3133 3751 eum
3178 3694 3441 3765 discipuli
3485 3695 3645 3763 eius:
3706 3697 3895 3751 Rabbi.

2188 3792 2360 3848 Scitis
2391 3792 2560 3847 Rabbi
2608 3789 2743 3859 quia
2791 3788 3066 3857 magister
3093 3791 3200 3841 est.
3252 3786 3603 3856 Magistrum
3636 3787 3896 3858 appella-

2188 3882 2349 3949 bant,
2383 3880 2521 3951 quia
2551 3879 2772 3934 discere
2822 3876 3227 3933 desiderabant
3260 3875 3644 3946 quasstionem
3678 3876 3896 3947 quippe

2189 3969 2433 4026 Domino
2448 3974 2872 4041 proposuerunt
2885 3972 3165 4039 tanquam
3182 3965 3621 4037 magistro,Quis
3630 3969 3894 4036 peccavit,

2187 4062 2292 4130 hic,
2323 4078 2397 4116 an
2426 4064 2678 4131 parentes
2718 4060 2853 4127 eius,
2888 4065 2947 4113 ut
2984 4073 3155 4112 caecus
3201 4064 3525 4111 nasceretur
3548 4064 3575 4110 2'
3604 4058 3897 4123 Respondit

2186 4152 2388 4208 Iesus:
2447 4151 2627 4221 Neque
2673 4150 2764 4203 hic
2818 4150 3080 4219 peccavit,
3129 4162 3306 4216 neque
3348 4148 3599 4215 parentes
3640 4146 3777 4214 ejus,
3828 4151 3894 4200 ut

2188 4257 2372 4297 caecus
2394 4245 2743 4295 nasceretur.
2765 4239 2909 4304 Quid
2927 4238 3174 4307 estquod
3199 4235 3342 4289 dixit
3364 4232 3391 4287 ἲ
3413 4235 3471 4289 Si
3500 4232 3697 4287 nullus
3720 4233 3891 4288 homo

2187 4331 2313 4386 sine
2345 4335 2598 4400 peccato,
2627 4327 2917 4397 numquid
2945 4328 3211 4395 parentes
3235 4323 3413 4392 hujus
3434 4322 3566 4375 σῶοί
3598 4322 3726 4376 sine
3756 4338 3891 4392 pec-

2185 4429 2311 4476 cato
2341 4419 2555 4475 erant?
2586 4416 2881 4486 Numquid
2923 4415 3044 4483 ipse
3079 4412 3164 4466 vel
3202 4412 3330 4466 sine
3359 4409 3623 4481 originali
3652 4415 3888 4481 peccato

2184 4514 2357 4564 natus
2400 4511 2541 4574 erat,
2594 4505 2681 4559 vel
2731 4503 2978 4557 vivendo
3027 4500 3170 4555 nihil
3222 4498 3573 4554 addiderat?
3618 4499 3704 4552 An
3756 4499 3888 4568 quia

2179 4597 2378 4653 oculos
2408 4596 2638 4649 clausos
2664 4592 2933 4655 habebat,
2966 4589 3449 4660 concupiscentiae
3479 4588 3697 4643 minine
3729 4588 3883 4659 vigi-

2180 4686 2378 4742 labant
2408 4685 2430 4720 ²
2458 4685 2485 4738 ?
2506 4687 2733 4749 Quanta
2769 4682 2920 4737 mala
2941 4679 3495 4736 committuntcasci!
3527 4682 3573 4731 A
3597 4694 3708 4749 quo
3731 4677 3884 4733 malo

2177 4778 2431 4834 abstinet
2454 4792 2614 4831 mens
2639 4774 2809 4841 mala,
2835 4772 3005 4829 etiam
3030 4770 3245 4827 clausis
3267 4769 3495 4826 oculis?
3514 4769 3637 4826 Non
3663 4772 3887 4841 poterat

2179 4869 2396 4937 videre,
2430 4868 2528 4923 sed
2582 4872 2813 4921 noverat
2862 4864 3133 4933 cogitare,
3183 4868 3240 4918 et
3281 4863 3426 4916 forte
3473 4860 3882 4930 concupiscere

2178 4959 2399 5031 aliquid
2433 4959 2585 5029 quod
2618 4973 2806 5013 czecus
2827 4972 2943 5011 non
2980 4953 3455 5025 possetimplere,
3487 4951 3586 5006 sed
3620 4950 3677 5002 in
3712 4949 3883 5003 corde

2169 5049 2420 5119 judicari
2456 5066 2488 5102 a
2519 5046 2711 5101 cordis
2762 5048 3206 5116 perscrutatore.
3252 5040 3307 5096 Si
3360 5056 3491 5109 ergo
3521 5046 3573 5092 et
3614 5041 3879 5108 parentes

2176 5138 2300 5206 ejus
2330 5137 2665 5192 habuerunt
2715 5143 3032 5203 peccatum,
3073 5137 3128 5186 et
3158 5133 3266 5184 iste
3296 5128 3504 5183 habuit
3535 5129 3836 5197 peccatum
3864 5144 3877 5191 ;

2175 5242 2356 5296 quare
2387 5225 2670 5280 Dominus
2702 5225 2871 5287 dixit,
2920 5223 3101 5291 Neque
3132 5221 3219 5273 hic
3260 5218 3516 5288 peccavit,
3569 5229 3741 5285 neque
3779 5230 3880 5282 pa-

2174 5322 2352 5371 rentes
2385 5316 2502 5383 eius
2535 5333 2556 5367 :
2588 5314 2698 5369 nisi
2730 5315 2798 5367 ad
2833 5328 2949 5365 rem
2984 5312 3053 5365 de
3083 5325 3198 5380 quo
3232 5309 3289 5362 in
3324 5309 3647 5375 terrogatus
3677 5308 3787 5368 est,
3818 5309 3879 5358 ut

2174 5422 2341 5460 caecus
2371 5410 2688 5459 nasceretur
2717 5410 2743 5456 Ρ
2771 5401 3065 5457 Habebunt
3086 5399 3239 5454 enim
3276 5400 3573 5467 peccatum
3608 5401 3876 5465 parentes

2240 5522 2255 5554 1
2280 5518 2336 5590 in
2357 5516 2623 5590 plerisque
2652 5515 2797 5590 Mss.
2820 5514 2980 5590 aliter
2998 5518 3156 5590 atque
3184 5511 3345 5590 qiiter
3373 5510 3510 5560 ratio
3534 5510 3673 5559 tanti
3704 5525 3876 5561 sacra-

2174 5582 2333 5645 menti
2360 5576 2550 5640 exponi
2575 5590 2625 5630 et
2644 5580 2955 5645 pertractari
2979 5576 3327 5645 profunditas.

2240 5646 2254 5682 ί
2281 5643 2366 5693 Sic
2399 5636 2588 5695 omnes
2616 5636 2781 5708 prope
2811 5644 2932 5693 Mss.
2963 5636 3027 5692 At
3058 5636 3204 5698 editi,
3244 5636 3527 5703 vigilabat.
