4178 6192
311 259 465 321 1715

308 396 459 465 ejus,
485 393 583 449 sed
614 408 724 449 non
749 389 875 461 ipso
902 389 1134 460 peccato
1156 386 1373 442 factum
1395 388 1484 441 est
1506 387 1570 441 ut
1592 398 1776 440 caecus
1808 396 2009 437 nasce-

1252 250 1330 311 lN
1375 248 1697 312 JOANNIS
1742 242 2279 321 EVANGELIUM,
2326 246 2393 307 S.
2440 243 2865 307 AUGUSTINI

3672 242 3829 303 1716

2119 378 2246 448 erit,
2283 380 2514 451 quando
2546 396 2716 436 nemo
2766 376 2975 450 poterit
3005 375 3227 446 operari
3322 374 3447 431 Nox
3478 374 3590 431 ista
3617 375 3827 448 impio-

308 463 488 539 retur.
522 482 581 539 Si
608 498 744 552 ergo
797 495 913 535 non
960 482 1194 551 peccato
1246 477 1459 532 factum
1490 479 1579 533 est
1610 476 1914 546 parentum
1947 474 2013 526 ut
2119 486 2247 524 rum
2280 470 2424 525 erit:
2461 487 2571 526 nox
2600 469 2707 525 ista
2736 482 2937 524 eorum
2960 465 3071 522 erit
3091 463 3307 537 quibus
3338 464 3398 520 in
3431 464 3546 521 fine
3577 463 3825 531 dicetur,

307 589 494 629 cacus
519 574 878 638 nasceretur,
900 583 1075 639 quare
1105 583 1293 622 caecus
1318 570 1487 621 natus
1509 565 1633 621 est?
1658 562 1809 619 Audi
1830 560 2009 632 magi-

304 667 491 718 strum
526 661 829 717 docentem
858 674 871 713 :
906 656 1112 730 quaerit
1135 657 1491 721 credentem,
1515 658 1576 709 ut
1598 654 1767 708 faciat
1795 649 2007 707 intelli-

302 758 557 822 gentem.
591 752 723 820 Ipse
745 764 982 805 causam
1003 746 1144 802 dicit
1165 761 1345 816 quare
1365 744 1465 799 ille
1488 758 1674 799 caecus
1696 742 1773 797 sit
1795 744 1966 795 natus
1992 754 2004 792 :

304 841 481 911 Neque
511 840 600 895 hic
622 842 882 909 peccavit,
914 836 1130 906 inquit,
1152 850 1327 906 neque
1353 836 1608 904 parentes
1634 832 1749 902 ejus
1780 846 1799 885 :
1829 829 1917 884 sed
1948 831 2008 883 ut

300 930 725 999 manifestentur
753 943 916 999 opera
946 924 1042 981 Dei
1069 924 1131 979 in
1168 924 1287 979 illo.

373 1021 425 1073 4.
456 1018 672 1074 Deinde
702 1016 838 1087 quid
871 1013 1182 1086 sequitur?
1223 1014 1301 1069 Me
1330 1017 1545 1083 oportet
1593 1011 1813 1083 operari
1840 1024 2003 1079 opera

296 1110 413 1179 ejus
440 1110 535 1179 qui
561 1108 712 1162 misit
740 1120 843 1161 me.
878 1106 1022 1161 Ecce
1050 1108 1139 1160 est
1172 1102 1267 1159 ille
1300 1103 1520 1159 missus
1560 1102 1617 1157 in
1651 1118 1765 1173 quo
1800 1099 2001 1156 faciem

294 1197 431 1251 lavit
454 1213 659 1252 caecus.
695 1196 761 1249 Et
790 1195 976 1249 videte
1006 1194 1145 1265 quid
1180 1192 1411 1260 dixerit,
1435 1192 1515 1248 Me
1543 1198 1749 1263 oportet
1780 1190 2006 1261 operavi

294 1302 459 1357 apem
479 1287 593 1356 ejus
612 1286 710 1356 qui
729 1285 877 1341 misit
895 1301 1001 1352 me,
1024 1284 1191 1339 donec
1210 1282 1323 1338 dies
1343 1289 1447 1338 est.
1472 1283 1761 1338 Memento
1787 1284 1843 1335 te
1867 1294 2005 1349 quo-

294 1377 462 1433 modo
494 1375 825 1431 universam
842 1374 1087 1445 gloriam
1110 1372 1194 1427 illi
1221 1373 1318 1427 dat
1348 1373 1419 1427 de
1448 1387 1562 1442 quo
1594 1376 1718 1427 est:
1753 1370 1888 1442 quia
1918 1367 2003 1427 illi

295 1465 464 1521 habet
489 1465 674 1520 ﬁlium
707 1464 804 1535 qui
835 1465 905 1520 de
932 1462 1029 1518 illo
1053 1463 1147 1529 sit,
1176 1461 1298 1533 ipse
1322 1478 1436 1516 non
1461 1460 1636 1515 habet
1665 1461 1737 1515 de
1768 1476 1880 1531 quo
1902 1460 1998 1515 sit.

294 1555 402 1609 Sed
420 1569 599 1625 quare
628 1552 844 1617 dixisti,
870 1551 1130 1620 Domine,
1154 1550 1319 1605 donec
1338 1549 1454 1605 dies
1471 1552 1599 1605 est?
1628 1548 1775 1605 Audi
1800 1564 2000 1620 quare.

297 1646 457 1699 Venit
488 1643 505 1677 ί
536 1659 647 1699 nox
675 1647 891 1715 quando
938 1656 1096 1697 nemo
1142 1646 1320 1710 potest
1348 1642 1588 1711 operari.
1622 1640 1737 1695 Nec
1764 1646 1848 1705 tu,
1884 1638 2002 1693 Do-

295 1733 494 1790 mine?
523 1734 682 1789 Itane
712 1736 943 1789 tantum
974 1730 1191 1786 valebit
1214 1746 1325 1786 nox
1347 1730 1470 1797 illa,
1496 1734 1560 1784 ut
1585 1744 1689 1784 nec
1719 1733 1777 1783 tu
1813 1728 2001 1799 possis

290 1822 348 1877 in
372 1839 439 1877 ea
459 1822 704 1892 cperari.
731 1822 901 1891 cujus
923 1837 1071 1891 opus
1096 1837 1209 1875 nox
1229 1824 1318 1875 est
1338 1819 1365 1873 ‘I
1386 1819 1530 1874 Puto
1553 1818 1731 1885 enim,
1756 1817 1998 1874 Domine

286 1912 447 1980 Jesu,
481 1912 598 1967 imo
632 1928 745 1967 non
780 1915 935 1981 puto,
969 1911 1071 1966 sed
1102 1910 1273 1965 credo
1306 1912 1477 1980 atque
1519 1907 1802 1963 confirmo
1833 1911 1888 1963 te
1916 1906 1997 1961 ibi

286 2000 488 2067 fuisse,
520 2001 753 2073 quando
792 1999 936 2055 dixit
976 1999 1147 2065 Deus,
1195 1999 1319 2053 Fiat
1370 1999 1511 2063 lux;
1540 2005 1590 2054 et
1616 2000 1765 2067 facta
1792 2000 1867 2053 est
1899 1997 1999 2052 lux

288 2088 438 2147 (Gen.
472 2107 512 2155 ι,
544 2090 619 2161 3).
654 2090 710 2143 Si
760 2090 917 2144 enim
949 2088 1136 2144 Verbo
1171 2088 1324 2155 fecit,
1362 2103 1461 2159 per
1491 2092 1547 2143 te
1579 2086 1749 2143 fecit:
1784 2092 1842 2143 et
1872 2086 1996 2144 ideo

286 2178 508 2234 dictum
533 2182 643 2245 est,
679 2178 873 2232 Omnia
914 2194 1012 2247 per
1059 2180 1238 2247 ipsum
1283 2177 1431 2245 facta
1473 2180 1624 2241 sunt,
1653 2182 1704 2230 et
1732 2175 1854 2231 sine
1880 2178 1997 2247 ipso

280 2268 492 2335 factum
522 2272 603 2322 est
633 2266 787 2321 nihil
820 2268 1063 2335 (Ioan.1,
1086 2266 1161 2336 3).
1188 2264 1392 2321 Divisit
1420 2267 1554 2321 Deus
1576 2267 1721 2321 inter
1751 2266 1926 2321 lucem
1944 2272 1996 2321 et

280 2357 531 2412 tenebras
556 2372 575 2417 ;
598 2356 774 2411 lucem
796 2356 1004 2411 vocavit
1026 2355 1192 2421 diem,
1213 2363 1266 2411 et
1284 2354 1536 2411 tenebras
1556 2356 1763 2410 vocavit
1782 2362 1995 2411 noctem

284 2446 440 2517 (Gen.
478 2464 515 2513 ι,
550 2445 601 2511 4,
634 2445 712 2512 5).

352 2536 406 2589 5.
443 2536 579 2596 Quae
614 2538 702 2590 est
730 2532 831 2588 illa
863 2550 993 2600 nox,
1028 2549 1157 2604 quae
1187 2549 1315 2589 cum
1353 2532 1595 2601 venerit,
1627 2549 1799 2588 nemo
1831 2540 1991 2603 pote-

282 2625 361 2679 rit
393 2624 666 2693 operari?
695 2621 839 2677 Audi
863 2623 1004 2693 quid
1027 2623 1104 2677 sit
1126 2623 1270 2691 dies,
1303 2626 1361 2677 et
1390 2630 1525 2678 tunc
1552 2622 1842 2693 intelliges
1867 2640 1990 2694 qua:

281 2711 356 2766 sit
390 2728 522 2766 nox.
559 2710 722 2766 Unde
752 2727 961 2767 sumus
992 2710 1250 2765 audituri
1282 2711 1553 2782 quisnam
1586 2712 1662 2768 sit
1689 2713 1813 2768 dies
1846 2712 1990 2769 iste?

282 2801 413 2870 Ipse
435 2799 607 2855 dicat:
629 2800 903 2867 Quamdiu
925 2800 983 2855 in
1012 2800 1110 2855 hoc
1132 2800 1331 2856 mundo
1351 2816 1493 2870 sum,
1520 2802 1619 2857 lux
1637 2818 1759 2856 sum
1775 2803 1986 2861 mundi.

279 2890 423 2945 Ecce
456 2889 582 2959 ipse
613 2894 701 2945 est
732 2889 876 2943 dies.
912 2889 1086 2944 Lavet
1115 2889 1313 2945 oculos
1345 2906 1527 2947 caecus
1555 2891 1615 2946 in
1659 2891 1771 2959 die,
1806 2900 1867 2949 ut
1896 2894 1985 2949 vi-

278 2980 408 3034 deat
440 2978 617 3033 diem.
670 2977 945 3045 Quamdiu
974 2978 1185 3050 inquit,
1217 2982 1278 3034 in
1305 2979 1509 3036 mundo
1552 2997 1696 3049 sum,
1733 2980 1836 3038 tua:
1862 2999 1986 3039 sum

277 3067 492 3124 mundi.
525 3068 675 3139 Ergo
708 3067 899 3124 nescio
930 3084 1063 3140 quae
1110 3085 1219 3125 nox
1264 3070 1395 3138 erit,
1440 3072 1677 3143 quando
1709 3071 1789 3127 ibi
1817 3072 1986 3129 Chri-

279 3164 405 3216 stus
439 3174 552 3214 non
586 3157 731 3226 erit;
763 3158 888 3214 ideo
920 3174 1091 3215 nemo
1141 3160 1350 3231 poterit
1379 3161 1624 3232 operari.
1660 3163 1862 3220 Restat
1890 3164 1983 3220 in-

279 3249 529 3319 quirere,
562 3248 768 3303 fratres
818 3249 950 3317 mei,
986 3249 1267 3321 patienter
1315 3251 1559 3321 accipite
1589 3252 1982 3323 inquirentem

278 3353 397 3392 me:
416 3335 716 3392 vobiscum
737 3337 1261 3408 quasro,vobiscum
1276 3337 1568 3394 inveniam
1584 3356 1615 3394 a
1629 3357 1745 3411 quo
1766 3357 1979 3411 quaero.

275 3424 890 3497 Constat,expressum
916 3427 1437 3499 acidefinitumlest,
1461 3427 1612 3484 diem
1633 3444 1983 3488 commemo-

274 3531 435 3571 rasse
457 3515 765 3573 Dominum
791 3517 1033 3573 bocloco
1046 3517 1401 3589 seipsum,id
1422 3519 1724 3576 estlumen
1745 3521 1980 3579 mundi:

273 3606 563 3674 Quamdiu,
598 3606 813 3679 inquit,
840 3624 963 3663 sum
1005 3610 1061 3664 in
1096 3609 1197 3665 hoc
1226 3609 1450 3679 mundo,
1484 3611 1584 3666 tua:
1610 3627 1735 3668 sum
1766 3613 1979 3669 mundi.

272 3695 417 3766 Ergo
474 3696 598 3765 ipse
656 3704 946 3767 operatur.
1023 3699 1309 3762 Quamdiu
1353 3707 1440 3756 est
1492 3704 1691 3756 autem
1753 3701 1812 3758 in
1877 3703 1981 3760 hoc

270 3785 486 3840 mundo
517 3785 544 3840 ?
617 3789 893 3841 Putemus
920 3802 1075 3855 eum,
1127 3788 1356 3854 fratres,
1390 3788 1571 3845 fuisse
1600 3790 1695 3845 hic
1732 3794 1896 3857 tunc,
1927 3800 1982 3849 et

274 3874 446 3929 modo
479 3889 593 3930 non
626 3872 721 3928 hic
762 3890 890 3931 esse
911 3874 938 3930 “l
969 3875 1027 3931 Si
1056 3892 1190 3947 ergo
1222 3877 1332 3933 hoc
1364 3881 1659 3949 putamus,
1685 3880 1812 3951 jam
1843 3896 1979 3952 ergo

271 3967 404 4034 post
432 3979 740 4020 ascensum
771 3964 1003 4021 Domini
1056 3966 1205 4021 facta
1235 3971 1324 4023 est
1354 3984 1469 4023 nox
1497 3969 1613 4026 ista
1644 3972 1977 4038 metuenda,

268 4053 368 4109 ubi
391 4068 561 4109 nemo
585 4053 772 4125 possit
792 4056 1019 4126 operari
1048 4072 1059 4109 :
1086 4056 1136 4110 si
1160 4061 1287 4128 post
1310 4074 1624 4114 ascensum
1648 4058 1873 4117 Domini
1896 4062 1978 4116 fa-

270 4146 363 4198 cta
393 4145 481 4197 est
510 4159 622 4198 nox
655 4142 791 4211 ista,
844 4145 999 4200 unde
1038 4146 1301 4216 Apostoli
1335 4150 1498 4203 tanta
1528 4149 1740 4218 Operati
1785 4155 1926 4207 sunt.
1953 4153 1982 4208 ?

269 4233 569 4305 Numquid
600 4233 716 4289 ista
747 4250 860 4290 nox
886 4240 1030 4305 erat,
1065 4239 1296 4308 quando
1328 4238 1585 4311 Spiritus
1611 4246 1847 4298 sanctus
1874 4259 1979 4299 ve-

268 4322 463 4390 niens,
498 4327 555 4379 et
586 4339 791 4382 omnes
814 4325 914 4398 qui
938 4326 996 4382 in
1022 4343 1138 4384 uno
1160 4328 1285 4385 loco
1306 4334 1471 4386 erant
1503 4330 1851 4404 adimplens,
1886 4336 1978 4390 de-

271 4414 359 4468 dit
386 4415 471 4469 eis
504 4415 662 4486 loqui
696 4417 962 4473 omnium
996 4419 1258 4490 gentium
1291 4419 1506 4493 linguis
1530 4422 1678 4491 (Act.
1717 4439 1779 4493 ιι,
1818 4425 1980 4497 1-6)?

271 4503 575 4576 Numquid
602 4523 714 4561 nox
736 4512 861 4564 erat
882 4511 1114 4579 quando
1137 4511 1379 4568 claudus
1402 4513 1499 4568 ille
1520 4514 1591 4569 ad
1615 4514 1856 4571 verbum
1881 4517 1978 4573 Pe-

266 4594 337 4648 tri
370 4594 567 4650 salvus
612 4599 853 4653 effectus
883 4602 992 4669 est,
1024 4601 1142 4658 imo
1173 4604 1243 4657 ad
1276 4604 1519 4661 verbum
1550 4604 1781 4662 Domini
1814 4606 1979 4664 habi-

270 4680 450 4736 tantis
473 4680 530 4735 in
556 4681 718 4738 Petro
740 4686 847 4753 (Id.
873 4701 956 4753 m,
978 4688 1093 4759 6-8)
1108 4689 1135 4743 ‘2
1156 4690 1577 4761 Numquidinox
1599 4697 1721 4749 erat
1743 4696 1977 4766 quando

270 4771 709 4827 transeuntibus
723 4773 1179 4850 discipulisjegri
1196 4795 1330 4835 cum
1344 4779 1975 4855 lectulis'ponebantur,

272 4863 336 4915 ut
364 4859 450 4914 vel
485 4860 692 4915 umbra
742 4866 1174 4923 transeuntium
1207 4876 1584 4941 tangerentur
1623 4872 1723 4942 (Id.
1757 4890 1808 4945 v,
1841 4875 1977 4948 15)?

268 4950 556 5007 Dominus
588 4956 781 5007 autem
832 4970 962 5010 cum
998 4956 1093 5012 hic
1122 4962 1293 5029 esset,
1336 4960 1631 5017 neminem
1680 4966 1974 5025 transiens

270 5040 479 5096 umbra
507 5057 612 5097 sua
640 5041 867 5098 salvum
900 5044 1032 5101 fecit
1065 5064 1077 5103 :
1113 5048 1209 5104 sed
1241 5048 1363 5120 ipse
1394 5050 1698 5123 discipulis
1729 5054 1975 5126 dixerat,

270 5130 479 5201 Majora
503 5132 697 5187 horum
716 5133 939 5203 facietis
981 5134 1297 5207 (Joan.x1v,
1328 5140 1437 5209 12).
1482 5139 1714 5199 Dixerat
1736 5146 1974 5217 quidem

269 5218 575 5285 Dominus,
609 5223 811 5294 Majora
855 5225 1050 5282 horum
1078 5230 1337 5298 facietis:
1368 5231 1468 5286 sed
1502 5247 1615 5287 non
1650 5249 1711 5289 se
1740 5237 1975 5295 extollat

269 5315 488 5399 caroiet
517 5314 759 5383 sanguis
786 5332 799 5383 ;
835 5317 1037 5374 audiat
1056 5318 1369 5390 dicentem,
1394 5320 1525 5377 Sine
1548 5337 1631 5379 me
1658 5324 1807 5383 nihil
1831 5335 1976 5399 pote-

264 5396 366 5452 stis
395 5398 571 5464 facere
604 5400 704 5465 (Id.
738 5419 831 5470 xv,
861 5404 936 5475 5).

331 5483 387 5537 6.
412 5485 557 5548 Quid
582 5485 758 5556 igitur
776 5490 803 5542 ‘?
825 5492 961 5561 quid
987 5495 1249 5554 dicemus
1270 5500 1341 5556 de
1365 5505 1530 5557 nocte
1556 5502 1665 5559 ista
1682 5502 1709 5558 ?
1733 5504 1972 5570 Quando

327 5611 342 5644 ί
366 5608 489 5658 Mss.
496 5644 512 5672 ,
547 5608 804 5673 plerique,
844 5614 1038 5669 Veniet.

2116 560 2257 614 Item
2286 563 2471 628 ignem
2500 568 2774 617 aeternum
2802 556 2899 630 qui
2922 562 3158 627 paratus
3180 562 3257 609 est
3287 554 3504 611 diabolo
3535 562 3588 610 et
3611 558 3827 627 angelis

2116 651 2251 721 ejus.
2283 650 2391 705 Sed
2424 667 2532 705 nox
2566 650 2719 705 dicta
2748 656 2854 717 est,
2879 663 2993 703 non
3026 650 3282 711 ﬂamma,
3315 661 3430 701 non
3463 645 3638 717 ignis.
3675 647 3824 701 Audi

2117 738 2254 811 quia
2282 744 2339 795 et
2362 756 2472 795 nox
2491 744 2594 795 est.
2621 739 2699 794 De
2722 738 2973 809 quodam
2996 751 3159 791 servo
3182 734 3343 802 dicit,
3368 736 3561 805 Ligate
3583 735 3672 790 illi
3700 752 3825 791 ma-

2113 846 2218 885 nus
2258 837 2313 885 et
2356 831 2536 901 pedes,
2584 836 2639 885 et
2675 829 2929 900 proizcite
2975 844 3104 882 eum
3134 827 3191 881 in
3223 826 3472 882 tenebras
3519 826 3823 883 exteriores

2113 920 2327 991 (Matth.
2359 935 2495 988 xxii,
2531 921 2638 991 t3).
2672 921 2956 992 Operetur
2984 933 3120 990 ergo
3170 916 3346 973 homo
3382 918 3520 973 dum
3551 917 3708 983 vivit,
3744 934 3819 974 ne

2113 1009 2213 1065 illa
2239 1015 2406 1067 nocte
2430 1010 2834 1083 praeveniatur,
2860 1008 2957 1064 ubi
2982 1023 3153 1065 nemo
3176 1006 3359 1079 possit
3379 1009 3625 1079 operari.
3650 1008 3819 1065 Modo

2113 1104 2203 1155 est
2232 1106 2296 1156 ut
2324 1105 2595 1171 operetur
2631 1100 2777 1155 fides
2828 1114 2929 1169 per
2976 1096 3394 1153 dilectionem:
3447 1100 3503 1152 et
3551 1097 3600 1153 si
3644 1098 3815 1154 modo

2113 1204 2442 1260 operemur,
2479 1190 2567 1245 hic
2589 1196 2674 1244 est
2694 1189 2839 1251 dies,
2864 1186 2957 1242 hic
2979 1190 3066 1244 est
3087 1186 3369 1243 Christus.
3397 1185 3546 1242 Audi
3572 1187 3824 1258 promito

2111 1285 2353 1347 tentem,
2385 1284 2441 1337 et
2472 1297 2542 1336 ne
2591 1278 2889 1336 arbitreris
2932 1279 3265 1334 absentem.
3315 1279 3443 1349 lpse
3473 1277 3640 1345 dixit,
3694 1282 3825 1333 Ecce

2112 1386 2206 1442 ego
2235 1372 2509 1427 vobiscum
2538 1387 2675 1425 sum.
2701 1367 3201 1434 Quamdiu'l‘Non
3226 1367 3299 1422 sit
3322 1368 3381 1423 in
3413 1366 3583 1422 nobis
3625 1368 3814 1423 sollici

2110 1461 2251 1516 tudo
2283 1460 2379 1531 qui
2412 1460 2695 1515 vivimus:
2730 1458 2779 1513 si
2812 1458 2936 1513 fieri
2978 1456 3197 1529 posset,
3222 1457 3298 1512 de
3328 1456 3437 1511 hac
3469 1456 3643 1514 etiam
3678 1473 3820 1513 voce

2112 1557 2372 1620 posteros
2420 1549 2517 1621 qui
2572 1548 2751 1604 futuri
2810 1551 2969 1615 sunt,
3014 1545 3418 1602 securissimus
3467 1546 3817 1602 faceremus.

2108 1640 2268 1704 Ecce,
2303 1638 2514 1709 inquit,
2544 1653 2637 1709 ego
2668 1636 2939 1692 uobiscum
2960 1652 3083 1693 sum
3110 1651 3278 1707 usque
3305 1634 3364 1691 in
3396 1639 3822 1691 consummatio-

2106 1744 2233 1784 nem
2262 1726 2567 1797 steculi(ld.
2600 1742 2795 1793 xxvm,
2826 1725 2939 1797 20).
2973 1724 3105 1780 Dies
3136 1725 3245 1780 iste
3266 1723 3365 1796 qui
3395 1724 3642 1780 circuitu
3676 1724 3819 1781 solis

2106 1816 2287 1887 hujus
2318 1816 2613 1886 impletur,
2649 1832 2860 1887 paucas
2894 1815 3065 1869 horas
3098 1813 3291 1881 habet,
3331 1812 3456 1869 dies
3486 1814 3807 1884 praesentiae

2107 1905 2320 1962 Christi
2351 1923 2535 1977 usque
2556 1906 2614 1961 in
2637 1904 3210 1966 consummationem
3236 1902 3431 1959 saeculi
3463 1904 3813 1959 extenditur.

2106 1998 2248 2051 Poet
2295 1996 2779 2051 resurrectionem
2828 2010 2962 2049 vero
3011 1992 3273 2048 vivorum
3321 1996 3379 2049 et
3426 2000 3816 2048 mortuorum.

2105 2100 2239 2142 eum
2300 2085 2500 2157 positis
2530 2087 2603 2141 ad
2662 2086 2956 2142 dexteram
3007 2083 3237 2150 dixerit,
3287 2083 3491 2149 Venite,
3546 2082 3820 2139 benedicti

2106 2176 2289 2233 Patris
2319 2176 2451 2245 mei,
2481 2175 2741 2248 percipite
2785 2190 3037 2244 regnum,
3082 2172 3287 2245 positis
3337 2177 3528 2229 autem
3565 2174 3635 2228 ad
3668 2173 3815 2229 sini-

2105 2268 2285 2321 stram
2318 2265 2544 2332 dixerit,
2580 2269 2660 2321 lte
2698 2266 2758 2321 in
2788 2266 2970 2334 ignem
3014 2271 3307 2331 aeternum,
3340 2265 3437 2335 qui
3464 2270 3693 2333 paratus
3740 2271 3819 2317 cst

2102 2352 2319 2410 diabolo
2349 2357 2399 2411 et
2423 2355 2629 2423 angelis
2678 2354 2798 2426 ejus
2829 2354 2927 2425 (Id.
2964 2369 3092 2419 xxv,
3123 2353 3214 2417 34,
3258 2351 3346 2422 41)
3382 2367 3397 2406 :
3446 2352 3526 2408 ibi
3557 2352 3665 2407 erit
3698 2368 3810 2407 nox

2104 2444 2204 2500 ubi
2236 2460 2406 2500 nemo
2439 2448 2625 2516 potest
2657 2443 2903 2515 operari,
2938 2444 3035 2498 sed
3070 2442 3324 2513 recipere
3346 2442 3500 2512 quod
3536 2447 3810 2513 operatus

2102 2540 2211 2590 eat.
2244 2533 2412 2589 Aliud
2438 2537 2525 2590 est
2556 2538 2785 2604 tempus
2818 2532 3191 2604 operationis,
3226 2529 3391 2586 aliud
3424 2531 3771 2604 receptionis
3801 2542 3814 2583 :

2099 2625 2299 2681 reddet
2322 2625 2476 2681 enim
2510 2624 2788 2680 Dominus
2812 2623 3131 2695 unicuique
3152 2622 3473 2677 secundum
3504 2638 3677 2693 Opera
3707 2640 3818 2680 sua

2100 2713 2199 2787 (1d.
2258 2730 2371 2779 va,
2430 2712 2544 2782 27).
2600 2714 2743 2769 Cum
2802 2712 2965 2779 vivis,
3026 2712 3137 2777 fac,
3173 2710 3223 2767 si
3254 2710 3515 2767 facturus
3563 2728 3664 2768 es:
3702 2713 3818 2768 erit

2096 2803 2253 2861 enim
2284 2808 2423 2858 tunc
2454 2819 2565 2858 nox
2596 2802 2804 2868 valida,
2850 2817 2980 2873 qua
3030 2800 3281 2856 involvat
3330 2800 3563 2871 impios.
3613 2802 3719 2856 Sed
3756 2807 3817 2858 et

2096 2894 2265 2950 modo
2288 2893 2480 2949 omnis
2502 2892 2775 2961 infidelis,
2798 2891 3033 2963 quando
3058 2890 3321 2956 moritur,
3354 2890 3457 2945 illa
3480 2896 3644 2948 nocte
3666 2908 3812 2949 sus-

2093 2983 2310 3057 cipitur
2341 3000 2353 3051 ;
2387 2999 2502 3039 non
2533 2987 2622 3039 est
2654 2987 2718 3038 ut
2745 2981 2865 3038 illic
2896 2979 3115 3051 aliquid
3147 2983 3433 3051 operetur.
3460 2983 3522 3035 In
3554 2980 3657 3037 illa
3689 2998 3801 3038 no—

2094 3080 2186 3135 cte
2215 3076 2376 3133 dives
2405 3074 2661 3142 ardebat,
2685 3079 2742 3130 et
2766 3072 2982 3130 stillam
3018 3088 3182 3144 aqua
3212 3072 3283 3128 de
3315 3071 3495 3145 digito
3529 3075 3807 3145 pauperis

2095 3165 2471 3238 requirebat:
2523 3163 2773 3230 dolebat,
2826 3162 3168 3235 angebatur,
3220 3161 3529 3229 fatebatur,
3600 3177 3707 3218 nec
3756 3164 3809 3218 ei

2092 3254 2544 3313 subveniebatur
2576 3271 2590 3310 :
2641 3258 2698 3309 et
2736 3259 2979 3309 conatus
3007 3255 3096 3308 est
3126 3251 3487 3307 benafaccre.
3519 3250 3616 3306 Ait
3644 3252 3807 3308 enim

2090 3343 2368 3399 Abrahae:
2417 3345 2585 3399 Pater
2629 3342 2929 3410 Abraham,
2979 3342 3134 3396 mitte
3186 3341 3455 3396 Lazarum
3480 3340 3550 3395 ad
3597 3343 3804 3408 fratres

2092 3448 2251 3499 meos,
2282 3436 2337 3487 ut
2366 3431 2515 3487 dicat
2536 3432 2653 3486 illis
2675 3431 2806 3502 quid
2841 3430 2930 3485 hic
2948 3439 3168 3501 agatur,
3191 3444 3259 3484 ne
3279 3436 3329 3485 et
3352 3430 3459 3497 ipsi
3486 3430 3712 3485 veniant
3739 3432 3799 3484 in

2089 3524 2234 3579 hunc
2264 3524 2439 3580 locum
2470 3526 2863 3579 tormentorum
2894 3522 3044 3593 (Luc.
3076 3538 3190 3587 xv1,
3224 3520 3429 3586 25-28).
3465 3520 3509 3576 Ο
3543 3520 3747 3577 infelix
3785 3522 3797 3575 !

2091 3613 2325 3685 quando
2356 3612 2604 3679 vivebas,
2637 3615 2773 3667 tunc
2820 3615 2947 3667 erat
2992 3615 3224 3681 tempus
3274 3608 3593 3680 operandi;
3629 3610 3803 3665 modo

2078 3703 2204 3774 jam
2236 3704 2295 3759 in
2328 3710 2494 3759 nocte
2526 3719 2607 3772 es,
2641 3701 2696 3757 in
2736 3718 2849 3772 qua
2883 3715 3053 3756 nemo
3097 3699 3283 3771 possit
3311 3699 3556 3770 operari.

2156 3794 2215 3849 7.
2249 3816 2275 3843 «
2308 3794 2435 3847 Haec
2467 3808 2601 3847 cum
2647 3791 2913 3857 dixisset,
2957 3789 3191 3861 exspuit
3225 3789 3284 3844 in
3316 3792 3555 3858 terram,
3588 3792 3644 3843 et
3671 3788 3809 3845 fecit

2086 3880 2273 3937 lutum
2299 3898 2363 3937 ex
2400 3886 2590 3953 sputo,
2616 3885 2673 3937 et
2696 3880 2885 3937 linivit
2910 3879 3101 3934 lutum
3128 3894 3304 3949 super
3335 3876 3535 3933 oculos
3566 3878 3717 3948 ejus,
3743 3882 3807 3934 et

2087 3972 2229 4029 dixit
2252 3973 2301 4029 ei
2330 3989 2342 4027 :
2366 3973 2546 4038 Vade,
2570 3974 2626 4027 et
2648 3972 2773 4028 lava
2793 3971 2851 4026 in
2883 3969 3167 4027 nalatoria
3189 3968 3340 4025 Siloe
3365 3988 3391 4020 ι
3418 3968 3595 4040 (quod
3618 3969 3803 4025 inter-

2088 4066 2351 4136 pretatur
2381 4062 2641 4134 Missus).
2693 4082 2719 4113 ‹
2754 4060 2909 4116 Abiit
2938 4076 3095 4132 ergo,
3148 4063 3209 4114 et
3237 4058 3397 4128 lavit,
3431 4062 3490 4113 et
3520 4058 3678 4113 venit
3708 4060 3798 4114 vi-

2091 4156 2254 4211 dens.
2291 4176 2319 4203 ››
2349 4153 2484 4209 Haec
2515 4153 2651 4224 quia
2674 4151 2981 4208 manifesta
3009 4156 3171 4217 sunt,
3192 4153 3582 4205 transeamus.

2161 4245 2214 4302 8.
2250 4265 2278 4295 ‹‹
2314 4245 2511 4315 Itaque
2538 4242 2734 4309 vicini,
2765 4245 2820 4297 et
2849 4241 2951 4313 qui
2981 4239 3260 4295 videbant
3288 4254 3425 4294 eum
3462 4238 3626 4310 prius
3658 4240 3801 4311 quia

2091 4333 2394 4391 mendicus
2424 4336 2569 4395 erat,
2597 4330 2865 4387 dicebant
2890 4346 2903 4384 :
2935 4329 3139 4385 Nonne
3170 4328 3263 4384 hic
3294 4336 3381 4384 est
3410 4327 3507 4399 qui
3536 4328 3804 4395 sedebat,

2089 4428 2147 4481 et
2176 4422 2540 4480 mendicabat
2562 4423 2591 4478 ‘l
2618 4422 2725 4478 Alii
2758 4421 3050 4490 dicebant,
3082 4419 3229 4486 Quia
3262 4418 3357 4475 hic
3384 4423 3512 4475 est:
3549 4418 3673 4482 alii,
3696 4421 3803 4475 Ne-

2090 4531 2406 4589 quaquam,
2440 4514 2537 4570 sed
2570 4513 2777 4569 similis
2798 4517 2889 4569 est
2906 4513 3055 4582 ejus.
3093 4533 3115 4563 s
3155 4509 3353 4582 Aperti
3382 4508 3534 4565 oculi
3567 4509 3799 4566 vultum

2089 4607 2478 4661 mutaverunt.
2533 4603 2693 4659 «Ille
2748 4602 2997 4669 dicebat,
3048 4600 3196 4668 Quia
3251 4613 3359 4671 ego
3398 4615 3554 4656 sum.
3590 4620 3619 4649 π
3675 4598 3804 4657 Vox

2087 4698 2271 4766 grata,
2303 4710 2376 4750 ne
2423 4694 2803 4749 damnaretur
2847 4691 3090 4763 ingrata.
3143 4710 3173 4739 α
3206 4688 3488 4745 Dicebant
3530 4704 3668 4761 ergo
3695 4688 3750 4744 ei
3783 4705 3799 4746 :

2087 4783 2386 4849 Quomodo
2418 4784 2593 4853 aperti
2618 4786 2754 4838 sunt
2772 4781 2924 4837 oculi
2950 4779 3079 4835 tui?
3110 4778 3429 4850 Respondit
3454 4795 3465 4833 :
3494 4778 3592 4834 llle
3621 4778 3800 4835 homo

2088 4874 2186 4948 qui
2215 4874 2433 4930 dicitur
2453 4873 2649 4940 Jesus,
2676 4872 2862 4928 lutum
2890 4870 3289 4939 fecit,etunxit
3312 4867 3517 4925 oculos
3542 4884 3719 4935 meos,
3734 4873 3794 4924 et

2083 4963 2225 5021 dixit
2258 4964 2419 5033 mihi,
2449 4963 2608 5019 Vade
2639 4962 2708 5018 ad
2745 4959 3086 5017 natatoriam
3119 4958 3295 5024 Siloe,
3319 4962 3378 5014 et
3398 4957 3542 5014 lava.
3568 4958 3636 5013 Et
3656 4958 3802 5023 abii,

2084 5059 2142 5112 et
2170 5053 2381 5120 lavi,‘et
2415 5053 2551 5109 vidi.
2587 5073 2614 5103 »
2648 5052 2791 5109 Ecce
2822 5050 3202 5106 annuntiator
3223 5048 3412 5104 factus
3442 5051 3532 5103 est
3560 5048 3759 5118 gratiae
3786 5067 3801 5118 ;

2086 5161 2215 5202 ecce
2247 5144 2617 5215 evangelizat,
2650 5142 2960 5200 confitetur
2986 5139 3212 5197 videns.
3257 5140 3452 5195 Caecus
3484 5138 3581 5194 ille
3611 5139 3806 5194 confi-

2086 5235 2338 5301 tebatur,
2371 5238 2426 5290 et
2447 5250 2545 5289 cor
2567 5232 2873 5305 impiorum
2903 5229 3275 5302 frangebatur
3302 5230 3317 5264 ¹
3345 5244 3358 5293 ς
3396 5228 3529 5297 quia
3560 5243 3676 5283 non
3704 5228 3804 5284 ha-

2086 5324 2307 5382 bebant
2356 5324 2416 5379 in
2472 5323 2668 5391 corde,
2721 5322 2871 5395 quod
2907 5320 3007 5377 ille
3037 5317 3373 5375 habebatin
3420 5318 3584 5373 facie.
3625 5318 3807 5374 Dixe-

2085 5423 2217 5471 runt
2243 5414 2298 5469 ei
2318 5430 2335 5469 :
2369 5414 2470 5472 Ubi
2487 5419 2565 5469 est
2588 5411 2684 5468 ille
2704 5413 2802 5482 qui
2821 5409 2927 5465 tibi
2945 5410 3166 5483 aperuit
3186 5407 3367 5465 oculos
3388 5413 3414 5463 .’
3434 5408 3523 5463 Ait
3544 5423 3559 5463 :
3585 5408 3799 5465 Nescio.

2085 5505 2147 5561 In
2201 5504 2294 5559 bis
2340 5502 2533 5558 verbis
2564 5501 2797 5557 animus
2846 5500 3035 5573 ipsius
3084 5499 3548 5557 adhucinuncto
3578 5498 3799 5557 similis

2150 5628 2243 5681 tln
2274 5627 2484 5681 duobus
2508 5628 2653 5688 Μαι,
2685 5626 3056 5692 stringebatur.
