4178 6192
326 222 400 281 1Ἵ
418 219 481 280 l7

316 358 469 422 erat,
492 352 751 410 nondum
784 350 1019 408 videnti.
1047 350 1140 407 Sic
1173 364 1486 423 ponamus,
1511 350 1739 420 fratres,
1767 356 2045 423 tanquam

311 443 479 500 illam
527 443 935 500 inunctionem
985 442 1044 496 in
1087 439 1280 496 animo
1332 439 1622 498 habuerit.
1655 442 1957 509 Prtsdicat,
1990 444 2047 497 et

315 534 508 592 nescit
542 549 713 606 quem
748 532 1041 605 pradicet.

386 626 439 681 9.
466 645 495 674 «
528 624 845 680 Adducunt
870 637 1003 678 eum
1025 621 1095 677 ad
1118 620 1462 691 Pharisaaos,
1491 620 1589 693 qui
1615 638 1800 677 caecus
1832 622 2041 677 fuerat.

317 717 453 772 Erat
502 724 702 771 autem
734 712 1045 769 sabbatum
1099 711 1330 782 quando
1362 711 1548 767 lutum
1601 712 1735 768 fecit
1764 711 1959 779 Jesus,
1989 725 2047 778 et

318 804 555 879 aperuit
585 802 781 861 oculos
828 804 977 873 ejus.
1014 802 1228 857 Iterum
1277 816 1413 873 ergo
1446 802 1883 873 interrogabant
1913 815 2045 857 eum

318 894 591 953 Pharisaei
623 893 915 966 quomodo
946 891 1206 947 vidisset.
1230 890 1330 946 Ille
1376 896 1569 948 autem
1604 891 1746 947 dixit
1775 890 1895 949 eis:
1931 890 2045 946 Lu-

315 990 445 1042 tum
479 984 675 1057 posuit
699 982 845 1039 mihi
875 998 1051 1055 super
1082 981 1305 1049 oculos,
1330 988 1383 1037 et
1408 980 1545 1049 lavi,
1568 985 1626 1039 et
1657 982 1843 1037 video.
1880 980 2043 1036 Dice-

311 1076 458 1131 bant
497 1091 634 1148 ergo
664 1090 733 1130 ex
781 1072 1093 1129 Pharisaais
1148 1071 1408 1144 quidam.
1444 1093 1473 1121 ››
1507 1072 1632 1127 Νοιι
1682 1087 1911 1138 omnes,
1944 1071 2040 1125 sed

310 1165 599 1239 quidam:
629 1164 755 1235 jam
788 1162 946 1218 enim
970 1161 1411 1233 inungebantur
1442 1160 1708 1232 quidam.
1734 1160 1883 1226 Quid
1908 1175 2043 1231 ergo

310 1256 606 1322 dicebant,
633 1269 739 1309 nec
769 1252 1061 1320 videntes,
1087 1265 1193 1307 nec
1225 1251 1451 1306 inuncti
1471 1253 1498 1304 ?
1522 1250 1633 1305 Non
1665 1254 1739 1305 est
1762 1248 1850 1304 hic
1880 1248 2042 1304 homo

312 1363 353 1401 ιι
383 1346 510 1411 Deo,
542 1347 640 1416 qui
674 1342 963 1399 sabbatum
994 1356 1104 1396 non
1152 1340 1407 1397 custodit.
1456 1342 1584 1412 Ipse
1618 1340 1809 1412 potius
1840 1346 2041 1394 custo-

312 1434 642 1508 diebat,qui
661 1433 786 1489 sine
802 1439 1034 1504 peccato
1048 1435 1192 1488 erat.
1208 1431 1529 1487 Sabbatum
1545 1431 1694 1486 enim
1707 1428 2039 1501 spirituale'

314 1525 429 1581 hoc
457 1529 569 1588 est,
604 1539 718 1578 non
753 1522 965 1578 habere
998 1525 1327 1593 peccatum.
1362 1521 1641 1591 Denique,
1674 1518 1906 1585 fratres,
1933 1518 2043 1574 hoc

315 1618 596 1673 admonet
624 1614 799 1679 Deus,
819 1611 1051 1684 quando
1085 1610 1449 1667 commendat
1483 1610 1793 1665 sabbatum
1821 1625 1834 1664 :
1870 1607 2044 1663 Omne

309 1726 451 1781 opus
497 1706 696 1763 servile
742 1720 849 1761 non
897 1704 1115 1775 facietis
1163 1702 1354 1774 (Levit.
1402 1718 1563 1766 χχιιι,
1597 1700 1673 1771 8).
1727 1700 1855 1756 Hinc
1907 1708 2045 1756 sunt

313 1799 497 1857 verba
522 1796 623 1854 Dei
654 1795 962 1853 sabbatum
1015 1792 1481 1849 commendantis
1512 1809 1524 1847 :
1559 1792 1727 1848 Omne
1770 1807 1902 1863 opus
1930 1806 2045 1847 ser-

316 1894 428 1949 vile
456 1907 567 1946 non
600 1888 833 1961 facietis.
857 1889 982 1943 tam
1016 1886 1348 1957 superiores
1370 1884 1647 1940 lectiones
1672 1884 2041 1954 interrogate.

318 1985 468 2058 quid
518 1982 599 2039 sit
629 1997 778 2053 Opus
827 1978 1035 2035 servile
1065 1978 1263 2047 (Tract.
1290 1979 1384 2046 20,
1420 1995 1477 2034 n.
1511 1977 1608 2047 2);
1641 1981 1698 2032 et
1726 1976 2041 2032 Dominum

315 2074 543 2140 audite,
596 2070 786 2128 Omnis
836 2070 932 2142 qui
977 2070 1111 2139 facit
1155 2075 1460 2139 peccatum,
1484 2082 1672 2122 servus
1713 2068 1789 2122 est
1837 2066 2044 2133 peccati

321 2167 507 2235 (Joan.
540 2178 668 2229 vni,
700 2160 814 2231 3b).
838 2158 949 2215 Sed
980 2157 1075 2215 isti
1110 2174 1215 2213 nec
1247 2156 1532 2224 videntes,
1560 2161 1623 2212 ut
1653 2156 1796 2221 dixi,
1822 2172 1925 2213 nec
1958 2157 2044 2211 in-

324 2254 511 2322 uncti,
546 2251 858 2308 sabbatum
894 2247 1204 2304 carnaliter
1231 2247 1641 2315 observabant,
1667 2244 2045 2318 spiritualiter

327 2342 650 2400 violabant.
681 2341 795 2396 Alii
827 2339 1078 2395 dicebant
1105 2355 1123 2393 :
1156 2336 1442 2410 Quomodo
1469 2340 1639 2409 potest
1670 2337 1826 2393 homo
1854 2351 2042 2407 pecca-

320 2444 410 2491 tor
437 2435 558 2490 heec
585 2434 739 2503 signa
776 2435 956 2501 facere
978 2431 1006 2483 ?
1035 2428 1177 2484 Ecce
1230 2431 1371 2484 sunt
1416 2426 1660 2483 inuncti.
1695 2426 1762 2481 Et
1807 2426 2046 2481 schisma

331 2528 459 2580 erat
481 2524 540 2577 in
571 2524 671 2577 eis.
694 2520 830 2576 Dies
862 2518 959 2573 ille
984 2518 1259 2574 diviserat
1288 2517 1437 2573 inter
1462 2516 1649 2572 lucem
1683 2520 1735 2572 et
1757 2515 2043 2571 tenebras.

332 2614 539 2670 Dicunt
572 2626 700 2682 ergo
728 2624 869 2668 casco
909 2612 1154 2665 iterum:
1186 2609 1255 2663 Tu
1288 2606 1419 2679 quid
1448 2606 1585 2662 dicis
1612 2605 1677 2661 de
1706 2622 1768 2661 eo
1796 2607 1891 2677 qui
1917 2620 2045 2677 ape-

329 2703 448 2759 ruit
466 2701 651 2760 oculos
678 2705 794 2756 tuos
815 2703 843 2754 ?
877 2700 1019 2765 Quid
1049 2699 1120 2753 de
1147 2697 1248 2755 illo
1279 2696 1504 2755 sentis?
1535 2698 1673 2768 quid
1697 2696 1999 2752 existimas
2018 2694 2046 2749 Ἰ

329 2795 469 2865 quid
494 2791 779 2865 judicas?
810 2791 1156 2857 Quaerebant
1182 2789 1677 2861 quemadmodum
1700 2787 1926 2844 homini
1960 2804 2049 2843 ca-

326 2884 739 2949 lumniaretur,
758 2887 821 2937 ut
850 2882 921 2937 de
953 2897 1248 2952 synagoga
1279 2880 1609 2952 pelleretur,
1634 2878 1733 2934 sed
1757 2896 1791 2933 a
1821 2876 2047 2934 Christo

332 2975 709 3031 inveniretur.
742 2971 854 3028 Sed
906 2969 1003 3025 ille
1043 2974 1375 3027 constanter
1426 2968 1581 3040 quod
1633 2966 1916 3023 sentiebat
1946 2982 2048 3022 ex-

330 3064 563 3137 pressit.
598 3061 694 3119 Ait
722 3060 878 3117 enim
916 3078 927 3115 :
962 3060 1104 3128 Quia
1151 3060 1418 3131 propheta
1446 3064 1548 3114 est.
1576 3057 1779 3113 Adhuc
1812 3058 2045 3127 quidem

324 3158 603 3211 inunctns
623 3154 685 3208 in
717 3152 912 3220 corde,
935 3151 1197 3207 nondum
1222 3151 1322 3205 Dei
1345 3150 1556 3204 Filium
1581 3149 1912 3215 conﬁtetur,
1941 3164 2045 3204 nec

323 3245 613 3302 mentitur
642 3252 851 3297 tamen.
890 3244 1017 3311 Ipse
1065 3240 1217 3296 enim
1250 3239 1536 3295 Dominus
1588 3240 1657 3293 de
1687 3238 1875 3308 seipso
1917 3237 1995 3293 ait
2029 3249 2043 3288 :

322 3336 441 3392 Non
494 3336 574 3389 est
630 3332 896 3405 prapheta
950 3332 1071 3386 sine
1140 3330 1362 3399 honore,
1420 3329 1534 3384 nisi
1591 3330 1650 3384 in
1699 3330 1892 3399 patria
1945 3342 2046 3383 sua

323 3425 537 3496 (Matth.
570 3440 697 3491 xm,
728 3424 842 3495 57).

399 3518 488 3573 10.
523 3538 551 3565 ‹‹
590 3514 713 3569 Non
747 3512 1123 3568 crediderunt
1151 3526 1286 3583 ergo
1315 3511 1497 3567 Judai
1529 3512 1600 3567 de
1637 3510 1733 3566 illo
1768 3508 1907 3581 quia
1936 3526 2043 3565 caa-

325 3624 432 3664 cus
469 3605 679 3661 fuisset
708 3608 763 3659 et
793 3602 1056 3666 vidisset,
1091 3604 1272 3657 donec
1303 3609 1573 3657 vocarent
1620 3607 1887 3673 parentes
1917 3601 2044 3670 ejus

324 3696 426 3767 qui
459 3695 686 3750 viderat
718 3709 731 3748 :
767 3714 795 3741 ››
827 3692 884 3748 id
934 3697 1041 3755 est,
1076 3692 1175 3762 qui
1228 3707 1413 3747 caseus
1464 3692 1669 3759 fuerat,
1702 3694 1757 3745 et
1803 3689 2040 3745 viderat.

324 3806 355 3833 ιι
392 3785 461 3839 Et
490 3784 1001 3853 interrogaverunt
1027 3796 1148 3848 eos,
1173 3780 1430 3836 dicentes
1456 3797 1468 3835 :
1502 3779 1606 3834 Hic
1637 3784 1725 3834 est
1756 3779 1912 3834 illius
1943 3794 2039 3835 ve-

323 3879 463 3944 ster,
484 3888 661 3945 quem
684 3888 783 3927 vos
805 3870 1000 3927 dicitis
1017 3872 1153 3943 quia
1171 3888 1359 3927 caicus
1392 3876 1564 3927 natus
1588 3872 1723 3927 est?
1752 3871 2041 3941 quomodo

319 3981 458 4036 ergo
490 3979 648 4019 nunc
679 3962 881 4017 videt?
912 3962 1361 4034 Responderunt
1387 3962 1473 4017 eis
1506 3970 1772 4032 parentes
1802 3962 1953 4030 ejus,
1988 3968 2042 4017 et

316 4051 596 4107 dixerunt
628 4068 641 4106 :
678 4050 908 4105 Scimus
936 4050 1075 4121 quia
1120 4049 1214 4104 hic
1244 4052 1329 4104 est
1358 4048 1517 4104 filius
1568 4057 1783 4115 noster,
1815 4053 1872 4103 et
1902 4048 2041 4118 quia

314 4157 505 4198 cacus
539 4145 718 4196 natus
748 4144 873 4196 est:
898 4140 1189 4210 quomodo
1223 4143 1418 4194 autem
1444 4155 1599 4194 nunc
1631 4140 1822 4194 videat
1844 4139 2029 4193 nesci-

313 4250 449 4289 mus
476 4249 491 4301 ;
529 4241 629 4288 aut
664 4232 797 4302 quis
826 4231 955 4301 ejus
986 4231 1210 4302 aperuit
1240 4230 1459 4298 oculos,
1495 4246 1599 4286 nos
1628 4230 1941 4287 nescimus.
1967 4232 2033 4284 Et

308 4325 586 4379 dixerunt
617 4339 631 4377 :
668 4324 865 4392 Ipsum
898 4321 1266 4389 interrogate,
1300 4325 1527 4376 aetatem
1583 4320 1776 4386 habet,
1810 4322 1931 4389 ipse
1963 4320 2032 4375 de

312 4429 376 4469 se
406 4413 703 4485 loquatur.
729 4435 751 4464 ι
788 4410 974 4466 Filius
997 4410 1233 4481 quidem
1268 4415 1465 4466 noster
1494 4414 1599 4479 est,
1623 4411 1725 4465 sed
1751 4411 1911 4480 juste
1942 4426 2032 4465 co-

314 4520 593 4576 geremur
622 4501 781 4573 loqui
814 4518 915 4572 pro
946 4501 1185 4567 infante,
1210 4501 1343 4572 quia
1375 4502 1493 4569 ipse
1516 4517 1616 4572 pro
1648 4517 1708 4556 se
1731 4500 1884 4571 loqui
1918 4517 2030 4557 non

315 4597 514 4668 posset
552 4608 566 4647 :
600 4592 739 4647 olim
773 4590 1053 4663 loquitur,
1088 4592 1261 4647 modo
1304 4589 1489 4658 videt;
1519 4607 1731 4646 caecum
1765 4608 1796 4645 a
1828 4591 2032 4647 nativi-

316 4692 435 4741 tate
458 4682 1098 4754 novimus,loquentem
1124 4682 1263 4737 olim
1288 4682 1430 4738 scim
1444 4682 1831 4749 us,videntem
1859 4683 2027 4738 modo

312 4777 583 4831 videmus
615 4790 627 4830 :
663 4773 858 4845 ipsum
905 4774 1275 4845 interrogate,
1310 4777 1375 4828 ut
1424 4773 1799 4828 instruamini
1830 4793 1843 4841 ;
1884 4772 2023 4845 quid

314 4867 486 4923 nobis
516 4862 1003 4921 calumniamini?
1034 4865 1159 4921 fixe
1178 4864 1436 4918 dixerunt
1468 4869 1715 4931 parentes
1744 4864 1881 4935 ejus,
1902 4866 2029 4934 quia

307 4956 577 5013 timebant
604 4957 841 5014 Iudaeos.
862 4957 985 5011 tum
1014 4958 1163 5011 enim
1189 4957 1635 5026 conspirauerunt
1664 4955 1864 5023 Judaei,
1884 4962 1945 5009 ut
1976 4954 2027 5009 si

307 5047 433 5119 quis
464 5062 590 5100 eum
610 5044 963 5113 conﬁteretur
981 5045 1280 5108 Christum,
1308 5048 1467 5100 extra
1487 5062 1824 5117 synagogam
1847 5047 2020 5115 fieret.

302 5130 429 5185 tam
460 5143 576 5182 non
626 5132 752 5180 erat
784 5126 1001 5180 malum
1036 5126 1157 5181 fieri
1188 5132 1351 5181 extra
1390 5142 1770 5197 synagogam.
1804 5126 1891 5181 Illi
1919 5142 2025 5181 ex-

303 5217 627 5291 pellebant,
660 5215 759 5269 sed
806 5214 1069 5272 Christus
1119 5214 1457 5287 excipiebat.
1494 5218 1786 5287 Propterea
1817 5232 2022 5283 paren-

300 5311 375 5364 tes
404 5306 521 5378 ejus
546 5303 835 5370 dixerunt,
861 5306 997 5373 Quia
1019 5312 1237 5360 aetatem
1260 5305 1441 5375 habet,
1462 5305 1641 5375 ipsum
1664 5305 2016 5377 interrogate.

378 5399 466 5454 11.
503 5398 835 5453 Vocaverunt
866 5412 992 5464 ergo
1023 5412 1242 5451 rursum
1275 5396 1548 5451 hominem
1580 5400 1673 5469 qui
1703 5404 1888 5469 fuerat
1913 5416 2019 5455 ca:-

307 5492 486 5554 cus,et
502 5485 864 5542 dixeruntci:
889 5488 965 5541 Da
987 5487 1225 5557 gloriam
1250 5486 1375 5541 Deo.
1394 5485 1540 5553 Quid
1566 5494 1670 5558 est,
1687 5490 1764 5544 Da
1782 5489 2020 5560 gloriam

376 5618 395 5654 ί
417 5615 483 5667 In
504 5613 715 5678 aliquot
740 5611 887 5673 Mss.,
917 5610 1285 5675 spiritualiter.

1528 213 1990 279 TRACTATUS
2033 216 2236 278 XLIV.
2286 217 2539 281 CAPUT
2583 221 2685 282 IX.

3698 232 3850 293 1713

2153 359 2267 443 Deo
2289 359 2314 409 Ρ
2338 356 2493 428 Nega
2526 360 2682 430 quod
2703 362 3003 435 accepisti.
3033 364 3150 421 Hoc
3176 364 3345 436 plane
3371 384 3482 423 non
3517 372 3601 425 est
3619 369 3862 443 gloriam

2152 442 2267 499 Deo
2288 446 2443 514 dare,
2463 449 2562 503 sed
2586 448 2767 505 Deum
2795 452 2987 522 potius
3012 452 3419 525 blasphemare
3442 457 3539 523 Da,
3564 442 3857 531 inquiunt,

2149 534 2384 603 gloriam
2409 538 2535 593 Deo.
2552 539 2653 593 Nos
2674 542 2874 597 scimus
2897 545 3029 613 quia
3048 543 3137 599 hic
3156 544 3313 601 homo
3332 554 3580 616 peccator
3598 553 3695 603 est.
3713 550 3863 605 Dixit

2152 639 2281 693 ergo
2305 624 2406 682 itte
2427 644 2447 681 .'
2465 627 2528 683 5i
2550 635 2801 700 peccator
2822 637 2921 696 est,
2944 635 3126 689 nescio
3145 650 3164 694 ;
3198 651 3369 690 unum
3388 638 3521 702 scio,
3544 638 3678 707 quia
3696 654 3866 694 caecus

2151 730 2274 771 cum
2301 732 2490 787 essem,
2524 720 2679 776 modo
2728 722 2897 779 video.
2933 724 3199 780 Dixerunt
3229 741 3353 797 ergo
3402 726 3489 781 illi
3519 746 3541 783 .·
3572 728 3711 796 Quid
3738 731 3869 797 fecit

2151 804 2297 859 tibi?
2324 811 2591 878 quomodo
2622 814 2844 880 apcruit
2875 812 2978 867 tibi
3012 814 3190 869 oculos
3212 818 3239 871 ί)
3270 815 3339 870 Et
3367 814 3462 872 ille
3496 818 3619 887 jam
3652 826 3869 874 stoma-

2152 893 2333 952 chans
2364 898 2643 954 adversus
2684 900 2953 957 duritiam
2984 903 3337 965 Judazorum.
3371 908 3428 960 et
3459 921 3528 961 ex
3576 923 3726 964 casco
3784 907 3866 964 vi-

2154 983 2321 1055 dens,
2345 1002 2461 1041 non
2494 988 2681 1045 ferens
2711 1006 2911 1059 caecos,
2937 993 3217 1064 respondit
3239 994 3357 1049 eis:
3390 994 3523 1051 Dixi
3539 996 3659 1067 jam
3694 997 3864 1065 vobis,

2151 1081 2202 1129 et
2231 1076 2501 1141 audistis;
2530 1080 2659 1149 quid
2691 1082 2893 1137 iterum
2926 1082 3087 1138 vultis
3118 1083 3360 1140 audire?
3387 1086 3661 1157 Numquid
3699 1092 3751 1143 et
3778 1103 3865 1143 vos

2151 1163 2316 1219 vultis
2366 1166 2628 1238 discipuli
2662 1170 2777 1241 ejus
2824 1172 3161 1241 ﬁeri?Quid
3208 1177 3315 1241 est,
3346 1175 3620 1247 Numquid
3661 1181 3710 1231 et
3750 1193 3861 1242 vos,

2152 1254 2284 1324 nisi,
2318 1256 2453 1326 quia
2482 1273 2587 1328 ego
2612 1260 2735 1329 jam
2774 1277 2903 1316 sum
2926 1263 2952 1316 ‘t
2980 1262 3257 1335 Numquid
3286 1269 3337 1320 et
3367 1280 3455 1320 vos
3492 1266 3663 1322 vultis
3684 1266 3862 1324 Nam

2150 1342 2337 1414 video,
2372 1345 2472 1400 sed
2506 1363 2621 1403 non
2654 1348 2902 1406 invideo.

2226 1433 2309 1489 12.
2344 1433 2749 1493 Maledixerunt
2781 1441 2852 1507 ei,
2884 1444 2933 1495 et
2961 1439 3225 1497 dixerunt
3251 1461 3267 1497 :
3303 1444 3374 1498 Tu
3403 1443 3711 1515 discipulus
3749 1446 3867 1517 ejus

2149 1524 2242 1578 sis.
2276 1523 2413 1579 Tale
2454 1526 2830 1585 maledictum
2874 1547 3045 1601 super
3078 1548 3203 1600 nos,
3239 1537 3296 1588 et
3344 1549 3519 1603 super
3561 1533 3713 1590 filios
3759 1551 3863 1590 no-

2152 1617 2324 1669 stros.
2358 1615 2722 1674 Maledictum
2774 1621 2929 1676 enim
2970 1626 3078 1688 est,
3110 1623 3160 1678 si
3192 1638 3291 1678 cor
3330 1623 3633 1694 discutias,
3668 1642 3782 1681 non
3815 1627 3864 1681 si

2152 1704 2323 1760 verba
2354 1710 2698 1778 perpendes.
2732 1711 2834 1767 Nos
2882 1719 3067 1769 autem
3120 1712 3292 1785 Moysi
3319 1713 3589 1786 discipuli
3625 1732 3814 1773 sumus
3847 1735 3862 1771 :

2151 1810 2246 1850 nos
2276 1797 2475 1851 scimus
2498 1800 2627 1868 quia
2659 1800 2824 1870 Moysi
2845 1803 3055 1858 locutus
3085 1812 3163 1859 est
3186 1805 3347 1864 Deus.
3376 1805 3542 1861 istum
3571 1811 3756 1862 autem
3776 1823 3864 1862 ne-

2148 1887 2347 1941 scimus
2375 1888 2517 1945 unde
2545 1889 2638 1945 sit.
2665 1890 2898 1949 Utinam
2930 1894 3153 1950 sciretis
3173 1894 3309 1966 quia
3338 1895 3514 1965 Moysi
3547 1896 3755 1954 locutus
3784 1900 3861 1953 est

2151 1975 2289 2031 Deus
2310 1993 2331 2038 ;
2358 1976 2586 2035 sciretis
2620 1982 2754 2051 quia
2785 1999 2886 2052 per
2916 1983 3153 2056 Moysen
3190 1984 3533 2056 praedicatus
3563 1992 3652 2043 est
3682 1989 3855 2044 Deus.

2151 2066 2386 2122 Habetis
2412 2068 2568 2125 enim
2590 2070 2901 2128 Dominum
2935 2074 3247 2141 dicentem,
3273 2074 3332 2128 Si
3359 2075 3651 2132 crederetis
3670 2078 3859 2151 Moysi,

2150 2155 2437 2213 crederetis
2454 2166 2508 2214 et
2525 2160 2665 2215 mihi
2682 2177 2702 2223 ,'
2734 2163 2801 2217 de
2822 2178 2907 2218 me
2926 2166 3073 2219 enim
3097 2165 3193 2220 ille
3214 2165 3442 2237 scripsit
3464 2168 3642 2236 (Joan.
3668 2185 3722 2234 v,
3748 2168 3857 2238 46).

2154 2248 2312 2303 Itane
2354 2249 2669 2320 sequimini
2718 2267 2973 2321 servum,
3008 2260 3064 2310 et
3110 2255 3347 2310 dorsum
3398 2256 3613 2326 ponitis
3661 2260 3861 2312 contra

2152 2336 2511 2395 Dominum?
2540 2340 2650 2396 Sed
2684 2357 2788 2398 nec
2814 2359 3045 2401 servum
3095 2347 3443 2417 sequimini:
3481 2362 3612 2403 nam
3656 2363 3756 2418 per
3784 2346 3860 2401 il-

2152 2426 2274 2483 lum
2307 2428 2381 2483 ad
2412 2430 2720 2486 Dominum
2754 2432 3133 2492 duceremini.

2228 2520 2311 2573 13.
2348 2520 2638 2592 Respondit
2661 2522 2756 2579 ille
2785 2523 2966 2590 homo,
3024 2536 3076 2581 et
3105 2526 3255 2582 dixit
3285 2526 3405 2583 eis:
3436 2532 3501 2584 In
3532 2526 3630 2583 hoc
3679 2526 3857 2582 mira-

2157 2610 2263 2668 bile
2284 2617 2384 2675 est,
2408 2613 2540 2683 quia
2562 2628 2649 2670 vos
2670 2614 2891 2669 nescitis
2911 2617 3055 2670 unde
3076 2618 3169 2682 sit,
3187 2627 3237 2673 et
3260 2617 3482 2689 aperuit
3502 2618 3683 2674 oculos
3702 2633 3868 2673 meos.

2155 2700 2364 2756 Scimus
2389 2706 2571 2758 autem
2623 2705 2753 2774 quia
2781 2710 3084 2775 peccatores
3134 2712 3276 2763 Deus
3324 2723 3435 2763 non
3476 2707 3666 2769 audit;
3696 2708 3788 2762 sed
3819 2710 3869 2763 si

2154 2793 2276 2862 quis
2307 2793 2399 2847 Dei
2418 2794 2599 2849 cultor
2626 2800 2732 2862 est,
2750 2805 2800 2849 et
2830 2795 3173 2851 voluntatem
3190 2797 3309 2868 ejus
3326 2797 3487 2868 facit,
3509 2798 3653 2853 hunc
3681 2813 3857 2852 emu-

2153 2880 2256 2937 dit.
2306 2882 2506 2937 Adhuc
2555 2882 2834 2940 inunctus
2897 2884 3181 2957 loquitur.
3230 2887 3377 2942 Nam
3428 2894 3487 2943 et
3535 2896 3863 2959 peccatores

2153 2971 2387 3025 exaudit
2421 2975 2591 3028 Deus.
2625 2973 2681 3027 Si
2706 2974 2859 3029 enim
2910 2980 3236 3044 peccatores
3267 2975 3421 3031 Deus
3470 2993 3584 3032 non
3629 2977 3867 3032 exaudi-

2156 3060 2490 3128 ret,frustra
2512 3060 2608 3116 ille
2630 3062 2982 3119 Publicanus
3023 3064 3289 3121 oculosin
3317 3070 3529 3122 terram
3553 3067 3863 3122 demittens

2154 3154 2211 3203 et
2239 3159 2438 3219 pectus
2468 3166 2639 3206 suum
2675 3153 3006 3222 percutiens
3037 3154 3276 3221 diceret,
3299 3156 3572 3212 Domine:
3590 3159 3864 3227 prapitius

2153 3243 2265 3295 esto
2294 3239 2434 3294 milii
2460 3244 2749 3311 peccatori.
2785 3242 2851 3296 Et
2881 3242 2991 3298 isto
3023 3244 3313 3299 confessio
3345 3246 3559 3300 meruit
3582 3247 3867 3315 justitica-

2154 3329 2391 3398 tionem,
2414 3333 2703 3402 quomodo
2735 3331 2843 3386 iste
2865 3348 3053 3389 caecus
3071 3333 3579 3390 illuminationem.
3604 3338 3640 3391 A
3665 3338 3866 3393 sxculo

2152 3436 2263 3476 non
2287 3426 2367 3477 est
2396 3422 2645 3476 auditum
2668 3422 2801 3493 quia
2829 3424 3049 3494 aperuit
3069 3424 3190 3493 quis
3216 3422 3402 3479 oculos
3422 3427 3551 3478 caeci
3580 3426 3719 3480 nati.
3742 3426 3865 3481 Nisi

2152 3517 2289 3566 esset
2318 3510 2407 3565 hic
2431 3528 2463 3566 a
2494 3512 2619 3577 Deo,
2652 3527 2763 3567 non
2805 3519 3021 3580 poterat
3060 3513 3243 3583 facere
3282 3514 3601 3584 quidquam.
3640 3513 3862 3580 Libere,

2154 3605 2511 3667 constanter,
2539 3601 2837 3656 veraciter.
2867 3601 2996 3657 Ilaec
3018 3601 3173 3656 enim
3197 3618 3323 3671 qua:
3356 3603 3510 3657 facta
3532 3611 3667 3657 sunt
3689 3620 3722 3658 a
3754 3604 3860 3659 Do-

2153 3689 2326 3757 mino,
2353 3707 2386 3744 a
2416 3707 2530 3762 quo
2580 3690 2783 3745 ﬁerent
2832 3691 2939 3746 nisi
2972 3708 3005 3747 a
3034 3693 3146 3747 Deo
3165 3692 3193 3746 ?
3220 3693 3335 3746 Aut
3362 3692 3595 3764 quando
3622 3709 3655 3747 a
3684 3692 3862 3748 disci-

2152 3781 2306 3851 pulis
2328 3779 2469 3835 talia
2502 3780 2721 3849 fierent,
2758 3781 2869 3836 nisi
2903 3782 2959 3836 in
2991 3783 3074 3836 eis
3106 3782 3387 3838 Dominus
3420 3782 3748 3838 habitaret?

2224 3871 2309 3924 14.
2346 3871 2780 3938 Responderunt,
2813 3876 2864 3926 et
2907 3872 3171 3927 dixerunt
3202 3872 3254 3927 ei
3275 3890 3292 3927 :
3315 3874 3379 3927 In
3416 3876 3649 3942 peccatis
3697 3879 3856 3928 natus

2147 3976 2207 4015 es
2236 3964 2399 4015 totus.
2430 3961 2583 4016 Totus
2614 3962 2745 4031 quid
2780 3962 2914 4016 est?
2944 3962 3087 4017 Cum
3120 3960 3305 4017 oculis
3335 3961 3574 4018 clausis.
3610 3963 3720 4019 Sed
3754 3964 3851 4034 qui

2147 4050 2371 4122 aperuit
2403 4051 2621 4118 oculos,
2646 4051 2833 4107 salvat
2863 4056 2915 4107 et
2950 4056 3136 4107 totum
3172 4068 3185 4108 :
3220 4053 3345 4125 ipse
3380 4054 3541 4108 dabit
3570 4055 3643 4108 ad
3673 4056 3864 4109 dexte-

2144 4156 2267 4195 ram
2302 4142 2806 4210 resurrectionem,
2846 4141 2947 4214 qui
2986 4142 3044 4196 in
3078 4141 3219 4196 facie
3268 4142 3428 4197 dedit
3471 4142 3859 4199 illuminatio-

2142 4246 2274 4287 nem
2310 4231 2348 4287 ί.
2381 4233 2447 4287 In
2474 4241 2706 4303 peccatis
2747 4233 2912 4288 totius
2941 4239 3105 4288 natus
3134 4249 3211 4302 es,
3242 4238 3291 4287 et
3322 4242 3382 4287 tu
3423 4232 3575 4287 doces
3617 4249 3719 4287 nos
3740 4236 3768 4287 φ
3791 4235 3854 4288 Et

2139 4322 2413 4393 eiecerunt
2442 4339 2569 4378 eum
2600 4326 2768 4394 foras.
2806 4323 2921 4394 Ipsi
2954 4323 3120 4377 illum
3171 4323 3512 4391 magistrum
3566 4323 3852 4391 fecerunt,

2139 4411 2249 4483 ipsi
2271 4422 2333 4468 ut
2364 4414 2652 4469 discerent
2674 4413 2843 4468 toties
2872 4411 3397 4483 interrogaverunt,
3423 4415 3479 4467 et
3510 4410 3725 4481 ingrati
3755 4413 3858 4467 do-

2140 4507 2365 4558 centem
2400 4505 2786 4573 projecerunt.

2212 4593 2297 4646 15.
2332 4593 2437 4648 Sed
2472 4593 2625 4663 quod
2659 4592 2775 4646 dixi
2799 4591 2921 4662 jam
2954 4591 3197 4658 dudum,
3233 4590 3452 4656 fratres,
3485 4588 3566 4645 illi
3601 4588 3848 4660 pellunt,

2138 4681 2350 4752 excipit
2400 4683 2679 4736 Dominus
2733 4698 2745 4736 :
2797 4681 2980 4752 magis
3026 4680 3180 4735 enim
3230 4682 3362 4752 quia
3416 4680 3693 4753 expulsus
3742 4685 3845 4747 est,

2137 4768 2489 4825 christianos
2514 4770 2701 4824 factus
2720 4773 2825 4835 est,
2851 4768 3075 4824 Audivi!
3097 4769 3251 4824 Iesus
3275 4770 3405 4840 quia
3428 4771 3702 4839 ejccerunt
3723 4785 3849 4823 eum

2131 4859 2305 4927 foras,
2338 4864 2385 4914 et
2411 4874 2535 4913 cum
2568 4860 2861 4914 invenisset
2892 4875 3016 4914 eum
3046 4861 3195 4914 dixit
3227 4860 3281 4913 ei
3312 4876 3329 4913 :
3362 4858 3433 4913 Tu
3464 4859 3639 4913 credis
3670 4857 3728 4911 in
3759 4857 3847 4912 Fi-

2135 4949 2275 5005 lium
2312 4950 2452 5007 Dei?
2480 4950 2647 5004 Modo
2680 4950 2834 5005 lavat
2867 4950 3068 5004 faciem
3103 4949 3296 5004 cordis
3343 4948 3635 5018 Respondit
3664 4946 3848 5009 ille,et

2131 5040 2231 5108 ait,
2255 5040 2418 5110 quasi
2448 5040 2639 5094 adhuc
2660 5039 2955 5098 inunctus,
2983 5039 3111 5106 Quis
3139 5044 3239 5103 est,
3267 5038 3509 5104 Domine,
3529 5039 3588 5089 ut
3618 5034 3840 5089 credam

2132 5131 2192 5185 in
2223 5145 2345 5184 eum
2366 5132 2394 5185 ?
2426 5130 2486 5184 Et
2508 5129 2651 5184 dixit
2679 5131 2730 5185 ei
2756 5130 2946 5184 Iesus:
2979 5129 3043 5182 Et
3074 5127 3261 5181 vidisti
3289 5141 3433 5191 eum,
3456 5128 3504 5177 et
3536 5124 3630 5193 qui
3658 5124 3839 5193 loqui-

2130 5225 2223 5276 tur
2252 5228 2446 5285 tecum,
2481 5221 2594 5291 ipse
2624 5224 2722 5275 est.
2758 5218 2971 5275 Missus
2999 5221 3086 5271 est
3114 5216 3230 5277 ille,
3263 5213 3372 5269 iste
3403 5212 3600 5268 lavans
3635 5212 3840 5271 faciem

2130 5310 2186 5366 in
2210 5308 2553 5380 Siloe,quod
2576 5308 2993 5378 interpretatur
3014 5305 3249 5359 Missus.
3272 5302 3669 5372 Deniquejam
3694 5304 3839 5359 facie

2128 5400 2248 5455 lota
2260 5399 2450 5455 cordis
2472 5402 2529 5453 et
2545 5398 2818 5453 mundata
2832 5394 3206 5461 conscientia,
3223 5408 3545 5465 agnoscens
3566 5409 3697 5449 eum
3715 5411 3831 5449 non

2130 5488 2314 5546 filium
2336 5486 2593 5544 hominis
2616 5491 2859 5554 tantum,
2885 5485 3039 5557 quod
3063 5488 3196 5540 ante
3218 5483 3561 5553 crediderat,
3584 5486 3682 5539 sed
3703 5485 3830 5556 jam

2192 5616 2422 5666 lOmnes
2449 5615 2595 5673 Μαι..
2630 5615 2684 5666 in
2713 5613 2907 5679 faciem
2939 5612 3079 5665 dedit
3111 5611 3568 5667 illuminationem.
