4148 6190
306 253 459 316 1719

301 387 512 445 Filium
563 385 662 442 Dei
702 385 801 456 qui
844 398 1076 440 carnem
1126 388 1479 455 susceperat,
1522 384 1648 439 ait:
1683 383 1869 448 Credo,
1904 381 2002 434 Do-

300 482 469 534 mine.
508 477 708 533 Parum
765 480 872 539 est,
905 474 1113 540 Credo;
1143 474 1230 529 vis
1262 473 1452 530 videre
1482 474 1715 546 qualem
1764 470 2003 529 credat?

299 567 592 624 Procidens
622 564 872 622 adoravit
900 580 1046 621 eum.

375 660 460 713 16.
496 660 564 712 Et
593 657 737 712 dixit
758 658 809 709 ei
836 657 1009 710 Jesus.
1036 653 1206 709 Modo
1234 652 1357 708 dies
1382 652 1480 709 ille
1511 656 1618 722 est,
1643 653 1793 708 inter
1813 651 2003 707 lucem

298 753 355 805 et
385 750 650 804 tenebras
681 747 1037 801 discernens.
1071 745 1133 800 In.
1164 743 1429 811 iudicium
1458 760 1554 812 ego
1584 746 1641 797 in
1673 743 1818 799 hunc
1843 758 2004 796 mun-

297 839 427 893 dum
457 839 599 903 veni,
634 844 696 891 ut
728 837 821 905 qui
868 850 979 889 non
1026 833 1233 901 vident,
1268 835 1535 895 videant;
1565 838 1617 889 et
1648 834 1742 905 qui
1788 833 2000 897 vident,

295 930 426 984 caeci
445 926 599 995 ﬁant.
616 922 764 988 Quid
784 922 1024 990 esthoc,
1040 920 1320 977 Domine?
1339 926 1603 993 Magnam
1623 918 2002 992 quaestionem

298 1018 468 1072 fessis
498 1013 744 1068 intulisti
778 1029 791 1065 :
826 1013 923 1067 sed
958 1012 1112 1082 erige
1143 1013 1291 1067 vires
1336 1016 1582 1077 nostras,
1618 1015 1683 1065 ut
1714 1009 2003 1081 possimus

296 1104 621 1173 intelligere
651 1102 803 1171 quod
834 1101 1051 1156 dixisti.
1087 1100 1311 1155 Venisti
1342 1108 1401 1155 ut
1432 1100 1655 1171 quinon
1683 1100 1888 1163 vident,
1918 1096 2001 1152 vi-

295 1195 452 1249 deant
487 1209 505 1247 :
535 1199 706 1258 recte,
758 1191 893 1261 quia
940 1190 1135 1245 lumen
1180 1206 1281 1257 es;
1318 1195 1493 1255 recte,
1545 1190 1683 1261 quia
1731 1189 1855 1243 dies
1904 1203 2000 1253 es;

295 1288 468 1351 recte,
493 1282 630 1355 quia
660 1282 731 1336 de
754 1282 1010 1337 tenebris
1044 1280 1254 1335 liberas
1279 1296 1291 1333 :
1316 1280 1426 1335 hoc
1458 1280 1651 1334 omnis
1683 1280 1877 1335 anima
1907 1296 2001 1334 ac-

294 1373 455 1445 cipit,
487 1372 676 1428 omnis
708 1370 997 1441 intelligit.
1023 1370 1166 1434 Quid
1199 1374 1287 1425 est
1310 1369 1417 1425 hoc
1448 1368 1602 1440 quod
1624 1369 1912 1440 sequitur,
1938 1372 2001 1423 ει

293 1463 390 1534 qui
420 1463 618 1525 vident,
651 1461 779 1516 eieci
806 1461 1237 1531 ﬁunt?Ergone
1267 1460 1402 1530 quia
1432 1460 1661 1529 venisti,
1695 1459 1829 1515 caeci
1863 1459 2003 1514 fient

294 1552 391 1622 qui
426 1550 743 1606 videbant?
775 1550 923 1605 Audi
957 1550 1094 1620 quid
1130 1551 1417 1620 sequitur,
1452 1554 1509 1605 et
1541 1549 1801 1605 fortassis
1833 1548 2000 1605 intel-

292 1641 458 1711 liges.

366 1730 451 1784 17.
484 1727 769 1784 Commoti
796 1731 932 1783 sunt
960 1744 1096 1800 ergo
1125 1729 1318 1783 verbis
1349 1728 1480 1784 istis
1508 1728 1730 1801 quidam
1756 1743 1826 1784 ea:
1854 1729 2003 1784 Plia-

291 1820 494 1889 risaeis,
518 1827 571 1876 et
602 1818 864 1876 dixerunt
895 1822 949 1874 ei
979 1836 999 1872 :
1028 1820 1303 1891 Numquid
1348 1827 1406 1875 et
1451 1836 1549 1875 nos
1594 1822 1720 1876 caeci
1765 1836 1953 1875 sumus
1975 1824 2003 1873 ?

290 1910 441 1965 Audi
469 1912 591 1980 jam
626 1909 765 1981 quid
798 1914 882 1964 est
912 1912 1066 1981 quod
1102 1910 1389 1975 movebat,
1420 1912 1480 1965 Et
1509 1912 1608 1982 qui
1642 1910 1850 1977 vident,
1874 1909 2002 1966 caci

290 2002 446 2069 ﬂant.
483 2002 646 2055 Dixit
688 2002 763 2055 eis
809 2001 1003 2056 Jesus:
1049 1999 1108 2054 Si
1153 2002 1286 2055 caeci
1329 1999 1529 2068 essetis,
1578 2016 1689 2055 non
1734 2000 2002 2057 haberetis

289 2100 583 2159 peccatum.
630 2090 773 2144 Cum
825 2089 903 2144 sit
950 2089 1177 2145 caecitas
1225 2091 1352 2159 ipsa
1400 2097 1720 2159 peccatum.
1771 2092 1831 2146 Si
1875 2093 2001 2146 caeci

288 2181 496 2246 essetis,
532 2180 587 2233 id
622 2184 730 2247 est,
753 2178 799 2233 si
837 2193 938 2233 vos
969 2194 1150 2233 caecos
1188 2179 1583 2239 adverteretis.
1609 2180 1657 2234 ei
1687 2196 1789 2234 vos
1821 2196 2000 2235 caseos

291 2270 584 2335 diceretis,
619 2273 675 2323 et
706 2269 775 2324 ad
810 2267 1099 2325 medicum
1132 2270 1479 2336 curreretis;
1512 2269 1563 2323 si
1592 2285 1729 2340 ergo
1760 2269 1839 2325 ita
1868 2275 2002 2328 circi

289 2361 494 2422 essetis,
527 2375 637 2414 non
667 2358 933 2414 haberetis
962 2367 1242 2429 peccatum
1266 2375 1285 2413 :
1316 2360 1452 2425 quia
1484 2359 1611 2415 veni
1644 2375 1746 2429 ego
1776 2361 2001 2416 auferre

290 2450 610 2516 peccatum.
647 2447 798 2501 Nunc
827 2461 949 2501 vero
981 2445 1187 2513 dicitis,
1221 2448 1363 2515 Quia
1391 2448 1643 2502 videmus
1670 2467 1687 2503 :
1713 2456 2002 2519 peccatum

289 2538 523 2588 vestrum
573 2536 775 2587 manet.
803 2534 1034 2598 Quare?
1078 2535 1223 2598 Quia
1274 2533 1541 2601 dicendo,
1584 2536 1847 2602 Videmus,
1883 2552 2000 2592 me-

289 2621 484 2675 dicum
510 2638 623 2677 non
650 2622 931 2690 quaeritis,
957 2622 1013 2674 in
1038 2624 1290 2677 caecitate
1312 2629 1502 2678 vestra
1528 2625 1858 2681 remanetis.
1884 2626 2000 2682 Hoc

294 2716 381 2765 est
413 2725 551 2780 ergo
574 2710 724 2779 quod
751 2708 920 2779 paulo
938 2718 1068 2765 ante
1094 2727 1207 2765 non
1232 2712 1702 2770 intellexeramus
1723 2717 1873 2786 quod
1898 2716 1997 2769 ait.

298 2799 424 2870 Ego
455 2800 603 2865 veni,
637 2803 696 2852 ut
729 2800 823 2868 qui
851 2813 959 2853 non
987 2798 1193 2868 vident,
1224 2799 1442 2855 videant
1471 2818 1489 2855 :
1521 2803 1658 2872 quid
1692 2808 1799 2870 est,
1822 2807 1881 2857 ut
1909 2806 2002 2875 qui

293 2906 406 2943 non
436 2888 639 2955 vident,
664 2888 882 2943 videant
902 2895 929 2942 Ρ
958 2889 1063 2953 Qui
1095 2905 1157 2943 se
1190 2906 1299 2945 non
1325 2890 1517 2947 videre
1546 2894 1922 2960 confitentur,
1946 2900 2002 2950 et

294 2977 583 3034 medicum
608 2982 895 3046 quaerunt,
910 2983 974 3033 ut
994 2978 1243 3033 videant.
1261 2980 1324 3034 Et
1344 2981 1441 3051 qui
1462 2982 1807 3047 vident,caeci
1822 2985 1959 3053 ﬁant
1981 3000 2001 3040 :

293 3067 429 3138 quid
461 3070 568 3131 est,
596 3068 691 3137 qui
720 3066 925 3134 vident,
959 3070 1085 3122 caci
1108 3070 1243 3138 ﬂant
1264 3071 1291 3122 Ῡ
1320 3069 1429 3132 Qui
1458 3088 1519 3126 se
1550 3077 1759 3142 putant
1786 3074 1998 3141 videre,

292 3162 348 3214 et
378 3157 670 3212 medicum
722 3173 836 3212 non
888 3162 1176 3229 quaerunt,
1208 3158 1265 3212 in
1311 3175 1421 3214 sua
1466 3161 1721 3217 cmcitate
1770 3179 2000 3233 perma-

292 3246 651 3316 neant.Ergo
675 3245 845 3301 istam
868 3246 1272 3302 discretionem
1297 3248 1841 3318 vocavitjudicium,
1865 3269 1998 3308 cum

294 3336 390 3403 ait,
422 3337 483 3391 In
499 3335 788 3407 judicium
819 3338 943 3390 veni
988 3337 1049 3389 in.
1080 3336 1223 3391 hunc
1258 3336 1546 3405 mundum,
1578 3354 1690 3409 quo
1722 3340 2003 3398 discernit

293 3441 531 3480 causam
564 3423 929 3479 credentium
953 3432 1005 3479 et
1037 3424 1436 3481 confitentium
1467 3443 1497 3479 a
1520 3428 1811 3497 superbis,
1843 3446 1905 3485 se
1924 3431 2004 3485 vi-

291 3516 425 3569 dere
458 3514 823 3585 putanlibus,
846 3519 904 3569 et
935 3514 1063 3569 ideo
1095 3515 1330 3585 gravius
1352 3516 1648 3572 excascatis
1674 3535 1686 3585 ;
1720 3523 2000 3591 tanquam

293 3604 503 3661 dixerit
550 3605 601 3659 ei
634 3610 904 3675 peccator
951 3606 1235 3661 confitens
1283 3609 1339 3660 et
1388 3606 1678 3663 medicum
1711 3624 2000 3680 quaerens,

288 3695 483 3750 Judica
514 3710 617 3760 me,
646 3696 801 3757 Deus,
825 3706 881 3749 et
903 3695 1151 3750 discerne
1175 3711 1400 3751 causam
1430 3713 1607 3752 meam
1626 3698 1691 3753 de
1718 3706 1873 3770 gente
1894 3716 2001 3757 non

285 3788 476 3838 sancta
526 3785 700 3854 (Psal.
751 3800 890 3849 xm,
926 3788 1011 3853 t):
1079 3784 1312 3840 illorum
1363 3787 1582 3842 scilicet
1630 3789 1728 3858 qui
1778 3789 1998 3856 dicunt,

293 3870 560 3935 Videmus,
585 3876 871 3926 eteorum
904 3876 1201 3941 peccatum
1238 3879 1448 3928 manet.
1476 3876 1597 3930 Non
1631 3881 1823 3933 autem
1855 3876 1999 3934 illud

278 3957 566 4025 judicium
590 3960 709 4027 jam
746 3958 936 4012 intulit
971 3963 1212 4026 mundo,
1238 3978 1351 4029 quo
1379 3962 1449 4016 de
1490 3964 1637 4019 vivis
1669 3970 1727 4020 et
1758 3969 2001 4022 mortuis

286 4046 344 4099 in
380 4046 493 4099 fine
534 4045 1052 4116 smoulijudicabit.
1076 4048 1399 4102 Secundum
1436 4048 1543 4104 hoc
1572 4052 1726 4106 enim
1756 4054 2001 4121 dixerat,

285 4137 394 4203 Ego
422 4149 534 4190 non
584 4135 763 4203 judico
802 4152 1129 4207 quemquam
1176 4137 1361 4207 (Joan.
1396 4154 1516 4203 νιιι,
1553 4139 1640 4210 15)
1671 4158 1689 4194 :
1722 4144 1997 4211 quoniam

284 4226 447 4295 prius
471 4224 643 4292 venit,
662 4240 772 4280 non
794 4235 854 4281 ut
869 4225 1075 4294 judicet
1098 4225 1383 4292 mundum,
1398 4227 1487 4282 sed
1508 4236 1566 4283 ut
1584 4230 1825 4285 salvetur
1848 4248 2003 4288 mun-

282 4315 381 4371 dus
410 4331 505 4386 per
535 4317 719 4387 ipsum
749 4316 855 4385 (1d.
890 4332 975 4384 ιιι,
1011 4317 1120 4383 17).

837 4449 1265 4506 TRACTATUS
1303 4449 1465 4508 XLV.

284 4558 359 4613 Ab
389 4572 449 4612 eo
472 4557 613 4628 quod
642 4559 916 4630 scriptum
946 4562 1041 4621 est,
1074 4560 1280 4625 Amen,
1314 4576 1484 4615 amen
1517 4559 1643 4617 dico
1674 4562 1873 4632 vobis;
1903 4563 2000 4634 qui

358 4662 473 4699 non
500 4646 679 4700 intrat
711 4662 809 4715 per
838 4647 1050 4702 ostium
1082 4647 1142 4702 in
1175 4647 1319 4705 ovile
1350 4648 1567 4720 ovium,
1599 4652 1699 4708 sed
1745 4654 2001 4709 ascendit

359 4733 619 4801 aliunde,
653 4734 751 4788 ille
785 4736 877 4789 fur
906 4740 995 4791 est
1025 4740 1082 4793 et
1112 4736 1258 4792 latro
1286 4754 1299 4804 ;
1335 4754 1501 4810 usque
1524 4739 1696 4809 adid,
1726 4744 1838 4811 Ego
1869 4750 1999 4804 veni

358 4827 423 4877 ut
472 4823 648 4877 vitam
706 4823 979 4894 habeant,
1030 4825 1425 4882 abundantius
1475 4827 1742 4885 habeant.
1781 4831 1909 4903 Cap.
1943 4848 1996 4897 x,

358 4914 594 4983 9.1-10.

362 5032 414 5084 1.
443 5029 522 5086 De
554 5027 887 5085 illuminato
911 5028 1010 5085 illo
1041 5028 1139 5100 qui
1165 5034 1338 5085 natus
1360 5039 1449 5087 est
1478 5047 1680 5099 caecus,
1712 5051 1903 5092 sermo
1925 5039 1999 5093 ad

287 5119 515 5175 Iudaeos
545 5117 777 5176 Domini
807 5122 1042 5175 exortus
1073 5124 1183 5173 est.
1216 5118 1361 5174 Huic
1401 5119 1593 5190 itaque
1626 5121 1855 5179 lectioni
1895 5125 1999 5180 ho—

290 5210 548 5265 diernam
581 5227 708 5266 esse
739 5214 1088 5275 contextam,
1123 5209 1270 5264 scire
1318 5209 1520 5265 debuit
1549 5216 1606 5267 et
1640 5215 1995 5270 commoneri

286 5297 546 5353 Charitas
581 5303 785 5356 vestra.
818 5301 962 5357 Cum
1005 5300 1156 5356 enim
1193 5299 1472 5355 Dominus
1516 5300 1779 5368 dixisset,
1813 5304 1874 5358 In
1917 5305 1995 5369 iu.

286 5386 500 5439 dicium
529 5403 623 5457 ego
654 5390 779 5444 veni
809 5392 871 5445 in
920 5391 1063 5446 hunc
1091 5391 1380 5458 mundum,
1412 5398 1473 5445 ut
1500 5393 1595 5463 qui
1639 5410 1752 5449 non
1782 5396 1998 5465 vident,

286 5472 549 5537 videant;
581 5483 632 5529 et
662 5479 757 5546 qui
798 5479 1002 5544 vident,
1033 5483 1165 5537 caeci
1208 5479 1393 5551 ﬁant;
1424 5482 1576 5552 quod
1611 5499 1677 5539 eo
1718 5488 1995 5557 tempore,

283 5562 514 5635 quando
539 5562 746 5621 lcctum
778 5572 885 5633 est,
916 5574 975 5624 ut
1008 5569 1303 5641 potuimus
1326 5571 1731 5643 exposuimus:
1758 5575 1993 5647 quidam

1250 249 1326 308 IN
1371 247 1696 309 JOANNIS
1738 243 2279 322 EVANGELIUM,
2327 245 2392 306 S.
2442 244 2865 308 AUGUSTINI

3671 252 3825 310 i720

2114 393 2181 434 ex
2215 378 2520 437 Pharismis
2552 381 2845 447 dixerunt,
2878 381 3161 455 Numquid
3189 389 3244 439 et
3282 401 3381 441 nos
3408 388 3540 441 ειεσί
3587 403 3779 442 sumus
3800 394 3825 439 ?

2111 472 2333 536 Quibus
2365 472 2664 543 respondit
2694 492 2710 527 :
2743 474 2803 528 Si
2825 477 2955 529 ι)κεί
2999 476 3205 541 essetis,
3238 492 3349 533 non
3392 479 3658 534 haberetis
3701 495 3825 549 pec-

2111 565 2337 623 catum;
2366 578 2515 617 nunc
2552 572 2733 619 autem
2765 564 2969 630 dicitis,
3016 565 3154 633 Quia
3207 568 3453 623 videmus
3484 586 3505 624 :
3549 578 3829 640 peccatum

2110 655 2351 706 vestrum
2382 661 2564 707 manet
2592 655 2773 723 (Joan.
2800 671 2876 723 ιιι,
2910 654 3122 723 39-41).
3154 655 3253 711 His
3283 657 3477 713 verbis
3522 657 3831 729 subjunxit

2110 756 2180 795 ea
2214 756 2342 811 quas
2375 742 2549 798 hodie
2580 759 2708 798 cum
2745 744 3148 813 recitarentur,
3181 745 3536 803 audivimus.

2182 831 2235 883 2.
2272 832 2462 897 Amen,
2493 849 2653 887 amen
2685 833 2805 887 dico
2835 834 3005 903 vobis,
3029 837 3124 906 qui
3152 850 3259 891 non
3291 837 3469 891 intrat
3494 853 3593 908 per
3622 835 3828 892 ostium

2112 915 2172 971 in
2192 920 2331 973 ovile
2359 922 2559 987 ovium,
2584 921 2676 975 sed
2707 921 3210 989 ascenditaliunde,
3236 924 3334 979 ille
3362 927 3456 991 fur
3487 929 3565 979 est
3585 933 3638 980 et
3660 925 3820 981 tatro-

2112 1005 2394 1063 Dixerunt
2415 1010 2571 1064 enim
2606 1026 2668 1065 se
2696 1026 2880 1065 caecos
2906 1027 3017 1066 non
3042 1028 3169 1067 esse
3194 1028 3208 1065 :
3230 1012 3425 1068 videre
3457 1017 3650 1069 autem
3686 1018 3828 1070 tunc

2113 1106 2366 1165 possent,
2401 1097 2449 1152 si
2481 1113 2615 1152 oves
2645 1097 2855 1153 Christi
2882 1103 3099 1154 essent.
3124 1099 3287 1155 Unde
3318 1100 3429 1156 sibi
3465 1102 3828 1173 usurpabant

2112 1182 2308 1239 lumen
2332 1186 2431 1255 qui
2456 1186 2933 1242 furebantcontra
2962 1187 3156 1244 diem?
3173 1188 3416 1261 Propter
3437 1190 3665 1246 illorum
3689 1206 3827 1261 ergo

2110 1288 2316 1330 vanam
2351 1280 2406 1329 et
2436 1276 2751 1346 superbam
2783 1281 2840 1331 et
2870 1277 3255 1333 insanabilem
3286 1279 3679 1350 arrogantiam
3712 1280 3827 1335 Do-

2112 1367 2306 1423 minus
2325 1368 2497 1422 Jesus
2518 1366 2631 1422 ista
2659 1366 2955 1423 contexuit
2979 1384 2992 1422 :
3018 1367 3076 1422 in
3109 1368 3327 1440 quibus
3350 1368 3666 1426 salubriter
3692 1388 3824 1431 nos,

2110 1458 2161 1514 si
2194 1457 2582 1525 advertamus,
2603 1457 2932 1512 admonuit.
2956 1456 3121 1512 Multi
3145 1460 3300 1513 enim
3324 1463 3465 1514 sunt
3495 1460 3592 1530 qui
3618 1476 3834 1517 secun-

2111 1547 2248 1627 dum
2283 1547 2598 1617 quamdam
2633 1547 2763 1601 vita:
2795 1546 2967 1616 hujus
3016 1547 3502 1603 consuetudinem
3548 1548 3826 1605 dicuntur

2112 1635 2243 1693 boni
2275 1634 2565 1703 homines,
2590 1635 2725 1691 boni
2748 1636 2873 1702 viri,
2903 1637 3065 1691 bona:
3098 1637 3344 1704 femina,
3379 1637 3741 1707 innocentes,
3764 1647 3825 1695 et

2110 1728 2274 1798 quasi
2308 1727 2676 1781 observantes
2708 1742 2771 1781 ea
2803 1743 2929 1797 qua:
2964 1728 3020 1782 in
3054 1728 3179 1798 lege
3212 1732 3501 1800 precepts
3530 1736 3702 1797 sunt;
3735 1734 3829 1787 de-

2110 1814 2362 1870 ferentes
2409 1813 2681 1869 honorem
2726 1815 3064 1883 parentibus
3096 1815 3244 1882 suis,
3278 1831 3391 1871 non
3443 1818 3823 1884 mmchantes,

2112 1920 2226 1959 non
2261 1903 2639 1958 homicidium
2667 1909 3090 1975 perpetrantes,
3123 1921 3238 1960 non
3271 1906 3490 1962 furtum
3522 1908 3826 1977 facientes,

2109 2009 2225 2050 non
2278 1993 2485 2051 falsum
2540 1995 2935 2050 testimonium
2980 1996 3263 2052 adversus
3307 2014 3656 2069 quemquam
3694 2014 3820 2067 per-

2108 2084 2397 2152 hibentes,
2430 2090 2487 2139 et
2515 2093 2713 2140 caetera
2747 2102 2875 2157 qua:
2907 2085 3032 2156 lege
3064 2088 3340 2143 mandata
3366 2096 3499 2143 sunt
3526 2088 3685 2143 velut
3713 2088 3821 2143 ob-

2110 2179 2429 2238 servantes,
2461 2175 2767 2230 christiani
2800 2191 2915 2230 non
2964 2180 3138 2231 sunt:
3173 2181 3229 2231 et
3260 2177 3605 2249 plerumque
3635 2194 3696 2233 se
3718 2178 3821 2248 ja-

2109 2266 2262 2318 ctant
2292 2265 2581 2335 quomodo
2613 2266 2726 2332 isti,
2751 2265 3025 2336 Numquid
3052 2269 3102 2321 et
3130 2282 3229 2321 nos
3257 2269 3388 2322 caeci
3415 2283 3603 2323 sumus
3622 2276 3648 2320 Ρ
3676 2267 3826 2330 Quia

2108 2367 2242 2407 vero
2275 2353 2390 2407 ista
2421 2353 2613 2407 omnia
2650 2369 2778 2424 quis
2812 2355 3049 2421 faciunt,
3073 2361 3124 2410 et
3159 2355 3431 2411 nesciunt
3450 2357 3521 2411 ad
3554 2372 3728 2427 quem
3757 2358 3827 2409 ti-

2110 2456 2240 2496 nem
2270 2443 2540 2508 referant,
2568 2442 2823 2498 inaniter
2844 2443 3082 2511 faciunt,
3098 2443 3385 2499 Dominus
3407 2445 3477 2501 de
3499 2461 3672 2517 grege
3693 2462 3826 2513 suo,

2108 2532 2166 2585 et
2193 2529 2265 2584 de
2294 2530 2445 2584 ostio
2477 2547 2590 2600 quo
2625 2529 2880 2586 intratur
2913 2532 2983 2585 ad
3016 2531 3183 2593 ovile.
3217 2532 3663 2589 similitudinem
3697 2550 3829 2605 pro-

2109 2618 2299 2689 posuit
2330 2619 2387 2673 in
2413 2618 2690 2675 hodierna
2714 2621 2978 2675 lectione.
3002 2621 3208 2677 Dicant
3228 2638 3364 2693 ergo
3393 2623 3605 2695 Pagani
3632 2639 3647 2678 z
3672 2624 3829 2679 Bene

2108 2706 2377 2763 vivimus.
2411 2708 2470 2762 Si
2506 2724 2607 2779 per
2634 2708 2849 2763 ostium
2883 2725 2999 2766 non
3040 2710 3283 2779 intrant,
3313 2710 3447 2780 quid
3481 2712 3710 2780 prodest
3740 2713 3829 2769 eis

2111 2797 2265 2853 unde
2288 2796 2653 2867 gloriantur?
2686 2800 2764 2854 Ad
2801 2799 2906 2854 hoc
2936 2800 3094 2854 enim
3118 2801 3288 2856 debet
3317 2800 3631 2873 unicuique
3663 2804 3831 2871 prod-

2108 2903 2234 2943 esse
2266 2886 2409 2942 bene
2458 2888 2666 2952 vivere,
2699 2892 2763 2942 ut
2808 2890 2979 2944 detur
3007 2888 3092 2944 illi
3137 2905 3368 2961 semper
3412 2890 3606 2946 vivere
3640 2908 3653 2945 :
3690 2909 3828 2948 nam

2111 2977 2203 3033 cui
2236 2994 2349 3033 non
2383 2978 2554 3033 datur
2584 2994 2817 3050 semper
2846 2980 3058 3039 vivere.
3091 2979 3236 3051 quid
3282 2980 3518 3049 prodest
3561 2982 3708 3038 bene
3741 2983 3831 3038 vi-

2110 3069 2290 3122 vere?
2319 3067 2461 3133 Quia
2495 3084 2600 3124 nec
2646 3069 2793 3125 bene
2822 3069 3010 3124 vivere
3058 3070 3291 3126 dicendi
3324 3078 3479 3138 sunt,
3512 3071 3611 3143 qui
3644 3072 3824 3127 ﬁnem

2109 3158 2257 3213 bene
2280 3157 2505 3213 vivendi
2539 3157 2623 3213 vel
2648 3160 2901 3214 caecitate
2933 3159 3217 3225 nesciunt,
3242 3158 3329 3217 vel
3362 3160 3663 3217 inﬂatione
3684 3178 3825 3218 con-

2106 3247 2399 3299 temnunt.
2434 3245 2560 3300 Non
2590 3250 2680 3300 est
2707 3250 2901 3301 autem
2940 3246 3211 3317 cuiquam
3242 3262 3371 3317 spes
3404 3264 3537 3304 vera
3578 3254 3634 3304 et
3660 3254 3824 3305 certa

2109 3348 2341 3403 semper
2370 3334 2616 3401 vivendi,
2650 3334 2762 3390 nisi
2796 3341 3073 3407 agnoscat
3120 3335 3321 3403 vitam,
3355 3336 3509 3406 quod
3539 3342 3628 3394 est
3655 3338 3823 3394 Chri-

2112 3430 2235 3477 stus
2262 3447 2276 3490 ;
2304 3428 2361 3478 et
2391 3439 2491 3493 per
2513 3426 2757 3492 januam
2792 3425 2965 3480 intret
2997 3426 3055 3480 in
3089 3425 3257 3482 ovile.

2180 3514 2234 3568 3.
2267 3514 2546 3577 Quaerunt
2573 3530 2709 3585 ergo
2761 3515 3106 3586 plerumque
3136 3516 3281 3572 tales
3330 3516 3599 3573 homines
3645 3519 3825 3576 etiam

2111 3605 2454 3679 persuadere
2503 3604 2845 3660 hominibus
2878 3609 2941 3660 ut
2988 3605 3134 3661 bene
3163 3605 3377 3672 vivant,
3409 3611 3468 3663 et
3514 3607 3827 3665 christiani

2111 3712 2230 3753 non
2264 3695 2401 3750 sint.
2423 3696 2533 3749 Per
2560 3694 2730 3749 aliam
2763 3700 2987 3765 partem
3018 3694 3224 3750 volunt
3254 3696 3591 3761 ascendere,
3615 3714 3826 3765 rapere

2109 3788 2165 3842 et
2192 3784 2455 3840 occidere
2481 3800 2494 3849 ;
2530 3800 2642 3838 non
2668 3787 2731 3839 ut
2759 3788 2974 3853 pastor,
2995 3800 3337 3840 conservare
3366 3790 3545 3855 atque
3566 3787 3821 3844 salvere.

2110 3875 2367 3930 Fuerunt
2394 3888 2531 3944 ergo
2564 3873 2799 3941 quidam
2829 3872 3179 3943 philosophi,
3210 3875 3281 3929 de
3312 3874 3626 3931 virtutibus
3654 3883 3714 3932 et
3739 3879 3822 3933 vi-

2109 3964 2206 4019 ttis
2238 3963 2479 4019 subtilia
2517 3961 2699 4017 multa
2721 3965 3055 4027 tractantes,
3082 3962 3423 4029 dividentes,
3447 3965 3824 4034 definientes,

2109 4053 2570 4109 ratiocinationes
2598 4051 2965 4108 acutissimas
3014 4050 3444 4121 concludentes,
3475 4054 3655 4111 libros
3710 4057 3825 4113 im-

2109 4142 2355 4214 plentes,
2388 4158 2554 4197 suam
2597 4142 2937 4213 sapientiam
2983 4142 3183 4198 buccis
3231 4144 3601 4212 crepantibus
3631 4148 3829 4203 venti-

2109 4231 2297 4289 lantes
2322 4250 2336 4298 ;
2369 4232 2465 4301 qui
2488 4233 2659 4287 etiam
2692 4230 2881 4287 dicere
2903 4232 3185 4286 auderent
3216 4231 3576 4301 hominibus,
3602 4233 3717 4290 Nos
3740 4253 3831 4292 se-

2109 4322 2375 4395 quimini,
2437 4325 2651 4376 sectam
2722 4324 2973 4376 nostram
3028 4328 3236 4390 tenete,
3295 4320 3342 4377 si
3401 4322 3579 4378 vultis
3653 4324 3827 4383 beate

2111 4412 2320 4467 vivere.
2352 4411 2459 4465 Sed
2494 4426 2605 4465 non
2639 4410 2928 4465 intrarant
2960 4424 3059 4477 per
3088 4409 3306 4465 ostium
3342 4424 3358 4466 :
3392 4412 3633 4481 perdere
3664 4415 3825 4472 vole-

2108 4501 2269 4567 bant,
2302 4503 2559 4555 mactare
2586 4504 2643 4554 et
2669 4498 2947 4554 occidere.

2181 4591 2231 4645 4.
2266 4589 2413 4656 Quid
2449 4590 2521 4644 de
2549 4590 2680 4644 istis
2728 4586 2969 4643 dicam?
3000 4587 3143 4644 Ecce
3191 4588 3305 4659 ipsi
3354 4588 3629 4648 Pharismi
3660 4593 3829 4667 lege-

2110 4680 2271 4749 bant,
2314 4684 2371 4734 et
2407 4680 2467 4735 in
2515 4695 2582 4735 eo
2629 4678 2781 4749 quod
2829 4676 3119 4748 legebant,
3167 4676 3458 4734 Christum
3510 4684 3829 4754 sonabant,

2109 4774 2417 4825 venturum
2441 4767 2779 4839 sperabant,
2805 4770 2863 4823 et
2885 4774 3223 4838 praesentem
3249 4782 3363 4822 non
3388 4771 3785 4840 agnoscebant
3813 4794 3828 4832 :

2103 4858 2406 4927 jactabant
2434 4873 2499 4912 se
2545 4856 2722 4911 etiam
2756 4856 2869 4927 ipsi
2908 4856 3061 4911 inter
3102 4855 3387 4926 videntes,
3421 4858 3528 4914 hoc
3555 4865 3646 4916 est
3675 4861 3832 4921 inter

2109 4949 2424 5020 sapientes,
2456 4951 2513 5003 et
2556 4947 2852 5017 negabant
2897 4946 3222 5014 Christum,
3254 4952 3309 4999 et
3362 4962 3474 5002 non
3519 4948 3829 5011 intrabant

2110 5052 2211 5108 per
2259 5034 2490 5090 ostium.
2527 5034 2667 5105 Ergo
2699 5042 2754 5089 et
2804 5032 2937 5104 ipsi,
2970 5031 3021 5087 si
3069 5047 3217 5103 quos
3266 5032 3410 5089 forte
3455 5036 3823 5111 seducerent,

2109 5122 2449 5179 mactandos
2468 5125 2524 5175 et
2553 5121 2918 5186 occidendos,
2945 5136 3061 5176 non
3092 5119 3423 5177 liberandos
3451 5124 3823 5185 seducerent.

2110 5213 2175 5267 Et
2204 5211 2311 5266 hos
2343 5210 2715 5265 dimittamus
2749 5228 2763 5265 :
2798 5210 3101 5266 videamus
3149 5208 3281 5264 illos
3311 5210 3360 5264 si
3405 5209 3555 5267 forte
3586 5212 3699 5285 ipsi
3728 5217 3830 5275 in-

2107 5304 2265 5357 trant
2311 5314 2412 5370 per
2458 5298 2702 5369 ostium,
2755 5299 2859 5370 qui
2908 5298 3096 5369 ipsius
3148 5297 3363 5355 Christi
3414 5301 3646 5358 nomine
3695 5306 3830 5377 glo.

2108 5391 2352 5445 riantu‘r.

2178 5483 2232 5536 5.
2258 5478 2720 5535 Innumerabiles
2740 5480 2891 5535 enim
2918 5484 3076 5547 sunt,
3102 5478 3200 5549 qui
3224 5493 3286 5533 se
3304 5477 3569 5535 videntes
3589 5497 3703 5540 non
3734 5503 3834 5545 so-

2105 5571 2229 5627 lum
2254 5569 2504 5638 jactant,
2529 5570 2627 5625 sed
2662 5585 2697 5625 a
2716 5569 2943 5628 Christo
2977 5568 3338 5626 illuminatos
3370 5568 3551 5625 videri
3578 5574 3827 5644 volunt:
