4148 6190
316 315 460 375 1721

308 462 441 510 sunt
475 459 666 511 autem
698 453 972 510 haretici.
1008 453 1174 507 Forte
1205 452 1315 523 ipsi
1349 467 1445 521 per
1472 450 1714 519 januam
1753 448 2011 502 intrave-

309 546 498 599 runt?
527 545 709 600 Absit.
740 541 1031 598 Sabellius
1062 541 1222 606 dicit,
1274 541 1378 603 Qui
1412 538 1592 594 Filius
1624 542 1729 604 est,
1761 536 1886 608 ipse
1924 541 2016 593 est

305 633 472 688 Pater
506 651 519 687 :
554 633 652 689 sed
686 634 733 687 si
787 631 985 696 Filius,
1019 647 1134 686 non
1183 632 1272 685 est
1319 629 1508 683 Pater.
1549 631 1674 682 Non
1707 627 1885 680 intrat
1916 642 2013 696 per

302 723 540 789 ostium,
575 722 675 792 qui
711 721 923 777 Filium
960 720 1103 776 dicit
1135 719 1386 773 Patrem.
1420 717 1592 771 Arius
1623 715 1761 769 dicit
1798 733 1809 769 :
1848 715 2008 770 Aliud

301 816 388 868 est
414 813 606 878 Pater,
637 811 793 866 aliud
829 815 916 864 est
947 809 1150 865 Filius.
1205 808 1376 862 Recte
1417 807 1653 871 diceret,
1705 804 1753 858 si
1802 805 2014 858 diceret

297 902 462 958 Alius
498 927 513 968 ;
548 919 686 969 non,
713 901 890 957 aliud.
921 902 1152 964 Quando
1185 899 1339 952 enim
1373 896 1533 963 dicit,
1568 894 1756 954 Aliud,
1791 894 1839 948 ei
1873 911 2008 948 con-

297 993 530 1048 tradicit
561 1010 594 1047 a
627 1009 742 1063 quo
774 991 957 1058 audit,
990 992 1096 1060 Ego
1127 998 1178 1045 et
1214 990 1380 1043 Pater
1408 1004 1580 1042 unum
1612 1002 1802 1040 sumus
1831 985 2007 1055 (Joan.

295 1099 357 1148 x,
390 1082 504 1152 30).
543 1082 658 1136 Nec
709 1081 830 1152 ipse
864 1095 998 1150 ergo
1054 1095 1156 1149 per
1205 1078 1418 1133 ostium
1463 1076 1638 1130 intrat
1676 1091 1687 1127 :
1742 1074 2012 1145 praedicat

295 1173 451 1227 enim
487 1172 781 1227 Christum
806 1170 1037 1241 qualem
1062 1168 1175 1223 sibi
1200 1167 1383 1238 fingit,
1412 1183 1522 1221 non
1548 1164 1779 1236 qualem
1803 1163 2011 1217 veritas

294 1262 454 1316 dicit.
489 1260 706 1316 Nomen
743 1259 941 1326 habes,
978 1274 1098 1312 rem
1135 1273 1250 1311 non
1282 1256 1483 1310 habes.
1512 1254 1774 1324 Alicujus
1808 1251 1887 1306 rei
1915 1268 2006 1305 no-

300 1365 436 1403 men
470 1353 557 1403 est
588 1347 855 1402 Christus
882 1365 894 1402 :
928 1350 1062 1401 tene
1086 1345 1270 1415 ipsam
1300 1360 1442 1411 rem,
1469 1343 1512 1397 si
1538 1342 1623 1395 vis
1647 1340 1922 1412 prodesse
1947 1340 2013 1394 ti-

297 1438 355 1493 bi
390 1453 627 1493 nomen.
661 1437 824 1492 Alius
857 1435 1052 1491 nescio
1082 1435 1255 1501 unde,
1289 1434 1436 1488 sicut
1467 1432 1748 1486 Photinus
1785 1447 1797 1483 :
1843 1430 2008 1485 Chri-

293 1531 426 1581 stus
459 1527 634 1581 liomo
667 1530 775 1592 est,
811 1524 1002 1595 inquit
1035 1541 1048 1590 ;
1087 1525 1235 1578 Deus
1268 1539 1379 1577 non
1405 1529 1509 1577 est.
1541 1525 1651 1574 Nec
1682 1521 1803 1590 ipse
1835 1519 2012 1573 intrat

295 1632 402 1685 per
433 1615 675 1681 ostium,
711 1614 850 1684 quia
910 1613 1174 1668 Christus
1223 1616 1279 1667 et
1333 1611 1505 1666 homo
1538 1614 1591 1664 et
1624 1608 1775 1663 Deus
1807 1616 1910 1662 est.
1949 1607 2012 1660 Et

290 1705 435 1777 quid
472 1722 618 1775 Opus
650 1709 740 1759 est
771 1703 958 1759 multa
990 1719 1342 1775 percurrere,
1376 1705 1432 1756 et
1457 1700 1643 1754 multa
1663 1716 1805 1752 vana
1830 1699 2011 1753 haere-

291 1809 426 1848 sum
461 1808 804 1848 enumerare
825 1792 852 1846 ?
882 1792 998 1847 Hoc
1030 1796 1241 1856 tenete,
1267 1789 1411 1844 ovile
1433 1787 1640 1843 Christi
1665 1802 1790 1842 esse
1813 1785 2008 1840 catho-

292 1882 472 1939 licam
527 1883 869 1938 Ecclesiam.
923 1882 1284 1951 Quicumque
1332 1878 1455 1933 vult
1483 1879 1702 1932 intrare
1735 1877 1804 1932 ad
1839 1875 2008 1942 ovile,

291 1990 400 2045 per
429 1973 644 2029 ostium
677 1972 871 2042 intret,
894 1971 1189 2026 Christum
1222 1985 1418 2025 verum
1445 1968 1730 2039 praedicet.
1765 1969 1884 2022 Non
1919 1983 2010 2021 so-

291 2064 418 2119 lum
455 2064 757 2119 Christum
793 2078 990 2117 verum
1041 2061 1334 2132 praedicet,
1384 2060 1484 2115 sed
1518 2057 1730 2113 Christi
1763 2055 2007 2128 gloriam

290 2159 544 2224 quoarat,
579 2169 689 2207 non
724 2168 944 2206 suam:
995 2167 1128 2205 nam
1180 2148 1348 2204 multi
1401 2148 1709 2219 quaerendo
1760 2145 2006 2218 gloriam

289 2261 488 2310 suam,
516 2260 649 2300 oves
681 2243 893 2298 Christi
919 2246 1259 2312 sparserunt
1276 2240 1470 2312 potius
1493 2255 1670 2309 quam
1693 2253 2010 2308 congrega-

289 2339 528 2390 verunt.
565 2333 818 2390 Humilis
848 2340 933 2388 est
964 2331 1119 2388 enim
1166 2332 1350 2400 janua
1379 2329 1648 2386 Christus
1681 2328 1960 2384 Dominus
1989 2346 2001 2384 :

289 2425 395 2496 qui
429 2424 610 2479 intrat
640 2440 739 2494 per
771 2423 920 2478 hanc
942 2423 1212 2493 januam,
1247 2423 1473 2490 oportet
1513 2417 1784 2473 humiliet
1833 2434 1913 2487 se,
1949 2426 2008 2472 ut

288 2530 438 2569 sano
473 2514 661 2585 capite
682 2512 867 2584 possit
886 2511 1118 2568 intrare.
1143 2509 1248 2574 Qui
1274 2515 1464 2563 autem
1489 2524 1550 2564 se
1573 2525 1686 2562 non
1711 2507 2005 2575 humiliat,

289 2605 394 2659 sed
430 2602 678 2671 extollit,
714 2619 812 2674 per
834 2601 1142 2657 maceriam
1167 2599 1289 2654 vult
1319 2600 1626 2654 ascendere
1650 2614 1662 2652 :
1690 2597 1788 2669 qui
1813 2603 2004 2652 autem

287 2710 396 2763 per
427 2691 746 2748 maceriam
781 2689 1066 2758 ascendit,
1102 2689 1230 2744 ideo
1264 2687 1547 2743 exaltatur
1578 2691 1640 2742 ut
1671 2686 1859 2741 cadat.

365 2783 417 2836 6.
436 2783 612 2836 Tecte
634 2784 830 2836 tamen
854 2779 1040 2834 adhuc
1068 2776 1324 2848 loquitur
1347 2775 1624 2831 Dominus
1644 2775 1836 2843 Jesus,
1863 2790 2010 2830 non-

284 2876 431 2930 dum
458 2871 840 2944 intelligitur:
875 2870 1141 2926 nominat
1162 2869 1399 2936 ostium,
1426 2866 1688 2922 nominat
1710 2865 1874 2932 ovile,
1903 2883 2001 2922 no-

287 2965 487 3018 minat
521 2979 658 3018 oves
692 2979 708 3029 ;
760 2960 1134 3016 commendat
1189 2959 1310 3012 haec
1361 2956 1579 3023 omnia,
1613 2957 1710 3010 sed
1745 2956 2004 3010 nondum

286 3051 554 3124 exponit.
591 3052 876 3121 Legamus
907 3066 1064 3121 ergo,
1095 3049 1232 3119 quia
1262 3051 1541 3103 venturus
1570 3049 1659 3100 est
1688 3045 1757 3100 ad
1793 3062 1858 3100 ea
1887 3061 2004 3100 ver-

283 3142 366 3197 ba
385 3142 446 3196 in
463 3140 681 3211 quibus
701 3140 866 3196 nobis
881 3138 994 3211 aliq
1007 3155 1078 3193 ua
1093 3153 1218 3208 quae
1236 3135 1382 3191 dixit
1397 3135 1671 3207 dignetur
1684 3150 2003 3205 exponere:

281 3249 353 3287 ex
389 3246 645 3302 quorum
668 3229 1027 3300 expositione
1048 3227 1211 3282 dabit
1232 3226 1402 3282 nobis
1436 3225 1680 3280 fortasse
1709 3223 1884 3279 etiam
1909 3223 2007 3279 illa

284 3337 414 3390 quae
445 3337 562 3374 non
581 3319 867 3389 exposuit,
892 3316 1234 3388 intelligere.
1260 3313 1451 3371 Pascit
1473 3314 1628 3368 enim
1655 3313 2003 3377 manifestis,

280 3414 517 3465 exercet
577 3408 862 3464 obscuris.
918 3407 1022 3475 Qui
1077 3421 1187 3460 non
1220 3407 1395 3459 intrat
1421 3419 1524 3474 per
1553 3406 1747 3458 ostium
1778 3405 1838 3459 in
1868 3402 2007 3459 ovile

284 3502 499 3563 ovium,
533 3497 626 3554 sed
655 3497 900 3552 ascendit
928 3496 1174 3552 aliunde.
1338 3493 1569 3560 misero,
1604 3494 1735 3564 quia
1764 3509 2007 3548 casurus

285 3595 372 3644 est
398 3589 412 3642 l
441 3588 527 3642 Sit
554 3603 690 3659 ergo
721 3586 986 3654 humilis,
1021 3601 1119 3656 per
1152 3583 1366 3639 ostium
1399 3583 1574 3637 intret
1611 3599 1623 3635 :
1660 3582 1829 3652 plano
1865 3583 2006 3651 pede

285 3679 506 3746 veniat,
563 3680 622 3732 et
663 3692 775 3732 non
824 3675 1090 3731 offendet.
1124 3674 1246 3741 Ille,
1281 3671 1492 3743 inquit,
1523 3675 1621 3740 fur
1649 3680 1721 3727 est
1751 3679 1803 3727 et
1848 3672 2005 3728 latro.

285 3770 434 3824 Oves
470 3784 615 3823 suae
648 3767 770 3822 vult
800 3766 991 3821 dicere
1023 3781 1156 3821 oves
1186 3763 1406 3819 alienas
1441 3779 1453 3817 :
1496 3763 1566 3817 ad
1603 3761 1712 3817 hoc
1761 3778 1915 3831 suas,
1949 3762 2007 3817 id

285 3864 393 3924 est,
435 3859 597 3912 furto
626 3856 870 3923 ablatas,
905 3871 1020 3910 non
1057 3857 1121 3909 ut
1152 3853 1352 3918 salvet,
1375 3852 1474 3907 sed
1508 3855 1568 3906 ut
1597 3851 1837 3907 occidat.
1861 3852 2006 3923 Ergo

288 3948 380 4002 fur
411 3954 529 4013 est,
562 3946 701 4016 quia
732 3945 882 4017 quod
916 3944 1168 3999 alienum
1219 3946 1327 4008 est,
1380 3957 1556 3996 suum
1598 3940 1738 3996 dicit
1769 3958 1780 3994 :
1837 3941 2005 4008 latro,

284 4037 422 4106 quia
444 4039 505 4090 et
528 4035 681 4106 quod
714 4039 802 4090 est
834 4034 1077 4101 furatus,
1110 4031 1342 4087 occidit.
1367 4030 1473 4093 Qui
1502 4038 1687 4086 autem
1714 4031 1886 4086 intrat
1907 4048 2007 4100 per

289 4128 518 4194 ostium,
571 4131 755 4196 pastor
800 4131 880 4180 est
924 4122 1107 4178 ovium
1139 4139 1157 4176 :
1206 4123 1329 4176 huic
1373 4119 1630 4177 ostiarius
1677 4121 1875 4188 aperit.
1928 4122 2006 4178 De

291 4216 540 4272 ostiario
567 4215 676 4270 isto
694 4219 828 4269 tunc
860 4228 1216 4285 quaeramus,
1248 4211 1476 4282 quando
1501 4211 1570 4265 ab
1598 4210 1724 4281 ipso
1759 4212 2002 4267 Domino

286 4307 657 4362 audierimus
689 4304 843 4375 quod
871 4303 941 4359 sit
976 4302 1216 4369 ostium,
1248 4306 1304 4357 et
1335 4301 1432 4372 qui
1459 4300 1533 4355 sit
1566 4308 1776 4371 pastor.
1805 4302 1864 4355 Et
1886 4317 2003 4356 oves

282 4412 468 4452 uocem
496 4397 621 4465 ejus
653 4393 907 4459 audiunt,
941 4397 993 4448 et
1020 4390 1276 4464 praprias
1305 4406 1425 4446 oves
1458 4397 1609 4446 vocat
1651 4392 2002 4446 nominatim.

287 4485 477 4540 Habet
503 4483 660 4539 enim
695 4482 934 4538 nomina
967 4495 1164 4536 earum
1195 4480 1413 4550 scripta
1445 4477 1501 4533 in
1532 4479 1679 4535 libro
1713 4480 1862 4534 vitae.
1887 4481 2004 4534 Pro-

285 4576 443 4643 prias
469 4588 588 4628 oves
613 4579 769 4627 vocat
787 4572 1134 4627 nominatim.
1169 4569 1311 4624 Hinc
1341 4567 1482 4623 dicit
1512 4567 1823 4639 Apostolus
1857 4587 1869 4624 :
1905 4570 2005 4625 No-

287 4665 365 4718 vit
392 4661 662 4718 Dominus
692 4662 786 4730 qui
831 4666 961 4715 sunt
992 4661 1107 4730 ejus
1158 4658 1227 4727 (
1265 4659 1399 4712 Tim.
1447 4673 1508 4722 ,
1562 4656 1668 4727 19).
1721 4659 1783 4713 Et
1829 4659 2005 4713 educit

283 4769 400 4808 eas.
435 4753 500 4806 Et
529 4768 655 4805 cum
683 4750 938 4820 proprias
975 4764 1094 4805 oves
1119 4747 1385 4813 emiserit,
1423 4749 1549 4800 ante
1578 4763 1667 4800 eas
1718 4748 1868 4802 vadit
1901 4767 1918 4802 :
1957 4757 2006 4804 et

290 4858 410 4897 oves
445 4841 609 4895 illum
641 4848 966 4910 sequuntur,
999 4837 1131 4909 quia
1163 4838 1344 4891 sciunt
1369 4851 1548 4891 vocem
1577 4837 1711 4906 ejus.
1753 4837 2005 4893 Alienum

287 4933 478 4985 autem
506 4947 620 4984 non
651 4927 1083 5000 sequuntur,sed
1103 4929 1324 4998 fugiunt
1346 4925 1412 4980 ab
1432 4941 1492 4980 eo
1504 4944 1523 4991 ;
1556 4926 1686 4996 quia
1710 4943 1821 4980 non
1843 4944 2003 4983 nove-

287 5028 424 5074 runt
457 5035 636 5075 vocem
667 5021 990 5074 alienorum.
1017 5018 1193 5073 Tecta
1223 5021 1359 5072 sunt
1382 5016 1523 5086 haec,
1550 5017 1716 5086 plena
1735 5019 2002 5088 quaestio-

290 5109 494 5175 nibus,
526 5108 768 5181 gravida
798 5106 1195 5163 sacramentis.
1227 5110 1553 5176 Sequamur
1581 5122 1685 5177 ego
1717 5115 1768 5161 et
1800 5108 2001 5162 audia-

289 5215 427 5255 mus
462 5200 805 5270 magistrum
836 5214 904 5253 ex
936 5196 1028 5252 his
1059 5195 1321 5252 obscuris
1353 5194 1573 5266 aliquid
1608 5197 1959 5265 aperientem
1988 5215 2000 5265 ;

290 5296 346 5346 et
381 5306 480 5358 per
510 5289 568 5343 id
602 5288 759 5359 quod
791 5288 997 5359 aperit,
1032 5302 1135 5340 nos
1169 5286 1314 5341 forte
1346 5284 1561 5339 intrare
1603 5285 1929 5341 facientem.

361 5383 418 5434 7.
453 5384 568 5436 Hoc
593 5379 942 5450 proverbium
987 5375 1132 5431 dixit
1164 5376 1278 5429 illis
1314 5375 1461 5430 Iesus
1479 5390 1503 5441 ;
1554 5373 1649 5428 illi
1679 5383 1864 5430 autem
1893 5393 2002 5432 non

289 5473 664 5539 cognoverunt
692 5467 828 5539 quid
875 5468 1192 5538 loqueretur
1220 5469 1314 5522 eis.
1352 5465 1517 5520 Forte
1552 5479 1654 5518 nec
1697 5481 1819 5520 nos.
1853 5468 2002 5532 Quid

291 5577 434 5630 ergo
464 5561 702 5616 interest
741 5558 892 5614 inter
920 5556 1053 5613 illos
1085 5560 1142 5612 et
1174 5572 1298 5621 nos,
1333 5559 1644 5626 antequam
1679 5555 1790 5611 ista
1830 5557 2003 5612 verba

289 5664 682 5722 agnoscamus
711 5651 768 5705 et
800 5646 944 5705 nos?
974 5646 1115 5716 Quia
1149 5661 1256 5703 nos
1285 5643 1588 5718 pulsamus
1613 5648 1678 5700 ut
1707 5645 2004 5716 aperiatur

1509 309 1968 370 TRACTATUS
2013 311 2191 370 XLV.
2244 314 2500 379 CAPUT
2544 320 2615 378 X.

3677 322 3827 382 1722

2131 450 2295 505 nobis
2325 471 2335 519 ;
2371 454 2450 508 illi
2486 463 2679 511 autem
2714 456 3006 511 Christum
3038 457 3303 527 negando
3341 457 3614 514 nolebant
3647 459 3824 514 intra-

2127 555 2187 594 re
2218 545 2506 610 servandi,
2542 546 2642 600 sed
2677 544 2816 599 foris
2851 560 3149 599 remanere
3176 546 3474 616 perdendi.
3497 547 3658 611 Quod
3690 563 3825 618 ergo

2125 645 2230 684 nos
2266 633 2543 688 audimus
2576 635 2695 689 haec
2736 635 2848 706 pie,
2882 634 3034 704 quod
3071 638 3386 705 antequam
3416 635 3511 691 illa
3541 636 3825 708 intelliga-

2125 734 2272 785 mus,
2309 722 2601 777 credimus
2624 741 2759 779 vera
2790 739 2916 778 esse
2939 727 3109 790 atque
3133 724 3347 794 divina,
3373 741 3586 797 magna
3607 727 3827 781 abistis

2123 806 2454 866 diversitate
2486 813 2792 867 distamus.
2852 813 2994 867 Cum
3046 813 3200 868 enim
3233 815 3349 868 duo
3381 817 3628 872 audiunt
3657 817 3829 871 verba

2123 896 2436 968 Evangelii,
2471 918 2623 956 unus
2646 902 2887 973 impius,
2914 902 3057 956 alter
3088 902 3239 973 pius,
3261 907 3317 958 et
3339 903 3450 959 alia
3473 913 3608 960 sunt
3631 907 3827 960 utl'or-

2120 989 2176 1039 te
2209 989 2379 1041 ambo
2414 1007 2527 1044 non
2553 991 2905 1062 intelligant,
2932 1007 3080 1046 unus
3105 992 3265 1054 dicit,
3296 992 3447 1048 Nihil
3471 994 3614 1049 dixit
3638 1011 3650 1059 ;
3677 995 3825 1049 alius

2121 1075 2282 1141 dicit,
2319 1076 2526 1132 Verum
2563 1079 2728 1146 dixit,
2760 1086 2815 1133 et
2847 1080 3061 1134 bonum
3095 1086 3184 1135 est
3216 1098 3370 1152 quon
3403 1082 3568 1152 dixit,
3593 1087 3692 1138 sed
3721 1101 3826 1140 nos

2123 1180 2236 1219 non
2256 1165 2665 1237 intelligimus:
2691 1169 2797 1224 iste
2812 1171 2949 1239 quia
2971 1170 3288 1240 creditjam
3315 1171 3825 1244 pulsat,etdignus

2121 1261 2202 1308 est
2224 1255 2316 1309 cui
2343 1258 2654 1325 aperiatur,
2677 1259 2724 1311 si
2752 1257 2984 1327 pulsare
3010 1261 3317 1328 persistat;
3349 1261 3443 1315 ille
3475 1277 3605 1317 vero
3639 1265 3827 1320 adhuc

2121 1343 2305 1409 audit,
2357 1344 2480 1400 Nisi
2525 1346 2889 1412 credideritis,
2938 1364 3046 1402 non
3098 1351 3413 1416 intelligetis
3460 1350 3607 1418 (lsai.
3641 1369 3735 1417 vn,
3769 1356 3824 1419 9,

2119 1448 2225 1486 sec.
2265 1433 2453 1502 LXX).
2491 1437 2676 1498 Quare
2709 1436 2814 1490 ista
2866 1438 3259 1492 commendo?
3299 1438 3439 1500 Quia
3483 1440 3648 1494 etiam
3694 1457 3823 1497 cum

2131 1521 2305 1576 verba
2323 1521 2443 1578 haec
2465 1523 2638 1578 obscu
2651 1540 2727 1590 ra,
2750 1524 2900 1579 sicut
2923 1541 3182 1595 possum,
3207 1543 3542 1597 exposuero,
3569 1538 3664 1584 aut
3688 1533 3827 1602 quia

2119 1609 2285 1665 valde
2320 1616 2457 1665 sunt
2489 1612 2708 1682 abdita,
2741 1613 2825 1667 vel
2862 1629 2965 1685 ego
2997 1631 3195 1669 eorum
3232 1632 3347 1671 non
3392 1618 3826 1686 apprehendero

2120 1699 2584 1771 intelligentiam,
2620 1703 2705 1757 vel
2739 1702 3063 1774 explicandi
3099 1704 3253 1775 quod
3285 1705 3546 1777 intelligo
3580 1724 3690 1762 non
3725 1707 3851 1762 har

2120 1790 2297 1844 buero
2332 1790 2689 1855 facultatem,
2723 1792 2807 1845 vel
2856 1796 2966 1846 tam
3018 1793 3193 1848 fuerit
3223 1794 3469 1865 quisque
3509 1795 3729 1860 tardus,
3765 1801 3826 1850 ut

2118 1879 2289 1935 etiam
2317 1887 2699 1950 exponentem
2727 1899 2838 1936 non
2866 1887 3168 1952 sequatur;
3198 1900 3304 1939 non
3337 1884 3407 1939 de
3431 1901 3492 1940 se
3519 1886 3821 1955 desperet:

2120 1975 2351 2025 maneat
2383 1970 2441 2024 in
2476 1971 2610 2038 fide,
2643 1970 2892 2026 ambulet
2921 1972 2976 2026 in
3003 1973 3111 2038 via,
3145 1973 3343 2029 audiat
3368 1975 3710 2044 Apostolum
3736 1977 3822 2032 di-

2119 2064 2369 2127 centem,
2403 2062 2462 2114 Et
2491 2063 2546 2116 si
2569 2061 2698 2133 quid
2728 2063 2891 2116 aliter
2921 2063 3141 2134 sapitis.
3168 2063 3264 2118 hoc
3288 2081 3497 2135 quoque
3515 2066 3660 2120 vobis
3684 2070 3822 2121 Deus

2117 2151 2378 2206 revelabit
2398 2170 2416 2208 :
2438 2159 2809 2208 verumtamen
2835 2156 2889 2208 in
2911 2155 3052 2225 quod
3076 2158 3446 2226 pervenimus,
3472 2159 3525 2210 in
3549 2174 3610 2212 eo
3634 2159 3822 2214 ambu-

2118 2239 2294 2293 lemus
2325 2240 2593 2310 (Philipp.
2630 2257 2714 2308 tu,
2746 2241 2856 2305 15).

2187 2329 2239 2382 8.
2267 2328 2616 2400 Incipiamus
2636 2346 2767 2398 ergo
2791 2331 2994 2386 audire
3017 2337 3422 2402 exponentem,
3452 2351 3625 2404 quem
3651 2336 3818 2390 audi-

2116 2416 2305 2472 vimus
2356 2425 2792 2489 proponentem.
2877 2421 3026 2474 Dixit
3080 2437 3206 2492 ergo
3261 2422 3462 2477 iterum
3511 2423 3588 2478 eis
3625 2426 3815 2479 Iesus:

2115 2506 2304 2572 Amen,
2338 2523 2496 2562 amen
2543 2507 2664 2564 dico
2709 2510 2878 2575 vobis,
2931 2510 3062 2581 quia
3093 2526 3189 2580 ego
3228 2527 3346 2567 sum
3380 2515 3580 2568 ostium
3612 2517 3813 2568 ovium.

2114 2595 2258 2650 Ecce
2288 2596 2481 2668 ipsum
2517 2598 2728 2652 ostium
2763 2600 2911 2669 quod
2947 2599 3206 2655 clausum
3242 2607 3534 2672 posuerat,
3571 2603 3813 2672 aperuit.

2120 2686 2247 2756 Ipse
2270 2692 2356 2741 est
2379 2688 2616 2742 ostium.
2644 2687 3022 2759 Agnovimus,
3044 2689 3348 2756 intremus,
3367 2699 3460 2745 aut
3485 2709 3589 2748 nos
3615 2693 3817 2748 intras-

2115 2791 2177 2830 se
2204 2777 2576 2845 gaudeamus.
2613 2777 2805 2833 Omnes
2833 2783 3091 2850 quotquot
3118 2788 3403 2847 venerunt,
3434 2782 3586 2850 fures
3611 2791 3738 2836 sunt
3768 2793 3818 2838 et

2105 2865 2372 2922 latrones.
2407 2866 2553 2932 Quid
2586 2875 2670 2921 est
2705 2867 2829 2936 hoc,
2863 2869 3129 2938 Domine,
3164 2868 3359 2924 Omnes
3387 2875 3645 2943 quotquot
3667 2889 3817 2928 vene-

2115 2960 2288 3010 runt?
2343 2956 2489 3020 Quid
2522 2958 2675 3011 enim
2709 2958 2736 3011 ?
2789 2963 2852 3011 tu
2913 2975 3026 3013 non
3074 2960 3284 3014 venisti
3314 2961 3341 3014 ?
3371 2961 3480 3015 Sed
3513 2961 3768 3034 intellige
3803 2980 3814 3017 :

2118 3045 2313 3100 Omnes
2338 3053 2600 3118 quotquot
2629 3052 2892 3102 venerunt
2923 3049 3064 3115 dixi,
3097 3049 3298 3120 utique
3329 3055 3536 3120 praeter
3565 3068 3676 3107 me.
3707 3053 3816 3107 Re-

2117 3135 2378 3192 colamus
2397 3153 2550 3207 ergo.
2575 3139 2722 3192 Ante
2744 3137 3055 3193 adventum
3076 3139 3256 3208 ipsius
3272 3145 3554 3196 venerunt
3575 3142 3818 3211 PrOphe-

2266 3227 2546 3295 numquid
2584 3227 2738 3281 iures
2770 3231 2825 3281 et
2857 3226 3110 3283 latrones
3143 3229 3432 3283 fuerunt?
3476 3230 3660 3284 Absit.
3694 3231 3817 3286 Non

2118 3319 2322 3387 praeter
2351 3314 2514 3369 illum
2551 3319 2850 3380 venerunt,
2881 3316 3018 3387 quia
3047 3332 3180 3371 cum
3206 3316 3303 3370 illo
3334 3323 3633 3374 venerunt.
3669 3318 3820 3374 Ven-

2117 3410 2286 3461 turus
2320 3422 2606 3477 precones
2631 3407 2914 3474 mittebat,
2951 3407 3048 3461 sed
3081 3421 3278 3462 eorum
3314 3407 3489 3463 corda
3528 3425 3673 3479 quos
3706 3410 3819 3464 mi-

2115 3501 2293 3564 serat,
2320 3496 2673 3568 possidebat.
2696 3496 2881 3551 Vultis
2907 3511 3078 3551 nosse
3102 3496 3814 3568 quiacumillovenerunt,

2114 3586 2211 3656 qui
2246 3590 2333 3640 est
2364 3587 2486 3655 ipse
2515 3601 2744 3656 semper
2764 3585 2792 3638 ?
2821 3586 3064 3641 Carnem
3089 3587 3303 3657 quippe
3323 3585 3542 3658 accepit
3571 3603 3640 3642 ex
3670 3591 3821 3642 tem-

2115 3689 2272 3746 pore.
2305 3673 2446 3737 Quid
2484 3677 2574 3729 est
2603 3689 2738 3745 ergo
2762 3689 2990 3746 semper
3063 3677 3129 3729 In
3150 3674 3421 3746 principio
3443 3683 3564 3730 erat
3595 3676 3819 3730 Verbum

2113 3763 2292 3835 (Joan.
2325 3780 2363 3828 ,
2402 3764 2475 3833 1).
2528 3765 2666 3818 Cum
2718 3763 2817 3819 illo
2865 3779 3001 3834 ergo
3043 3767 3350 3833 venerunt,
3402 3765 3662 3836 quicum
3693 3782 3818 3821 ver-

2115 3851 2186 3906 bo
2220 3852 2318 3906 Dei
2350 3861 2652 3906 venerunt.
2679 3852 2784 3922 Ego
2806 3869 2947 3918 sum,
2980 3852 3187 3923 inquit,
3211 3853 3302 3908 via
3331 3861 3380 3907 et
3406 3855 3610 3909 veritas
3637 3859 3686 3909 et
3707 3858 3819 3908 vita

2116 3941 2218 4013 (Id.
2251 3958 2364 4009 XIV,
2402 3943 2480 4013 6).
2542 3942 2600 3996 Si
2658 3942 2783 4014 ipse
2831 3947 2921 3998 est
2949 3943 3177 4009 veritas,
3228 3959 3362 3999 cum
3415 3943 3512 3999 illo
3543 3949 3820 4001 venerunt

2115 4031 2210 4101 qui
2261 4047 2491 4087 veraces
2537 4032 2788 4089 fuerunt.
2838 4035 3131 4104 Quotquot
3189 4049 3326 4106 ergo
3383 4039 3594 4106 praeter
3627 4035 3816 4103 illum,

2110 4123 2259 4190 fures
2290 4125 2340 4176 et
2373 4122 2612 4177 latrones
2682 4123 2737 4176 id
2771 4130 2872 4191 est,
2903 4124 2972 4177 ad
3000 4123 3309 4178 furandum
3333 4127 3388 4178 et
3419 4124 3815 4180 occidendum.

2178 4210 2230 4262 9.
2269 4209 2367 4264 Sed
2399 4227 2506 4265 non
2541 4211 2838 4265 audierunt
2885 4228 2970 4266 eos
3010 4228 3148 4267 oves.
3205 4213 3381 4282 Major
3412 4211 3534 4266 haec
3577 4215 3816 4282 quaestio

2116 4304 2224 4366 est,
2247 4315 2354 4354 non
2379 4300 2688 4355 audierunt
2709 4317 2799 4356 eos
2817 4317 2957 4355 oves.
2979 4305 3126 4356 Ante
3147 4302 3453 4356 adventum
3475 4301 3702 4356 Domini
3729 4319 3818 4357 no-

2116 4389 2219 4444 stri
2250 4388 2385 4444 Jesu
2410 4390 2642 4456 Christi,
2675 4406 2787 4461 quo
2825 4389 3061 4444 humilis
3083 4389 3241 4444 venit
3271 4391 3328 4443 in
3362 4406 3554 4458 carne,
3579 4407 3816 4461 praeces-

2115 4482 2318 4532 serunt
2341 4478 2505 4546 justi,
2539 4478 2702 4533 sicin
2735 4494 2865 4534 eum
2900 4479 3203 4533 credentes
3225 4485 3553 4544 venturum,
3579 4496 3816 4550 quomo-

2115 4568 2186 4622 do
2220 4582 2324 4620 nos
2357 4566 2651 4622 credimus
2682 4568 2740 4620 in
2773 4583 2906 4621 eum
2941 4567 3038 4637 qui
3071 4567 3247 4622 venit.
3281 4567 3567 4638 Tempora
3596 4568 3818 4624 variata

2115 4660 2402 4721 sunt,non
2429 4656 2590 4713 fides.
2607 4656 2747 4721 Quia
2775 4661 2832 4710 et
2854 4657 2976 4727 ipsa
2997 4657 3171 4710 verba
3193 4673 3294 4728 pro
3318 4664 3574 4728 tempore
3596 4659 3817 4714 varian-

2115 4749 2226 4813 tur,
2251 4761 2381 4800 cum
2409 4747 2562 4802 varie
2586 4747 2987 4800 declinantur:
3020 4747 3198 4802 alium
3223 4763 3431 4802 sonum
3457 4747 3646 4812 habet,
3673 4749 3819 4804 Ven-

2112 4840 2277 4891 turus
2306 4840 2393 4890 est
2424 4851 2437 4900 ;
2473 4835 2654 4891 alium
2686 4852 2896 4891 sonum
2929 4836 3123 4903 habet,
3158 4838 3325 4892 Venit
3361 4853 3374 4891 :
3426 4843 3688 4892 mutatus
3729 4845 3817 4894 est

2115 4942 2316 4990 sonus,
2361 4934 2641 4981 venturus
2691 4930 2802 4992 est,
2855 4930 2912 4980 et
2952 4926 3108 4980 venit
3143 4943 3155 4980 :
3209 4928 3411 4982 eadem
3446 4934 3640 4983 tamen
3673 4927 3816 4982 des

2114 5018 2386 5084 utrosque
2417 5016 2733 5084 conjungit,
2767 5022 2816 5070 et
2848 5031 2946 5069 eos
2979 5015 3077 5085 qui
3109 5019 3417 5070 venturum
3449 5031 3596 5081 esse,
3634 5020 3690 5070 et
3719 5032 3815 5072 eos

2114 5105 2214 5176 qui
2245 5120 2376 5158 eum
2395 5105 2622 5160 venisse
2653 5106 3038 5160 crediderunt.
3064 5103 3315 5158 Diversis
3339 5103 3572 5173 quidem
3598 5108 3814 5175 tempo-

2114 5192 2300 5260 ribus,
2332 5194 2429 5248 sed
2463 5197 2744 5263 utrosque
2777 5209 2878 5264 per
2909 5208 3090 5248 unum
3124 5192 3257 5246 fidei
3314 5193 3557 5256 ostium,
3592 5191 3700 5247 hoc
3732 5198 3819 5247 est

2115 5298 2216 5354 per
2245 5283 2563 5348 Christum,
2598 5284 2858 5338 videmus
2889 5283 3199 5351 ingressos.
3237 5280 3348 5336 Nos
3379 5281 3670 5337 credimus
3705 5283 3816 5338 Do-

2114 5374 2342 5427 minum
2365 5373 2564 5427 Jesum
2588 5372 2883 5426 Christum
2911 5381 3110 5425 natum
3132 5386 3200 5425 ex
3220 5369 3479 5440 Virgine,
3501 5373 3732 5427 venisse
3754 5374 3812 5428 in

2113 5478 2302 5526 carne,
2340 5477 2572 5531 passum
2593 5475 2741 5525 esse,
2776 5461 3180 5525 resurrexisse,
3206 5461 3266 5515 in
3285 5459 3494 5516 cmlum
3524 5465 3818 5520 ascendis-

2112 5565 2174 5608 se
2200 5567 2212 5604 :
2246 5555 2435 5605 totum
2455 5550 2584 5614 hoc,
2610 5550 2759 5604 sicut
2779 5550 2952 5604 verba
2976 5549 3193 5605 auditis
3218 5551 3491 5620 praeteriti
3517 5553 3814 5623 temporis,

2111 5640 2420 5710 impletum
2448 5639 2714 5708 essejam
2747 5638 3142 5708 credimuan
3174 5639 3299 5710 ejus
3328 5645 3466 5698 sunt
3484 5641 3614 5699 fidei
3638 5643 3816 5698 socie-
