4148 6190
364 232 514 290 1723

363 376 476 429 tate
506 370 808 428 nobiscum
840 374 897 425 et
932 369 1014 425 illi
1048 374 1266 443 patres,
1299 370 1397 443 qui
1433 373 1805 429 crediderunt
1837 372 1904 428 de
1926 372 2063 427 Vir-

357 464 491 537 gine
534 460 919 529 nasciturum,
973 476 1306 532 passurum,
1340 468 1822 529 resurrecturum,
1853 462 1910 516 in
1944 477 2063 518 coe-

355 554 479 610 lum
512 568 895 608 escensurum
925 568 937 606 :
974 549 1104 606 illos
1136 550 1290 605 enim
1325 552 1579 607 ostendit
1610 550 1922 625 Apostolus
1962 550 2060 605 ubi

354 646 453 711 ait,
490 645 759 702 Habentes
789 649 972 699 autem
996 642 1240 700 eumdem
1270 642 1524 714 Spititum
1556 644 1702 713 ﬁdei,
1748 646 1886 700 sicut
1922 642 2059 698 scri-

350 739 505 806 ptum
527 739 622 803 est,
657 732 898 799 Credidi,
928 740 1150 805 propter
1165 731 1307 804 quod
1326 733 1534 788 locutus
1554 749 1675 787 sum
1694 750 1714 794 ,·
1746 739 1799 788 et
1829 749 1925 787 nos
1945 748 2062 789 cre—

352 825 551 892 dimus,
584 832 806 895 propter
839 822 981 893 quod
1007 828 1057 877 et
1090 821 1366 892 loquimur
1397 822 1465 892 (ll
1502 821 1623 877 Cor.
1659 838 1733 891 ιν,
1779 822 1884 892 13).
1920 820 2062 876 Pro-

354 914 525 985 pheta
556 912 719 980 dixit,
749 910 993 979 Credidi,
1042 922 1263 982 propter
1295 910 1443 982 quod
1490 910 1699 966 locutus
1729 926 1848 965 sum
1888 911 2056 982 (Psat.

352 1020 478 1069 cxv,
527 1004 615 1073 10)
649 1020 661 1058 :
705 1000 1017 1074 Apostolus
1067 1002 1227 1071 dicit,
1264 1005 1325 1057 Et
1362 1017 1459 1057 nos
1500 1000 1791 1072 credimus,
1840 1004 2062 1073 propter

349 1093 489 1165 quod
518 1098 569 1149 et
609 1094 905 1165 loquimur.
942 1091 1011 1148 Ut
1040 1092 1194 1149 scias
1224 1097 1419 1149 autem
1451 1093 1607 1164 quod
1642 1110 1759 1148 una
1788 1092 1857 1147 sit
1892 1093 2055 1153 ﬁdes,

345 1182 476 1239 audi
510 1183 819 1254 dicentem,
852 1182 1114 1238 Habentes
1135 1181 1385 1239 eumdem
1413 1182 1671 1253 spiritum
1697 1181 1847 1252 ﬁdei,
1883 1190 1934 1238 et
1962 1197 2057 1237 nos

346 1273 634 1329 credimus.
667 1273 758 1327 Sic
790 1277 845 1329 et
876 1272 988 1329 alio
1021 1273 1165 1340 loco,
1186 1272 1316 1329 Noto
1346 1274 1493 1327 enim
1515 1288 1605 1328 vos
1636 1273 1916 1341 ignorare,
1938 1274 2055 1342 fra-

344 1370 479 1433 tres,
505 1364 637 1434 quia
654 1367 837 1434 patres
860 1362 1037 1418 nostri
1058 1376 1241 1417 omnes
1259 1361 1353 1416 sub
1377 1361 1516 1417 nube
1529 1363 1776 1433 fuerunt,
1798 1366 1849 1417 et
1869 1377 2055 1417 omnes

340 1472 443 1528 per
470 1471 621 1511 mare
638 1456 995 1519 transierunt,
1014 1461 1065 1509 et
1088 1468 1267 1509 omnes
1290 1454 1347 1507 in
1370 1452 1585 1525 Moysen
1608 1451 1874 1524 baptizati
1902 1458 2053 1523 sunt,

346 1549 404 1599 in
431 1544 571 1601 nube
599 1548 649 1600 et
678 1546 738 1599 in
771 1544 937 1608 mari,
969 1552 1018 1598 et
1039 1558 1225 1600 omnes
1246 1541 1487 1598 eamdem
1508 1558 1685 1598 escam
1705 1541 2054 1614 spirituatem

348 1634 843 1701 manducaverunt,
892 1640 945 1689 et
976 1649 1155 1689 omnes
1199 1633 1451 1688 eumdem
1487 1641 1676 1705 potum
1703 1631 2054 1705 spirituatem

346 1724 621 1779 biberunt.
654 1723 809 1778 Mare
841 1721 1102 1777 Rubrum
1136 1720 1427 1791 signiﬁcat
1458 1720 1860 1792 Baptismum;
1896 1719 2051 1792 Moy-

350 1830 441 1869 ses
474 1814 680 1869 ductor
725 1828 824 1883 per
862 1826 1019 1867 mare
1071 1811 1336 1867 Rubrum
1394 1810 1687 1883 signiﬁcat
1715 1809 2047 1879 Christum;

348 1902 597 1974 pupulus
629 1902 918 1958 transiens
950 1901 1243 1974 signiﬁcat
1274 1900 1473 1956 ﬁdeles
1501 1920 1516 1969 ;
1553 1916 1708 1956 mors
1748 1900 2047 1972 Egyptio-

347 2009 475 2048 rum
510 1992 802 2064 signiﬁcat
832 1992 1209 2048 abolitionem
1242 1994 1631 2062 peccatorum.
1669 1992 1729 2045 In
1756 1991 1938 2064 signis
1971 1990 2051 2047 di-

344 2080 523 2138 versis
554 2082 755 2138 eadem
791 2080 931 2137 ﬁdes
964 2098 976 2136 :
1013 2081 1092 2137 sic
1121 2080 1179 2135 in
1213 2079 1394 2151 signis
1442 2078 1707 2145 diversis,
1735 2079 2049 2152 Tquomodo

344 2173 406 2228 in
438 2172 629 2229 verbis
661 2172 943 2239 diversis;
976 2172 1106 2243 quia
1136 2170 1309 2226 verba
1333 2187 1506 2227 sonos
1526 2174 1757 2227 mutant
1788 2185 1891 2243 per
1910 2174 2049 2227 tem-

340 2278 500 2334 pora,
532 2264 589 2318 et
621 2261 818 2333 utique
850 2260 996 2317 nihil
1045 2260 1201 2317 aliud
1251 2263 1391 2317 sunt
1440 2261 1610 2316 verba
1654 2277 1828 2333 quam
1861 2261 2046 2331 signa.

347 2351 743 2425 Signiﬁcando
775 2350 930 2407 enim
959 2350 1132 2408 verba
1163 2355 1301 2406 sunt
1333 2366 1346 2406 :
1381 2348 1517 2406 tolle
1561 2350 2046 2422 signiﬁcationem

346 2442 536 2502 verbo.
555 2441 836 2513 strepitus
856 2440 1047 2498 inanis
1059 2448 1165 2497 est.
1179 2440 1517 2512 Signiﬁcatu
1530 2455 1665 2511 ergo
1684 2441 2045 2497 suntomnia.

349 2530 643 2602 Numquid
676 2548 792 2587 non
819 2532 1020 2587 eadem
1053 2530 1381 2597 credebant,
1414 2546 1517 2602 per
1546 2546 1693 2602 quos
1724 2529 1845 2585 haec
1884 2530 2049 2601 signa

348 2620 852 2687 ministrabantur,
885 2637 987 2692 per
1017 2636 1161 2692 quos
1190 2621 1391 2676 eadem
1426 2637 1553 2692 qua:
1584 2620 1901 2688 credimus,
1926 2639 2050 2693 pro-

350 2708 586 2779 phetata
606 2711 1151 2781 praenuntiabantur
1169 2710 1196 2765 ‘t
1226 2709 1435 2782 Utique
1458 2710 1769 2767 credebant
1793 2727 1806 2766 :
1840 2712 1941 2768 sed
1963 2712 2045 2768 illi

342 2805 589 2857 ventura
618 2816 884 2871 esse,nos
907 2806 1102 2858 autem
1116 2801 1363 2858 venisse.
1388 2802 1520 2858 Ideo
1551 2806 1608 2858 et
1637 2804 1720 2859 sic
1744 2803 1845 2872 ait,
1873 2805 2045 2860 Eum-

343 2890 463 2947 dem
482 2900 671 2963 potum
691 2891 1041 2964 spirituatem
1064 2892 1336 2948 biberunt.
1353 2891 1730 2963 Spiritualem
1749 2894 2042 2963 eumdem,

344 2996 478 3036 nam
510 2980 872 3053 corporalem
920 2998 1033 3038 non
1066 2983 1353 3038 eumdem.
1406 2981 1550 3048 Quid
1580 2982 1735 3038 enim
1770 2982 1853 3039 illi
1886 2983 2046 3040 bibe-

341 3070 482 3127 bant
496 3073 524 3129 ?
543 3071 810 3128 Bibebant
829 3073 979 3128 enim
1000 3073 1073 3129 de
1091 3073 1376 3144 spirituati
1394 3084 1655 3146 sequente
1672 3081 1827 3145 petra
1848 3089 1867 3130 :
1889 3079 2045 3145 petra

341 3170 525 3219 autem
549 3166 671 3219 erat
702 3162 950 3219 Christus
979 3164 1026 3235 (Ι
1060 3165 1180 3221 Cor.
1214 3181 1268 3231 x,
1315 3163 1453 3232 1-4).
1505 3162 1706 3219 Videte
1743 3179 1900 3235 ergo,
1932 3164 2044 3221 ﬁde

340 3256 628 3320 manente,
651 3251 820 3323 signa
844 3253 1083 3309 variata.
1110 3253 1192 3308 Ibi
1214 3259 1376 3324 petra
1392 3251 1858 3321 Christus,nobis
1882 3252 2043 3308 Chri-

333 3349 460 3398 stus
491 3344 648 3414 quod
683 3342 740 3398 in
765 3341 930 3399 altari
966 3343 1061 3399 Dei
1095 3343 1351 3415 ponitur.
1378 3343 1446 3399 Et
1475 3341 1558 3397 illi
1593 3359 1693 3415 pro
1719 3358 1922 3416 magno
1952 3360 2041 3400 sa-

335 3439 630 3492 cramento
660 3434 925 3505 ejusdem
954 3433 1168 3491 Christi
1202 3434 1475 3489 biberunt
1502 3450 1714 3506 aquam
1747 3434 2039 3506 profluen-

327 3510 443 3581 tem
476 3527 545 3581 de
577 3533 738 3597 petra
770 3543 784 3594 ;
819 3542 924 3582 nos
970 3524 1112 3596 quid
1156 3524 1431 3581 bibamus
1480 3527 1699 3580 norunt
1730 3524 1950 3580 ﬁdeles.
1981 3523 2039 3579 Si

332 3615 589 3687 speciem
625 3614 912 3671 visibilem
942 3614 1236 3684 intendas,
1268 3613 1427 3670 aliud
1456 3618 1583 3670 est:
1617 3612 1666 3669 si
1697 3612 2038 3685 intelligibi-

329 3703 445 3761 lem
468 3704 975 3774 signiﬁcationem,
1007 3703 1280 3759 eumdem
1314 3707 1516 3774 potum
1558 3702 1919 3775 spiritualem
1951 3703 2038 3759 bi-

329 3794 562 3848 berunt.
612 3796 903 3864 Quotquot
949 3809 1085 3864 ergo
1117 3792 1217 3849 illo
1247 3798 1507 3866 tempore
1537 3794 1917 3851 crediderunt
1950 3793 2037 3850 vel

330 3878 591 3948 Abrahaa,
624 3879 708 3936 vel
738 3881 923 3948 Isaac,
955 3880 1040 3936 vel
1062 3880 1264 3946 Jacob,
1297 3879 1383 3936 vel
1417 3880 1622 3951 Moysi,
1655 3880 1741 3937 vel
1775 3881 1903 3937 aliis
1926 3883 2038 3937 Pa-

334 3967 628 4037 triarchis,
661 3967 906 4041 aliisque
935 3968 1240 4038 PrOphetis
1270 3969 1559 4025 Christum
1594 3970 2037 4041 praenuntianti-

335 4056 466 4123 bus,
498 4072 631 4113 oves
661 4060 923 4127 erant,,et
944 4056 1239 4114 Christum
1274 4058 1617 4115 audierunt:
1641 4076 1752 4115 non
1784 4060 2036 4118 alienam

334 4164 552 4216 vocem,
576 4148 676 4204 sed
702 4147 884 4219 ipsius
907 4148 1437 4204 rudierunt.Judex
1458 4150 1646 4205 fuerat
1666 4150 1725 4205 in
1749 4167 2037 4221 praecone.

330 4239 476 4305 Quia
503 4243 561 4295 et
589 4237 823 4311 quando
846 4238 1028 4310 judex
1056 4236 1316 4309 loquitur
1353 4255 1455 4309 per
1484 4255 1830 4310 praeconem,
1863 4257 2035 4298 exce-

327 4336 457 4404 ptor
486 4349 603 4388 non
636 4331 793 4399 facit,
824 4330 1010 4386 Prisco
1065 4330 1212 4385 dixit
1243 4347 1257 4397 ;
1306 4330 1431 4397 sed,
1481 4329 1667 4385 Judex
1718 4330 1882 4387 dixit.
1919 4332 2031 4387 Alii

325 4427 467 4479 sunt
484 4437 622 4495 ergo
645 4437 790 4495 quos
806 4437 920 4479 non
942 4420 1250 4477 audierunt
1272 4435 1426 4487 oves,
1446 4420 1503 4475 in
1527 4420 1743 4493 quibus
1767 4438 1881 4477 non
1904 4426 2029 4479 erat

322 4529 431 4569 vox
459 4512 690 4583 Christi,
722 4514 1005 4579 errantes,
1038 4510 1181 4567 falsa
1215 4509 1497 4579 dicentes,
1530 4510 1724 4567 inania
1760 4511 2013 4583 garrien-

324 4611 429 4672 tes,
462 4620 608 4659 vana
639 4602 942 4674 ﬁngentes,
977 4601 1222 4659 miseros
1255 4602 1619 4657 seducentes.

394 4694 479 4748 10.
508 4692 653 4759 Quid
676 4696 767 4748 est
785 4708 916 4764 ergo
939 4692 1092 4763 quod
1111 4691 1249 4759 dixi,
1274 4692 1458 4763 Major
1479 4692 1599 4747 haec
1621 4695 1708 4748 est
1734 4691 1977 4764 quaestio
1997 4693 2025 4748 ’ἲ

320 4783 467 4850 Quid
500 4782 677 4839 habet
706 4780 1023 4837 obscurum
1055 4784 1112 4838 et
1140 4781 1212 4837 ad
1258 4780 1704 4853 intelligendum
1735 4780 1965 4838 difﬁcile
1994 4781 2022 4840 τ

316 4874 549 4939 Audite.
584 4872 843 4928 obsecro.
895 4870 1038 4926 Ecce
1085 4870 1373 4927 Dominus
1405 4872 1527 4943 ipse
1554 4874 1722 4927 Jesus
1751 4870 2020 4928 Christus

316 4963 493 5031 venit,
528 4960 861 5036 praedicavit
893 4975 906 5014 :
942 4959 1143 5033 utique
1189 4959 1372 5016 multo
1404 4959 1588 5032 magis
1633 4976 1740 5016 vox
1771 4961 2018 5032 pastoris

317 5064 458 5122 erat,
491 5068 762 5126 expressa
792 5052 918 5124 ipso
949 5067 1045 5107 ore
1066 5050 1337 5123 pastoris.
1364 5051 1419 5106 Si
1450 5052 1607 5107 enim
1640 5067 1741 5124 per
1770 5052 2020 5125 Prophe-

313 5152 400 5202 tas
432 5164 536 5202 vox
569 5145 815 5217 pastoris
844 5148 987 5212 erat,
1020 5146 1240 5216 quanto
1290 5141 1477 5215 magis
1514 5158 1714 5200 vocem
1760 5144 2015 5216 pastoris

314 5237 850 5311 proterebatlingua
864 5237 989 5311 ipsa
1007 5235 1291 5310 pastoris?
1308 5238 1435 5291 Non
1459 5250 1660 5292 omnes
1677 5235 2007 5294 audierunt.

311 5326 423 5381 Sed
455 5328 593 5398 quid
624 5329 946 5400 putamus?
974 5328 1076 5402 qui
1106 5327 1437 5390 audierunt.
1468 5341 1601 5384 oves
1624 5326 1839 5383 erant?
1867 5326 2012 5385 Ecce

312 5416 538 5474 audivit
589 5416 789 5480 Judas.
822 5424 878 5475 et
915 5419 1090 5493 lupus
1118 5424 1243 5477 erat
1275 5435 1290 5477 :
1323 5419 1698 5493 sequebatur,
1730 5419 1831 5476 sed
1863 5418 2012 5491 pelle

309 5504 481 5563 ovina
510 5509 695 5563 tectus
726 5510 940 5579 pastori
971 5511 1371 5569 insidiabatur.
1410 5509 1604 5584 Aliqui
1642 5524 1777 5568 vero
1806 5524 2008 5567 eorum

314 5597 417 5672 qui
447 5595 742 5655 Christum
791 5600 1220 5677 oruciﬁxerant,
1271 5618 1388 5663 non
1416 5601 1752 5679 audiebant,
1783 5604 1842 5663 et
1869 5617 2003 5664 oves

1298 237 1376 294 IN
1420 235 1742 297 JOANNlS
1786 234 2313 307 EVANGELIUM,
2363 234 2427 295 S.
2472 237 2902 301 AUGUSTINI

3724 243 3874 305 172d

2168 373 2371 426 erant:
2406 370 2565 442 ipsos
2597 372 2749 428 enim
2782 374 3012 430 videbat
3038 372 3095 429 in
3124 372 3316 434 turba.
3341 378 3577 446 quando
3608 377 3873 436 dicebat:

2170 461 2308 515 Cum
2334 460 2721 517 exultaveritis
2738 464 2937 520 Filium
2969 465 3228 533 hominis,
3252 472 3379 520 tunc
3396 471 3723 537 cognoscetis
3747 472 3878 539 quia

2169 565 2261 621 ego
2292 566 2412 605 sum
2444 552 2623 621 (Joan.
2664 568 2785 620 vm,
2816 553 2929 622 ‘28).
2964 553 3263 619 Quomodo
3306 554 3460 610 enim
3494 556 3603 613 ista
3636 556 3880 614 solvitur

2170 640 2412 709 quaestio
2430 640 2458 695 ’ἶ
2486 641 2748 695 Audiunt
2770 658 2883 696 non
2917 658 3072 708 oves,
3096 646 3153 698 et
3186 659 3300 698 non
3325 644 3571 701 audiunt
3594 662 3726 703 oves
3752 665 3764 714 ;
3791 664 3877 703 sc-

2171 734 2432 800 quuntur
2462 745 2657 785 vocem
2694 730 2944 802 pastoris
2976 731 3216 803 quidam
3248 732 3392 805 lupi,
3428 738 3484 789 et
3527 734 3577 789 ei
3616 738 3875 807 quaedam

2170 818 2573 876 contradicunt
2592 836 2761 888 oves;
2798 826 3090 893 postremo
3111 826 3396 893 pastorem
3420 824 3700 882 occidunt
3716 844 3871 884 oves.

2170 908 2425 965 Solvitur
2455 908 2698 980 quaestio
2731 927 2743 964 :
2799 911 3105 982 respondet
3151 911 3305 967 enim
3357 912 3591 984 aliquis,
3625 920 3683 972 et
3714 917 3876 985 dicit,

2166 998 2277 1055 Sed
2307 998 2540 1071 quando
2574 1016 2685 1056 non
2716 999 3049 1068 audiebant,
3075 1016 3207 1056 oves
3236 1003 3498 1059 nondum
3526 1015 3708 1076 erant,
3739 1011 3877 1063 tunc

2168 1087 2291 1159 lupi
2323 1096 2486 1143 erant
2518 1106 2532 1156 ;
2566 1105 2669 1145 vox
2704 1089 2904 1145 audita
2934 1106 3033 1147 eos
3066 1091 3334 1161 mutavit,
3366 1096 3423 1149 et
3452 1110 3519 1149 ex
3559 1094 3707 1167 lapis
3742 1114 3876 1152 oves

2166 1178 2302 1233 fecit
2335 1194 2347 1231 :
2382 1178 2616 1249 quando
2638 1194 2769 1249 ergo
2803 1179 2963 1234 factae
2995 1183 3135 1235 sunt
3156 1196 3313 1248 oves,
3337 1181 3663 1253 audierunt,
3697 1190 3754 1241 et
3778 1202 3869 1255 pa-

2165 1270 2379 1324 storem
2413 1266 2776 1336 invenerunt,
2820 1275 3225 1341 pastoremque
3246 1274 3456 1327 secutis
3489 1277 3658 1329 sunt:
3684 1281 3877 1346 pasto-

2164 1354 2242 1412 ris
2274 1358 2564 1428 promissa
2594 1367 2991 1428 speraverunt,
3027 1359 3161 1430 quia
3184 1360 3355 1431 jussa
3388 1362 3665 1420 fecerunt.

2236 1445 2318 1500 11.
2351 1446 2549 1502 Soluta
2579 1455 2663 1503 est
2695 1452 3012 1518 utcumque
3042 1449 3154 1505 ista
3186 1450 3452 1523 quaestio,
3505 1460 3558 1509 et
3600 1454 3876 1527 cuiquam

2162 1533 2307 1590 forte
2338 1534 2613 1592 sufﬁciat.
2665 1536 2754 1591 Me
2811 1544 3003 1593 autem
3036 1537 3226 1595 adhuc
3275 1544 3486 1607 movet,
3522 1544 3579 1596 et
3611 1542 3748 1613 quid
3784 1560 3879 1599 me

2161 1628 2391 1680 moveat
2420 1626 2784 1682 communico
2814 1626 3135 1695 vobiscum,
3162 1634 3221 1683 ut
3254 1629 3681 1701 quodammodo
3713 1651 3876 1705 qua:-

2162 1729 2293 1769 rens
2324 1714 2645 1780 vobiscum,
2680 1714 2967 1772 revelante
2995 1714 3093 1772 illo
3126 1716 3425 1774 vobiscum
3465 1722 3873 1778 merearinve-

2162 1805 2309 1863 nire.
2342 1806 2489 1871 Quid
2519 1823 2655 1879 ergo
2688 1823 2778 1863 me
2809 1812 3058 1874 moveat,
3081 1808 3342 1878 accipite.
3378 1814 3486 1865 Per
3517 1812 3869 1870 Ezechielem

2162 1896 2501 1969 prephetam
2538 1898 2820 1952 Dominus
2852 1897 3124 1969 objurgat
3156 1907 3434 1970 pastores,
3469 1908 3524 1958 et
3554 1902 3694 1958 dicit
3726 1903 3873 1959 inter

2158 1992 2363 2043 caetera
2390 1989 2460 2043 de
2480 1988 2704 2055 ovibus,
2720 1989 3011 2043 Errantem
3033 2003 3183 2043 ovem
3204 2005 3313 2045 non
3336 1993 3623 2048 revocastis
3641 1992 3856 2063 (Exerit.

2156 2093 2348 2145 xxxiv,
2390 2078 2461 2150 4).
2510 2079 2578 2133 Et
2623 2083 2901 2134 errantem
2948 2077 3108 2149 dicit,
3159 2083 3217 2134 et
3272 2096 3421 2136 ovem
3470 2081 3746 2154 appellat.
3802 2084 3859 2139 Si

2160 2166 2393 2239 quando
2427 2168 2657 2223 errabat
2687 2168 2809 2223 ovis
2839 2171 2981 2234 erat,
3008 2167 3172 2239 cujus
3204 2184 3398 2225 vocem
3433 2175 3497 2226 ut
3525 2176 3743 2227 erraret
3765 2190 3863 2228 au-

2160 2254 2352 2313 diebat
2373 2257 2399 2311 ?
2430 2257 2631 2312 Procul
2663 2257 2845 2313 dubio
2877 2256 3030 2313 enim
3066 2274 3178 2314 non
3214 2264 3455 2328 erraret,
3482 2260 3529 2315 si
3562 2277 3754 2317 vocem
3792 2279 3864 2333 pa

2158 2346 2335 2402 storis
2368 2346 2589 2403 audiret
2625 2364 2638 2402 :
2690 2348 2789 2403 sed
2823 2346 2948 2402 ideo
2980 2347 3210 2417 erravit,
3244 2349 3381 2421 quia
3410 2366 3605 2405 vocem
3640 2352 3865 2409 audivit

2158 2433 2331 2491 alieni
2358 2453 2372 2504 ;
2404 2452 2601 2493 vocem
2627 2436 2770 2492 furis
2788 2434 3095 2494 etlatronis
3119 2438 3357 2494 audivit.
3389 2438 3551 2495 Certe
3575 2439 3863 2498 latronum

2157 2542 2350 2581 vocem
2398 2542 2512 2581 non
2544 2526 2793 2582 audiunt
2833 2543 3013 2583 oves:
3067 2528 3173 2597 Qui
3224 2533 3509 2599 venerunt,
3561 2530 3778 2603 inquit,
3810 2540 3862 2588 et

2156 2614 2565 2689 intelligimus,
2600 2617 2808 2673 Praeter
2840 2634 2964 2687 me;
3002 2617 3054 2672 id
3087 2628 3192 2689 est,
3228 2618 3333 2687 Qui
3364 2629 3627 2675 venerunt
3656 2628 3865 2692 printer

2155 2722 2268 2777 me,
2295 2708 2446 2777 fures
2475 2714 2601 2763 sunt
2631 2714 2683 2763 et
2706 2707 2964 2775 latrones,
3008 2712 3057 2764 et
3088 2725 3200 2763 non
3232 2710 3528 2765 audierunt
3576 2726 3662 2766 eos
3711 2729 3861 2768 oves.

2161 2797 2419 2867 Domine,
2452 2797 2497 2852 si
2531 2815 2642 2854 non
2678 2797 2990 2854 audierunt
3028 2815 3123 2853 eos
3156 2815 3311 2869 oves,
3344 2800 3636 2871 quomodo
3668 2808 3867 2857 errant

2154 2903 2288 2944 oves
2317 2887 2346 2943 τ
2376 2887 2435 2945 Si
2466 2904 2599 2945 oves
2630 2905 2743 2944 non
2776 2888 3025 2945 audiunt
3053 2888 3162 2945 nisi
3196 2892 3289 2957 te;
3325 2895 3382 2945 tu
3420 2895 3610 2945 autem
3645 2892 3863 2948 veritas

2154 2993 2216 3036 es
2251 2994 2265 3033 :
2296 2978 2567 3052 quisquis
2598 2978 2895 3035 veritatem
2927 2978 3107 3047 audit,
3160 2996 3272 3035 non
3324 2978 3524 3053 utique
3554 2984 3730 3036 errat.
3770 2982 3865 3039 Illi

2154 3078 2344 3126 autem
2378 3074 2596 3138 errant,
2628 3076 2682 3127 et
2715 3086 2848 3127 oves
2879 3068 3267 3142 appellantur.
3300 3068 3443 3126 Nam
3476 3072 3525 3126 si
3560 3071 3619 3128 in
3664 3088 3864 3128 errore

2150 3157 2279 3230 ipso
2311 3175 2444 3217 oves
2489 3178 2603 3217 non
2654 3158 3066 3232 apellarentur,
3118 3176 3231 3215 non
3265 3160 3553 3217 diceretur
3596 3179 3697 3234 per
3729 3163 3867 3219 Eze-

2151 3251 2415 3321 chielem,
2450 3251 2739 3307 Errantem
2788 3264 2939 3305 ovem
2968 3264 3077 3304 non
3124 3251 3430 3305 revocastis.
3466 3250 3767 3314 Quomodo
3802 3258 3861 3309 et

2150 3346 2325 3409 errat,
2356 3345 2413 3398 et
2444 3341 2566 3397 ovis
2596 3345 2683 3395 est
2713 3339 2740 3394 7
2769 3339 2979 3396 Vocem
3029 3338 3204 3395 alieni
3250 3340 3468 3395 audivit
3495 3342 3522 3397 7
3551 3343 3715 3398 Certe
3747 3360 3862 3399 non

2148 3433 2451 3489 audierunt
2468 3447 2559 3488 eos
2590 3446 2727 3488 oves.
2751 3429 2968 3486 Deinde
3002 3430 3172 3486 modo
3206 3430 3376 3486 multi
3406 3430 3764 3504 colliguntur
3788 3434 3863 3490 ad

2148 3522 2295 3579 ovile
2315 3519 2545 3586 Christi,
2572 3529 2627 3576 et
2658 3536 2725 3575 ex
2746 3517 3034 3575 haereticis
3061 3518 3210 3574 ﬁunt
3234 3519 3540 3587 catholici;
3578 3538 3610 3575 a
3633 3522 3860 3578 furibus

2148 3610 2451 3678 tolluntur,
2484 3610 2706 3681 pastori
2736 3609 3062 3664 redduntur
3094 3626 3107 3665 :
3151 3612 3208 3662 et
3237 3608 3556 3680 aliquando
3590 3626 3860 3667 murmu-

2144 3710 2294 3769 rant,
2328 3701 2561 3756 taedium
2596 3700 2898 3773 patiuntur
2927 3698 2995 3753 ad
3031 3701 3415 3767 revocantem,
3447 3708 3499 3754 et
3531 3717 3643 3756 non
3675 3700 3857 3758 intel-

2143 3790 2751 3864 liguntjugulantem;
2774 3794 3169 3846 verumtamen
3190 3790 3367 3845 etiam
3390 3806 3522 3846 cum
3541 3790 3859 3850 renitentes

2142 3882 2405 3939 venerint
2436 3898 2559 3951 qua:
2581 3897 2715 3938 oves
2738 3885 2898 3949 sunt,
2924 3885 3250 3954 agnoscunt
3272 3897 3469 3937 vocem
3501 3884 3771 3952 pastoris,
3800 3890 3858 3940 et

2141 3986 2201 4027 se
2241 3970 2462 4028 venisse
2492 3971 2786 4037 laetantur,
2833 3975 2889 4027 et
2928 3986 3154 4026 errasse
3201 3970 3572 4027 erubescunt.
3606 3972 3857 4036 Quando

2139 4075 2275 4131 ergo
2307 4061 2363 4115 in
2395 4060 2495 4116 illo
2527 4076 2718 4116 errore
2747 4065 3026 4132 tanquam
3059 4058 3117 4115 in
3148 4060 3391 4115 veritate
3421 4060 3851 4133 gloriabantur,

2143 4161 2196 4206 et
2230 4153 2427 4224 utique
2460 4168 2572 4207 non
2606 4151 2923 4207 audiebant
2951 4166 3149 4206 vocem
3183 4151 3449 4221 pastoris,
3501 4155 3559 4208 et
3588 4150 3851 4209 alienum

2139 4243 2270 4299 ideo
2303 4243 2719 4316 sequebantur,
2752 4258 2885 4297 oves
2914 4246 3081 4297 erant
3112 4256 3184 4295 an
3218 4257 3333 4296 non
3382 4241 3591 4296 erant?
3622 4242 3683 4298 Si
3713 4260 3852 4299 oves

2138 4338 2323 4403 erant,
2374 4331 2665 4405 quomodo
2717 4331 2934 4387 alienos
2966 4346 3098 4386 oves
3129 4347 3244 4385 non
3276 4331 3527 4386 audiunt
3554 4331 3581 4385 ‘t
3628 4331 3676 4386 si
3711 4349 3851 4389 oves

2137 4440 2251 4481 non
2285 4426 2468 4487 erant,
2499 4438 2677 4492 quare
2707 4421 3092 4491 objurgantur
3121 4419 3205 4474 illi
3229 4420 3439 4490 quibus
3468 4420 3706 4488 dicitur,
3739 4425 3849 4478 Er-

2136 4524 2349 4571 rantem
2378 4530 2529 4570 ovem
2558 4529 2669 4568 non
2688 4512 2981 4569 revocastis
3012 4512 3038 4565 ξ’
3069 4513 3132 4567 In
3160 4510 3301 4580 ipsis
3332 4511 3507 4567 etiam
3526 4512 3645 4582 jam
3675 4513 3848 4568 factis

2131 4605 2433 4662 catholicis
2464 4603 2829 4671 Christianis,
2852 4602 3015 4659 bonae
3047 4601 3171 4674 spei
3203 4601 3501 4670 ﬁdelibus,
3519 4601 3844 4674 aliquando

2134 4694 2287 4751 mala
2323 4694 2706 4767 contingunt;
2741 4692 3104 4750 seducuntur
3125 4691 3185 4747 in
3208 4708 3488 4760 errorem,
3509 4698 3567 4748 et
3600 4698 3733 4765 post
3756 4710 3846 4749 er-

2128 4802 2317 4844 rorem
2349 4793 2684 4843 revocantur
2715 4800 2729 4842 :
2762 4785 2989 4856 quando
3038 4782 3263 4839 seducti
3293 4787 3432 4838 sunt
3461 4783 3519 4838 in
3552 4799 3840 4853 errorem,

2124 4881 2183 4934 et
2212 4875 2552 4948 rebaptizati
2582 4878 2742 4942 sunt,
2766 4881 2865 4930 aut
2888 4877 3018 4946 post
3046 4870 3211 4929 ovilis
3263 4871 3543 4928 dominici
3580 4873 3842 4928 societa-

2123 4972 2243 5025 tem
2275 4982 2482 5023 rursus
2510 4964 2571 5020 in
2605 4980 2857 5021 errorem
2894 4961 3205 5035 pristinum
3234 4959 3477 5017 revoluti
3510 4965 3665 5033 sunt,
3698 4978 3840 5019 oves

2122 5061 2289 5115 erant
2316 5073 2387 5112 au
2423 5072 2537 5112 non
2569 5055 2780 5111 erant?
2809 5052 3018 5125 Utique
3048 5052 3315 5109 catholici
3335 5056 3517 5108 erant.
3542 5052 3597 5107 Si
3629 5053 3839 5110 catho-

2121 5145 2217 5203 lici
2250 5144 2452 5203 ﬁdeles
2482 5148 2669 5208 erant.
2692 5160 2825 5201 oves
2854 5147 3035 5200 erant.
3068 5143 3127 5198 Si
3149 5157 3284 5199 oves
3317 5146 3501 5211 erant,
3537 5144 3839 5214 quomodo

2119 5253 2319 5294 vocem
2352 5236 2524 5293 alieni
2557 5234 2760 5291 audire
2790 5236 3121 5305 potuerunt,
3155 5247 3280 5289 cum
3327 5231 3613 5288 Dominus
3652 5231 3839 5300 dicat,

2117 5343 2228 5385 non
2257 5327 2552 5385 audierunt
2580 5341 2667 5382 eos
2696 5326 2860 5382 oves?
3126 5386 3135 5391 _

2191 5418 2279 5474 12.
2308 5414 2589 5484 Audistis,
2623 5414 2849 5484 fratres,
2896 5411 3267 5469 altitudinem
3300 5409 3665 5484 quaestionis.
3691 5409 3840 5468 Dico

2117 5524 2254 5583 ergo
2279 5524 2294 5565 :
2325 5507 2480 5565 Novit
2508 5504 2771 5565 Dominus
2789 5506 2886 5579 qui
2904 5505 3158 5574 suntejus
3180 5502 3253 5577 (II
3280 5502 3415 5559 Tim.
3440 5518 3504 5573 ιι,
3531 5502 3639 5573 19).
3662 5501 3841 5561 Novit

2116 5598 2441 5677 praecitos,
2463 5598 2622 5657 novit
2641 5595 3111 5672 prwdestiaatos:
3134 5595 3204 5653 de
3229 5592 3328 5651 illo
3347 5593 3565 5667 quippe
3586 5592 3834 5671 dicitur,
