4148 6190
266 276 424 335 1³725

262 429 283 458 ι
320 413 476 477 Quos
509 415 704 468 autem
738 412 1050 484 praescivit.
1083 416 1141 468 et
1188 413 1612 484 praedestinavit
1647 417 1973 471 conformes

259 501 379 556 ﬁeri
400 501 677 572 imaginis
699 502 825 558 Filii
843 503 953 569 sui,
979 503 1129 557 utsit
1152 501 1272 573 ipse
1295 503 1714 576 primogenitus
1737 505 1794 560 in
1819 507 1972 560 mul-

258 591 329 646 tis
358 591 656 648 fratribus.
691 595 844 657 Quos
876 597 1072 648 autem
1115 593 1565 662 praedestinavit,
1598 595 1756 666 ipsos
1788 601 1844 650 et
1874 613 1970 652 vo-

260 681 406 736 cavit
441 697 453 746 ;
485 685 543 735 et
583 697 725 751 quos
767 680 1014 748 vocavit,
1062 681 1221 753 ipsos
1280 686 1337 737 et
1378 684 1717 752 justiﬁcavit
1752 699 1765 750 ;
1823 702 1970 756 quos

262 775 455 824 autem
497 770 854 841 justificavit,
913 771 1072 842 ipsos
1104 779 1155 827 et
1194 773 1548 838 glorificavil.
1591 774 1649 829 Si
1705 776 1850 830 Deus
1871 793 1969 844 pro

263 860 450 924 nobis,
477 861 608 931 quis
657 866 859 917 contra
915 863 1071 918 nos?
1099 863 1260 918 Adde
1304 863 1496 920 adhuc
1529 880 1542 918 :
1581 865 1686 928 Qui
1740 866 1969 937 proprio

259 949 398 1005 Filio
433 966 538 1005 suo
565 967 679 1006 non
713 950 992 1023 pepercit,
1027 952 1123 1007 sed
1173 969 1274 1022 pro
1308 954 1470 1008 nobis
1491 955 1765 1010 omnibus
1789 957 1968 1011 tradi-

257 1039 337 1094 dit
366 1056 526 1106 eum,
562 1039 854 1111 quomodo
878 1057 991 1096 non
1014 1045 1070 1096 et
1099 1058 1231 1096 cum
1263 1041 1363 1098 illo
1383 1043 1579 1098 omnia
1610 1044 1774 1098 nobis
1790 1045 1965 1100 dona-

256 1130 335 1184 vit
366 1130 394 1183 ?
428 1151 458 1177 n
491 1129 604 1185 Sed
656 1130 868 1200 quibus
917 1130 1128 1187 nobis?
1174 1132 1480 1201 Praescitis,
1515 1135 1966 1204 praedestinatis,

249 1218 606 1289 justiﬁcatis,
640 1217 981 1289 gloriﬁcatis
1014 1237 1027 1275 :
1062 1220 1131 1276 de
1162 1219 1378 1291 quibus
1409 1224 1691 1292 sequitur.
1725 1225 1855 1291 Quis
1871 1241 1968 1279 ac-

249 1309 465 1363 cusabit
505 1311 772 1364 adversus
809 1310 1008 1365 electos
1063 1311 1156 1364 Dei
1185 1312 1352 1380 (Rom.
1384 1327 1506 1380 vni,
1538 1313 1770 1384 29-33)?
1802 1316 1968 1370 Novit

249 1415 377 1468 ergo
411 1399 676 1454 Dominus
697 1398 795 1469 qui
813 1404 941 1454 sunt
969 1400 1128 1469 ejus;
1159 1399 1296 1471 ipsae
1310 1406 1445 1456 sunt
1465 1417 1616 1457 oves.
1646 1402 1966 1472 Aliquando

250 1505 308 1545 se
334 1489 479 1559 ipsae
524 1487 814 1556 nesciunt,
866 1489 964 1545 sed
1020 1493 1218 1561 pastor
1269 1491 1428 1546 novit
1468 1507 1588 1558 eas,
1640 1494 1964 1549 secundum

249 1578 419 1632 istam
482 1576 1074 1647 praedestinationem,
1108 1581 1433 1635 secundum
1485 1582 1658 1637 istam
1693 1581 1790 1638 Dei
1827 1600 1966 1654 pres-

249 1667 576 1732 scientiam,
601 1668 926 1723 secundum
960 1667 1300 1724 electionem
1335 1670 1549 1740 ovium,
1575 1675 1710 1727 ante
1741 1674 1962 1728 consti-

248 1759 536 1814 tutionem
572 1760 776 1814 mundi
813 1776 985 1815 :nam
1035 1765 1091 1815 et
1134 1759 1238 1816 hoc
1268 1761 1411 1816 dicit
1449 1763 1780 1834 Apostolus,
1815 1766 1964 1820 Sicut

249 1847 409 1918 elegit
439 1863 538 1903 nos
569 1850 628 1901 in
661 1848 776 1918 ipso
799 1852 926 1902 ante
981 1851 1420 1905 constitutionem
1450 1851 1645 1906 mundi
1676 1852 1894 1923 (Ep/tes.
1922 1870 1962 1920 ι,

252 1938 316 2004 t).
349 1937 684 1992 Secundum
720 1937 894 1992 istam
920 1953 1054 2008 ergo
1087 1939 1510 2009 praescientiam
1535 1941 1634 1996 Dei
1668 1946 1723 1996 et
1745 1943 1965 2012 praede-

252 2026 642 2091 stinationem,
695 2042 871 2098 quam
925 2025 1122 2082 multis
1171 2044 1304 2083 oves
1344 2029 1501 2096 foris,
1554 2047 1730 2102 quam
1790 2033 1962 2087 multi

249 2116 367 2188 lupi
394 2117 595 2183 intus;
631 2123 684 2171 et
707 2133 888 2188 quam
922 2117 1119 2173 multae
1153 2135 1286 2174 oves
1304 2119 1483 2189 intus,
1508 2128 1560 2175 et
1591 2137 1764 2191 quam
1795 2121 1963 2178 multi

251 2206 363 2276 lupi
401 2206 544 2261 foris
571 2205 586 2261 l
615 2207 760 2272 Quid
793 2211 883 2262 est
911 2207 1066 2277 quod
1095 2207 1231 2275 dixi,
1268 2224 1445 2280 quam
1492 2210 1687 2266 multas
1713 2228 1845 2267 oves
1878 2213 1962 2268 fo-

250 2294 586 2360 ris?Quam
638 2296 804 2352 multi
865 2297 1039 2352 modo
1094 2297 1488 2364 luxuriantur,
1540 2301 1685 2356 casti
1743 2302 1960 2370 futuri;

249 2402 426 2456 quam
454 2385 624 2441 multi
654 2386 1068 2458 blasphemant
1086 2388 1403 2455 Christum,
1426 2390 1702 2447 credituri
1719 2392 1777 2447 in
1802 2392 1964 2447 Chri-

253 2480 440 2545 stum;
469 2493 645 2547 quam
667 2477 837 2532 multi
869 2492 932 2533 se
974 2477 1286 2544 inebriant,
1320 2479 1497 2534 futuri
1530 2481 1747 2550 sobrii;
1783 2499 1958 2552 quam

255 2564 416 2620 multi
441 2565 681 2636 rapiunt
729 2582 820 2622 res
879 2566 1120 2634 alienas,
1153 2568 1425 2623 donaturi
1457 2570 1631 2626 suas!
1667 2576 1962 2627 verumta-

256 2670 384 2712 men
419 2655 595 2711 modo
619 2671 817 2711 vocem
869 2655 1116 2713 alienam
1162 2657 1431 2726 audiunt,
1465 2659 1684 2717 alienos
1713 2677 1964 2732 sequun-

251 2750 358 2801 tur.
394 2749 543 2801 Item
578 2762 752 2817 quam
799 2746 969 2802 multi
994 2746 1153 2804 intus
1170 2747 1436 2816 laudant,
1463 2749 1960 2822 blasphematuri;

249 2835 395 2891 casti
448 2839 611 2905 sunt,
646 2835 1019 2904 fornicaturi;
1053 2836 1235 2893 sobrii
1298 2843 1458 2906 sunt,
1490 2855 1553 2894 se
1599 2841 1732 2896 vino
1764 2846 1964 2912 postea

237 2922 571 2994 sepulturi;
603 2929 778 2992 stant,
808 2923 1034 2980 casuri!
1074 2941 1190 2981 non
1222 2929 1360 2982 sunt
1388 2942 1542 2982 oves.
1576 2928 1598 2999 (
1626 2928 1704 2985 De
1733 2929 1963 2999 praede-

237 3013 486 3069 stinatis
509 3013 665 3068 enim
690 3012 1025 3084 loquimur;
1059 3015 1130 3071 de
1165 3015 1254 3070 his
1293 3015 1587 3087 loquimur
1628 3035 1774 3090 quos
1807 3020 1967 3076 novit

236 3102 550 3169 Dominus,
585 3102 685 3173 qui
717 3111 855 3158 sunt
883 3104 1138 3176 ejus.)Et
1161 3109 1356 3161 tamen
1375 3104 1487 3176 ipsi
1507 3108 1788 3177 quamdiu
1813 3113 1966 3167 recte

237 3192 508 3263 sapiunt,
542 3190 754 3247 Christi
811 3208 1011 3249 vocem
1052 3193 1320 3250 audiunt.
1363 3198 1504 3251 Ecce
1561 3197 1962 3270 audiuntipsi,

235 3297 354 3337 non
396 3279 648 3336 audiunt
703 3279 787 3335 illi
821 3296 836 3338 :
878 3285 935 3338 et
993 3286 1186 3339 tamen
1233 3285 1550 3340 secundum
1585 3285 1963 3358 praedestina-

238 3371 460 3426 tionem
497 3387 612 3426 non
642 3387 777 3426 oves
811 3371 929 3437 isti,
961 3388 1095 3428 oves
1129 3372 1237 3430 illi.

309 3460 398 3514 13.
435 3458 642 3514 Adhuc
671 3463 867 3515 manet
905 3460 1170 3530 quaestio,
1203 3477 1329 3532 quis
1373 3462 1516 3518 mihi
1551 3463 1784 3520 interim
1811 3482 1965 3523 nunc

235 3549 469 3605 videtur
500 3548 583 3604 ita
603 3565 775 3620 posse
797 3548 1054 3605 dissolvi.
1079 3551 1180 3606 Est
1201 3550 1396 3622 aliqua
1414 3569 1539 3614 vox.
1565 3559 1674 3622 est,
1698 3555 1961 3626 inquam,

236 3656 346 3694 vox
380 3639 585 3709 aliqua
609 3638 882 3709 pastoris,
915 3639 974 3694 in
1009 3656 1124 3712 qua
1145 3656 1278 3697 oves
1309 3658 1424 3698 non
1449 3643 1698 3700 audiunt
1720 3645 1964 3716 alienos,

237 3730 292 3783 in
331 3745 451 3798 qua
484 3743 602 3784 non
634 3744 770 3784 oves
799 3745 913 3784 non
938 3730 1186 3786 audiunt
1216 3731 1534 3790 Christum.
1572 3734 1706 3798 Quae
1737 3741 1822 3790 est
1853 3736 1966 3792 ista

236 3835 340 3874 vox
365 3817 376 3870 l
415 3818 524 3885 Qui
567 3822 1054 3890 perserveraverit,
1086 3838 1251 3893 usque
1270 3823 1327 3878 in
1345 3824 1639 3893 ﬁnem,hic
1657 3827 1839 3881 salvus
1859 3826 1966 3882 erit

235 3907 446 3977 (Matth.
483 3924 541 3974 x,
591 3907 704 3979 22).
760 3909 922 3965 Hanc
979 3927 1178 3967 vocem
1226 3928 1342 3968 non
1389 3913 1629 3986 negligit
1673 3917 1963 3987 proprius,

241 4013 361 4052 non
421 3996 590 4051 audit
647 3996 870 4052 alienus
901 4016 920 4054 .·
953 4015 1088 4054 nam
1134 4005 1188 4055 et
1220 4000 1315 4056 ille
1349 4001 1456 4057 hoc
1482 4003 1532 4058 ei
1569 4005 1865 4074 praedicat,
1901 4011 1966 4061 ut

241 4089 576 4157 perseveret
601 4087 756 4157 apud
791 4087 981 4158 ipsum
1020 4105 1204 4161 usque
1235 4090 1294 4145 in
1319 4090 1513 4160 tinem,
1535 4094 1634 4148 sed
1669 4111 1780 4150 non
1815 4097 1965 4166 apud

236 4191 374 4231 eum
422 4177 844 4246 perseverando
886 4193 1002 4233 non
1043 4179 1205 4234 audit
1238 4180 1385 4235 hanc
1417 4198 1631 4239 vocem.
1684 4183 1855 4239 Venit
1895 4186 1966 4240 ad

235 4265 314 4321 Cb
327 4265 562 4334 ristum,
592 4265 814 4322 audivit
837 4265 951 4323 alia
971 4272 1028 4324 et
1049 4267 1159 4324 alia
1198 4271 1388 4338 verba,
1415 4271 1516 4326 illa
1539 4277 1595 4327 et
1627 4272 1745 4340 illa,
1769 4275 1966 4330 omnia

238 4371 396 4420 vera,
457 4371 603 4410 sana
660 4357 859 4411 omnia
892 4373 905 4412 :
941 4357 1093 4414 inter
1123 4375 1246 4430 quae
1275 4361 1475 4416 omnia
1497 4365 1588 4417 est
1619 4367 1675 4417 et
1705 4361 1806 4418 illa
1837 4381 1964 4434 vox,

239 4443 348 4512 Qui
369 4448 794 4514 perseveraverit
813 4463 986 4518 usque
1008 4448 1066 4502 in
1083 4449 1270 4518 ﬁnem,
1303 4450 1391 4505 hic
1419 4450 1603 4507 salvus
1633 4451 1762 4508 erit.
1791 4455 1964 4510 Istam

239 4534 342 4603 qui
379 4533 650 4604 audierit,
684 4535 803 4591 ovis
835 4541 944 4592 est.
978 4538 1086 4593 Sed
1119 4538 1394 4594 audiebat
1417 4540 1574 4597 illam
1600 4544 1964 4614 nescioquis,

239 4626 293 4677 et
325 4622 609 4694 desipuit,
662 4624 945 4697 refriguit,
996 4627 1218 4684 audivit
1263 4628 1512 4685 alienam
1549 4632 1636 4686 :si
1670 4635 1963 4704 praedesti-

239 4716 417 4768 natus
448 4719 556 4776 est,
582 4714 653 4769 ad
689 4718 922 4788 tempus
952 4717 1182 4784 erravit,
1210 4719 1265 4773 in
1296 4724 1580 4777 aeternum
1607 4740 1720 4779 non
1755 4725 1961 4794 periit;

239 4802 391 4858 redit
425 4806 492 4857 ut.
517 4803 718 4858 audiat
748 4806 903 4876 quod
938 4806 1207 4879 neglexit,
1240 4808 1418 4865 faciat
1449 4812 1603 4881 quod
1638 4813 1882 4870 audivit.
1905 4815 1964 4871 Si

239 4893 398 4948 enim
451 4892 524 4948 de
575 4893 669 4950 his
718 4899 806 4950 est
860 4897 960 4967 qui
1006 4898 1400 4970 praedestinati
1433 4906 1594 4971 sunt,
1628 4911 1682 4958 et
1708 4920 1963 4961 errorem

239 4981 406 5053 ipsus
461 4983 615 5039 Deus
657 4986 963 5054 praescivit,
998 4994 1050 5044 et
1105 4990 1543 5047 conversionem
1589 4994 1882 5062 futuram;
1915 5003 1965 5058 si

239 5070 549 5142 aberravit,
583 5074 733 5130 redit
766 5079 826 5130 ut
858 5076 1056 5133 audiat
1077 5076 1240 5133 illam
1271 5095 1468 5136 vocem
1493 5082 1760 5152 pastoris,
1786 5090 1841 5140 et
1874 5102 1964 5140 se'

242 5167 462 5234 quatur
517 5163 834 5234 dicentem,
867 5167 974 5236 Qui
1003 5173 1431 5239 perseveraverit
1485 5188 1652 5243 usque
1691 5176 1749 5228 in
1776 5176 1964 5244 ﬁnem,

238 5252 325 5306 hic
354 5253 540 5309 salvus
599 5254 726 5311 erit.
787 5257 942 5312 Bona
1002 5273 1130 5325 vox,
1164 5259 1396 5327 fratres,
1431 5277 1583 5328 vera,
1634 5264 1964 5333 pastoralis,

239 5340 365 5413 ipsa
395 5347 486 5400 est
517 5359 631 5400 vox
659 5345 870 5403 salutis
923 5348 980 5403 in
1025 5347 1419 5406 tabernaculis
1455 5352 1752 5422 justorum
1785 5355 1962 5425 (Psal.

239 5448 404 5502 cxvn,
439 5436 550 5506 15).
586 5434 736 5492 Nam
783 5437 953 5493 facile
985 5443 1073 5494 est
1102 5439 1307 5496 audire
1329 5439 1649 5511 Christum,
1684 5444 1850 5501 facile
1876 5450 1966 5502 est

245 5522 478 5581 laudare
522 5525 934 5599 Evangelium,
981 5527 1150 5584 facile
1201 5528 1523 5589 acclamare
1561 5533 1910 5606 disputatori
1946 5549 1962 5592 :

244 5628 605 5688 perseverare
628 5631 822 5689 usque
842 5616 902 5675 in
934 5617 1132 5688 finem,
1165 5617 1274 5678 hoc
1300 5623 1388 5679 est
1411 5621 1607 5681 ovium
1635 5640 1832 5684 vocem
1861 5642 1961 5699 pa-

1469 279 1940 342 TRACTATUS
1987 282 2165 343 XLV.
2212 280 2465 342 CAPUT
2510 279 2580 337 Χ.

3635 276 3788 336 1726

2082 416 2254 472 storis
2286 416 2670 470 audientium.
2704 410 2963 468 Tentatio
3010 409 3240 477 accidit,
3278 425 3581 482 persevera
3604 429 3786 483 usque

2082 504 2138 559 in
2164 505 2370 560 tinem:
2397 505 2534 575 quia
2566 500 2808 558 tentatio
2825 516 2937 555 non
2952 503 3273 569 perseverat
3289 515 3473 571 usque
3488 502 3545 555 in
3561 500 3782 557 finem'.

2081 593 2276 666 Usque
2305 595 2364 650 in
2397 610 2565 665 quem
2599 592 2769 647 ﬁnem
2803 589 3242 660 perseverabis?
3271 591 3587 662 Quousque
3621 590 3787 646 ﬁnias

2079 685 2252 739 viam.
2279 683 2567 748 Quamdiu
2590 681 2744 738 enim
2765 698 2878 736 non
2903 680 3070 735 audis
3093 679 3785 745 Christum,adversarius

2079 777 2215 829 tuus
2247 781 2335 828 est
2365 774 2421 828 in
2455 774 2566 827 ista
2596 772 2707 841 via,
2743 770 2848 826 hoc
2897 774 2986 824 est
3024 769 3080 823 in
3113 770 3223 824 ista
3255 768 3479 824 mortali
3511 770 3641 826 vita.
3675 771 3782 825 Sed

2079 864 2217 935 quid
2258 863 2443 919 dicit?
2475 861 2748 918 Concorda
2778 878 2900 915 cum
2940 860 3263 916 adversario
3295 869 3389 916 tuo
3419 861 3544 927 cito,
3577 861 3705 917 dum
3730 880 3784 919 es

2077 971 2199 1010 cum
2231 971 2293 1010 eo
2325 958 2384 1009 in
2415 955 2502 1010 via
2541 952 2754 1022 (Matth.
2787 969 2839 1018 v,
2862 952 2971 1020 25).
3008 950 3257 1016 Audisti,
3292 951 3614 1018 credidisti,
3648 970 3783 1008 con-

2079 1042 2353 1098 cordasti.
2379 1042 2437 1097 Si
2469 1040 2886 1104 adversabaris,
2911 1039 3209 1095 concorda.
3240 1039 3298 1094 Si
3330 1039 3434 1094 tibi
3458 1041 3779 1108 praestitum

2079 1138 2164 1190 est
2213 1132 2582 1198 concordare,
2619 1130 2736 1184 noli
2787 1129 3024 1184 ulterius
3075 1127 3322 1199 litigare.
3359 1131 3597 1195 Quando
3631 1131 3781 1185 enim

2079 1221 2321 1276 ﬁniatur
2352 1222 2439 1275 via
2472 1220 2676 1286 nescis,
2710 1220 2808 1274 sed
2842 1224 3032 1274 tamen
3066 1219 3175 1274 scit
3223 1219 3340 1274 ille.
3376 1218 3434 1274 Si
3468 1220 3589 1275 ovis
3619 1235 3698 1289 es,
3731 1228 3784 1275 et

2076 1312 2126 1366 si
2161 1310 2608 1380 perseveraveris
2636 1324 2822 1379 usque
2855 1308 2910 1362 in
2948 1308 3142 1374 finem,
3177 1308 3370 1364 salvus
3400 1309 3513 1364 eris
3549 1326 3561 1364 :
3588 1327 3653 1365 ac
3685 1326 3785 1380 per

2075 1398 2183 1454 hoc
2216 1400 2385 1454 istam
2421 1414 2611 1454 vocem
2645 1414 2759 1452 non
2806 1401 3186 1453 contemnunt
3231 1397 3342 1467 sui,
3379 1414 3490 1453 non
3536 1399 3786 1455 audiunt

2077 1489 2270 1546 alieni.
2307 1490 2378 1545 Ut
2409 1489 2589 1562 potui,
2624 1492 2684 1543 ut
2713 1488 2837 1560 ipse
2868 1488 3124 1552 donavit,
3154 1488 3502 1560 profundam
3529 1490 3782 1545 multum

2078 1581 2452 1652 quaestionem
2484 1583 2584 1634 aut
2613 1578 2847 1649 exposui
2872 1578 3050 1644 vobis,
3076 1582 3177 1634 aut
3200 1578 3438 1634 tractavi
3459 1579 3782 1635 vobiscum.

2076 1671 2132 1726 Si
2165 1670 2265 1740 qui
2327 1669 2522 1724 minus
2571 1668 2998 1738 intellexerunt,
3034 1673 3265 1724 maneat
3308 1669 3510 1736 pietas,
3541 1671 3597 1723 et
3628 1685 3784 1724 reve-

2073 1759 2286 1816 labitur
2315 1759 2566 1814 veritas:
2601 1757 2699 1829 qui
2746 1761 2940 1814 autem
2988 1757 3414 1826 intellexerunt,
3449 1775 3562 1814 non
3597 1775 3658 1815 se
3689 1775 3786 1815 ex-

2074 1851 2281 1907 tollant
2313 1849 2476 1920 quasi
2513 1848 2812 1904 celeriores
2845 1863 3022 1919 super
3042 1848 3341 1913 tradiores,
3371 1864 3441 1904 ne
3462 1849 3784 1904 extollendo

2074 1956 2135 1996 se
2167 1939 2511 2006 exorbitant,
2546 1941 2602 1992 et
2635 1937 2860 1994 facilius
2883 1938 3220 2009 perveniant
3241 1939 3546 1995 tradiores.
3566 1939 3782 1994 Omnes

2074 2034 2263 2086 autem
2300 2029 2580 2100 perducat
2628 2027 2719 2082 cui
2767 2026 3018 2082 dicimus
3045 2043 3059 2080 :
3085 2028 3263 2082 Deduc
3295 2043 3398 2095 me,
3440 2029 3687 2092 Domine,
3722 2031 3781 2083 in

2074 2120 2163 2176 via
2193 2130 2311 2182 tua,
2339 2123 2387 2174 et
2423 2118 2712 2174 ambulabo
2745 2117 2802 2172 in
2833 2119 3062 2173 veritate
3093 2125 3189 2174 tua
3219 2118 3395 2181 (Psal.
3431 2135 3632 2185 Lxxxv,
3670 2121 3778 2189 11).

2145 2210 2233 2264 14.
2268 2210 2370 2265 Per
2401 2208 2509 2263 hoc
2540 2224 2670 2276 ergo
2703 2208 2856 2278 quod
2883 2207 3151 2278 exposuit
3189 2207 3636 2278 Dominus,quia
3660 2208 3783 2278 ipso

2071 2303 2161 2357 est
2191 2299 2428 2369 ostium,
2462 2298 2748 2353 intremus
2770 2298 2840 2351 ad
2867 2312 2931 2350 ea
2961 2313 3088 2367 quas
3121 2297 3437 2368 pr0posuit,
3474 2313 3578 2351 nec
3607 2313 3782 2367 expo-

2072 2391 2210 2448 suit.
2231 2390 2294 2444 Et
2319 2398 2508 2460 pastor
2529 2386 2755 2458 quidem
2782 2386 3046 2458 quisnam
3075 2386 3165 2452 sit,
3191 2385 3460 2457 quamvis
3483 2402 3597 2441 non
3626 2387 3783 2442 dixe-

2073 2482 2148 2538 rit
2178 2482 2234 2536 in
2269 2481 2378 2536 ista
2411 2479 2644 2534 lectione
2676 2495 2802 2550 qua:
2825 2477 2997 2532 hodie
3019 2477 3258 2532 recitata
3287 2481 3394 2542 est,
3420 2481 3614 2532 tamen
3639 2477 3699 2530 in
3721 2492 3784 2531 ea

2073 2587 2201 2642 quae
2225 2569 2486 2640 sequitur
2517 2565 2880 2637 apertissime
2905 2565 3078 2621 dicit:
3103 2567 3208 2636 Ego
3228 2581 3350 2620 sum
3379 2569 3563 2636 pastor
3594 2565 3782 2620 bonus.

2072 2661 2233 2728 Quod
2268 2659 2374 2715 etsi
2411 2675 2525 2713 non
2557 2657 2793 2721 diceret,
2826 2670 3001 2726 quem
3034 2655 3215 2710 alium
3251 2654 3668 2726 praeteripsum
3704 2654 3786 2709 in-

2073 2759 2331 2830 telligere
2364 2755 2702 2812 deberemus
2743 2753 2801 2808 in
2843 2753 2926 2809 eis
2957 2751 3174 2820 verbis,
3206 2751 3306 2806 ubi
3327 2753 3411 2806 ait
3441 2765 3455 2806 :
3491 2772 3518 2800 «
3553 2753 3659 2817 Qui
3692 2751 3783 2804 in-

2073 2851 2186 2902 trat
2205 2863 2306 2918 per
2333 2844 2571 2910 ostium,
2589 2846 2784 2915 pastor
2809 2847 2895 2897 est
2927 2842 3141 2898 ovium.
3164 2840 3310 2896 Huic
3354 2839 3631 2896 ostiarius
3655 2856 3786 2910 ape-

2074 2938 2149 2993 rit
2182 2941 2275 2993 ;et
2305 2952 2439 2991 oves
2473 2948 2667 2989 vocem
2702 2934 2827 3002 ejus
2860 2931 3142 2998 audiunt;
3173 2935 3230 2987 et
3252 2929 3513 3002 proprias
3536 2945 3666 2986 oves
3688 2946 3785 2985 vo-

2073 3033 2167 3085 cat
2216 3025 2581 3090 nominatim,
2614 3029 2670 3079 et
2717 3023 2913 3080 educit
2954 3039 3070 3078 eas.
3104 3022 3174 3078 Et
3195 3038 3328 3078 cum
3359 3023 3624 3093 proprias
3651 3038 3784 3077 oves

2075 3117 2352 3185 emiserit,
2385 3119 2519 3171 ante
2550 3130 2646 3169 eas
2678 3113 2865 3168 vadit:
2897 3116 2952 3169 et
2972 3128 3106 3168 oves
3128 3127 3260 3167 eum
3287 3110 3786 3183 equuntur,quia

2074 3211 2266 3267 sciunt
2286 3223 2479 3266 vocem
2501 3207 2627 3278 ejus
2647 3207 2673 3261 ‘2
2707 3227 2732 3255 ››
2757 3205 2896 3271 Quis
2918 3204 3073 3260 enim
3097 3203 3248 3259 alius
3264 3219 3396 3260 oves
3410 3202 3672 3275 proprias
3695 3219 3785 3258 vo-

2075 3309 2164 3359 cat
2197 3299 2561 3358 nominatim.
2595 3300 2652 3352 et
2675 3297 2985 3352 educiteas
3008 3293 3144 3349 hinc
3180 3294 3248 3349 ad
3280 3293 3458 3349 vitam
3482 3296 3781 3361 aeternam,

2076 3390 2186 3448 nisi
2212 3391 2310 3462 qui
2345 3388 2504 3446 novit
2535 3385 2771 3443 nomina
2803 3383 3345 3456 praedestinatorum
3372 3383 3399 3436 ‘2
3419 3380 3577 3436 Unde
3603 3381 3683 3436 ait
3703 3381 3784 3436 di-

2074 3481 2317 3555 scipulis
2335 3479 2477 3547 suis,
2498 3477 2740 3535 Gaudete
2761 3475 2892 3548 quia
2907 3475 3132 3531 nomina
3151 3477 3329 3528 vestra
3350 3473 3558 3543 scripta
3574 3478 3702 3526 sunt
3725 3472 3784 3524 in

2073 3573 2214 3629 creta
2245 3573 2392 3642 (Luc.
2424 3587 2480 3638 x,
2511 3569 2602 3638 20)
2635 3585 2648 3624 :
2683 3567 2818 3623 hinc
2865 3565 3020 3621 enim
3053 3567 3219 3620 vocat
3255 3578 3355 3618 eas
3411 3559 3780 3618 nominatim.

2076 3662 2146 3718 Et
2175 3661 2311 3732 quia
2334 3659 2484 3716 alius
2514 3674 2608 3713 eas
2640 3655 2870 3719 emittit,
2908 3653 3020 3710 nisi
3069 3653 3169 3725 qui
3201 3667 3400 3709 earum
3436 3654 3671 3722 peccata
3700 3649 3782 3705 di-

2077 3751 2275 3818 mittit,
2310 3754 2376 3804 ut
2407 3764 2536 3803 eum
2579 3746 2738 3818 sequi
2772 3745 2933 3801 duris
2961 3743 3216 3800 liberatae
3245 3740 3498 3798 vinculis
3521 3740 3777 3813 possint!

2075 3842 2141 3897 Et
2171 3841 2305 3913 quis
2332 3856 2431 3895 eas
2478 3837 2772 3910 praecessit
2819 3851 2931 3908 quo
2986 3851 3120 3891 eum
3171 3840 3510 3904 sequantur,
3536 3831 3648 3887 nisi
3682 3832 3782 3902 qui

2074 3947 2321 4003 surgens
2349 3947 2381 3985 a
2416 3927 2657 3985 mortuis
2691 3927 2815 3996 jam
2849 3942 2962 3982 non
2997 3928 3267 3992 moritur,
3299 3927 3354 3978 et
3385 3938 3540 3978 mors
3555 3921 3607 3978 ei
3631 3922 3784 3978 ultra

2077 4038 2189 4077 non
2209 4018 2612 4076 dominabitur
2645 4017 2826 4088 (Rom.
2851 4031 2924 4085 v1,
2954 4014 3042 4088 9):
3069 4018 3126 4070 et
3155 4029 3288 4069 cum
3315 4012 3410 4069 hic
3432 4012 3783 4083 conspicuus

2076 4114 2227 4166 esset
2256 4110 2314 4164 in
2347 4125 2525 4164 carne
2581 4107 2682 4173 ait,
2721 4129 2740 4155 σι
2773 4106 2960 4171 Pater,
3017 4120 3164 4176 quos
3212 4101 3425 4158 dedisti
3458 4101 3624 4170 mihi,
3656 4101 3783 4157 volo

2081 4206 2146 4256 ut
2176 4200 2273 4255 ubi
2304 4216 2404 4270 ego
2437 4214 2586 4262 sum,
2609 4195 2796 4266 etipsi
2830 4195 2949 4250 sint
2979 4210 3204 4250 mecum
3231 4213 3256 4244 ›
3283 4194 3460 4263 (Joan,
3491 4207 3628 4255 xvn,
3649 4193 3784 4260 24)?

2080 4291 2242 4346 Unde
2274 4289 2416 4345 illud
2440 4289 2695 4359 estquod
2727 4287 2835 4342 ait:
2872 4308 2899 4335 «
2935 4285 3050 4356 Ego
3073 4299 3201 4340 sum
3224 4282 3474 4338 ostium:
3501 4297 3602 4352 per
3629 4298 3720 4336 me
3735 4284 3782 4336 si

2078 4382 2211 4454 quis
2229 4379 2537 4446 introierit,
2554 4377 2897 4441 salvabitur;
2913 4379 2967 4430 at
2982 4369 3782 4445 ingredietur,etegredietur;

2078 4479 2132 4526 et
2163 4485 2380 4540 pascua
2409 4465 2681 4523 inveniet.
2719 4486 2745 4513 ››
2779 4465 2841 4519 In
2877 4463 2981 4518 hoc
3033 4460 3330 4516 evidenter
3358 4457 3636 4525 ostendit,
3669 4475 3782 4513 non

2077 4560 2271 4617 solum
2295 4563 2610 4631 pastorem,
2644 4555 2743 4610 sed
2795 4553 2965 4608 etiam
3016 4567 3147 4607 oves
3177 4549 3394 4604 intrare
3417 4564 3517 4618 per
3546 4548 3781 4606 ostium.

2153 4653 2236 4706 15.
2261 4651 2371 4706 Sed
2421 4649 2556 4719 quid
2606 4650 2713 4714 est,
2746 4643 3106 4716 ingredietur,
3140 4648 3190 4697 et
3229 4641 3564 4710 egredietur,
3606 4647 3656 4696 et
3685 4658 3782 4712 pa-

2075 4740 2456 4798 scuainveniet
2485 4744 2501 4792 !
2530 4735 2758 4809 [ngredi
2777 4735 2990 4806 quippe
3012 4733 3074 4789 in
3100 4730 3416 4788 Ecclesium
3447 4746 3546 4802 per
3567 4731 3781 4787 ostium

2077 4831 2392 4898 Christum,
2428 4826 2588 4883 valde
2621 4827 2835 4881 bonum
2857 4828 2981 4880 est:
3015 4823 3170 4879 exire
3195 4824 3390 4877 autem
3414 4820 3484 4876 de
3508 4819 3783 4883 Ecclesia,

2077 4920 2227 4977 sicut
2248 4921 2328 4975 ait
2348 4919 2456 4974 iste
2477 4917 2598 4988 ipse
2618 4919 2870 4972 Joannes
2894 4911 3245 4982 evangelista
3282 4910 3341 4966 in
3380 4908 3638 4980 Epistola
3659 4924 3785 4975 sua,

2077 5016 2169 5068 Ex
2197 5009 2350 5068 nobis
2380 5011 2654 5076 exierunt,
2675 5005 2766 5062 sed
2795 5021 2902 5059 non
2925 5007 3169 5060 erantex
3192 5001 3345 5057 nobis
3367 4999 3549 5070 (Joan.
3574 5015 3637 5069 ιι,
3672 4998 3784 5065 19);

2077 5122 2193 5161 non
2227 5107 2312 5160 est
2343 5103 2544 5174 utique
2567 5102 2804 5157 bonum.
2825 5098 3121 5169 Talisergo
3144 5109 3418 5167 egressus
3451 5107 3563 5146 non
3589 5101 3784 5161 posset

2078 5211 2110 5249 a
2141 5194 2289 5249 bono
2314 5197 2547 5265 pastore
2577 5189 2830 5256 laudari;
2867 5192 2928 5243 ut
2958 5187 3200 5252 diceret,
3233 5188 3282 5238 et
3342 5180 3698 5250 ingredietur,
3731 5185 3783 5234 et

2075 5284 2400 5356 egredietur,
2433 5290 2484 5339 et
2515 5297 2717 5352 pascua
2746 5277 3001 5334 inveniet.
3035 5277 3134 5331 Est
3163 5289 3296 5344 ergo
3316 5269 3530 5341 aliquis
3552 5286 3668 5326 non
3691 5287 3786 5327 so-

2074 5374 2196 5431 lum
2215 5374 2534 5445 ingressus,
2553 5385 2749 5444 verum
2766 5368 2937 5423 etiam
2955 5379 3222 5437 egressus
3236 5362 3427 5418 bonus
3445 5376 3546 5432 per
3567 5361 3783 5418 ostium

2075 5463 2314 5529 bonum,
2349 5460 2505 5532 quod
2525 5462 2611 5515 est
2638 5456 2922 5513 Christus.
2947 5456 3053 5510 Sed
3070 5452 3199 5526 quis
3221 5455 3311 5510 est
3344 5451 3451 5508 iste
3476 5449 3784 5507 laudabilis

2137 5573 2154 5608 ί
2181 5568 2370 5619 Isthmo
2405 5565 2689 5618 sententia,
2710 5561 3072 5626 quiaitentatio
3103 5575 3201 5612 non
3222 5566 3516 5626 perseverat
3540 5572 3697 5624 usque
3730 5560 3783 5608 in

2072 5636 2253 5697 ﬁnem,
2280 5632 2428 5682 abest
2459 5644 2487 5679 a
2519 5625 2758 5694 plerique
2789 5625 2914 5679 Mss.
