4148 6190
229 74 540 102 πςη-,π-η,
619 74 630 80 -

256 282 411 341 1729

241 421 371 476 Haec
393 422 610 489 omnia,
636 422 866 489 fratres,
895 420 1216 475 secundum
1240 418 1654 474 similitudines
1682 417 1948 488 accipite,

241 528 355 566 non
389 513 714 567 secundum
749 512 1151 583 proprietates.
1174 508 1440 565 Solemus
1471 509 1660 563 videre
1694 513 1955 579 pastores

241 604 438 658 sedere
490 616 666 671 supra
694 606 937 671 petram,
972 606 1028 654 et
1066 598 1198 653 inde
1237 597 1550 653 commissa
1581 597 1693 652 sibi
1754 612 1957 666 pecora

241 691 576 746 custodire:
629 691 832 761 utique
878 689 1079 744 melior
1129 697 1318 759 pastor
1349 705 1527 758 quam
1565 691 1744 758 petra,
1787 701 1957 754 super

241 796 413 849 quam
447 781 607 838 sedet
638 786 868 852 pastor;
903 788 956 836 et
994 784 1182 833 tamen
1233 778 1499 832 Christus
1548 783 1603 833 et
1651 781 1850 847 pastor
1901 778 1958 830 et

242 877 421 940 petra.
455 870 663 925 Totum
697 871 803 925 hoc
833 869 1158 924 secundum
1190 866 1666 922 similitudinem.
1700 865 1954 934 Proprie-

242 964 421 1014 tatem
454 965 648 1015 autem
683 960 728 1015 si
790 977 1015 1030 quaeras
1046 977 1078 1014 a
1100 975 1228 1021 me;
1279 961 1343 1012 In
1377 955 1653 1027 principio
1684 958 1800 1010 erat
1830 956 1955 1009 Ver-

243 1052 391 1117 bum,
428 1057 479 1105 et
511 1051 735 1106 Verbum
765 1058 884 1106 erat
907 1049 1059 1121 apud
1089 1051 1279 1112 Deum,
1312 1051 1360 1102 et
1409 1049 1543 1102 Deus
1571 1054 1688 1101 erat
1728 1046 1956 1100 Verbum

241 1139 499 1207 (Ioan.1,
536 1141 608 1209 1).
663 1141 720 1194 Si
781 1155 1002 1207 quaeras
1052 1156 1086 1193 a
1137 1153 1226 1192 me
1276 1136 1724 1207 proprietatem;
1783 1133 1956 1188 Filius

244 1230 456 1284 unicus
507 1230 576 1284 de
624 1234 791 1285 Patre
840 1230 896 1283 in
957 1232 1238 1282 aeternum
1301 1227 1372 1281 ab
1431 1237 1643 1279 aeterno
1703 1224 1952 1294 genitus,

241 1319 481 1387 aequalis
511 1319 793 1389 gignenti,
851 1332 952 1387 per
981 1331 1158 1387 quem
1211 1317 1357 1370 facta
1389 1322 1521 1369 sunt
1571 1313 1785 1379 omnia,
1821 1328 1954 1366 cum

242 1409 409 1462 Patre
444 1406 961 1472 incommutabilis,
994 1410 1049 1460 et
1079 1412 1314 1475 accepta
1352 1403 1534 1457 forma
1564 1401 1816 1456 hominis
1843 1417 1955 1455 non

243 1501 526 1560 mutatus.
541 1513 607 1552 ex
625 1497 1022 1552 incarnatione
1039 1495 1236 1562 homo,
1257 1492 1684 1548 ﬁliushominis
1705 1498 1760 1547 et
1777 1491 1956 1547 Filius

241 1586 357 1642 Dei.
401 1588 518 1642 Hoc
536 1591 719 1642 totum
739 1587 891 1658 quod
921 1585 1058 1652 dixi,
1085 1601 1200 1638 non
1228 1584 1572 1648 similitudo,
1600 1583 1699 1637 sed
1735 1598 1824 1637 res
1847 1585 1954 1636 est.

309 1677 362 1730 1.
390 1675 517 1731 Non
537 1693 669 1744 ergo
695 1678 886 1747 pigeat
909 1692 1035 1739 nos,
1062 1675 1290 1739 fratres,
1317 1674 1637 1727 secundum
1660 1671 1956 1742 quaedam

241 1767 662 1822 similitudines
681 1767 871 1838 ipsum
887 1767 1144 1836 accipere
1160 1766 1398 1830 ostium,
1420 1765 1610 1834 ipsum
1633 1762 1954 1819 ostiarium.

241 1857 387 1919 Quid
415 1855 674 1910 estenim
700 1855 962 1911 ostium?
992 1856 1110 1918 Qua
1139 1857 1452 1908 intramus.
1487 1852 1634 1918 Quid
1667 1857 1755 1906 est
1778 1850 1956 1906 ostia-

244 1946 357 2000 rius
379 1945 407 1999 ?
428 1945 532 2009 Qui
560 1946 762 2014 aperit.
781 1946 920 2011 Quis
940 1961 1071 2014 ergo
1090 1961 1150 1999 se
1173 1943 1376 2014 aperit,
1405 1943 1516 1996 nisi
1560 1941 1654 2012 qui
1701 1941 1955 2010 scipsum

243 2034 522 2106 exponit?
545 2035 686 2090 Ecce
711 2034 991 2089 Dominus
1016 2034 1238 2088 dixerat
1259 2034 1495 2100 ostium,
1522 2049 1634 2086 non
1660 2030 1958 2086 intellexe-

243 2141 473 2189 rainus;
510 2125 746 2194 quando
779 2141 891 2178 non
919 2123 1337 2188 intelleximus,
1371 2121 1637 2176 clausum
1672 2125 1796 2175 erat
1821 2136 1832 2172 :
1860 2120 1960 2190 qui

240 2216 490 2285 aperuit,
546 2215 669 2284 ipse
698 2219 784 2269 est
816 2213 1111 2268 ostiarius.
1148 2211 1318 2268 Nulla
1349 2216 1436 2267 est
1474 2227 1610 2282 ergo
1644 2209 1958 2266 necessitas

241 2305 462 2375 aliquid
497 2304 656 2358 aliud
691 2318 971 2373 quaerere,
998 2301 1158 2356 nulla
1189 2300 1540 2357 necessitas:
1579 2300 1677 2356 sed
1714 2300 1958 2354 fortasse

239 2403 322 2448 est
353 2393 652 2448 voluntas.
686 2393 743 2446 Si
775 2396 864 2447 est
894 2390 1178 2458 voluntas,
1232 2390 1346 2445 noli
1400 2388 1738 2455 exorbitare,
1776 2387 1890 2442 noli
1926 2404 1957 2442 a

240 2485 524 2539 Trinitate
557 2483 868 2538 discedere.
903 2483 961 2537 Si
997 2497 1302 2554 personam
1335 2480 1509 2535 aliam
1543 2481 1750 2549 quieris
1781 2478 1959 2532 ostia-

245 2575 329 2636 rii,
362 2573 616 2644 Spiritus
640 2578 880 2627 sanctus
903 2579 1200 2626 occurrat:
1228 2587 1341 2624 non
1366 2572 1520 2624 enim
1544 2567 1960 2640 dedignabitur

240 2662 654 2717 ostiariusesse
675 2661 928 2732 Spiritus
952 2665 1210 2722 sanctus,
1236 2661 1468 2729 quando
1509 2659 1702 2728 ipsum
1744 2656 1959 2712 ostium

242 2769 359 2807 esse
384 2752 664 2822 dignatus
689 2755 778 2805 est
801 2750 1001 2805 Filius.
1026 2748 1168 2803 Vide
1185 2749 1480 2802 ostiarium
1507 2748 1651 2802 forte
1683 2747 1958 2817 Spiritum

243 2847 505 2896 sanctum
534 2861 544 2896 :
572 2841 696 2911 ipse
723 2839 1003 2894 Dominus
1029 2837 1329 2908 discipulis
1345 2836 1464 2890 suis
1487 2837 1556 2891 de
1577 2836 1788 2906 Spiritu
1823 2853 1958 2890 san-

242 2943 326 2986 ctu
351 2932 520 2996 dicit,
546 2931 656 3002 Ipse
671 2947 762 2984 vos
783 2930 987 2984 docebit
1009 2944 1221 2982 omnem
1247 2931 1548 2982 veritatem.
1580 2927 1681 2995 (Id.
1708 2942 1818 2992 xvr,
1847 2926 1956 2996 13).

242 3021 466 3075 Ostium
493 3019 630 3090 quid
648 3019 770 3073 est?
791 3018 1073 3072 Christus.
1105 3016 1250 3082 Quid
1271 3021 1358 3070 est
1380 3015 1688 3069 Christus?
1709 3013 1956 3068 Veritas.

241 3110 376 3173 Quis
408 3111 598 3173 aperit
627 3107 862 3173 ostium,
891 3106 996 3160 nisi
1024 3106 1118 3175 qui
1150 3105 1316 3160 docet
1344 3118 1574 3157 omnem
1609 3103 1906 3156 veritatem
1930 3099 1957 3154 7

311 3199 365 3251 5.
407 3198 488 3252 De
521 3196 878 3250 mercenario
912 3199 1102 3248 autem
1130 3194 1262 3262 quid
1289 3191 1586 3246 dicimus?
1627 3190 1750 3244 Non
1775 3191 1829 3244 in
1867 3189 1960 3243 bo-

244 3291 326 3343 nis
359 3287 459 3342 hic
489 3289 987 3342 commemoratus
1007 3287 1114 3338 est.
1143 3285 1330 3336 Pastor
1361 3282 1552 3346 bonus,
1586 3281 1686 3346 ait,
1712 3279 1959 3334 animam

241 3396 392 3433 suam
425 3378 524 3430 dat
545 3392 641 3445 pro
686 3377 890 3430 ovibus.
942 3373 1325 3440 Mercenarius,
1379 3381 1428 3425 et
1459 3373 1554 3441 qui
1605 3387 1712 3425 non
1748 3373 1826 3423 est
1854 3385 1958 3438 pa-

241 3473 364 3529 stor.
397 3467 559 3536 cujus
578 3481 688 3520 non
708 3470 836 3519 sunt
865 3479 984 3517 oves
1013 3460 1278 3532 propriae,
1314 3459 1453 3514 videt
1505 3460 1689 3530 lupum
1736 3459 1957 3513 venien-

243 3569 363 3623 tem,
385 3567 438 3612 et
473 3556 699 3610 dimittit
727 3569 863 3620 oves,
889 3561 936 3606 et
955 3553 1138 3620 fugit;
1170 3560 1220 3605 et
1239 3553 1396 3620 lupus
1429 3549 1596 3619 rapit,
1621 3557 1672 3603 et
1693 3548 1958 3619 dispergit

242 3666 380 3703 oves.
414 3645 544 3700 Non
579 3646 671 3698 hic
704 3646 912 3698 bonam
950 3657 1249 3711 personam
1281 3639 1672 3694 mercenarius
1714 3638 1880 3709 gerit,
1905 3641 1960 3692 et

245 3750 442 3796 tamen
497 3739 554 3792 in
603 3736 792 3805 aliquo
846 3730 1005 3788 utilis
1049 3737 1180 3786 est:
1234 3748 1338 3786 nec
1371 3731 1763 3785 mercenarius
1796 3729 1991 3797 dice-_

247 3837 424 3896 retur,
479 3827 594 3882 nisi
646 3828 925 3895 acciperet
972 3840 1005 3877 a
1036 3822 1392 3877 conducente
1443 3819 1787 3874 mercedem.
1822 3816 1958 3881 Quis

247 3925 335 3976 est
365 3917 628 3988 ergoiste
653 3912 1065 3977 mercenarius,
1082 3919 1130 3965 et
1149 3908 1457 3980 culpabilis
1481 3913 1534 3962 et
1557 3906 1960 3963 necessarius?

251 4011 350 4064 Hic
385 4025 545 4075 vero,
579 4007 805 4071 fratres,
861 4003 1049 4056 luceat
1095 4001 1263 4055 nobis
1298 4000 1419 4070 ipse
1454 3999 1760 4062 Dominus,
1796 4002 1858 4051 ut
1905 4001 1962 4052 et

250 4096 646 4154 mercenarios
678 4093 1095 4164 intelligamus,
1131 4097 1186 4146 et
1223 4088 1562 4144 mercenarii
1605 4105 1715 4143 non
1751 4089 1960 4144 simus.

249 4189 388 4253 Quis
420 4193 510 4240 est
542 4201 677 4255 ergo
703 4180 1143 4238 mercenarius?
1174 4181 1322 4233 Sunt
1356 4180 1411 4233 in
1441 4177 1686 4233 Ecclesia
1721 4179 1958 4247 quidam

251 4275 574 4348 pra-positi,
606 4273 674 4327 de
697 4271 910 4341 quibus
934 4269 1149 4323 Paulus
1181 4267 1472 4338 apostolus
1494 4267 1630 4321 dicit
1653 4282 1664 4321 :
1684 4266 1793 4319 Sua
1817 4283 1963 4337 quae-

251 4376 448 4426 rentes,
485 4379 595 4417 non
625 4378 744 4432 quae
765 4361 888 4415 Jesu
913 4357 1139 4414 Christi.
1180 4357 1322 4421 Quid
1356 4361 1458 4420 est,
1493 4373 1590 4409 sua
1620 4363 1917 4425 quaerentes
1943 4359 1967 4409 .'

255 4455 373 4509 Non
409 4453 707 4507 Christum
759 4449 938 4519 gratis
986 4446 1312 4514 diligentes,
1367 4461 1476 4498 non
1520 4445 1698 4499 Deum
1736 4447 1968 4514 propter

257 4546 436 4600 Deum
465 4546 792 4614 qusarentes
819 4559 832 4605 ;
857 4537 1198 4607 temporalia
1216 4536 1517 4590 commoda
1548 4537 1965 4602 consectantes,

255 4636 434 4690 lucris
481 4633 792 4696 inhiantes,
849 4629 1100 4683 honores
1144 4629 1213 4680 ab
1246 4625 1585 4679 hominibus
1616 4628 1965 4694 appetentes.

257 4726 383 4780 Haec
431 4721 669 4795 quando
719 4722 992 4774 amantur
1041 4733 1073 4771 a
1121 4715 1555 4786 praepositio,et
1587 4717 1816 4784 prepter
1848 4712 1969 4766 haec

257 4815 506 4869 servitur
544 4812 694 4877 Deo;
730 4807 998 4878 quisquis
1030 4810 1118 4860 est
1140 4804 1294 4869 talis,
1320 4802 1709 4858 mercenarius
1741 4807 1850 4868 est,
1878 4802 1968 4854 in-

260 4913 345 4959 ter
378 4903 532 4956 tilias
559 4917 619 4954 se
653 4915 766 4953 non
801 4900 1114 4966 computet.
1149 4894 1227 4948 De
1259 4893 1468 4946 talibus
1502 4892 1652 4946 enim
1689 4896 1745 4945 et
1775 4888 1973 4944 Domi-

263 5012 366 5049 nus
413 4992 591 5047 dicit:
657 4991 826 5043 Amen
885 4985 1003 5040 dico
1041 4983 1209 5048 vobis,
1256 4985 1615 5052 perceperunt
1674 4977 1974 5034 mercedem

260 5101 414 5138 suam
445 5078 675 5149 (Matth.
710 5092 785 5140 v1,
818 5074 895 5144 5).
942 5073 1082 5126 Audi
1118 5073 1187 5125 de
1232 5070 1530 5124 Timotheo
1581 5072 1780 5123 sancto
1832 5066 1970 5137 quid

258 5172 409 5227 dicat
438 5165 743 5238 apostolus
777 5162 988 5216 Paulus
1019 5180 1031 5216 :
1064 5184 1082 5209 ι
1145 5160 1324 5230 Spero
1376 5162 1567 5212 autem
1620 5157 1677 5210 in
1733 5155 1974 5210 Domino

259 5263 391 5317 Jesu
423 5255 801 5313 Timotheum
835 5252 946 5307 cito
999 5250 1225 5304 mittere
1272 5247 1453 5314 vobis,
1490 5255 1547 5300 ut
1590 5250 1647 5299 et
1689 5260 1792 5314 ego
1826 5243 1976 5298 bono

261 5353 446 5406 anime
474 5347 612 5410 sim,
651 5358 781 5399 cum
816 5355 1135 5412 cognovero
1167 5353 1293 5407 quae
1343 5335 1494 5390 circa
1524 5350 1624 5390 vos
1657 5333 1814 5388 sint:
1868 5346 1978 5387 ne-

266 5441 476 5493 minem
511 5433 672 5490 enim
708 5430 890 5484 habeo
924 5427 1262 5483 unanimem
1292 5427 1330 5490 ¹,
1355 5422 1454 5494 qui
1479 5436 1750 5493 germane
1780 5420 1851 5474 de
1873 5435 1979 5474 vo-

267 5530 348 5583 bis
370 5525 658 5582 sallicitus
688 5519 781 5576 sit.
815 5519 1028 5573 Omnes
1059 5515 1212 5572 cnim
1244 5531 1348 5568 sua
1381 5516 1668 5583 quierunt,
1703 5527 1816 5566 non
1849 5521 1981 5579 quae

331 5653 442 5702 ‘Sic
476 5651 604 5700 Mes.
647 5643 788 5692 Editi
819 5655 963 5703 vero,
996 5649 1106 5690 tam
1133 5630 1446 5689 unanimem.

1443 277 1924 340 TRACTATUS
1970 273 2172 334 XLVI.
2221 276 2479 338 CAPUT
2522 278 2592 338 X.

3622 277 3778 338 1730

2062 416 2196 472 Jesu
2231 417 2442 474 Christi
2467 419 2792 491 »(ΡΙιὶιίρρ.
2830 438 2887 484 II,
2927 420 3134 487 19-21).
3191 421 3347 474 Inter
3390 421 3778 477 mercenaries

2069 511 2265 574 pastor
2296 509 2616 579 ingemuit:
2655 510 2932 574 Quaesivit
2960 508 3214 579 aliquem
3249 509 3344 579 qui
3369 508 3670 564 sinceriter
3691 511 3779 562 di-

2065 596 2267 666 ligeret
2297 615 2529 668 gregem
2549 599 2782 664 Christi,
2807 605 2859 654 et
2890 599 3044 654 circa
3075 616 3134 654 se
3169 599 3226 654 in
3254 598 3335 654 eis
3366 599 3466 670 qui
3509 615 3644 654 cum
3679 599 3777 654 illo

2064 702 2130 740 eo
2163 695 2416 758 tempore
2451 693 2698 756 fuerant,
2723 706 2834 744 non
2868 689 3104 744 invenit.
3140 689 3264 744 Non
3298 690 3452 745 enim
3484 688 3541 743 in
3577 689 3771 743 Eccle-

2065 775 2152 830 sia
2181 776 2392 833 Christi
2444 784 2581 832 tunc
2613 785 2819 849 praeter
2854 778 3089 834 Paulum
3128 779 3458 849 apostolum
3490 782 3548 833 et
3577 778 3776 832 Timo-

2066 864 2262 920 tbeum
2292 884 2460 922 nemo
2492 877 2610 923 erat
2646 868 2745 938 qui
2777 885 3051 940 germane
3083 869 3152 923 de
3184 883 3356 940 grege
3387 868 3670 923 sollicitus
3691 884 3777 924 es-

2067 961 2185 1010 set:
2223 958 2321 1010 sed
2372 958 2690 1027 contigerat
2735 963 2793 1012 ut
2837 975 2903 1012 eo
2957 962 3214 1027 tempore
3263 975 3374 1026 quo
3411 957 3774 1012 Timotheum

2068 1045 2242 1110 misit,
2278 1047 2429 1100 circa
2461 1063 2521 1101 se
2553 1046 2731 1101 alium
2765 1048 2832 1100 de
2885 1047 3020 1101 ﬁliis
3061 1063 3175 1101 non
3208 1046 3441 1101 haberet
3480 1071 3495 1112 ;
3534 1047 3632 1100 sed
3669 1044 3777 1100 soli

2068 1139 2402 1192 mercenarii
2437 1155 2567 1192 cum
2599 1138 2698 1193 illo
2730 1143 2946 1206 essent,
2994 1155 3095 1193 sua
3142 1145 3466 1208 quaerentes,
3513 1152 3620 1191 non
3658 1153 3775 1207 qua:

2063 1227 2189 1281 Jesu
2229 1226 2458 1281 Christi.
2498 1228 2561 1281 Et
2592 1232 2784 1282 tamen
2817 1227 2938 1297 ipse
2970 1243 3243 1298 germane
3274 1228 3343 1282 de
3377 1241 3548 1297 grege
3571 1225 3783 1280 sollici-

2066 1323 2179 1380 Ius,
2205 1315 2412 1370 maluit
2445 1317 2629 1372 {ilium
2674 1319 2917 1381 mittere,
2969 1327 3022 1372 et
3062 1318 3212 1372 inter
3244 1316 3630 1371 mercenarios
3679 1332 3776 1370 rc-

2069 1422 2318 1461 manere.
2365 1406 2693 1461 Invenimus
2726 1411 2782 1462 et
2815 1408 3222 1473 mercenarios,
3257 1423 3366 1461 non
3401 1421 3500 1462 eos
3531 1405 3778 1460 discutit

2069 1497 2179 1552 nisi
2213 1497 2533 1562 Dominus;
2567 1498 2666 1568 qui
2698 1514 2796 1552 cor
2830 1496 3086 1568 inspicit,
3113 1497 3232 1566 ipse
3277 1495 3548 1550 discutit:
3583 1499 3776 1548 tamen

2069 1587 2377 1657 aliquando
2423 1589 2831 1658 intelliguntur
2878 1605 2911 1642 a
2960 1587 3146 1642 nobis.
3185 1587 3306 1640 Non
3359 1585 3515 1640 enim
3564 1584 3781 1638 frustra

2068 1678 2210 1732 dixit
2241 1679 2363 1748 ipse
2396 1678 2677 1732 Dominus
2709 1679 2878 1732 etiam
2905 1677 2975 1731 de
3026 1676 3217 1747 lupis:
3273 1676 3352 1730 Ea:
3394 1675 3662 1743 fructibus
3693 1687 3778 1726 eo-

2068 1785 2199 1822 rum
2227 1769 2552 1835 cognoscetis
2591 1784 2675 1822 eos
2717 1768 2928 1837 (.ilatth.
2963 1783 3062 1832 vn,
3118 1767 3220 1835 16).
3277 1764 3488 1820 Multos
3537 1764 3779 1818 interro-

2069 1865 2210 1927 gant
2241 1861 2606 1920 leniationes.
2630 1866 2686 1913 et
2710 1865 2846 1912 tunc
2867 1865 3144 1928 apparent
3168 1856 3577 1925 cogitationes:
3607 1852 3783 1908 multi

2071 1954 2265 2003 autem
2303 1952 2496 2004 latent.
2549 1950 2766 2004 Habeat
2799 1952 2812 1982 ¹
2849 1948 2994 2002 ovile
3044 1947 3271 2002 Domini
3323 1945 3674 2015 praepositos,
3728 1950 3784 1997 et

2073 2039 2220 2094 filios
2253 2046 2309 2093 et
2343 2041 2750 2094 mercenarios.
2799 2037 3096 2108 Prapositi
3129 2040 3324 2090 autem
3357 2035 3455 2106 qui
3491 2034 3592 2089 ﬁlii
3623 2041 3780 2098 sunt,

2071 2135 2329 2199 pastores
2364 2135 2520 2184 sunt.
2556 2130 2612 2183 Si
2651 2133 2912 2198 pastores
2963 2133 3121 2192 sunt,
3168 2125 3462 2196 quomodo
3497 2140 3642 2178 unus
3675 2141 3782 2193 pa-

2071 2228 2210 2287 stor,
2235 2219 2345 2275 nisi
2371 2219 2504 2290 quia
2527 2224 2665 2273 sunt
2688 2218 2766 2272 illi
2789 2233 2994 2272 omnes
3017 2216 3193 2271 unius
3213 2216 3473 2270 membra
3518 2213 3783 2282 pastoris,

2069 2311 2237 2378 cujus
2260 2313 2398 2362 sunt
2429 2322 2562 2361 oves
2596 2307 2839 2376 propriae
2876 2304 2902 2356 ?
2933 2304 3073 2358 Nam
3107 2308 3164 2356 et
3194 2302 3304 2372 ipsi
3336 2303 3598 2356 membra
3640 2304 3780 2354 sunt

2069 2399 2256 2470 ipsius
2288 2398 2460 2452 unius
2491 2396 2611 2451 ovis
2640 2413 2652 2460 ;
2687 2395 2824 2465 quia
2853 2394 2988 2448 sicut
3019 2393 3130 2448 ovis
3156 2391 3224 2446 ad
3253 2390 3648 2445 immolandum
3680 2390 3782 2443 du-

2071 2493 2186 2543 ctus
2218 2495 2319 2542 eet.

2142 2582 2192 2633 6.
2237 2578 2448 2632 Audite
2506 2581 2720 2642 autem,
2775 2574 2913 2644 quia
2962 2576 3018 2628 et
3070 2569 3410 2627 mercenarii
3462 2568 3780 2625 necessarii

2070 2672 2226 2723 sunt.
2264 2667 2433 2722 Multi
2466 2667 2679 2737 quippe
2711 2666 2768 2719 in
2820 2662 3069 2718 Ecclesia
3099 2659 3404 2716 commoda
3430 2663 3660 2714 terrena
3690 2674 3778 2712 se-

2069 2762 2316 2825 ctantes,
2350 2756 2644 2810 Christum
2699 2759 2889 2806 tamen
2935 2749 3271 2822 praedicant,
3304 2756 3360 2802 et
3397 2761 3498 2818 per
3529 2761 3626 2802 eos
3675 2762 3785 2801 vox

2069 2845 2525 2902 Christiauditur
2550 2861 2562 2898 :
2585 2849 2641 2898 et
2663 2846 2989 2912 sequuntur
3009 2856 3160 2906 oves,
3199 2854 3312 2894 non
3337 2835 3783 2904 mercenarium,

2071 2939 2166 2994 sed
2201 2951 2394 2989 vocem
2430 2933 2677 3003 pastoris
2709 2949 2806 3000 per
2839 2929 3284 2985 mercenarium.
3317 2927 3526 2980 Audite
3562 2940 3785 2980 merce-

2070 3027 2268 3083 narios
2294 3027 2364 3078 ab
2397 3025 2523 3093 ipso
2550 3022 2792 3076 Domino
2813 3020 3278 3075 demonstratae:
3313 3017 3551 3080 Scribae,
3575 3013 3789 3085 inquit,

2070 3124 2119 3172 ct
2163 3117 2414 3171 Pharisae
2460 3111 2775 3167 cathedram
2824 3108 2992 3178 Moysi
3022 3109 3205 3161 sedent
3251 3125 3272 3160 .·
3301 3121 3422 3176 qum
3461 3106 3668 3168 dicunt,
3699 3106 3790 3170 fa-

2068 3212 2214 3269 cite;
2244 3222 2362 3276 quae
2393 3208 2579 3259 autem
2617 3201 2859 3273 faciunt,
2907 3200 3086 3267 facere
3134 3197 3306 3252 nolite
3353 3195 3458 3264 (Id.
3511 3210 3670 3259 xxiii,
3701 3193 3782 3262 2).

2069 3298 2212 3364 Quid
2247 3296 2402 3351 aliud
2435 3294 2600 3359 dixit,
2634 3291 2770 3356 nisi,
2796 3291 2902 3344 Per
2932 3286 3320 3342 mercenaries
3351 3300 3546 3339 vocem
3592 3287 3780 3353 pasto-

2068 3390 2148 3444 ris
2178 3386 2412 3442 audite?
2433 3382 2696 3439 Sedendo
2719 3379 2874 3434 enim
2899 3377 3234 3432 cathedram
3258 3374 3434 3444 Moysi
3466 3373 3651 3442 legem
3681 3373 3776 3428 Dei

2068 3482 2313 3535 docent:
2347 3492 2481 3546 ergo
2530 3489 2626 3545 per
2674 3471 2806 3526 illos
2858 3474 3006 3523 Deus
3050 3467 3236 3521 docet.
3294 3465 3409 3518 Sua
3456 3478 3584 3516 vero
3618 3459 3774 3516 illisi

2064 3570 2243 3626 velint
2272 3569 2494 3628 docere,
2527 3563 2705 3618 nolite
2726 3557 2946 3621 audire,
2989 3554 3107 3611 noli
3156 3552 3359 3608 facere.
3408 3551 3571 3606 Certe
3616 3548 3772 3605 enim

2068 3663 2210 3718 tales
2242 3676 2349 3714 sua
2378 3661 2666 3728 quairunt,
2700 3667 2812 3706 non
2861 3664 2984 3720 quas
3013 3648 3145 3702 Jesu
3173 3643 3423 3699 Christi:
3468 3640 3660 3696 nullus
3687 3648 3771 3695 ta-

2069 3768 2196 3808 men
2250 3746 2636 3804 mercenarius
2680 3757 2856 3796 ausus
2903 3743 2992 3794 est
3039 3737 3231 3792 dicere
3284 3733 3495 3805 populo
3535 3731 3774 3798 Christi,

2065 3848 2183 3898 Tua
2214 3855 2425 3911 quaere,
2469 3852 2584 3890 non
2618 3849 2741 3904 quae
2772 3830 2911 3886 Jesu
2959 3825 3196 3884 Christi.
3241 3825 3400 3890 Quod
3436 3821 3592 3878 enim
3627 3820 3777 3911 iacit

2071 3907 2248 3997 male,
2275 3945 2388 3984 non
2426 3924 2703 3997 prrsdicat
2735 3922 2805 3976 de
2844 3916 3119 3974 cathedra
3147 3913 3400 3972 Christi:
3447 3911 3583 3966 inde
3627 3907 3781 3965 laedit

2071 4021 2224 4076 unde
2256 4017 2408 4073 mala
2439 4016 2597 4080 facit,
2629 4029 2740 4067 non
2774 4009 2928 4066 unde
2952 4009 3101 4062 bona
3123 4005 3281 4060 dicit.
3314 4002 3556 4057 Botruin
3587 4014 3780 4070 carpe,

2071 4111 2298 4182 spinam
2333 4121 2491 4162 cave.
2526 4104 2698 4167 Bene,
2744 4099 2882 4171 quia
2933 4091 3350 4158 intellexistis;
3399 4091 3496 4144 sed
3551 4092 3782 4159 propter

2071 4176 2356 4255 tardiores
2380 4197 2570 4251 dicam
2596 4193 2704 4247 hoc
2727 4190 2878 4244 idem
2907 4187 3160 4258 planius.
3184 4179 3481 4247 Quomodo
3503 4177 3643 4242 dixi,
3671 4176 3779 4229 Βυ-

2075 4297 2229 4347 trum
2263 4303 2453 4356 carpe,
2487 4284 2712 4354 spinam
2745 4294 2917 4342 cave;
2952 4291 3086 4330 cum
3110 4271 3386 4327 Dominus
3409 4267 3581 4331 dicat,
3610 4265 3775 4318 Num-

2075 4380 2206 4453 quid
2246 4353 2530 4446 colligunt
2557 4372 2620 4426 de
2656 4368 2836 4439 spinis
2892 4381 3073 4425 uvam,
3124 4364 3218 4414 aut
3265 4358 3333 4412 de
3363 4354 3586 4410 tribulis
3619 4353 3780 4451 ﬁcum

2075 4443 2179 4542 (id.
2210 4485 2308 4533 xu,
2360 4443 2493 4536 iii)?
2549 4461 2758 4514 Verum
2793 4459 2880 4510 est
2928 4452 3168 4508 omnino
3208 4451 3314 4542 ;‘et
3358 4450 3552 4499 tamen
3601 4443 3776 4542 etiam

2077 4528 2274 4616 verum
2308 4528 2582 4626 ego'dixi,
2634 4549 2869 4602 Botrum
2921 4555 3110 4610 carpe,
3162 4536 3384 4608 spinam
3435 4547 3592 4588 cave.
3640 4528 3784 4594 Quia

2080 4652 2277 4706 botrus
2327 4620 2638 4714 aliquando
2688 4639 2758 4691 de
2791 4633 2979 4690 radice
3022 4629 3156 4684 vitis
3184 4633 3436 4688 exortus,
3480 4621 3691 4714 pendet
3721 4620 3782 4674 in

2080 4755 2235 4811 sepe,
2268 4710 2473 4790 crescit
2506 4732 2748 4802 palmes,
2792 4721 3068 4779 inseritur
3094 4716 3302 4811 spinis,
3335 4719 3392 4770 et
3432 4710 3782 4811 portatirul—

2273 4824 2442 4893 spina
2463 4795 2576 4875 non
2597 4795 2792 4872 suum.
2828 4812 2952 4869 Non
2986 4809 3138 4864 enim
3160 4805 3389 4875 spinam
3413 4801 3544 4856 vitis
3569 4795 3782 4893 attulit,

2083 4919 2182 4975 sed
2217 4888 2400 4986 spinis
2433 4909 2653 4981 palmes
2684 4901 2966 4960 incubuit.
2999 4896 3126 4954 Noli
3163 4896 3522 4963 interrogare
3554 4888 3786 4986 nisira-

2081 4977 2267 5064 dices:
2313 4977 2509 5071 Quiere
2559 4998 2813 5055 radicem
2861 4992 3063 5064 spiam,
3096 4992 3259 5043 extra
3306 4982 3530 5038 invenis
3570 4995 3602 5032 a
3632 4977 3783 5042 vite;

2083 5112 2270 5168 quaere
2301 5065 2586 5164 originem
2611 5103 2754 5152 uvas,
2774 5083 2901 5138 vitis
2924 5081 3070 5134 hanc
3095 5073 3337 5148 protulit
3355 5087 3422 5125 ex
3446 5068 3654 5122 radice.
3679 5065 3783 5120 Cr

2085 5163 2286 5243 t-hedra
2335 5163 2466 5252 ergo
2513 5178 2691 5249 Moysi
2739 5174 2872 5228 vitis
2920 5173 3079 5224 erat:
3133 5163 3558 5252 Pharisaeorum
3598 5171 3786 5210 mores

2087 5277 2264 5348 spinis
2286 5245 2468 5329 erant.
2494 5245 2762 5324 Doctrina
2784 5276 2912 5315 vera
2948 5273 3047 5327 per
3070 5252 3273 5316 malos,
3302 5247 3523 5320 palmes
3547 5245 3604 5344 in
3627 5260 3786 5348 sepe,

2089 5332 2287 5423 bctrus
2318 5363 2466 5417 inter
2497 5357 2713 5429 spinas.
2746 5352 2922 5406 Caute
2943 5345 3065 5414 lege
3086 5343 3127 5405 2,
3163 5355 3234 5396 ne
3261 5340 3397 5394 dum
3432 5332 3641 5407 quaeris
3663 5333 3782 5388 iur-

2156 5499 2168 5530 ι
2197 5487 2353 5544 Editi,
2377 5485 2548 5535 habet.
2577 5484 2641 5531 At
2671 5481 2813 5533 Msa,
2845 5473 3031 5544 habeat
3056 5485 3073 5518 :
3109 5483 3214 5533 quo
3246 5464 3578 5544 signiﬁcatur
3608 5473 3793 5511 neces-

2091 5536 2493 5606 e'iria—Eeélosim
2519 5547 2674 5595 etiam
2711 5536 3161 5606 mercenariorum
3198 5543 3381 5604 opera.

2703 5588 2720 5652 :7
2752 5605 2968 5651 Boii-um
3007 5601 3139 5647 inter
3169 5588 3344 5658 spinas
3365 5592 3510 5640 caute
3533 5588 3666 5650 lege.
