4178 6192
357 304 505 362 1Ἷ31

317 447 496 505 ctum,
530 438 747 494 laceres
782 451 1022 492 manum
1055 451 1069 491 :
1103 438 1159 490 et
1179 450 1312 490 cum
1340 435 1512 490 audis
1538 435 1690 490 bona
1717 433 2032 499 dicentem,

321 545 392 586 ne
421 527 664 584 imiteris
699 525 853 581 mala
885 525 1213 580 facientem.
1251 523 1376 590 Quae
1413 523 1602 578 dicunt
1637 521 1827 592 facile,
1863 521 2033 592 legite

321 635 458 676 uvas
483 635 496 672 :
530 634 646 689 qum
675 628 855 672 autem
889 617 1128 684 faciunt,
1161 619 1342 684 [acere
1372 615 1561 681 nolite,
1585 620 1779 670 cavete
1809 614 2030 683 spinas.

321 709 506 764 Etiam
565 725 666 780 per
716 706 1106 762 mercenaries
1155 720 1350 759 vocem
1387 705 1636 775 pastoris
1669 702 1883 770 audite,
1933 705 2030 757 sed

321 798 495 854 nolite
527 814 655 852 esse
687 793 1044 859 mercenarii,
1095 809 1226 847 cum
1267 793 1394 848 sitis
1446 796 1708 847 membra
1759 790 2028 861 pastoris.

321 887 443 958 Ipse
476 893 665 942 autem
697 885 914 941 Paulus
935 887 1172 938 sanctus
1196 882 1514 952 apostolus,
1540 881 1638 951 qui
1673 881 1836 947 dixit,
1865 903 1891 930 «
1919 879 2032 934 Ne-

322 978 536 1033 minem
579 976 760 1031 habeo
791 975 890 1044 qui
932 988 1210 1044 germane
1257 973 1328 1026 de
1379 971 1542 1027 vobis
1593 971 1879 1026 sollicitus
1915 972 2027 1036 sit;

319 1083 517 1123 omnes
548 1065 702 1120 enim
737 1079 844 1117 sua
874 1066 1163 1132 quierunt,
1198 1077 1311 1116 non
1355 1077 1482 1132 quo:
1527 1060 1663 1116 Jesu
1716 1059 1965 1124 Christi;
2003 1079 2032 1107 ››

318 1158 428 1213 alio
459 1156 582 1212 loco
613 1154 764 1210 inter
803 1152 1188 1208 mercenarios
1223 1151 1488 1220 liliosque
1521 1151 1912 1220 distinguens,
1943 1147 2031 1202 vi-

320 1250 444 1301 dete
475 1245 614 1314 quid
651 1243 896 1298 dixerit:
937 1264 959 1293 ι(
995 1241 1238 1304 Quidam
1273 1258 1371 1312 per
1402 1241 1680 1295 invidiam
1706 1245 1761 1294 et
1790 1244 2024 1294 conten-

320 1337 530 1390 tionem
557 1355 570 1402 ;
607 1334 844 1404 quidam
877 1348 1006 1387 vero
1030 1338 1085 1386 et
1120 1348 1217 1401 per
1238 1331 1449 1386 bonam
1484 1329 1833 1385 voluntatem
1865 1328 2030 1384 Chri-

318 1431 474 1480 stum
510 1425 860 1495 praedicant:
897 1421 1136 1493 quidam
1168 1436 1236 1474 ex
1265 1421 1565 1488 charitate,
1611 1419 1862 1475 scientes
1893 1417 2031 1488 quia

319 1517 375 1570 in
405 1514 801 1570 defensionem
833 1511 1129 1583 Evangelii
1159 1512 1384 1580 positus
1419 1527 1549 1566 sum
1577 1529 1591 1580 ;
1627 1510 1862 1581 quidam
1894 1523 2028 1564 vero

320 1610 376 1660 et
406 1621 504 1674 per
530 1602 959 1659 contumaciam
987 1602 1280 1657 Christum
1305 1601 1681 1666 adnuntiant,
1705 1616 1819 1655 non
1849 1603 2027 1662 caste,

320 1689 1433 1748 existimantestribulationemsuscitari
1448 1689 1694 1746 vinculis
1713 1689 1912 1744 meis.»
1931 1686 2029 1742 [sti

325 1783 666 1839 mercenarii
681 1785 860 1847 erant,
880 1780 1060 1835 Paulo
1080 1779 1340 1850 apostolo
1356 1780 1712 1835 invidebant.
1733 1782 1918 1843 Quare
1941 1777 2028 1831 in-

320 1871 724 1937 videbant,nisi
740 1871 877 1941 quia
896 1870 1236 1941 temporalia
1251 1867 1918 1940 requirebant‘tSedquid
1932 1868 2030 1922 ad-

317 1964 504 2034 jugat,
520 1962 832 2018 attendite:
861 1959 999 2028 Quid
1016 1961 1199 2014 enim.”
1221 1960 1383 2014 Deum
1397 1960 1741 2026 omnimodo,
1757 1957 2032 2012 siveocca-

321 2055 493 2122 sione,
517 2053 631 2108 sive
647 2052 867 2106 veritate
881 2051 1118 2106 Christus
1131 2051 1494 2104 annuntietur
1506 2066 1524 2108 ,·
1536 2053 1588 2103 et
1603 2049 1658 2103 in
1675 2048 1772 2104 hoe
1794 2051 2026 2117 gaudeo,

321 2143 412 2198 sed
433 2149 480 2196 et
511 2139 760 2210 gaudebo
792 2138 1058 2210 (Philipp.
1105 2154 1145 2203 ι,
1197 2139 1411 2209 15-18).
1461 2137 1684 2192 Veritas
1733 2145 1820 2192 est
1863 2137 2028 2192 Chri-

324 2241 486 2288 stus:
538 2232 746 2286 veritas
794 2247 828 2284 a
875 2228 1250 2284 mercenariis
1299 2229 1601 2284 occasione
1630 2228 2027 2292 annuntietur,

323 2323 534 2378 veritas
566 2337 598 2376 a
628 2320 759 2375 ﬁliis
790 2319 1023 2375 veritate
1043 2317 1456 2374 annuntietur:
1486 2317 1587 2373 lilii
1619 2322 1892 2373 aeternam
1918 2317 2032 2371 bie-

325 2414 628 2470 reditatem
679 2413 868 2468 Patris
937 2411 1223 2483 patienter
1279 2415 1634 2482 exspectant,
1689 2408 2030 2465 mercenarii

325 2500 705 2574 temporalem
738 2500 1062 2555 mercedem
1103 2499 1480 2553 conducentia
1530 2499 1868 2552 festinanter
1909 2513 2031 2551 exo.

326 2598 529 2664 ptent:
567 2590 710 2644 mihi
746 2590 1001 2644 humana
1022 2587 1224 2657 gloria,
1253 2588 1342 2642 cui
1368 2588 1756 2644 mercenarios
1777 2586 2032 2640 invidere

326 2683 511 2746 video,
551 2679 882 2743 minuatur;
933 2684 987 2731 et
1036 2682 1228 2731 tamen
1259 2693 1358 2746 per
1388 2676 1618 2747 linguas
1663 2680 1719 2730 ot
1749 2692 2033 2730 mercena-

326 2771 542 2825 riorum
574 2775 626 2822 et
658 2766 908 2821 ﬁliorum
958 2765 1154 2818 divina
1201 2764 1416 2820 Christi
1455 2765 1641 2834 gloria
1681 2763 2029 2830 ditiametur,

326 2875 460 2914 cum
494 2856 603 2911 sive
631 2855 930 2922 occasione,
962 2853 1075 2908 sive
1107 2854 1336 2908 veritate
1376 2853 1623 2910 Christus
1645 2856 2029 2909 annuntietur.

393 2951 448 3002 7.
468 2946 738 3002 Vidimus
760 2944 860 3015 qui
883 2945 960 3000 sit
979 2944 1155 3000 etiam
1179 2942 1590 2998 mercenarius.
1617 2943 1890 3006 Quiestlu
1903 2959 2030 3012 pus,

330 3036 440 3090 nisi
464 3033 728 3090 diabolus
747 3033 774 3087 ?
796 3033 859 3087 Et
882 3031 1019 3103 quid
1044 3032 1265 3086 dictum
1289 3037 1377 3086 est
1397 3031 1466 3086 de
1489 3030 1882 3087 mercenario?
1899 3031 2034 3085 Cum

326 3125 522 3180 viderit
548 3127 739 3196 lupum
761 3123 1088 3188 venientem,
1115 3121 1255 3192 fugit
1277 3137 1299 3187 ;
1329 3124 1459 3192 quia
1487 3137 1592 3176 non
1624 3125 1754 3176 sunt
1783 3122 1898 3192 ejus
1917 3136 2037 3176 oves

325 3217 583 3288 propriae,
612 3231 709 3271 nec
733 3213 787 3269 ei
812 3229 948 3268 cura
974 3219 1052 3267 est
1072 3213 1136 3267 de
1164 3212 1369 3267 ovibus.
1421 3211 1716 3283 Numquid
1750 3211 1882 3266 talis
1911 3214 2037 3266 erat

326 3307 627 3377 apostolus
685 3301 958 3361 Paulus?
1001 3302 1186 3359 Absit.
1247 3303 1540 3373 Numquid
1603 3300 1735 3357 talis
1785 3302 2036 3356 Petrus?

325 3398 510 3452 Absit.
563 3395 853 3466 Numquid
909 3394 1048 3449 tales
1086 3393 1274 3448 casteri
1306 3391 1586 3463 Apostoli,
1647 3399 1883 3462 excepto
1933 3391 2034 3446 Ju-

321 3487 395 3540 da
430 3484 545 3542 ﬁlio
579 3484 921 3557 perditionis
949 3484 978 3537 ‘?
1007 3482 1194 3538 Absit.
1243 3481 1508 3536 Pastores
1539 3497 1674 3551 ergo
1729 3479 1814 3534 illi
1844 3480 1868 3534 ?
1901 3480 2034 3534 Pla-

325 3591 395 3630 ne
427 3579 706 3646 pastores.
745 3573 810 3628 Et
843 3572 994 3628 unde
1029 3587 1177 3626 unus
1209 3571 1451 3641 pastor?
1479 3570 1608 3625 Jam
1661 3568 1801 3634 dixi,
1836 3572 2036 3639 pasto-

325 3683 438 3730 res,
465 3664 597 3735 quia
625 3663 885 3718 membra
915 3660 1183 3733 pastoris.
1210 3659 1316 3715 Illo
1338 3659 1519 3730 capite
1546 3658 1895 3730 gaudebant,
1923 3657 2036 3713 sub

332 3754 429 3808 illo
451 3753 637 3824 capite
659 3752 1102 3813 concordabant,
1130 3765 1244 3805 uno
1262 3749 1469 3820 spiritu
1495 3749 1552 3803 in
1581 3749 1754 3804 unius
1781 3747 2035 3818 corporis

332 3859 601 3913 compage
655 3841 959 3897 vivebant:
994 3856 1058 3894 ac
1101 3855 1194 3908 per
1229 3839 1334 3893 hoc
1372 3855 1575 3893 omnes
1602 3839 1668 3893 ad
1705 3853 1884 3893 unum
1945 3855 2037 3908 pa-

325 3935 534 3985 storem
561 3928 948 4000 pertinebant.
972 3928 1032 3983 Si
1051 3943 1187 3998 ergo
1210 3932 1488 3998 pastores,
1531 3945 1643 3983 non
1671 3926 2033 3996 mercenarii,

325 4035 505 4091 quare
541 4018 836 4088 fugiebant
861 4018 1092 4085 quando
1117 4017 1576 4087 persecutionem
1622 4017 1988 4087 patiebantur
2007 4015 2035 4068 ?

325 4111 557 4181 Expone
589 4107 779 4174 nobis,
808 4124 838 4162 o
870 4105 1134 4162 Domine.
1166 4104 1296 4160 Vidi
1341 4105 1398 4159 in
1433 4105 1685 4174 Epistola
1716 4105 2030 4175 fugientem

326 4201 610 4256 Paulum:
645 4213 742 4269 per
767 4212 1001 4252 murum
1024 4196 1080 4250 in
1105 4200 1304 4266 sporta
1325 4194 1656 4249 submissus
1681 4199 1788 4261 est,
1826 4201 1888 4250 ut
1913 4211 2029 4250 ma.

324 4309 433 4348 nus
465 4289 860 4362 persequentis
891 4288 1158 4344 evaderet
1190 4287 1205 4357 (
1240 4286 1289 4341 II
1322 4285 1442 4342 Cor.
1474 4301 1550 4349 xi,
1582 4284 1696 4355 33).
1729 4284 1852 4339 Non
1894 4302 2027 4354 ergo

323 4383 403 4438 illi
439 4399 577 4437 cura
609 4380 718 4436 fuit
743 4380 812 4436 de
835 4379 1061 4445 ovibus,
1085 4394 1227 4450 quas
1250 4378 1384 4449 lupo
1406 4377 1667 4432 veniente
1688 4377 2030 4434 deserebat?

325 4471 451 4526 Fuit
483 4469 672 4542 plane,
722 4470 821 4524 sed
856 4485 954 4524 eas
985 4467 1202 4538 pastori
1234 4468 1294 4521 in
1326 4465 1466 4522 cmlo
1498 4465 1719 4521 sedenti
1753 4465 2028 4522 orationi-

322 4562 431 4614 bus
463 4558 935 4616 commendabat:
963 4574 1025 4613 se
1055 4560 1244 4613 autem
1277 4555 1509 4611 utilitati
1536 4572 1736 4610 carum
1762 4555 2030 4626 fugiendo

322 4649 606 4713 servabat,
641 4648 792 4703 sicut
824 4647 1074 4718 quodam
1101 4645 1228 4700 loco
1259 4645 1356 4712 ait,
1392 4644 1604 4700 illanere
1647 4646 1705 4699 in
1738 4659 1902 4699 carne
1929 4659 2031 4698 ne-

322 4741 614 4793 cessarium
641 4740 862 4807 propter
890 4753 984 4791 vos
1016 4736 1280 4805 (Philipp.
1309 4751 1348 4801 ι,
1371 4735 1483 4804 24).
1507 4735 1590 4788 Ab
1624 4735 1745 4804 ipso
1778 4750 2029 4805 namque

323 4833 545 4899 pastore
575 4841 775 4881 omnes
803 4826 1126 4891 audierant,
1163 4823 1223 4878 Si
1269 4839 1356 4877 vos
1396 4825 1667 4894 persecuti
1707 4824 1922 4889 fuerint
1971 4825 2032 4878 in

324 4935 432 4973 una
455 4917 694 4981 civitate,
726 4915 902 4984 fugite
920 4913 977 4968 in
1000 4914 1171 4968 aliam
1195 4910 1402 4981 (Matth.
1437 4929 1491 4976 x,
1531 4912 1642 4981 ‘23).
1676 4915 1829 4966 Hanc
1861 4912 2029 4966 nobis

323 5005 700 5078 quaestionem
733 5003 1012 5060 Dominus
1045 5003 1317 5072 dignetur
1337 5016 1640 5072 exponere.
1674 5000 1937 5067 Domine,
1972 5010 2028 5056 tu

323 5097 518 5153 dixisti
549 5097 631 5151 eis
663 5112 808 5167 quos
840 5094 1040 5149 ﬁdeles
1069 5099 1329 5165 pastores
1373 5107 1498 5147 esse
1532 5091 1732 5162 utique
1771 5091 2029 5162 volebas,

323 5204 466 5258 quos
498 5195 594 5240 tua
627 5187 883 5240 membra
913 5201 1042 5240 esse
1073 5181 1388 5248 formabas,
1411 5181 1472 5236 Si
1502 5198 1586 5238 vos
1623 5183 2032 5252 persecuti/ue-

323 5278 455 5343 )iul,
476 5275 676 5346 fugite.
699 5273 974 5343 Injuriam
996 5270 1259 5342 ergoillis
1276 5271 1438 5337 facis,
1462 5269 1698 5341 quando
1725 5269 2032 5340 reprehen-

325 5366 415 5419 dis
449 5364 852 5428 mercenarios,
883 5363 981 5434 qui
1012 5363 1209 5417 vident
1240 5362 1444 5432 lupum
1494 5360 1818 5415 venientem
1851 5364 1906 5414 et
1938 5360 2029 5414 fu-

327 5454 514 5525 giunt.
547 5453 840 5524 Rogamus
874 5452 1094 5507 indices
1138 5453 1302 5509 nobis
1340 5452 1480 5524 quid
1524 5451 1733 5507 habeat
1783 5449 2026 5504 altitudo

325 5542 686 5615 quaestionis:
720 5543 1043 5615 pulsenius,
1077 5544 1261 5600 aderit
1283 5543 1378 5613 qui
1411 5543 1632 5615 aperiat
1663 5558 1724 5599 se
1755 5540 2028 5598 ostiarius

324 5629 484 5706 ostii,
513 5629 665 5703 quod
705 5633 794 5685 est
824 5629 966 5698 ipse.

1307 297 1385 356 ΙΝ
1428 293 1755 356 JOANNIS
1802 295 2325 370 EVANGELIUM,
2374 296 2436 357 S.
2483 295 2904 358 AUGUSTINI

3712 300 3868 360 1732

2215 456 2266 508 8.
2303 453 2442 518 Quis
2478 459 2563 508 est
2610 449 3028 515 mercenarius,
3062 449 3160 521 qui
3203 449 3354 504 videt
3385 449 3590 521 lupum
3630 452 3868 509 venien-

2146 551 2254 599 tem
2288 553 2338 599 et
2364 543 2555 614 fugit?
2585 543 2690 606 Qui
2725 559 2829 598 sua
2861 540 3088 612 quaerit,
3123 556 3236 595 non
3268 557 3394 611 quas
3425 541 3566 596 Jesu
3599 543 3862 598 Christi:

2143 638 2474 704 peccantem
2510 649 2621 688 non
2679 634 2855 687 libere
2906 632 3080 686 audet
3120 646 3362 700 arguere
3413 632 3454 700 (Ι
3493 631 3629 687 Tim.
3664 649 3716 698 v,
3745 634 3869 702 20).

2145 723 2283 779 Ecce
2315 725 2509 778 nescio
2541 723 2675 793 quis
2710 722 2986 792 peccavit,
3038 721 3288 791 graviter
3337 724 3631 791 peccavit;
3668 723 3868 778 incre—

2144 814 2366 882 pandus
2398 817 2501 876 est,
2528 809 3120 866 excommunicandus
3150 815 3238 863 est
3273 827 3287 863 :
3321 811 3418 863 sed
3455 814 3864 867 excommuni-

2142 907 2328 967 catus,
2366 903 2638 955 inimicus
2661 902 2790 965 erit,
2819 900 3211 964 insidiabitur,
3240 900 3462 954 nocebit
3486 917 3618 956 cum
3651 907 3858 972 potue-

2143 991 2236 1045 rit.
2270 991 2398 1044 Jarn
2433 990 2530 1044 ille
2562 989 2659 1060 qui
2692 1006 2793 1043 sua
2818 989 3043 1059 qumrit,
3071 1005 3182 1042 non
3206 1005 3330 1056 quae
3354 989 3492 1044 Jesu
3527 990 3760 1056 Christi,
3788 1008 3862 1046 ne

2143 1081 2340 1150 perdat
2373 1080 2521 1149 quod
2556 1084 2831 1142 sectatur,
2869 1079 3136 1131 humanas
3169 1078 3436 1132 amicitias
3472 1081 3856 1134 commodita~

2142 1175 2252 1224 tem
2268 1177 2340 1235 ,et
2357 1169 2797 1223 inimicitiarum
2817 1168 3207 1222 humanarum
3225 1167 3484 1223 incurrat
3500 1171 3825 1224 molestiam
3841 1213 3856 1235 ,

2140 1265 2308 1326 tacet,
2329 1276 2439 1313 non
2456 1259 2710 1328 corripit.
2731 1259 2873 1312 Ecce
2892 1259 3064 1328 lupus
3087 1258 3176 1312 ovi
3202 1263 3404 1329 guttur
3425 1260 3850 1330 apprehendit:

2139 1349 2406 1404 diabolus
2425 1349 2576 1405 ﬁdeli
2593 1348 3247 1419 adulteriumpersuasit
3264 1353 3345 1414 ;tu
3363 1354 3660 1416 taces,non
3676 1350 3857 1407 incre-

2139 1456 2267 1509 pas:
2294 1456 2326 1496 ο
2350 1440 2721 1504 mercenarie,
2751 1439 2954 1510 lupum
2971 1438 3291 1515 venientem
3315 1439 3529 1506 vidisti,
3555 1446 3610 1496 st
3635 1441 3850 1510 fugisti.

2140 1528 3036 1600 Respondetforteetdicit:Ecce
3063 1528 3152 1582 hic
3184 1544 3337 1596 sum,
3365 1545 3476 1584 non
3513 1530 3654 1601 fugi.
3685 1531 3862 1601 Fugi-

2137 1621 2230 1685 sli,
2256 1620 2392 1690 quia
2416 1619 2683 1684 tacuisti;
2719 1619 2971 1684 tacuisti,
2997 1617 3136 1688 quia
3158 1618 3428 1672 timuisti.
3455 1619 3606 1690 Fuga
3641 1622 3852 1685 animi,

2138 1709 2316 1763 timor
2346 1713 2451 1764 est.
2487 1708 2735 1779 Corpore
2765 1707 2997 1773 stetisti,
3051 1708 3254 1778 spiritu
3311 1708 3545 1776 fugisti:
3577 1711 3727 1780 quod
3755 1710 3850 1766 ille

2138 1814 2252 1852 non
2289 1797 2532 1852 faciebat
2565 1797 2662 1867 qui
2701 1796 3073 1862 dicebat,Esti
3100 1812 3322 1866 corpore
3347 1798 3541 1852 absens
3571 1814 3711 1864 sum,
3744 1806 3860 1870 spi-

2138 1890 2246 1942 ritu
2272 1888 2544 1942 vobiscum
2574 1903 2692 1940 sum
2719 1887 2944 1954 (Colvss.
2983 1903 3044 1952 Il,
3069 1889 3143 1952 5).
3201 1885 3498 1948 Quomodo
3528 1887 3684 1941 enim
3727 1890 3854 1959 spi-

2137 1978 2248 2033 ritu
2288 1977 2556 2048 fugiebat,
2591 1977 2688 2046 qui
2723 1976 2894 2030 etiam
2927 1991 3161 2045 corpore
3193 1976 3425 2040 absens,
3461 1977 3844 2033 fornicatores

2138 2066 2350 2122 litteris
2375 2064 3042 2138 arguebaﬂAﬁ‘ectiones
3066 2069 3274 2120 nostrai
3299 2070 3487 2120 motus
3511 2068 3843 2123 animorum

2139 2166 2294 2213 sunt.
2333 2157 2567 2219 Laetitia,
2601 2155 2780 2210 animi
2813 2154 3081 2222 diffusio;
3110 2155 3362 2224 tristitia,
3396 2156 3576 2211 animi
3608 2162 3854 2212 contra-

2137 2249 2288 2305 ctio:
2323 2248 2628 2318 cupiditas,
2654 2245 2834 2301 animi
2869 2244 3236 2316 progressio;
3272 2246 3462 2313 timor,
3499 2248 3673 2302 animi
3708 2248 3848 2320 fuga

2138 2346 2242 2394 est.
2281 2336 2624 2392 Ditfunderis
2652 2335 2806 2390 enim
2829 2335 3044 2401 animo,
3077 2351 3205 2390 cum
3231 2335 3533 2391 delectaris
3567 2353 3580 2403 ;
3613 2342 3848 2392 contra-

2138 2429 2292 2484 beris
2342 2428 2554 2495 animo,
2613 2443 2743 2482 cum
2780 2425 3102 2481 molestaris
3138 2442 3150 2480 :
3216 2427 3578 2497 progrederis
3608 2429 3850 2494 'auimo,

2139 2534 2272 2574 cum
2306 2517 2564 2587 appetis;
2597 2515 2749 2586 fugis
2779 2515 2993 2580 animo,
3037 2530 3168 2568 cum
3223 2516 3452 2570 metuis.
3507 2516 3643 2570 Ecce
3692 2517 3855 2570 unde

2139 2607 2237 2663 ille
2263 2607 2654 2661 mercenarius
2687 2606 2806 2658 viso
2830 2604 2968 2674 lupo
2991 2604 3202 2658 dicitur
3222 2603 3440 2675 fugere.
3467 2605 3688 2665 Quare?
3711 2605 3858 2672 Quia

2139 2712 2246 2751 non
2276 2700 2353 2751 est
2385 2694 2436 2749 ei
2464 2711 2597 2749 cura
2627 2693 2692 2748 de
2715 2692 2922 2748 ovibus.
2957 2695 3142 2759 Quare
3175 2710 3281 2747 non
3304 2697 3379 2749 est
3409 2693 3461 2748 ei
3490 2710 3626 2749 cura
3647 2694 3710 2749 de
3741 2711 3860 2751 ovi-

2141 2790 2238 2842 bus
2267 2789 2292 2839 ?
2324 2786 2465 2853 Quia
2500 2782 2869 2839 mercenarius
2890 2789 2990 2838 est.
3026 2783 3171 2846 Quid
3193 2789 3299 2848 est,
3332 2786 3702 2838 mercenarius
3724 2791 3808 2838 est
3837 2788 3866 2840 '2

2141 2876 2542 2948 'l‘emporalem
2579 2875 2900 2929 mercedem
2926 2890 3216 2944 quaerens,
3240 2878 3294 2927 et
3325 2873 3379 2928 in
3411 2875 3583 2930 domo
3615 2874 3670 2929 in
3696 2881 3868 2929 reter-

2143 2983 2283 3021 num
2337 2983 2450 3021 non
2505 2963 2787 3020 habitabit
2818 2961 2856 3016 ί.
2910 2964 3058 3017 Sunt
3088 2962 3178 3016 hic
3220 2963 3408 3017 adhuc
3441 2965 3770 3034 querenda,
3803 2967 3861 3018 et

2144 3055 2510 3111 discutienda
2541 3053 2865 3117 vobiscum,
2897 3051 2994 3106 sed
3044 3066 3283 3106 onerare
3315 3067 3414 3106 vos
3448 3068 3562 3107 non
3593 3057 3681 3107 est
3713 3069 3858 3107 cono

2145 3146 2281 3202 silii.
2315 3143 2614 3200 Dominica
2644 3142 2797 3196 enim
2831 3140 3047 3195 cibaria
3077 3141 3368 3196 conversis
3400 3141 3807 3197 ministramus
3841 3159 3854 3208 ;

2145 3237 2200 3291 in
2237 3235 2466 3306 pascuis
2500 3231 2809 3287 dominicis
2842 3245 2974 3284 oves
3009 3230 3323 3300 pascimus,
3354 3234 3411 3285 et
3441 3231 3618 3285 simul
3668 3232 3862 3301 pasci-

2146 3342 2298 3381 mur.
2331 3324 2492 3378 Sicut
2524 3339 2634 3376 non
2660 3326 2747 3375 est
2780 3320 3107 3389 negandum
3136 3321 3290 3391 quod
3317 3321 3713 3376 necessarium
3742 3327 3853 3388 est,

2144 3416 2227 3471 sic
2255 3431 2367 3468 non
2401 3415 2488 3467 est
2517 3427 2612 3466 cor
2636 3410 2931 3466 inﬁrmum
2966 3409 3164 3480 pabuli
3201 3409 3575 3465 multitudine
3607 3426 3856 3480 praegra-

2144 3505 2417 3561 vandum.
2470 3501 2592 3557 Non
2629 3502 2702 3556 sit
2749 3517 2884 3571 ergo
2937 3498 3248 3555 molestum
3296 3501 3574 3556 Charitati
3630 3507 3859 3568 vestrae,

2144 3596 2281 3667 quia
2297 3594 2492 3649 omnia
2514 3609 2636 3663 quas
2663 3591 2756 3646 hic
2778 3590 2964 3645 adhuc
2995 3590 3363 3646 discutienda
3393 3591 3663 3661 arbitror,
3691 3592 3860 3649 hodie

2147 3703 2258 3740 non
2293 3683 2576 3738 discutio:
2614 3682 2710 3736 sed
2747 3681 2956 3735 iterum
3011 3681 3179 3736 nobis
3216 3680 3242 3734 ?
3273 3681 3329 3734 in
3367 3682 3600 3736 nomine
3631 3682 3868 3737 Domini

2143 3775 2346 3829 diebus
2387 3772 2644 3826 reddenti
2697 3769 2985 3824 sermonis
3033 3769 3235 3824 eadem
3289 3769 3455 3825 lectio
3502 3771 3868 3842 recitabitur,

2143 3868 2199 3920 et
2229 3861 2590 3934 diligentius,
2625 3859 2720 3914 illo
2753 3860 3089 3928 adjuvante,
3126 3859 3492 3915 tractabitur.

2671 3966 3095 4022 TRACTATUS
3137 3966 3351 4023 XLVII.

2143 4061 2218 4116 Ab
2248 4075 2307 4115 eo
2336 4057 2474 4132 quod
2503 4059 2764 4128 scriptum
2791 4061 2889 4125 est,
2917 4055 3030 4126 Ego
3054 4071 3186 4110 sum
3219 4060 3416 4126 pastor
3444 4056 3656 4122 bonus,
3688 4061 3741 4112 et
3762 4073 3860 4112 co-

2214 4165 2431 4222 gnosco
2463 4163 2594 4204 oves
2628 4160 2808 4211 meas,
2842 4150 3158 4216 ete.,usque
3189 4144 3257 4200 ad
3303 4146 3383 4212 id,
3419 4147 3711 4217 Numquid
3745 4147 3862 4202 dss-

2213 4237 2476 4294 monium
2513 4239 2702 4308 potest
2744 4249 3026 4289 caecorum
3075 4235 3274 4289 oculos
3307 4234 3526 4304 aperire
3557 4234 3583 4286 ?
3618 4235 3750 4307 Cap.
3799 4252 3858 4304 κ,

2214 4329 2269 4397 ῖς.
2305 4327 2491 4382 ili-21.

2214 4419 2261 4472 1.
2297 4416 2402 4482 Qui
2453 4429 2778 4470 sermonem
2835 4412 2930 4468 Dei
2981 4411 3159 4468 nostri
3213 4429 3325 4468 non
3359 4412 3546 4468 solum
3579 4413 3852 4485 libenter,

2140 4507 2240 4563 sed
2254 4507 2422 4562 etiam
2440 4504 2746 4575 diligenter
2769 4503 3039 4570 audistis,
3063 4503 3467 4575 promissionis
3491 4509 3701 4561 nostra:
3729 4521 3829 4576 pro
3846 4536 3864 4546 -

2140 4597 2228 4654 cul
2263 4596 2438 4652 dubio
2473 4595 2846 4651 meministis.
2881 4595 3008 4665 Ipsa
3061 4594 3278 4665 quippe
3327 4594 3494 4650 lectio
3525 4595 3862 4666 evangelica

2139 4697 2191 4746 et
2221 4689 2394 4744 hodie
2441 4686 2588 4742 lecta
2638 4690 2748 4751 est,
2806 4701 2934 4756 quae
2967 4684 3111 4741 lecta
3153 4686 3342 4740 fuerat
3381 4687 3636 4756 proximo
3669 4686 3864 4742 domi-

2140 4781 2267 4837 nico
2295 4781 2418 4834 die:
2447 4781 2752 4849 propterea
2774 4776 3049 4847 quoniam
3073 4775 3129 4830 in
3157 4776 3507 4847 quibusdam
3535 4779 3859 4834 necessita-

2140 4868 2296 4924 tibus
2329 4865 2646 4934 immorati,
2697 4881 2810 4919 non
2847 4866 3140 4935 potuimus
3172 4864 3370 4919 omnia
3409 4866 3695 4920 discutere
3724 4883 3856 4937 qua:

2139 4958 2344 5015 vestris
2369 4955 2641 5013 sensibus
2675 4954 3042 5010 debebamus.
3091 4953 3336 5009 Proinde
3368 4971 3496 5024 quas
3527 4955 3650 5024 jam
3691 4955 3857 5013 dicta

2137 5053 2313 5117 atque
2344 5049 2586 5101 tractata
2615 5048 2770 5109 sunt,
2805 5042 2973 5097 hodie
3006 5057 3117 5098 non
3150 5042 3466 5112 quaerimus
3499 5063 3512 5110 ;
3549 5059 3618 5098 ne
3653 5043 3856 5100 adhuc

2135 5139 2335 5193 eadem
2370 5135 2702 5206 repetendo,
2726 5132 2798 5189 ad
2823 5133 2922 5188 illa
2953 5149 3078 5204 quae
3113 5133 3371 5187 nondum
3399 5132 3547 5188 dicta
3571 5142 3701 5188 sunt
3727 5151 3861 5204 per-

2137 5228 2331 5284 venire
2383 5225 2624 5281 minime
2674 5223 3104 5295 permittamur.
3135 5221 3327 5276 Nostis
3351 5223 3473 5292 jam
3507 5223 3566 5278 in
3613 5225 3860 5280 nomine

2138 5315 2368 5372 Domini
2390 5315 2488 5387 qui
2513 5313 2790 5370 sitbonus
2815 5321 3032 5384 pastor,
3055 5316 3111 5366 et
3134 5311 3630 5382 quemadmodum
3657 5320 3859 5384 pasto-

2138 5421 2232 5462 res
2267 5403 2404 5460 boni
2434 5403 2698 5459 membra
2731 5403 2852 5458 sint
2881 5402 3027 5472 ejus,
3062 5406 3120 5456 et
3151 5400 3281 5456 ideo
3316 5407 3516 5472 pastor
3547 5403 3619 5457 sit
3655 5420 3808 5462 unus
3840 5422 3854 5460 :

2201 5531 2218 5565 ι
2244 5528 2318 5578 ita
2348 5527 2433 5577 Er.
2466 5526 2778 5594 Lugd.Ve_n.
2811 5531 2862 5577 et
2897 5528 3041 5585 Lov.,
3073 5525 3283 5588 φαεν-ετ,
3313 5525 3442 5578 etin
3462 5525 3612 5576 domo
3632 5527 3685 5580 in
3709 5539 3858 5594 «τίεν,

2135 5605 2259 5641 num
2281 5605 2381 5639 non
2406 5591 2654 5640 manebit.
2715 5591 2784 5642 M.

2201 5654 2223 5687 ²
2243 5655 2388 5716 Mat,
2412 5653 2574 5706 vobis.
