4148 6190
272 291 429 351 1733

269 424 456 481 nostis
487 424 583 494 qui
615 422 693 477 sit
723 418 1119 476 mercenarius
1140 416 1454 482 ferendus;
1500 414 1628 485 quis
1679 415 1875 489 lupus,
1922 422 1980 473 et

268 515 447 584 iures,
470 519 527 568 et
550 513 804 569 latrones
829 507 1105 575 cavendi;
1157 523 1283 578 qua:
1342 507 1457 561 sint
1491 522 1646 572 oves,
1697 507 1850 577 quod
1901 509 1978 563 sit

269 606 484 661 ostium
520 620 637 676 quo
670 606 727 658 et
756 617 886 657 oves
914 598 1328 671 ingrediuntur
1348 601 1402 653 et
1426 600 1622 668 pastor
1647 614 1660 663 ;
1686 600 1977 669 quomodo

267 692 777 766 sitlntelligendus
801 688 1076 746 ostiarius
1094 704 1106 741 :
1126 686 1312 743 nostis
1327 686 1503 742 etiam
1525 686 1797 758 quoniam
1825 688 1980 759 quis-

268 786 394 857 quis
428 801 547 839 non
583 799 683 855 per
713 780 921 837 ostium
956 776 1269 843 intraverit,
1298 776 1388 830 fur
1419 781 1508 830 est
1547 781 1603 830 et
1651 775 1819 844 latro,
1873 795 1978 833 nec

265 876 421 930 venit
453 872 570 929 nisi
606 882 665 928 ut
697 873 940 940 foretur,
963 873 1020 926 et
1049 868 1364 935 occidat,et
1384 866 1607 939 perdat.
1631 866 1760 922 Haec
1780 868 1979 923 omnia

263 967 443 1031 dicta,
506 961 892 1023 sufﬁcienter,
958 960 1247 1030 quantum
1293 955 1581 1021 existimo,
1632 959 1978 1026 pertractata

264 1063 421 1111 sunt.
460 1053 645 1109 Hodie
671 1052 954 1107 debemus
976 1050 1188 1115 dicere,
1218 1054 1499 1118 quantum
1525 1045 1760 1116 adjuvat
1784 1045 1978 1101 Domi-

265 1162 371 1201 nus
405 1143 707 1216 (quoniam
770 1141 894 1213 ipse
922 1139 1098 1195 Jesus
1128 1136 1393 1192 Christus
1424 1134 1676 1191 salvator
1706 1138 1902 1190 noster
1922 1138 1979 1191 et

267 1240 563 1307 pastorem
589 1249 651 1289 se
673 1248 801 1287 esse
822 1229 987 1290 dixit,
1015 1234 1073 1284 et
1089 1225 1327 1294 ostium,
1351 1232 1409 1280 et
1430 1230 1721 1296 pastorem
1757 1226 1977 1281 bonum

267 1325 405 1379 dixit
441 1325 665 1379 intrare
688 1337 788 1393 per
814 1318 1076 1389 ostium).
1101 1317 1391 1388 quomodo
1424 1313 1548 1386 ipse
1580 1331 1683 1386 per
1722 1316 1976 1386 seipsum

266 1416 463 1470 intret.
496 1413 557 1469 Si
590 1412 749 1470 enim
783 1425 952 1466 nemo
984 1415 1177 1478 pastor
1209 1406 1399 1462 bonus
1437 1413 1544 1472 est,
1585 1404 1696 1460 nisi
1745 1404 1844 1475 qui
1879 1421 1980 1476 per

269 1504 486 1560 ostium
519 1503 721 1567 intrat,
755 1504 811 1555 et
861 1499 987 1570 ipse
1016 1501 1107 1552 est
1138 1495 1429 1568 praecipue
1453 1498 1653 1565 pastor
1682 1493 1894 1562 bonus,
1926 1504 1979 1551 et

272 1595 393 1665 ipse
415 1600 502 1649 est
526 1592 742 1647 ostium
769 1588 1121 1657 ;intelligere
1146 1602 1258 1641 non
1283 1600 1547 1655 possum,
1572 1583 1681 1639 nisi
1706 1588 1764 1639 et
1784 1585 1976 1656 ipsum

269 1700 368 1753 per
398 1682 659 1753 seipsum
682 1681 753 1735 ad
777 1693 910 1734 oves
930 1692 1071 1733 suas
1104 1675 1338 1740 intrare,
1364 1678 1420 1729 et
1443 1689 1635 1729 vocem
1660 1690 1825 1728 suam
1862 1674 1978 1729 illis

268 1773 404 1826 dare
437 1776 502 1826 ut
532 1772 856 1840 sequantur
872 1782 1029 1833 eum,
1054 1779 1265 1835 easque
1288 1762 1567 1817 intrantes
1599 1766 1656 1817 et
1697 1767 1977 1819 exeuntes

269 1876 488 1931 pascua
519 1859 801 1926 invenire,
835 1856 987 1928 quod
1019 1858 1108 1909 est
1137 1854 1248 1907 vita
1280 1857 1509 1907 aeterna.

338 1952 397 2004 2.
430 1950 553 2006 Cito
586 1964 721 2021 ergo
752 1948 901 2003 dico.
946 1946 1065 2016 Ego
1107 1959 1369 2015 quaerens
1418 1943 1635 1998 intrare
1666 1943 1733 1999 ad
1766 1960 1887 2012 vos,
1919 1944 1973 1999 id

266 2042 357 2097 est
384 2040 457 2095 ad
490 2055 588 2096 cor
618 2041 898 2106 vestrum,
920 2034 1212 2091 Christum
1245 2032 1497 2105 praedico
1525 2048 1537 2087 :
1571 2032 1619 2087 si
1650 2032 1804 2090 aliud
1830 2052 1977 2107 prae-

266 2130 483 2196 dicem,
510 2146 610 2202 per
631 2128 802 2185 aliam
828 2129 1052 2198 partem
1076 2123 1327 2180 conabor
1351 2123 1683 2179 ascendere.
1709 2123 1976 2181 Christus

268 2221 470 2292 itaque
489 2219 629 2276 mihi
662 2220 835 2290 ianua
856 2220 945 2273 est
969 2216 1037 2272 ad
1064 2230 1194 2283 vos;
1221 2229 1321 2285 per
1342 2211 1637 2270 Christum
1659 2212 1834 2282 intro,
1860 2231 1977 2272 non

268 2312 343 2367 ad
373 2311 622 2383 parietes
644 2313 889 2376 vestros,
920 2307 1020 2365 sed
1070 2305 1139 2361 ad
1186 2306 1359 2361 corda
1388 2308 1600 2361 vestra.
1649 2304 1754 2361 Per
1809 2305 1976 2362 Chri-

269 2407 428 2458 stum
464 2402 638 2468 intro,
671 2401 964 2456 Christum
998 2400 1054 2454 in
1091 2413 1185 2454 me
1216 2395 1463 2452 libenter
1492 2395 1763 2452 audistis.
1792 2398 1978 2463 Quare

270 2492 568 2549 Christum
594 2492 653 2547 in
686 2507 779 2548 me
816 2490 1065 2547 libenter
1093 2487 1345 2544 audistis
1365 2486 1393 2542 Ἰ
1422 2486 1568 2553 Quia
1599 2503 1734 2543 oves
1765 2488 1978 2546 Christi

272 2584 437 2650 estis,
453 2582 739 2655 sanguine
758 2580 971 2638 Christi
993 2579 1314 2652 comparati
1336 2578 1495 2635 estis.
1516 2579 1845 2651 Agnoscitis
1861 2594 1979 2652 pre-

272 2674 423 2728 tium
476 2676 733 2729 vestrum
772 2686 786 2726 :
839 2670 997 2743 quod
1047 2686 1163 2725 non
1216 2686 1250 2726 a
1279 2685 1371 2725 me
1409 2670 1607 2740 datur,
1640 2670 1738 2725 sed
1766 2686 1866 2741 per
1888 2685 1980 2726 me

271 2762 636 2835 praedicatur.
691 2761 791 2817 llle
822 2761 1035 2833 quippe
1065 2759 1228 2827 emit,
1262 2758 1363 2830 qui
1396 2758 1714 2830 pretiosum
1742 2759 1981 2830 sangui-

273 2868 405 2907 nem
434 2852 622 2907 fudit:
658 2851 949 2923 pretiosus
974 2850 1215 2922 sanguis
1252 2853 1340 2905 est
1369 2847 1527 2905 illius
1558 2849 1684 2905 sine
1724 2853 1976 2922 peccato.

273 2940 432 2997 Fecit
454 2945 643 2997 tamen
662 2941 785 3011 ipse
809 2940 981 2996 etiam
1005 2955 1245 2995 suorum
1268 2939 1612 3009 sanguinem
1638 2941 1980 3011 pretiosum,

268 3048 378 3104 pro
411 3031 630 3102 quibus
655 3031 817 3086 dedit
844 3029 1154 3102 sanguinis
1189 3029 1472 3102 pretium:
1508 3045 1644 3085 nam
1672 3029 1720 3084 si
1741 3046 1979 3086 suorum

267 3122 628 3194 sanguinem
678 3137 794 3178 non
841 3122 1055 3177 faceret
1112 3121 1453 3192 pretiosum,
1506 3136 1621 3175 non
1671 3121 1980 3189 diceretur,

268 3214 522 3269 Pretiosa
545 3214 605 3268 in
626 3215 914 3283 conspectu
936 3210 1158 3267 Domini
1173 3226 1317 3268 mors
1336 3214 1649 3266 sanctorum
1671 3211 1787 3279 eius
1811 3210 1980 3282 (Psat.

266 3319 397 3369 ειν,
426 3303 536 3374 15).
566 3302 765 3373 Itaque
785 3302 962 3358 etiam
987 3301 1139 3373 quod
1166 3300 1268 3371 ait,
1302 3305 1496 3356 Pastor
1528 3302 1695 3356 bonus
1730 3300 1983 3357 animam

267 3409 431 3447 suam
454 3394 611 3463 ponit
658 3406 755 3461 pro
793 3392 1003 3461 ovibus,
1035 3406 1149 3447 non
1210 3389 1333 3462 ipse
1376 3406 1527 3445 unus
1584 3390 1692 3444 hoc
1726 3390 1894 3447 fecit:
1927 3394 1985 3447 et

269 3487 472 3538 tamen
496 3482 547 3536 si
573 3480 654 3536 illi
676 3481 778 3552 qui
804 3480 1065 3539 fecerunt
1085 3479 1348 3534 membra
1361 3479 1487 3547 ejus
1513 3479 1832 3546 sunt,idern
1859 3479 1984 3551 ipse

269 3588 430 3627 unus
456 3570 569 3627 hoc
592 3571 745 3626 fecit.
772 3573 899 3641 Ipse
923 3569 1079 3625 enim
1104 3569 1296 3642 potuit
1318 3569 1503 3625 facere
1525 3569 1651 3625 sine
1689 3569 1807 3625 illis
1832 3586 1846 3637 ;
1871 3570 1983 3641 ipsi

272 3665 403 3720 sine
438 3663 540 3719 illo
573 3664 724 3719 unde
757 3666 1095 3733 potuerunt,
1119 3678 1253 3717 cum
1287 3661 1411 3733 ipse
1461 3661 1690 3722 dixerit,
1741 3661 1873 3718 Sine
1902 3678 1987 3719 me

269 3753 419 3808 nihil
446 3753 679 3823 potestis
706 3753 897 3821 facere
927 3752 1108 3820 (Joan.
1134 3766 1226 3815 xv,
1254 3748 1359 3820 5)?
1388 3748 1534 3806 Hinc
1565 3754 1754 3805 autem
1788 3755 1985 3807 osten-

274 3842 470 3897 dimus
505 3840 662 3912 quod
685 3844 743 3895 et
762 3839 860 3895 alii
893 3838 1153 3904 fecerint,
1178 3837 1457 3909 quiaipse
1489 3836 1785 3910 apostolus
1810 3838 1987 3894 Joan-

276 3946 403 4000 nes,
427 3931 530 4003 qui
566 3930 677 3987 hoc
697 3930 854 4002 quod
884 3928 1131 3986 audistis
1155 3927 1528 4001 Evangelium
1554 3928 1905 3998 praedicavit,
1926 3928 1987 3985 in

272 4022 544 4093 Epistola
592 4038 701 4078 sua
731 4020 874 4076 dixit
909 4037 922 4075 :
956 4018 1108 4076 Sicut
1140 4019 1387 4075 Christus
1433 4034 1533 4092 pro
1561 4020 1714 4075 nobis
1744 4022 1990 4076 animam

271 4130 433 4168 suam
460 4114 674 4183 posuit,
723 4113 807 4168 sic
835 4119 886 4167 et
928 4126 1024 4167 nos
1053 4109 1303 4166 debemus
1328 4111 1545 4165 animas
1569 4127 1675 4181 pro
1717 4110 1993 4175 fratribus

273 4218 484 4273 ponere
508 4202 553 4271 (ι
586 4202 749 4259 Ιοαη.
786 4216 871 4268 m,
900 4201 1010 4271 16).
1044 4200 1329 4266 Debemus,
1355 4198 1537 4254 dixit:
1562 4198 1853 4256 debitores
1883 4215 1991 4257 nos

282 4294 417 4350 fecit
448 4292 551 4362 qui
578 4290 802 4362 primus
818 4288 1103 4346 exhibuit.
1128 4290 1262 4346 Ideo
1283 4288 1537 4361 quodam
1554 4288 1678 4346 loco
1702 4289 1991 4361 scriptum

274 4387 401 4439 est:
435 4382 496 4437 Si
534 4382 743 4437 sederis
771 4396 990 4437 caenare
1039 4380 1109 4436 ad
1137 4396 1387 4436 mensam
1417 4379 1675 4451 potentis,
1708 4380 1992 4451 sapienter

281 4472 529 4543 intellige
558 4485 688 4543 quae
718 4478 1077 4543 apponuntur
1097 4469 1198 4525 tibi
1227 4488 1246 4525 :
1275 4473 1325 4526 et
1355 4472 1508 4525 mitte
1536 4486 1766 4526 manum
1813 4478 1988 4540 tuam,

272 4568 447 4619 sciens
466 4564 604 4635 quia
635 4562 771 4618 talia
801 4570 851 4617 te
881 4564 1085 4633 oportet
1104 4574 1424 4631 praeparare
1467 4560 1647 4631 (Prov.
1669 4577 1831 4627 mu,
1859 4563 1907 4629 l,
1929 4561 1983 4627 2,

273 4671 377 4710 sae.
400 4652 594 4720 LXX).
622 4651 822 4708 Mensa
847 4650 1101 4724 potentis
1125 4666 1254 4721 quae
1279 4650 1375 4717 sit,
1400 4652 1622 4721 nostis;
1650 4651 1728 4708 ibi
1754 4656 1843 4708 est
1863 4668 1990 4708 cor-

277 4762 381 4817 pus
411 4753 463 4801 et
498 4743 743 4815 sanguis
761 4742 977 4799 Christi
1004 4758 1017 4796 :
1044 4742 1145 4813 qui
1174 4741 1396 4799 accedit
1413 4742 1487 4797 ad
1509 4742 1687 4798 talem
1720 4759 1989 4800 mensam

274 4836 564 4910 praeparet
614 4831 771 4887 talia.
826 4831 894 4887 Et
952 4830 1095 4903 quid
1159 4837 1262 4898 est,
1296 4834 1576 4903 praeparet
1631 4829 1819 4887 talia?
1858 4833 1991 4901 Quo-

273 4925 432 4981 modo
462 4923 583 4994 ipse
610 4938 713 4995 pro
738 4921 895 4978 nobis
922 4923 1172 4977 animam
1193 4937 1351 4976 suam
1378 4923 1577 4992 posuit,
1609 4922 1688 4977 sic
1707 4925 1755 4977 et
1778 4937 1874 4977 nos
1903 4921 1990 4978 de-

278 5011 572 5080 bemus,ad
592 5009 995 5066 mdiﬁcandam
1024 5008 1249 5079 plebem
1273 5016 1327 5063 et
1358 5008 1726 5065 asserendam
1771 5009 1989 5080 fidem‘,

274 5104 493 5159 animas
539 5117 639 5172 pro
666 5099 937 5170 fratribus
988 5114 1208 5170 ponere.
1239 5100 1370 5155 Ideo
1407 5098 1572 5155 Petro
1600 5114 1770 5170 quem
1806 5100 1991 5157 facere

276 5192 506 5249 volebat
530 5193 830 5263 pastorem
881 5188 1123 5256 bonum,
1159 5205 1270 5244 non
1305 5188 1364 5246 in
1394 5188 1520 5261 ipso
1558 5192 1748 5258 Petro,
1790 5189 1890 5245 sed
1930 5188 1990 5245 in

277 5296 517 5352 corpore
538 5296 649 5336 suo
679 5279 786 5335 ait:
821 5280 998 5346 Patre,
1015 5266 1169 5334 amas
1188 5285 1314 5334 me?
1331 5295 1495 5349 pasce
1514 5294 1638 5335 oves
1670 5294 1837 5335 meas.
1873 5278 1990 5335 Hoc

278 5371 478 5436 semel,
500 5372 609 5428 hoc
633 5368 996 5439 iterum,hoe
1018 5369 1189 5426 tertio
1212 5385 1401 5442 usque
1424 5371 1493 5425 ad
1517 5370 1645 5441 ejus
1668 5368 1988 5426 tristitiam.

277 5458 345 5515 Et
377 5476 512 5517 cum
548 5463 778 5516 tantum
813 5458 1226 5531 interrogasset
1259 5460 1559 5529 Dominus,
1586 5469 1868 5533 quantum
1898 5458 1990 5517 in-

346 5574 773 5643 tueanplerigue
802 5588 911 5626 non
944 5573 1160 5633 habent,
1192 5574 1261 5625 ad
1296 5576 1673 5641 aediﬁcandam
1710 5577 1910 5643 plebem
1941 5584 1992 5628 es

275 5637 614 5689 asserendam
648 5637 832 5699 ﬁdem.

1471 280 1935 343 TRAC'I‘ATUS
1977 282 2219 346 XLVII.
2269 285 2527 347 CAPUT
2572 288 2648 348 X.

3624 305 3777 365 i734

2087 423 2498 492 terrogandum
2523 426 2968 501 essejudicavit,
2994 437 3051 486 ut
3072 434 3158 488 ter
3185 435 3558 495 conﬁteretur
3578 443 3678 512 qui
3703 452 3790 502 ter

2089 517 2416 581 negaverat,
2448 522 2498 569 et
2524 516 2572 568 ei
2606 533 2740 572 suas
2771 534 2907 574 oves
2938 523 3261 589 pascendae
3295 528 3461 584 tertio
3484 544 3794 591 commen-

2088 599 2318 668 dasset;
2355 603 2433 656 ait
2464 603 2584 669 alii,
2608 604 2737 661 Cum
2754 610 2963 675 junior
2985 626 3114 677 esse,
3152 613 3409 685 cingebas
3437 627 3506 689 te,
3529 623 3576 674 et
3604 624 3793 680 ambu-

2089 688 2239 742 tabas
2268 690 2360 745 ubi
2392 692 2600 748 volebas
2628 713 2647 750 :
2667 712 2791 751 cum
2813 702 2992 754 autem
3022 706 3290 773 senuerix,
3313 688 3569 765 extendes
3591 728 3791 769 manus

2088 783 2226 847 tuas,
2260 786 2309 833 et
2335 780 2475 835 alter
2496 790 2543 837 te
2572 785 2770 854 cinget,
2796 795 2845 841 et
2874 787 3037 843 ducet
3059 807 3161 861 quo
3180 795 3239 847 tu
3262 811 3375 851 non
3405 797 3507 853 vis.
3539 799 3603 855 Et
3628 818 3793 874 expo-

2088 864 2206 920 suit
2254 865 2613 940 Evangelista
2644 873 2782 943 quid
2843 878 3125 933 Dominus
3175 880 3384 937 dixerit
3417 886 3562 941 :Hoc
3606 864 3790 945 autem

2087 952 2297 1026 inquit,
2330 958 2493 1025 dixit,
2525 962 2840 1033 signiﬁcans
2862 983 2968 1036 qua
3000 977 3171 1025 morte
3214 972 3623 1045 clariﬁcaturus
3660 986 3795 1038 esset

2087 1044 2255 1141 Deum
2321 1048 2494 1117 (Joan.
2555 1068 2671 1119 xxr,
2734 1055 2942 1127 15-19).
3012 1059 3096 1113 Ad
3156 1060 3264 1117 hoc
3322 1044 3457 1137 ergo
3517 1069 3793 1141 pertinet,

2088 1134 2260 1191 Pasce
2276 1152 2397 1193 oves
2426 1155 2572 1195 meas
2603 1159 2622 1197 :
2650 1146 2711 1198 ut
2742 1161 2923 1215 ponas
2956 1148 3211 1206 animam
3245 1134 3415 1211 tuam
3440 1134 3543 1229 pro
3585 1134 3791 1216 ovibus

2090 1239 2257 1278 H1818.

2162 1314 2212 1368 3.
2247 1314 2373 1370 Jam
2407 1316 2549 1373 illud
2582 1323 2737 1392 quod
2787 1326 2889 1393 ait,
2920 1326 3069 1383 Sicut
3099 1332 3249 1386 novit
3278 1348 3364 1390 me
3392 1337 3581 1405 Pater,
3613 1351 3665 1395 et
3698 1357 3793 1412 ego

2089 1419 2318 1471 agnoseo
2352 1410 2592 1470 Patrem,
2629 1410 2761 1481 quis
2795 1415 3021 1471 nescit?
3052 1420 3182 1488 Ipse
3214 1422 3367 1477 enim
3396 1428 3661 1496 agnoscit
3685 1410 3795 1485 Pa-

2090 1494 2235 1547 trem
2273 1510 2373 1565 per
2403 1510 2480 1566 se,
2511 1513 2615 1553 nos
2648 1515 2747 1570 per
2772 1500 2960 1558 illum.
2987 1505 3130 1570 Quia
3154 1506 3279 1579 ipse
3307 1526 3406 1579 per
3425 1494 3486 1567 se
3509 1517 3796 1588 agnoscit,

2089 1580 2360 1637 novimus
2389 1585 2556 1655 :quia
2588 1594 2639 1641 et
2672 1604 2774 1644 nas
2797 1608 2895 1659 per
2927 1591 3114 1663 illum,
3143 1595 3315 1652 etiam
3342 1598 3448 1655 hoc
3474 1580 3792 1673 novimus

2088 1668 2227 1740 quia
2246 1676 2303 1726 et
2335 1672 2438 1727 hoc
2459 1690 2556 1744 per
2580 1675 2740 1731 illum
2766 1682 3050 1739 novimus.
3089 1684 3218 1755 Ipse
3241 1689 3394 1743 enim
3420 1690 3600 1746 dixit:
3627 1668 3792 1750 Deum

2086 1776 2242 1815 nemo
2265 1764 2399 1817 vidit
2422 1782 2680 1836 unquam,
2698 1771 2807 1823 nisi
2822 1774 3140 1840 unigenitus
3163 1776 3336 1833 Filius
3358 1782 3459 1852 qui
3476 1789 3555 1837 est
3580 1784 3637 1838 in
3659 1786 3787 1841 sinu

2086 1850 2313 1919 Patris;
2362 1854 2478 1924 ipse
2521 1861 2803 1914 enarravit
2834 1861 2937 1930 (Id.
2986 1881 3024 1931 r,
3068 1865 3176 1935 18).
3238 1850 3380 1939 Ergo
3434 1874 3490 1926 et
3539 1888 3644 1928 nos
3690 1890 3793 1945 per

2088 1940 2302 2012 ipsum,
2339 1944 2549 2013 quibus
2580 1949 2886 2006 enarravit.
2924 1954 3060 2008 Item
3098 1955 3236 2011 alibi
3272 1959 3353 2013 ait
3385 1976 3398 2015 :
3434 1961 3601 2017 Nemo
3636 1940 3791 2020 novit

2085 2030 2308 2100 Filium,
2342 2032 2454 2088 nisi
2482 2036 2689 2104 Pater;
2719 2054 2893 2110 neque
2921 2042 3141 2098 Patrem
3170 2046 3458 2119 quisquam
3482 2053 3656 2123 novit,
3682 2055 3794 2109 nisi

2086 2121 2280 2193 Filius,
2322 2128 2371 2177 et
2407 2126 2501 2179 cui
2541 2127 2771 2183 voluerit
2819 2130 2992 2186 Filius
3024 2134 3268 2191 revelare
3295 2137 3506 2207 (Matth.
3548 2121 3648 2208 xr,
3674 2143 3787 2211 27).

2086 2209 2247 2266 Sicut
2278 2228 2411 2284 ergo
2444 2213 2564 2286 ipse
2596 2233 2696 2287 per
2726 2234 2787 2273 se
2819 2219 2977 2275 novit
3006 2223 3256 2296 Patrem,
3290 2242 3396 2283 nos
3445 2234 3641 2286 autem
3690 2209 3795 2302 per

2086 2298 2252 2356 illum
2288 2302 2554 2360 novimus
2586 2306 2851 2378 Patrem;
2877 2309 2963 2365 sic
2988 2310 3243 2369 intratin
3275 2316 3422 2372 ovile
3445 2333 3548 2388 per
3576 2298 3792 2376 semet-

2087 2391 2305 2463 ipsum,
2336 2397 2393 2448 et
2426 2411 2528 2450 nos
2562 2411 2665 2467 per
2688 2397 2876 2469 ipsum
2902 2400 3131 2458 Ostium
3155 2403 3494 2464 dicebamus
3511 2426 3614 2481 per
3634 2409 3798 2466 Chri-

2088 2483 2244 2534 stum
2280 2496 2386 2535 nos
2405 2481 2616 2539 habere
2639 2486 2707 2540 ad
2742 2501 2881 2553 vos;
2909 2503 3087 2558 quare
3106 2490 3134 2544 ?
3155 2490 3301 2554 Quia
3330 2494 3629 2553 Christum
3654 2514 3796 2569 prte-

2089 2568 2378 2626 dicamus.
2429 2572 2544 2628 Nos
2600 2574 2889 2633 Christum
2948 2579 3371 2650 praedicamus;
3404 2592 3461 2640 et
3517 2568 3796 2659 ideoiper

2089 2658 2300 2715 ostium
2334 2660 2648 2721 intramus.
2670 2664 2936 2723 Christus
2961 2672 3154 2725 autem
3176 2670 3469 2730 Christum
3492 2658 3795 2748 praedicat,

2089 2750 2226 2819 quia
2273 2750 2529 2822 seipsum
2582 2755 2893 2825 praedicat;
2926 2761 2981 2812 et
3021 2759 3150 2816 ideo
3174 2766 3375 2832 pastor
3402 2779 3503 2835 per
3532 2766 3791 2838 seipsum

2091 2838 2289 2896 intrat.
2326 2845 2541 2898 Lumen
2573 2859 2703 2899 cum
2738 2844 2847 2900 alia
2881 2852 3313 2922 monstratque:
3341 2852 3686 2911 videnlurin
3709 2856 3796 2912 lu-

2093 2929 2266 2996 mine,
2301 2932 2579 3002 numquid
2629 2933 2824 3005 aliquo
2871 2935 2981 2991 alio
3014 2937 3243 3011 indiget
3289 2946 3354 2997 ut
3384 2950 3739 3002 monstretur
3768 2948 3797 3003 ’ἲ

2093 3018 2312 3074 Lumen
2345 3036 2477 3091 ergo
2508 3024 2563 3075 et
2584 3021 2696 3077 alia
2717 3023 3080 3082 demonstrat
3096 3035 3148 3083 et
3179 3030 3457 3102 seipsum.
3490 3033 3793 3097 Quaecum-

2092 3122 2201 3178 que
2223 3107 2628 3179 intelligimus,
2651 3110 2948 3168 intellectu
2974 3115 3356 3188 intelligimus
3381 3136 3395 3187 ;
3419 3126 3474 3176 et
3494 3122 3690 3194 ipsum
3710 3124 3799 3179 in-

2092 3197 2390 3255 tellectum
2411 3198 2580 3270 unde,
2599 3200 2710 3255 nisi
2727 3199 3789 3284 intellectu,intelligimus?Numquid

2092 3286 2176 3344 sic
2198 3287 2362 3342 oculo
2380 3287 2572 3344 carnis
2593 3292 2647 3344 et
2672 3287 2786 3344 alia
2806 3291 2964 3347 vides
2995 3298 3052 3348 et
3076 3292 3267 3365 ipsum
3287 3298 3315 3349 ?
3337 3298 3606 3363 Quamvis
3640 3301 3788 3356 enim

2092 3376 2322 3431 videant
2353 3375 2619 3433 homines
2648 3378 2830 3435 oculis
2852 3381 2996 3445 suis,
3027 3398 3140 3437 non
3167 3390 3359 3440 tamen
3384 3385 3789 3443 videntooulos

2093 3483 2251 3523 suos.
2286 3466 2501 3522 Oculus
2532 3467 2725 3525 carnis
2767 3470 2879 3525 alia
2911 3471 3080 3541 videt,
3115 3489 3177 3529 se
3208 3490 3320 3530 non
3353 3480 3541 3546 potest
3572 3493 3586 3532 :
3622 3477 3794 3534 intel-

2091 3557 2275 3613 lectus
2307 3560 2500 3612 autem
2531 3561 2588 3613 et
2617 3557 2731 3614 alia
2760 3559 3049 3631 intelligit,
3083 3567 3140 3618 et
3186 3564 3468 3635 seipsum.
3493 3566 3794 3631 Quomodo

2092 3644 2419 3701 intellectura
2477 3646 2632 3703 videt
2690 3664 2771 3718 se,
2830 3650 2914 3706 sic
2963 3655 3018 3706 et
3074 3650 3339 3711 Christus
3388 3655 3664 3727 praedicat
3713 3674 3799 3713 se.

2095 3736 2155 3792 Si
2200 3737 2470 3808 praedicat
2514 3754 2596 3804 se,
2631 3742 2688 3794 et
2736 3740 3101 3809 praedicando
3156 3742 3338 3800 intrat
3385 3745 3457 3801 ad
3480 3750 3558 3815 te,
3592 3762 3692 3819 per
3735 3764 3801 3804 se

2097 3827 2277 3883 intrat
2323 3828 2391 3882 ad
2442 3832 2511 3884 te.
2566 3828 2632 3884 Et
2675 3830 2745 3884 ad
2780 3829 3007 3887 Patrem
3051 3832 3175 3902 ipse
3223 3838 3315 3890 est
3361 3836 3618 3906 ostium;
3665 3838 3805 3910 quia

2098 3932 2212 3972 non
2258 3920 2343 3971 est
2392 3933 2505 3989 qua
2555 3918 2820 3975 veniatur
2868 3920 2939 3976 ad
2992 3920 3244 3989 Patrem,
3277 3924 3392 3982 nisi
3441 3941 3545 3998 per
3588 3927 3803 3999 ipsum.

2099 4006 2258 4063 Unus
2289 4006 2445 4063 enim
2480 4008 2629 4063 Deus
2660 4014 2716 4064 et
2746 4026 2899 4065 unus
2933 4012 3219 4068 mediator
3254 4013 3356 4070 Dei
3382 4018 3438 4072 et
3466 4016 3802 4086 hominum,

2098 4096 2270 4153 homo
2286 4098 2549 4154 Christus
2570 4097 2743 4155 Jesus
2764 4100 2811 4171 (Ι
2832 4102 2967 4157 Tim.
2987 4103 3141 4176 11,5).
3170 4102 3352 4161 Verbo
3385 4106 3575 4164 multa
3597 4107 3804 4164 dicun-

2097 4190 2193 4242 tur
2226 4202 2238 4242 :
2274 4186 2548 4260 haecipsa
2578 4204 2703 4260 quae
2735 4189 2873 4260 dixi,
2909 4191 3102 4263 utique
3134 4193 3307 4249 verbo
3357 4194 3494 4249 dixi.
3529 4196 3585 4250 Si
3632 4197 3805 4252 velim

2097 4277 2289 4334 dicere
2320 4281 2377 4332 et
2405 4277 2601 4348 ipsum
2651 4279 2915 4349 verbum,
2949 4283 3107 4338 unde
3139 4282 3289 4349 dico,
3325 4282 3437 4339 nisi
3470 4285 3689 4340 verbo?
3722 4286 3803 4341 Ac

2099 4383 2199 4437 per
2241 4366 2347 4423 hoc
2392 4383 2490 4440 per
2537 4368 2770 4423 verbum
2818 4373 2874 4425 et
2903 4369 3018 4425 alia
3048 4370 3344 4442 dicuntur,
3370 4388 3497 4442 quas
3521 4389 3633 4428 non
3669 4378 3811 4429 sunt

2099 4457 2255 4529 quod
2287 4458 2523 4512 verbum
2551 4474 2566 4526 ;
2592 4461 2649 4512 et
2673 4458 2869 4527 ipsum
2900 4457 3143 4514 verbum
3169 4459 3279 4515 dici
3312 4476 3426 4516 non
3450 4466 3662 4532 potest,
3691 4462 3805 4518 nisi

2102 4561 2202 4617 per
2222 4544 2485 4600 verbum.
2514 4544 2838 4614 Adjuvante
2862 4544 3125 4615 :Domino
3163 4547 3446 4619 exemplis
3488 4549 3806 4606 adundavi-

2096 4650 2245 4690 mus.
2278 4633 2492 4689 Tencte
2521 4648 2656 4705 ergo
2687 4635 2976 4704 quomodo
3008 4635 3292 4693 Dominus
3324 4637 3497 4696 Jesus
3533 4638 3804 4696 Christus

2101 4733 2153 4781 et
2183 4724 2396 4780 ostium
2428 4723 2524 4790 sit,
2557 4727 2612 4779 et
2644 4727 2836 4795 pastor
2869 4740 2881 4779 :
2918 4724 3132 4781 ostium
3165 4729 3475 4798 pandendo
3497 4746 3578 4801 se,
3604 4733 3804 4803 pastor

2102 4814 2374 4869 intrando
2407 4830 2508 4885 per
2537 4829 2619 4869 se.
2652 4814 2717 4869 Et
2751 4813 3012 4886 quidem,
3039 4815 3271 4886 fratres,
3296 4820 3446 4890 quod
3472 4824 3672 4893 pastor
3695 4826 3806 4888 est,

2101 4903 2260 4959 dedit
2290 4907 2346 4959 et
2378 4902 2653 4960 membris
2674 4904 2800 4960 suis
2826 4920 2839 4958 ε
2874 4922 3006 4962 nam
3027 4910 3083 4961 et
3107 4905 3314 4965 Petrus
3336 4914 3555 4979 pastor,
3578 4914 3635 4965 et
3658 4909 3807 4964 Pau-

2099 4994 2193 5049 lus
2226 4997 2440 5064 pastor,
2472 4998 2525 5049 et
2558 4993 2745 5049 caeteri
2790 4994 3049 5065 Apostoli
3083 5001 3372 5067 pastores,
3405 5005 3459 5053 et
3491 4997 3627 5053 boni
3678 4997 3799 5068 epi-

2101 5084 2259 5154 scopi
2292 5090 2571 5154 pastores.
2604 5082 2830 5139 Ostium
2862 5100 2995 5141 vero
3035 5101 3206 5141 nemo
3240 5092 3502 5142 nostrum
3525 5102 3586 5141 se
3618 5086 3757 5141 dicit
3786 5104 3802 5155 ;

2102 5173 2209 5228 hoc
2239 5172 2351 5228 sibi
2384 5172 2506 5242 ipse
2539 5172 2836 5243 proprium
2870 5172 3075 5240 tenuit,
3108 5191 3221 5245 qua
3252 5173 3469 5230 intrent
3499 5190 3655 5231 oves.
3691 5174 3804 5231 De-

2101 5263 2276 5335 nique
2306 5262 2520 5318 Paulus
2568 5260 2867 5332 apostolus
2900 5262 3035 5318 boni
3082 5262 3330 5333 pastoris
3361 5262 3645 5335 implebat
3675 5264 3806 5321 otti—

2100 5352 2279 5418 cium,
2313 5350 2541 5421 quando
2572 5350 2865 5406 Christum
2892 5348 3265 5421 praedicabat,
3295 5352 3432 5424 quia
3462 5369 3564 5425 per
3583 5355 3800 5413 ostium

2100 5444 2368 5499 intrabat.
2396 5443 2467 5496 At
2499 5439 2593 5495 ubi
2623 5455 2758 5495 oves
2791 5438 3241 5512 indisoiplinatie
3290 5451 3585 5515 eruperunt
3617 5445 3802 5504 facere

2100 5532 2437 5599 schismata,
2461 5528 2642 5585 etalia
2664 5528 2814 5587 ostia
2833 5528 2948 5587 sibi
2981 5546 3215 5603 ponere,
3240 5549 3355 5590 non
3380 5550 3494 5605 qua
3514 5534 3803 5595 intrarent

2100 5631 2156 5684 ut
2192 5625 2698 5695 congregarentur,
2722 5622 2821 5677 sed
2856 5639 2972 5694 qua
3002 5633 3256 5683 errarent
3284 5628 3346 5682 ut
3378 5626 3796 5699 dividerentur,
