4148 6190
382 218 534 277 1735

382 354 656 423 dicentes,
690 354 811 421 alii,
841 354 957 427 Ego
999 370 1118 409 sum
1149 354 1355 422 Pauli;
1383 355 1502 423 alii,
1536 358 1647 426 Ego
1676 373 1800 413 sum
1846 355 2084 425 Cephea;

379 444 498 513 alii,
553 444 660 515 Ego
704 444 946 516 Apollo;
977 441 1097 511 alii,
1133 444 1240 514 Ego
1293 443 1541 501 Christi:
1588 461 1970 518 expavescens
2019 443 2090 499 ad

382 549 480 591 eos
513 534 613 607 qui
640 535 929 601 dixerunt,
966 535 1080 607 Ego
1118 549 1239 589 sum
1280 535 1463 603 Pauli,
1499 543 1770 608 tanquam
1821 534 2088 591 clamans

383 626 451 680 ad
485 642 641 696 oves,
685 626 924 695 Miseraa,
958 642 1075 696 qua
1106 623 1247 680 itis?
1297 641 1409 681 non
1443 642 1575 680 sum
1623 627 1839 682 ostium
1876 642 1889 679 :
1923 625 2089 681 Num-

381 715 523 786 quid
542 715 769 785 Paulus,
791 715 1002 786 inquit,
1023 730 1123 781 pro
1153 715 1300 769 vobis
1320 715 1622 785 crucifixus
1638 717 1765 771 est?
1799 719 1893 769 aut
1918 714 1977 768 in
2000 728 2092 767 no-

386 806 533 859 mine
563 804 732 860 Pauli
760 804 1034 875 baptizati
1061 804 1189 858 estis
1221 802 1263 871 (ῐ
1298 802 1417 858 Cor.
1446 822 1478 869 l,
1516 804 1605 872 12,
1642 804 1726 875 13)
1753 802 1781 858 ‘l
1818 803 1927 869 Qui
1961 817 2090 857 vero

389 893 676 964 dicebant,
710 895 817 962 Ego
845 909 969 949 sum
1000 892 1221 959 Christi,
1246 892 1587 948 invenerant
1617 893 1857 949 ostium.

459 985 511 1036 4.
537 983 615 1039 De
648 999 762 1038 uno
791 987 984 1038 autem
1008 980 1141 1036 ovili
1176 986 1231 1037 et
1263 998 1377 1037 uno
1412 987 1662 1054 pastore,
1693 982 1815 1053 jam
1858 981 2089 1051 quidem

389 1072 621 1129 assidue
637 1071 838 1129 soletis
852 1070 1055 1127 audire
1074 1089 1085 1125 :
1104 1070 1353 1127 multum
1373 1071 1524 1126 enim
1548 1070 2091 1151 commendavimus

391 1180 573 1219 unum
604 1162 768 1229 ovile,
805 1161 1182 1233 praedicantes
1225 1162 1535 1230 unitatem,
1572 1168 1634 1217 ut
1667 1178 1767 1232 per
1795 1160 2087 1217 Christum

388 1269 593 1310 omnes
643 1269 743 1308 ove
781 1251 1243 1323 ingrederentur,
1277 1255 1333 1305 et
1365 1252 1654 1307 Donatum
1688 1250 1852 1306 nulla
1884 1266 2089 1321 seque-

389 1341 979 1399 retur.Verumtamen
1002 1340 1154 1396 unde
1176 1340 1285 1396 hoc
1314 1341 1541 1413 preprie
1564 1340 1771 1396 dixerit
1789 1339 2089 1407 Dominus,

393 1434 532 1489 satis
563 1436 820 1504 apparet.
846 1431 1216 1503 Loqucbatur
1236 1430 1391 1486 enim
1417 1433 1566 1502 apud
1588 1431 1847 1500 Judieos,
1872 1431 2089 1486 missus

392 1526 591 1578 autem
626 1523 810 1576 fuerat
841 1523 907 1575 ad
934 1522 1089 1591 ipsos
1105 1521 1357 1587 Judieos,
1382 1537 1497 1576 non
1532 1528 1760 1593 propter
1806 1520 2087 1592 quosdam

390 1612 635 1667 immani
667 1612 798 1668 odio
830 1611 1154 1683 pertinaces
1186 1616 1241 1667 et
1273 1617 1700 1683 perseverantes
1727 1611 1786 1666 in
1813 1610 2088 1676 tenebris,

388 1702 487 1757 sed
541 1705 773 1773 propter
821 1703 1103 1772 quosdam
1156 1702 1214 1757 in
1264 1702 1393 1774 ipsa
1422 1711 1590 1774 gente
1622 1718 1765 1772 quas
1794 1702 1931 1757 dicit
1956 1716 2089 1756 oves

388 1807 523 1845 suas
549 1808 562 1846 :
596 1792 663 1846 de
693 1790 903 1861 quibus
938 1791 1175 1857 ait,Non
1205 1807 1326 1845 sum
1354 1794 1550 1847 missus
1582 1794 1691 1846 nisi
1710 1791 1779 1846 ad
1809 1806 1927 1846 oves
1970 1806 2088 1861 qua

384 1883 671 1949 perierunt
696 1879 885 1934 domus
922 1881 1084 1935 Israel
1115 1880 1324 1950 (Matth.
1358 1897 1450 1947 xv,
1485 1882 1594 1953 24).
1624 1882 1868 1937 Noverat
1914 1881 2087 1935 etiam

387 1984 484 2024 eos
501 1968 560 2024 in
580 1970 749 2024 turba
770 1969 1107 2035 furentium,
1130 1973 1187 2023 et
1204 1970 1551 2041 praevidebat
1591 1971 1648 2025 in
1688 1986 1828 2041 pace
1851 1968 2087 2023 creden-

389 2056 557 2110 tium.
591 2055 738 2119 Quid
769 2063 855 2111 est
885 2072 1039 2125 ergo,
1074 2056 1187 2113 Non
1220 2073 1339 2111 sum
1372 2060 1568 2112 missus
1591 2059 1702 2112 nisi
1730 2056 1806 2111 ad
1825 2070 1946 2112 oves
1965 2067 2091 2127 que

385 2149 669 2217 perierunt
706 2146 894 2202 domus
922 2148 1130 2209 Israel;
1161 2146 1274 2202 nisi
1323 2148 1456 2217 quia
1507 2148 1867 2220 praesentiam
1920 2160 2087 2199 suam

386 2234 745 2306 corporalem
779 2252 891 2290 non
916 2235 1178 2291 exhibuit
1210 2236 1317 2290 nisi
1352 2238 1566 2308 populo
1591 2235 1763 2292 Israel
1785 2234 1912 2290 ‘tAd
1941 2237 2088 2287 Gen-

387 2329 472 2379 tes
505 2340 621 2381 non
662 2323 908 2395 perrexit
938 2324 1079 2396 ipse,
1114 2324 1213 2380 sed
1258 2324 1421 2379 misit
1454 2342 1466 2381 :
1502 2327 1570 2380 ad
1623 2323 1904 2397 populum
1962 2336 2090 2376 vero

388 2413 565 2470 Israel
595 2417 652 2469 et
681 2412 861 2481 misit,
913 2418 971 2470 et
1001 2413 1156 2470 venit
1188 2414 1349 2485 ipse;
1384 2419 1449 2470 ut
1486 2415 1584 2486 qui
1618 2413 2088 2476 contemnebant,

385 2504 576 2575 majus
604 2504 893 2575 judicium
928 2513 1247 2571 sumerent,
1280 2504 1417 2575 quia
1440 2510 1497 2561 et
1531 2504 1842 2577 praesentia
1865 2507 1953 2558 est
1974 2499 2092 2556 illis

385 2593 660 2649 exhibita.
696 2594 822 2665 Ipse
862 2593 1145 2650 Dominus
1194 2595 1273 2653 ibi
1310 2595 1442 2659 fuit,
1474 2595 1553 2649 ibi
1601 2600 1848 2650 matrem
1880 2589 2085 2661 elegit;

385 2682 462 2736 ibi
498 2681 748 2753 concipi,
783 2681 862 2736 ibi
887 2684 1070 2749 nasci,
1104 2683 1184 2738 ibi
1218 2683 1564 2755 sanguinem
1603 2683 1838 2737 fundere
1869 2682 2087 2739 voluit:

384 2770 464 2826 ibi
487 2776 628 2827 sunt
660 2771 679 2805 ί
714 2771 960 2844 vestigia
981 2774 1129 2843 eius,
1158 2774 1328 2829 modo
1355 2772 1694 2841 adorantur,
1722 2773 1818 2828 ubi
1846 2774 2091 2829 novissi-

386 2874 479 2915 me
508 2861 690 2928 stetit,
716 2862 871 2918 unde
888 2863 1152 2917 ascendit
1180 2862 1238 2917 in
1272 2860 1482 2917 cmlum
1513 2862 1620 2916 :ad
1650 2860 1862 2917 Gentes
1895 2874 2089 2917 autem

389 2951 568 3006 misit.

456 3040 511 3095 5.
544 3040 651 3094 Sed
681 3040 822 3095 forte
852 3039 1064 3111 aliquis
1096 3040 1715 3111 arbitratur,quoniam
1740 3058 1853 3097 non
1876 3042 1998 3113 ipse
2020 3041 2092 3098 ad

391 3143 495 3183 nos
521 3128 696 3195 venit,
730 3129 826 3184 sed
863 3129 1023 3185 misit
1075 3130 1144 3185 ad
1179 3146 1302 3195 nos,
1336 3146 1449 3185 non
1483 3146 1589 3185 nos
1632 3131 1867 3187 audisse
1896 3147 2090 3187 vocem

389 3216 593 3285 ipsius,
626 3217 726 3273 sed
758 3233 954 3273 vocem
989 3233 1189 3273 eorum
1220 3234 1367 3288 quos
1401 3217 1579 3273 misit.
1614 3218 1806 3285 Absit;
1842 3218 2094 3289 pellatur

389 3304 499 3359 ista
529 3304 804 3377 cogitatio
829 3306 900 3361 de
932 3306 1206 3362 cordibus
1227 3307 1426 3361 vestris
1450 3321 1462 3361 :
1500 3311 1556 3361 et
1577 3305 1631 3360 in
1654 3306 1748 3360 his
1771 3323 1910 3377 quos
1933 3308 2091 3362 misit

389 3394 514 3467 ipse
538 3400 678 3451 erat.
703 3396 901 3467 Ipsum
930 3396 1171 3452 Paulum
1192 3396 1327 3452 audi
1350 3412 1522 3468 quem
1552 3396 1713 3451 misit
1744 3413 1756 3464 ;
1783 3398 1849 3452 ad
1878 3396 2091 3453 Gentes

387 3485 543 3541 enim
576 3486 863 3559 praecipue
915 3484 1153 3541 Paulum
1186 3485 1338 3541 misit
1368 3483 1700 3556 apostolum
1735 3488 1829 3540 :et
1848 3486 1926 3541 ait
1967 3486 2090 3556 ipse

389 3574 600 3630 Paulus
622 3579 844 3631 terrens
867 3591 981 3630 non
1009 3576 1076 3630 de
1103 3591 1187 3647 se,
1206 3576 1303 3631 sed
1327 3576 1397 3632 de
1419 3575 1537 3645 illo,
1558 3577 1634 3629 An
1662 3574 1826 3630 vultis
1847 3576 2093 3646 accipere

386 3667 823 3735 experimentum
848 3666 968 3733 eius
1002 3668 1096 3735 qui
1126 3668 1181 3719 in
1227 3679 1315 3720 me
1352 3665 1601 3735 loquitur
1637 3663 1837 3718 Christi
1864 3663 1935 3735 (II
1967 3665 2089 3719 Cor.

387 3770 510 3824 xm,
540 3754 645 3825 3)?
677 3755 886 3810 Audite
925 3758 981 3809 et
1008 3754 1201 3826 ipsum
1231 3754 1563 3811 Dominum.
1594 3756 1821 3809 Etalias
1845 3770 1965 3809 oves
1992 3754 2090 3810 ha-

390 3842 501 3908 beo,
534 3843 589 3896 id
621 3849 731 3909 est,
753 3843 813 3897 in
845 3843 1126 3900 Gentibus
1161 3859 1173 3898 :
1208 3858 1333 3914 quae
1352 3859 1458 3899 non
1489 3851 1619 3898 sunt
1648 3845 1712 3898 de
1728 3844 1827 3899 hoc
1852 3844 2003 3908 ovili,
2031 3843 2089 3897 id

391 3935 477 3985 est
501 3932 573 3985 de
594 3930 806 4002 populo
830 3932 1006 3987 Israel
1033 3950 1045 3987 :
1072 3940 1283 4005 oportet
1307 3949 1391 3988 me
1415 3940 1466 3989 et
1488 3934 1613 3987 illas
1639 3934 1926 3989 adducere.
1950 3934 2092 4005 Ergo

391 4020 447 4072 et
478 4034 578 4089 per
607 4034 744 4074 suos
781 4035 893 4073 non
928 4019 1077 4074 alter
1098 4021 1355 4076 adducit.
1403 4021 1603 4075 Adhuc
1656 4022 1787 4076 audi
1826 4038 1839 4074 ε
1901 4022 2094 4075 Vocem

389 4124 565 4163 meam
598 4108 848 4165 audient.
880 4108 1023 4163 Ecce
1055 4114 1111 4164 et
1142 4126 1244 4180 per
1271 4126 1409 4165 suos
1442 4110 1565 4180 ipse
1594 4110 1869 4180 loquitur,
1908 4114 1963 4164 et
1994 4125 2092 4180 per

386 4212 483 4253 eos
505 4214 648 4269 quos
680 4196 860 4253 mittit
881 4213 987 4252 vox
1016 4198 1141 4268 ejus
1174 4197 1429 4254 auditur.
1468 4198 1533 4253 Ut
1581 4200 1651 4251 sit
1674 4214 1844 4253 unum
1874 4200 2011 4253 ovile
2039 4205 2093 4253 et

386 4308 530 4347 unus
554 4297 763 4363 pastor.
798 4289 1036 4346 Duobus
1070 4291 1198 4347 istis
1237 4291 1511 4363 gregibus
1541 4294 1818 4361 tanquam
1863 4289 2091 4344 duobus

389 4380 726 4453 parietibus,
753 4381 942 4436 factus
994 4385 1082 4436 est
1120 4380 1265 4453 lapis
1315 4380 1609 4451 angularia
1650 4377 1861 4450 (Ep/tes.
1899 4395 1960 4443 ιι,
1996 4380 2091 4434 11-

385 4473 496 4542 22).
535 4472 679 4543 Ergo
711 4479 761 4525 et
804 4472 1014 4527 ostium
1064 4479 1172 4539 est,
1207 4474 1263 4526 et
1312 4469 1460 4541 lapis
1503 4468 1845 4539 angularia:
1894 4468 2091 4523 omnia

388 4576 490 4631 per
518 4559 985 4630 similitudinem,
1014 4559 1160 4616 nihil
1193 4559 1401 4615 horum
1437 4559 1684 4631 proprie.

459 4652 511 4703 6.
542 4649 672 4703 Jam
717 4649 868 4704 enim
921 4649 1061 4716 dixi,
1094 4653 1150 4705 et
1189 4649 1588 4707 commendavi
1621 4649 2014 4714 vehementer,
2038 4653 2091 4702 et

388 4737 487 4808 qui
519 4737 760 4807 capiunt
790 4738 1047 4808 sapiunt,
1070 4736 1189 4793 imo
1221 4739 1319 4809 qui
1350 4739 1582 4811 sapiunt
1613 4739 1849 4810 capiunt
1873 4754 1886 4805 ;
1911 4741 1967 4791 et
1989 4734 2090 4807 qui

389 4828 651 4885 nondum
678 4826 969 4882 intellectu
1006 4828 1261 4899 sapiunt,
1289 4830 1403 4885 fide
1433 4833 1668 4884 teneant
1699 4830 1850 4899 quod
1876 4826 2088 4882 intelli-

387 4934 520 4992 gere
553 4916 814 4973 nondum
871 4922 1135 4989 possunt.
1180 4921 1288 4974 Per
1332 4917 1777 4973 similitudinem
1828 4917 2088 4972 Christus

388 5009 572 5065 multa
594 5011 683 5065 est
704 5023 831 5078 quae
855 5023 957 5077 per
986 5007 1396 5079 proprietatem
1424 5024 1537 5063 non
1562 5013 1665 5063 est.
1692 5008 1793 5063 Per
1814 5005 2087 5061 similitu-

386 5100 581 5157 dinem
628 5102 684 5154 et
716 5102 878 5169 petra
907 5103 996 5153 est
1027 5095 1315 5165 Christus,
1347 5102 1402 5154 et
1432 5097 1644 5154 ostium
1685 5102 1772 5153 est
1802 5096 2087 5162 Christus,

454 5260 849 5310 tLovanienses
899 5262 1120 5309 monent
1165 5260 1355 5315 omitti,
1393 5259 1478 5308 hic
1526 5261 1661 5318 sunt,
1711 5255 1766 5305 in
1801 5256 2014 5307 duobus
2060 5271 2088 5307 a

390 5323 633 5385 suisMss.
659 5336 689 5385 ﬁ,
706 5327 758 5370 at
778 5321 834 5370 in
856 5321 1055 5385 nostris
1086 5324 1338 5373 omnibus
1362 5322 1647 5385 reperitur.
1680 5321 1839 5385 Porro
1861 5321 1926 5369 ds
1948 5320 2094 5385 Chri-

390 5384 458 5434 sti
488 5384 722 5440 vestigiis
753 5385 803 5431 in
841 5384 1027 5435 Oliveli
1074 5389 1256 5435 monte
1303 5381 1466 5435 bum'o
1499 5381 1767 5440 impressis
1806 5384 2005 5432 mentio
2036 5382 2092 5433 ﬁt

391 5397 458 5434 su
488 5397 618 5432 vast:
659 5397 722 5430 ns
753 5399 803 5431 in
841 5397 1027 5435 Utiveu
1074 5397 1256 5435 monte
1303 5397 1466 5435 numo
1499 5397 1767 5440 impressis
1806 5397 2005 5432 mentio
2036 5397 2092 5433 nt

391 5397 862 5509 etiaminﬁibroide
881 5448 1031 5497 Locis
1052 5448 1327 5497 Hebraicis
1349 5450 1487 5497 inter
1516 5447 1821 5509 Hierommi
1845 5460 2025 5507 opera,
2040 5450 2092 5495 et

389 5507 534 5573 apud
554 5504 748 5573 Begu}!
766 5508 837 5573 de
862 5512 1167 5573 nominibus
1188 5512 1426 5561 locorum
1446 5510 1670 5573 inAetis
1693 5504 2087 5573 Apuswlorum.

389 5563 523 5624 lt'em
556 5567 611 5615 in
632 5563 840 5628 Sulpitii
860 5570 1033 5623 Severi
1065 5572 1286 5623 historia
1315 5586 1481 5633 sacra,
1508 5572 1596 5623 lib.
1621 5571 1669 5624 2.

1327 217 1407 277 IN
1448 216 1766 280 JOANNIS
1813 214 2349 286 EVANGELIUM,
2397 218 2463 278 S.
2511 217 2932 281 AUGUSTINI

3739 219 3899 283 1⁵736

2199 358 2256 409 et
2287 353 2436 426 lapis
2454 356 2755 427 angularia
2779 365 2863 413 est
2884 355 3179 423 Christus,
3210 359 3267 413 et
3288 360 3486 428 pastor
3506 360 3595 413 est
3613 357 3911 423 Christus,

2198 450 2248 498 et
2273 459 2457 515 agnus
2479 453 2565 500 est
2586 445 2866 514 Christus,
2894 451 2949 501 et
2972 446 3060 502 leo
3084 450 3173 501 est
3193 445 3484 503 Christus.
3511 449 3694 511 Quam
3722 446 3911 502 multa

2200 550 2301 603 per
2323 534 2765 603 similitudines,
2790 540 2846 591 et
2866 536 3002 601 alia,
3032 553 3155 607 qua:
3187 553 3643 593 commemorare
3665 537 3910 609 longum

2200 631 2281 677 est
2301 621 2313 676 l
2331 622 2389 677 Si
2407 629 2600 680 autem
2625 624 3005 697 proprietates
3030 626 3314 681 discutias
3336 642 3526 681 rerum
3553 642 3697 697 quas
3718 625 3916 681 videre

2197 715 2533 769 consuesti:
2561 731 2664 770 nec
2686 720 2848 786 petra
2864 721 2970 783 est,
2994 715 3131 785 quia
3157 716 3339 770 durus
3352 719 3407 770 et
3429 715 3553 770 sine
3578 731 3751 771 sensu
3794 731 3910 770 non

2199 804 2326 867 est;
2363 816 2465 856 nec
2498 803 2712 857 ostium
2763 808 2872 870 est,
2906 804 3043 873 quia
3081 802 3234 859 faber
3279 818 3412 858 eum
3447 821 3562 859 non
3597 804 3768 871 fecit;
3806 818 3915 858 nec

2200 889 2348 960 lapis
2381 891 2679 962 angularia
2696 895 2801 960 est,
2831 892 2969 963 quia
3001 908 3111 947 non
3146 895 3235 948 est
3265 892 3337 947 ab
3360 898 3646 949 structore
3667 908 3916 961 compo-

2198 980 2381 1049 situs;
2415 996 2521 1035 nec
2555 986 2754 1052 pastor
2789 988 2899 1047 est,
2936 981 3075 1054 quia
3119 985 3312 1037 custos
3345 983 3535 1037 ovium
3570 982 3911 1053 quadrupe-

2198 1071 2334 1125 dum
2389 1086 2499 1125 non
2550 1075 2677 1139 est;
2713 1086 2817 1125 nec
2868 1070 2954 1125 leo
3000 1076 3109 1139 est,
3145 1070 3286 1143 quia
3346 1072 3463 1126 tera
3494 1088 3606 1126 non
3640 1077 3766 1140 est;
3802 1087 3909 1127 nec

2199 1175 2383 1231 agnus
2411 1166 2521 1225 est,
2555 1161 2695 1231 quia
2728 1164 2927 1231 pectus
2962 1177 3075 1216 non
3108 1165 3217 1215 est.
3252 1160 3461 1216 Omnia
3491 1176 3625 1233 ergo
3668 1160 3777 1216 ista
3807 1177 3913 1233 per

2197 1249 2666 1304 similitudinem.
2701 1250 2843 1313 Quid
2876 1266 3013 1322 ergo
3047 1250 3280 1322 proprie
3302 1250 3329 1304 ‘l
3352 1252 3419 1305 1n
3463 1250 3742 1321 principio
3790 1260 3915 1307 erat

2211 1338 2461 1403 Verbum,
2490 1342 2543 1393 et
2574 1340 2798 1395 Verbum
2829 1348 2948 1395 erat
2977 1338 3123 1409 apud
3154 1339 3343 1399 Deum,
3372 1345 3425 1393 et
3455 1338 3592 1394 Deus
3624 1345 3744 1395 erat
3779 1338 3910 1394 Ver-

2198 1428 2345 1483 bum.
2377 1427 2525 1491 Quid
2571 1429 2639 1484 de
2686 1427 2919 1484 homine
2947 1429 3046 1499 qui
3078 1428 3349 1500 apparuit
3369 1426 3398 1481 ἲ
3428 1430 3494 1483 Et
3519 1428 3749 1484 Verbum
3778 1443 3911 1484 caro

2195 1520 2407 1589 factum
2435 1521 2532 1584 est,
2566 1524 2620 1571 et
2652 1517 2918 1572 habitavit
2946 1520 3001 1572 in
3034 1517 3191 1572 nobis
3223 1518 3403 1588 (Joan.
3429 1534 3468 1587 ι,
3504 1519 3554 1587 1,
3589 1518 3695 1588 14).

2266 1606 2319 1660 7.
2339 1605 2485 1660 Audi
2509 1609 2564 1660 et
2585 1613 2807 1660 cetera.
2832 1610 3121 1676 Propterea
3144 1620 3231 1660 me
3254 1606 3651 1678 Paterdiligit,
3678 1606 3907 1676 inquit;

2197 1698 2328 1766 quia
2357 1709 2452 1762 ego
2476 1708 2616 1764 pono
2663 1696 2909 1748 animum
2938 1709 3137 1761 meam,
3160 1700 3221 1748 ut
3252 1696 3452 1749 iterum
3496 1710 3712 1748 sumam
3760 1711 3906 1749 eam.

2196 1785 2342 1848 Quid
2377 1782 2503 1839 ait?
2535 1788 2832 1854 Pr0pterea
2859 1798 2946 1837 me
2975 1783 3142 1839 Pater
3172 1783 3355 1851 diligit
3387 1800 3403 1837 :
3426 1784 3564 1854 quia
3596 1784 3813 1838 morior
3845 1790 3910 1839 ut

2201 1890 2501 1946 resurgam
2529 1874 2627 1945 (α).
2662 1873 2807 1928 Cum
2841 1890 3053 1947 magno
3084 1874 3236 1929 enim
3270 1874 3523 1945 pondere
3554 1874 3765 1929 dictum
3799 1878 3906 1937 est.

2197 1980 2293 2035 ego
2325 1982 2343 2018 :
2379 1964 2518 2032 Quia
2548 1979 2641 2033 ego
2685 1979 2844 2033 pono,
2884 1964 3095 2033 inquit,
3127 1978 3266 2034 pono
3296 1964 3542 2017 animam
3582 1978 3779 2031 meam,
3810 1980 3907 2033 rgo

2194 2070 2355 2127 pono.
2392 2054 2536 2117 Quid
2572 2058 2679 2119 est,
2709 2068 2807 2122 ego
2834 2068 2974 2124 pono
3004 2052 3032 2104 ?
3059 2052 3179 2124 Ego
3210 2052 3367 2109 illam
3403 2070 3550 2123 pono
3584 2069 3597 2108 :
3634 2070 3744 2109 non
3777 2055 3907 2125 glo-

2200 2145 2425 2200 rientur
2451 2142 2673 2209 Judaei;
2705 2142 2903 2197 saevire
2952 2146 3283 2213 potuerunt,
3318 2148 3653 2214 potestatem
3691 2142 3908 2197 habere

2200 2250 2314 2291 non
2342 2238 2653 2303 potuerunt
2678 2248 2689 2287 :
2716 2232 2957 2286 saeviant
2979 2237 3263 2303 quantum
3290 2237 3539 2303 possunt
3566 2257 3580 2299 ς
3603 2230 3650 2287 si
3674 2247 3776 2302 ego
3801 2247 3906 2286 no-

2200 2325 2362 2380 luero
2392 2322 2648 2377 animam
2683 2336 2869 2376 meam
2922 2336 3158 2392 ponere,
3192 2322 3331 2392 quid
3375 2321 3662 2377 saeviendo
3695 2320 3905 2375 facturi

2199 2414 2386 2470 sunt?
2425 2412 2554 2467 Una
2586 2413 2965 2483 responsione
3016 2413 3284 2481 prostrati
3336 2417 3514 2467 sunt:
3548 2411 3784 2482 quando
3816 2411 3907 2466 eis

2199 2505 2418 2559 dictum
2453 2507 2563 2570 est,
2597 2502 2763 2568 Quem
2808 2503 3066 2571 quxritis
3096 2504 3121 2554 .9
3164 2501 3456 2570 dixerunt,
3488 2501 3791 2561 Jesum;et
3823 2500 3909 2555 ait

2199 2593 2303 2659 eis,
2337 2593 2441 2662 Ego
2470 2607 2587 2646 sum
2614 2609 2633 2646 :
2665 2592 2947 2646 redierunt
2975 2594 3140 2658 retro,
3174 2598 3228 2646 et
3254 2590 3567 2646 ceciderunt
3598 2590 3705 2661 (Id.
3738 2604 3907 2655 xvm,

2198 2681 2329 2751 4-6).
2354 2681 2460 2746 Qui
2481 2679 2819 2735 ceciderunt
2850 2680 2918 2733 ad
2944 2695 3117 2733 unam
3141 2694 3335 2733 vocem
3366 2677 3583 2733 Christi
3608 2677 3906 2744 morituri,

2200 2771 2340 2842 quid
2393 2768 2605 2824 facient
2631 2770 2742 2824 sub
2775 2784 2909 2823 voce
2939 2768 3251 2836 iudicaturi
3278 2768 3304 2821 ?
3336 2768 3460 2838 Ego,
3483 2782 3597 2837 ego,
3634 2767 3903 2837 inquam,

2196 2875 2337 2932 pono
2368 2861 2608 2914 animam
2649 2874 2849 2927 meam,
2882 2865 2943 2913 ut
2974 2861 3169 2913 iterum
3212 2874 3425 2913 sumam
3454 2873 3593 2913 eam.
3622 2855 3745 2912 Non
3780 2858 3909 2928 glo-

2201 2953 2425 3006 rientur
2442 2949 2647 3015 Judaei,
2665 2949 2829 3019 quasi
2847 2947 3283 3019 praevaluerint;
3307 2948 3431 3018 ipse
3446 2948 3739 3017 posuitani
3753 2963 3910 3001 mam

2201 3056 2385 3097 suam.
2418 3041 2524 3110 Ego
2554 3039 2804 3103 dormivi,
2838 3038 2998 3093 dicit.
3033 3040 3227 3094 Nostis
3264 3038 3561 3093 Psalmum
3596 3054 3608 3092 :
3644 3039 3751 3107 Ego
3781 3036 3911 3092 dor-

2200 3134 2353 3197 mivi,
2375 3134 2425 3187 et
2450 3146 2704 3185 somnum
2734 3132 2855 3201 Cepi
2874 3147 2891 3193 ;
2924 3138 2973 3184 et
2993 3130 3310 3194 exsurrexi,
3342 3130 3599 3199 quoniam
3643 3129 3915 3183 Dominus

2202 3221 2460 3289 suscipiet
2494 3236 2578 3274 me
2608 3220 2780 3290 (Psal.
2814 3235 2899 3287 ιιι,
2930 3219 3006 3287 6).
3047 3218 3206 3273 Modo
3239 3217 3507 3274 Psalmus
3548 3217 3674 3288 ipse
3722 3218 3915 3272 tectus

2202 3315 2310 3376 est,
2354 3310 2525 3365 modo
2555 3309 2891 3363 audivimus
2926 3324 2938 3361 :
2970 3308 3078 3378 Ego
3106 3307 3359 3376 dormivi,
3382 3314 3438 3361 et
3468 3322 3719 3362 somnum
3748 3308 3867 3376 cepi
3894 3323 3915 3366 ;

2199 3407 2249 3455 et
2277 3400 2589 3465 exsurrexi,
2622 3400 2877 3470 quoniam
2905 3398 3168 3453 Dominus
3196 3398 3455 3465 suscipiet
3474 3411 3582 3450 me.
3614 3395 3763 3458 Quid
3794 3401 3911 3461 est,

2199 3490 2306 3560 Ego
2326 3490 2606 3544 dormivi?
2634 3488 2779 3553 Quia
2803 3486 2979 3555 volui,
3002 3487 3272 3542 dormivi.
3294 3485 3443 3550 Quid
3485 3489 3596 3553 est,
3619 3485 3869 3540 dormivi
3887 3489 3916 3538 .9

2200 3580 2462 3635 Mortuus
2496 3595 2653 3635 sum.
2686 3578 2889 3634 Nonne
2911 3576 3206 3645 dormivit,
3231 3575 3331 3647 qui
3355 3576 3589 3647 quando
3612 3575 3814 3641 voluit,
3841 3575 3916 3630 de

2199 3668 2465 3740 sepulcro
2497 3674 2779 3741 tanquam
2814 3668 2885 3723 de
2915 3667 3060 3723 lecto
3092 3666 3394 3722 surrexit?
3415 3666 3526 3721 Sed
3582 3670 3741 3720 amat
3771 3666 3919 3719 dare

2200 3758 2445 3828 gloriam
2477 3758 2650 3824 Patri,
2681 3765 2738 3812 ut
2774 3774 2877 3812 nos
2909 3756 3156 3811 aediﬁcet
3184 3754 3435 3827 gloriam
3468 3754 3603 3809 dare
3628 3754 3911 3808 Creatori.

2201 3847 2344 3903 Nam
2374 3848 2527 3918 quod
2578 3846 2819 3911 addidit,
2850 3845 3163 3913 exsurrexi,
3196 3846 3454 3916 quoniam
3488 3842 3752 3898 Dominus
3782 3858 3909 3897 sus-

2200 3939 2361 4007 cipiet
2394 3952 2522 4002 me;
2553 3936 2767 4007 putatis
2796 3934 2890 3990 hic
2922 3935 3091 4007 quasi
3139 3936 3410 3990 virtutem
3432 3932 3559 4003 ejus
3604 3932 3908 3999 deiecisse,

2204 4033 2266 4080 ut
2288 4041 2389 4096 per
2411 4030 2756 4096 potestatem
2778 4040 2940 4080 suam
2966 4023 3105 4080 mori
3138 4023 3411 4095 potuerit,
3437 4036 3534 4093 per
3555 4025 3909 4093 potestatem

2200 4130 2364 4170 suam
2383 4130 2685 4186 resurgere
2698 4130 2811 4170 non
2829 4114 3085 4185 potuerit
3099 4112 3231 4168 ‘?Sic
3244 4112 3400 4167 enim
3420 4111 3687 4167 videntur
3700 4124 3915 4165 sonare

2198 4205 2373 4259 verba
2415 4221 2529 4259 non
2563 4203 2844 4259 intentius
2891 4201 3208 4271 intellecta,
3241 4202 3347 4272 Ego
3394 4199 3671 4261 dormivi;
3702 4198 3763 4252 id
3796 4204 3909 4261 est,

2200 4293 2336 4365 quia
2368 4293 2545 4363 volui,
2570 4293 2839 4349 dormivi.
2865 4291 2929 4347 Et
2950 4294 3241 4348 exsurrexi
3266 4308 3284 4345 :
3306 4306 3489 4362 quare
3506 4290 3535 4344 ‘l
3556 4291 3695 4353 Quia
3719 4288 3912 4344 Domi-

2199 4401 2303 4439 nus
2332 4386 2584 4456 suscipiet
2604 4400 2710 4443 me.
2735 4383 2883 4451 Quid
2915 4384 3091 4450 enim,
3124 4389 3180 4438 tu
3207 4398 3240 4437 a
3258 4381 3441 4451 teipso
3466 4394 3764 4451 resurgere
3788 4393 3909 4434 non

2199 4474 2467 4530 valeres?
2493 4475 2551 4529 Si
2584 4492 2699 4531 non
2732 4475 2967 4543 valeres,
3001 4490 3114 4529 non
3146 4472 3391 4541 diceres,
3426 4472 3753 4525 Potestamet
3804 4469 3915 4523 ha-

2202 4566 2295 4621 beo
2314 4565 2551 4636 ponendi
2587 4566 2841 4622 animum
2859 4580 3060 4630 meam,
3081 4570 3133 4619 et
3154 4566 3477 4635 potestatem
3500 4559 3670 4615 habeo
3694 4562 3909 4615 iterum

2197 4654 2447 4710 sumendi
2492 4671 2633 4709 eam.
2685 4654 2828 4710 Audi
2872 4654 2983 4710 alio
3017 4653 3140 4709 loco
3171 4653 3230 4707 in
3262 4650 3594 4719 Evangelia,
3619 4649 3755 4718 quia
3786 4665 3914 4705 non

2200 4744 2385 4800 solum
2420 4746 2591 4800 Pater
2620 4744 2919 4801 suscitavit
2946 4743 3179 4809 Filium,
3213 4741 3312 4797 sed
3346 4741 3520 4797 etiam
3546 4737 3728 4794 Filius
3750 4738 3917 4810 seip-

2199 4850 2352 4890 sum.
2379 4835 2607 4901 Solvite,
2624 4834 2829 4905 inquit,
2855 4833 3119 4903 templum
3140 4832 3258 4898 hoc,
3281 4836 3334 4886 et
3355 4832 3410 4884 in
3434 4827 3616 4883 triduo
3632 4827 3917 4882 suscitabo

2199 4924 2359 4979 illud.
2396 4925 2461 4979 Et
2492 4922 2857 4995 Evangelista
2892 4940 2904 4977 :
2953 4924 3059 4977 Hoc
3100 4928 3307 4986 autem,
3336 4918 3546 4990 inquit,
3576 4916 3789 4973 dicebat
3838 4916 3917 4972 de

2200 5014 2403 5085 templo
2429 5016 2670 5084 corporis
2697 5012 2789 5069 sui
2829 5012 3018 5083 (Joan.
3054 5027 3118 5080 ιι,
3154 5011 3239 5076 19,
3286 5010 3397 5081 21).
3432 5012 3548 5063 Hoc
3576 5007 3730 5064 enim
3764 5021 3900 5062 sus-

2199 5103 2489 5159 citabatur
2502 5103 2655 5175 quod
2681 5103 3057 5158 moriebatur.
3073 5099 3221 5155 Nam
3237 5098 3491 5153 Verbum
3512 5113 3624 5152 non
3641 5103 3727 5151 est
3751 5112 3914 5151 mor-

2199 5198 2391 5259 tuum,
2427 5194 2623 5250 anima
2646 5192 2746 5249 illa
2770 5210 2882 5248 non
2905 5198 2993 5248 est
3034 5194 3283 5268 mqrtua.
3308 5188 3362 5243 Si
3389 5204 3491 5244 nec
3513 5193 3611 5244 tua
3633 5188 3913 5256 moritur,

2200 5283 2431 5339 Domini
2466 5292 2780 5339 moreretur
2798 5282 2827 5337 ?

2214 5397 2219 5405 ι
2270 5375 2323 5427 8.
2358 5370 2521 5428 Unde
2567 5372 2706 5439 scio,
2757 5372 2977 5443 inquis,
3010 5370 3056 5427 si
3109 5385 3237 5425 mea
3268 5385 3382 5424 non
3435 5365 3804 5422 moritur?A
3856 5374 3916 5423 te

2200 5477 2313 5517 non
2339 5462 2660 5529 occidatur,
2693 5470 2745 5517 et
2776 5478 2892 5517 non
2925 5461 3187 5516 moritur.
3214 5457 3532 5523 Quomodo,
3555 5454 3774 5527 inquis,
3799 5472 3915 5527 ego

2264 5572 2336 5632 (α)
2366 5570 2518 5620 Forte
2550 5570 2637 5620 hic
2667 5573 2759 5621 aut
2792 5573 3035 5632 superest
3068 5573 3161 5620 aut
3184 5568 3333 5619 deest
3362 5563 3630 5616 nonnihil.
