4178 6192
348 280 507 340 1737

340 436 584 491 possum
610 419 868 475 occidere
897 416 1160 472 animam
1189 429 1376 470 meam
1396 413 1422 469 ‘2
1442 413 1514 469 Ut
1565 413 1679 468 alia
1710 419 1947 485 peccata
1976 415 2067 469 in-

340 512 517 565 terim
554 516 801 575 taceam,
834 506 901 563 Os
931 506 1073 578 quod
1094 506 1387 571 mentitur,
1410 506 1606 561 occidit
1634 507 1879 561 animam
1900 506 2047 577 (Sap.

341 616 381 664 ι,
418 600 524 669 11).
550 598 872 666 Quomodo,
913 596 1127 668 inquis,
1161 609 1400 651 securus
1432 611 1588 662 sum,
1619 594 1753 664 quia
1783 612 1895 650 non
1931 612 2053 650 mo-

340 690 528 744 ritur?
555 689 755 760 Ipsum
791 688 1099 744 Dominum
1130 686 1265 741 audi
1306 686 1540 741 dantem
1573 702 1739 741 servo
1770 688 2054 742 securita-

341 784 456 834 tem
491 795 508 833 :
541 777 728 834 Nolite
765 779 957 832 timere
1003 792 1089 831 eos
1131 777 1228 848 qui
1269 775 1519 831 occidunt
1549 790 1760 845 corpus,
1793 784 1843 829 et
1870 781 2053 845 postea

338 884 445 924 non
479 868 682 924 habent
714 870 845 938 quid
875 868 1107 937 faciant.
1142 866 1249 922 Sed
1285 864 1451 934 plane
1483 864 1623 937 quid
1654 866 1780 920 ait?
1810 866 1949 919 Eum
1980 865 2051 919 ti-

336 963 484 1011 mete
512 958 614 1027 qui
630 956 791 1012 habet
810 962 1131 1025 potestatem
1157 960 1209 1010 et
1237 969 1435 1024 corpus
1464 958 1513 1008 et
1543 952 1794 1008 animam
1808 952 2054 1009 occidere

336 1050 398 1102 in
431 1046 690 1118 gehenna
719 1044 933 1116 (Matth.
966 1062 1022 1111 x,
1052 1044 1144 1111 28,
1202 1052 1254 1099 et
1284 1045 1412 1099 Luc.
1436 1059 1536 1109 xu,
1561 1043 1695 1114 4,5).
1730 1043 1869 1098 Ecce
1917 1044 2054 1114 quia

340 1136 614 1202 moritur,
643 1151 777 1193 ecce
798 1133 938 1205 quia
969 1148 1084 1189 non
1110 1131 1376 1188 moritur.
1401 1131 1546 1198 Quid
1563 1131 1807 1188 estmori
1827 1133 2053 1203 ipsius?

336 1225 479 1297 quid
510 1229 601 1281 est
629 1224 775 1281 mori
805 1224 967 1281 carni
996 1229 1109 1278 tua
1129 1222 1156 1278 ?
1178 1223 1321 1279 Mori
1354 1223 1515 1278 carni
1546 1224 2053 1290 tuw,eslamittere

334 1317 517 1371 vitam
561 1334 730 1372 suam
760 1314 943 1370 :mori
983 1314 1191 1370 animai
1242 1319 1375 1381 tuae,
1419 1319 1508 1369 est
1555 1314 1820 1371 amittere
1878 1314 2049 1369 vitam

334 1424 533 1463 suam.
568 1405 699 1461 Vita
728 1404 923 1460 carnis
955 1410 1085 1471 tuas,
1110 1403 1308 1459 anima
1350 1407 1450 1459 tua
1484 1403 1634 1459 :vita
1680 1404 1885 1460 animas
1919 1410 2049 1471 tuas,

332 1498 493 1553 Deus
516 1503 676 1552 tuus.
709 1494 1005 1560 Quomodo
1032 1492 1272 1549 moritur
1293 1509 1426 1548 caro
1448 1494 1666 1549 amissa
1686 1494 1903 1563 anima,
1923 1510 2048 1564 quis

330 1588 453 1643 vita
483 1592 569 1642 est
597 1586 727 1656 ejus
752 1601 767 1652 ;
800 1582 884 1640 sic
917 1584 1162 1639 moritur
1192 1582 1388 1639 anima
1408 1582 1623 1639 amisso
1641 1585 1777 1650 Deo,
1801 1582 1901 1654 qui
1930 1583 2051 1639 vita

328 1681 422 1732 est
450 1676 597 1746 ejus.
633 1675 793 1758 Certe
823 1690 960 1745 ergo
994 1672 1341 1728 immortalis
1383 1678 1471 1728 est
1498 1674 1717 1729 anima.
1749 1672 2051 1758 Planeim-

332 1760 619 1825 mortalis,
653 1757 793 1830 quia
839 1758 976 1813 vivit
1008 1762 1065 1813 et
1110 1764 1361 1814 mortua.
1395 1758 1556 1823 Quod
1587 1758 1741 1813 enim
1775 1759 1843 1812 de
1875 1757 2050 1813 vidua

334 1850 610 1906 deliciosa
656 1848 801 1904 dixit
841 1846 1175 1919 Apostolus,
1207 1846 1383 1903 etiam
1434 1847 1504 1903 de
1534 1845 1751 1913 anima,
1778 1849 1825 1901 si
1864 1848 2046 1901 Deum

335 1958 511 1997 suum
542 1939 825 2010 amiserit,
846 1940 960 1996 dici
997 1944 1208 2011 potest,
1243 1938 1429 1994 Vivens
1478 1947 1694 1995 mortua
1714 1942 1789 1994 est
1821 1939 1867 2009 (Ι
1905 1938 2043 1993 Tim.

332 2048 392 2101 ν,
420 2032 496 2090 6).
1308 2048 1319 2055 '

406 2123 461 2177 9.
495 2120 793 2186 Quomodo
834 2135 971 2191 ergo
1015 2118 1178 2191 ponit
1224 2118 1483 2175 animam
1516 2134 1681 2174 suam
1714 2117 2045 2174 Dominus?

334 2213 588 2280 Fratres;
617 2227 942 2282 quaramus
974 2210 1082 2265 hoc
1130 2208 1300 2280 paulo
1329 2209 1630 2264 attentius.
1669 2208 1793 2264 Non
1818 2226 1921 2264 nos
1950 2226 2043 2264 ar-

329 2307 449 2358 ctat
479 2302 621 2357 hora
650 2318 777 2372 quis
808 2300 951 2356 solet
981 2300 1071 2355 die
1105 2298 1396 2354 dominico
1420 2302 1436 2335 ι
1473 2315 1485 2353 :
1519 2303 1684 2354 vacat
1724 2299 1914 2368 nobis,
1937 2300 2044 2356 hoc

329 2392 635 2448 lucrentur
666 2392 767 2461 qui
797 2391 868 2445 ad
903 2390 1144 2445 verbum
1169 2388 1270 2444 Dei
1292 2389 1468 2445 etiam
1487 2388 1581 2444 die
1605 2388 1881 2445 hodierna
1904 2407 2045 2446 con-

330 2480 589 2536 veniunt.
627 2481 798 2547 Pono,
848 2476 1059 2549 inquit,
1111 2482 1358 2532 animam
1418 2494 1615 2534 meam.
1659 2478 1799 2543 Quis
1832 2479 2045 2549 ponit?

326 2585 509 2641 quam
547 2568 749 2639 ponit’
772 2568 798 2622 ?
829 2568 974 2631 Quid
999 2571 1089 2623 est
1119 2565 1424 2622 Christus?
1469 2568 1720 2623 Verbum
1753 2573 1810 2622 et
1848 2568 2039 2623 homo.

326 2658 443 2714 Nec
475 2659 560 2713 sic
575 2657 748 2713 homo
774 2656 976 2713 utsola
994 2671 1127 2712 caro
1162 2672 1175 2710 :
1204 2655 1304 2711 sed
1322 2656 1458 2724 quia
1488 2654 1682 2724 homo,
1717 2661 1948 2712 constat
1977 2673 2045 2712 ex

327 2763 505 2802 carne
532 2752 589 2801 et
610 2747 829 2813 anima,
870 2750 1027 2800 totus
1075 2750 1268 2799 autem
1309 2744 1485 2800 homo
1536 2745 1592 2799 in
1642 2745 1890 2801 Christo.
1920 2751 2044 2802 Non

326 2836 486 2892 enim
510 2839 732 2907 partem
747 2833 1091 2891 deteriorem
1109 2833 1489 2904 suscepisset,
1521 2837 1579 2889 et
1601 2839 1826 2905 partem
1852 2832 2048 2892 melio-

327 2943 453 2981 rem
486 2926 840 2981 deseruisset
871 2942 886 2981 ε
923 2941 1051 2995 pars
1078 2923 1294 2994 quippe
1316 2922 1575 2979 hominis
1599 2925 1805 2981 melior
1826 2926 2047 2981 estani-

326 3034 428 3073 ma
459 3032 636 3087 quam
682 3031 911 3087 corpus.
956 3014 1103 3077 Quia
1150 3028 1289 3083 ergo
1323 3018 1478 3069 totus
1510 3013 1681 3070 homo
1714 3014 1770 3069 in
1794 3015 2045 3083 Christo,

342 3104 487 3177 quid
517 3110 607 3160 est
626 3103 896 3159 Christus
925 3103 953 3157 ‘I
974 3101 1255 3171 Verbum,
1298 3103 1560 3173 inquam,
1593 3108 1648 3159 et
1687 3103 2047 3169 homo.Quid

325 3200 419 3251 est
440 3194 702 3251 Verbum
735 3199 791 3248 et
820 3192 994 3249 homo
1010 3193 1038 3246 ?
1073 3190 1346 3261 Verbum,
1370 3191 1566 3247 anima
1589 3198 1645 3247 et
1665 3210 1819 3249 caro.
1842 3196 2048 3251 Tenete

328 3288 463 3351 hoc,
498 3285 636 3355 quia
667 3300 783 3339 non
808 3283 1120 3338 defuerunt
1149 3281 1403 3337 haeretici
1427 3287 1482 3337 et
1510 3281 1567 3337 in
1604 3282 1715 3338 ista
1737 3285 2044 3351 sententia,

329 3374 485 3447 pulsi
516 3373 887 3445 quidemjam
902 3371 1041 3428 olim
1058 3372 1339 3426 averitate
1370 3372 1685 3427 catholica:
1710 3374 1811 3428 sed
1853 3382 2046 3429 tamen

328 3473 391 3520 ut
419 3465 580 3520 (ures
609 3468 667 3519 et
694 3463 946 3519 latrones
970 3478 1085 3517 non
1112 3461 1396 3516 intrantes
1413 3464 1759 3531 perostium,
1779 3464 2046 3518 insidiari

327 3555 473 3609 ovili
510 3569 627 3609 non
658 3552 955 3608 desinunt.
986 3549 1379 3622 Apollinaritaa
1425 3550 1680 3606 haeretici
1717 3552 1854 3608 dicti
1886 3560 2048 3623 sunt,

325 3646 425 3714 qui
449 3643 581 3698 ausi
601 3646 736 3697 sunt
767 3641 1163 3711 dogmatizare
1203 3640 1356 3711 quod
1385 3639 1650 3698 Christus
1676 3658 1789 3698 non
1822 3641 1900 3697 sit
1933 3644 2053 3714 nisi

322 3733 588 3788 Verbum
637 3737 695 3787 et
735 3746 871 3787 caro
908 3746 922 3783 :
955 3730 1215 3784 animam
1261 3728 1581 3785 humanam
1633 3748 1748 3787 non
1789 3747 1921 3787 eum
1953 3749 2051 3789 as-

325 3820 661 3891 sumpsisse
694 3819 1074 3874 contendunt.
1104 3816 1249 3872 Nam
1270 3822 1327 3872 et
1356 3816 1533 3888 aliqui
1562 3834 1760 3873 eorum
1797 3821 2049 3875 luissein

321 3910 560 3966 Christo
587 3908 867 3974 animam,
890 3922 1097 3978 negare
1114 3923 1227 3961 non
1255 3911 1594 3976 potuerunt.
1628 3908 1824 3963 Videte
1844 3910 2050 3964 absur-

326 4000 575 4055 ditatem
608 4005 664 4055 et
693 3998 991 4054 insaniam
1026 4013 1138 4052 uon
1173 3996 1486 4052 terendum.
1514 3998 1782 4052 Animam
1817 3999 2051 4055 irratio-

328 4088 526 4145 nalem
546 4105 679 4144 eum
700 4087 910 4144 habere
934 4088 1259 4150 voluerunt,
1292 4086 1631 4142 rationalem
1660 4095 2042 4160 negaverunt:

324 4180 621 4234 dederunt
648 4179 700 4234 ei
742 4179 1001 4235 animam
1054 4176 1294 4248 pecoris,
1329 4177 1738 4234 subtraxerunt
1768 4180 2043 4236 hominis.

329 4270 441 4323 Sed
477 4267 562 4324 illi
587 4266 1196 4324 abstuleruntChristo
1211 4266 1639 4334 rationem,non
1662 4270 1933 4324 teinendo
1958 4287 2048 4325 ra-

324 4360 569 4414 tionem.
597 4356 765 4411 Absit
794 4356 902 4411 hoc
933 4371 968 4410 a
998 4354 1185 4421 nobis,
1221 4353 1278 4409 in
1328 4354 1439 4410 ﬁde
1489 4356 1774 4412 catholica
1806 4356 2044 4413 nulritis

321 4452 501 4517 atque
532 4445 813 4502 fundatis.
839 4445 920 4499 Ex
968 4443 1076 4499 hac
1123 4458 1258 4514 ergo
1300 4445 1604 4501 occasione
1634 4445 2037 4503 admonuerim

322 4534 679 4591 Charitatem
708 4538 976 4602 vestram,
1008 4537 1070 4588 ut
1093 4533 1382 4603 quomodo
1415 4534 1815 4605 superioribus
1845 4535 2041 4593 lectio-

322 4624 498 4677 nibus
528 4621 671 4677 satis
701 4638 798 4678 vos
826 4620 1213 4678 instruximus
1280 4621 1556 4677 adversus
1599 4623 1955 4680 Sabellianos
1986 4632 2044 4680 et

322 4715 611 4781 Arianos;
646 4712 1009 4770 Sabellianos
1058 4715 1161 4783 qui
1188 4710 1412 4777 dicunt,
1450 4716 1576 4786 ipse
1606 4720 1693 4770 est
1726 4718 1898 4771 Pater
1942 4714 2041 4786 qui

322 4804 507 4859 Filius
540 4822 557 4870 ;
588 4802 834 4858 Arianos
856 4803 952 4874 qui
985 4802 1207 4873 dicunt,
1234 4802 1405 4859 Aliud
1439 4810 1529 4859 est
1559 4803 1746 4873 Pater,
1779 4806 1937 4861 aliud
1954 4813 2041 4863 est

320 4892 528 4959 Filius,
556 4893 719 4963 quasi
754 4910 867 4948 non
891 4892 1012 4948 sint
1040 4894 1302 4962 ejusdem
1329 4893 1671 4949 substantia:
1696 4893 1863 4950 Pater
1880 4895 2033 4950 etFi-

320 4980 438 5053 .ius
465 4996 477 5033 ι
514 4979 903 5035 instruximus
916 4980 1114 5046 etiam,
1138 4986 1421 5053 quantum
1444 4980 1813 5051 meministis,
1845 4987 1903 5037 et
1922 4998 2037 5037 me-

316 5068 569 5125 minisse
606 5068 851 5136 debetis,
897 5073 1097 5125 contra
1142 5070 1433 5125 haereticos
1490 5068 1890 5139 Photinianos,
1932 5071 2035 5142 qui

381 5262 400 5295 ί
426 5258 586 5321 Apud
618 5256 707 5328 E5:
737 5257 903 5328 Dudg.
944 5264 996 5309 et
1028 5261 1153 5328 Ven.
1202 5261 1296 5328 hic
1319 5262 1551 5328 additur,
1586 5263 1836 5313 Christus.
1874 5264 2030 5328 Apud

318 5323 451 5372 Lov.
480 5320 606 5377 ’vox,
644 5320 901 5378 Christus,
936 5325 1084 5372 uncis
1115 5322 1426 5374 includitur.
1485 5325 1550 5377 Μ.

382 5384 516 5453 [Sic
540 5383 714 5453 _v_erba
744 5386 1125 5453 interpungere
1156 5388 1329 5436 visum
1368 5392 1464 5453 _eet
1495 5401 1517 5453 τί
1537 5401 1645 5453 non
1686 5390 1759 5438 uti
1790 5390 1843 5438 in
1879 5391 2029 5453 prius

316 5448 496 5513 editis.
528 5446 665 5513 {Vari
687 5460 783 5513 nos
808 5446 978 5497 arctat
1008 5446 1136 5496 hora
1159 5462 1277 5513 qua,
1303 5450 1449 5508 solet,
1484 5452 1570 5499 die
1600 5453 1857 5501 dominico
1880 5446 2029 5502 i‘acat

318 5509 486 5580 nobis.
516 5507 843 5580 Quod-enim
878 5514 1113 5580 proxime
1138 5507 1463 5580 _Subjicitur,
1508 5515 1602 5580 [ρος
1645 5514 1907 5580 lucrentur
1936 5517 2029 5580 qui

316 5576 391 5619 ad
414 5571 624 5620 verbum
649 5571 747 5635 Dei
764 5571 925 5620 etiam
946 5573 1033 5622 die
1053 5571 1309 5623 hodierna
1332 5578 1656 5635 conveniunt,
1676 5577 1809 5627 satis
1829 5571 2029 5629 indicat

316 5646 625 5685 sermonem
659 5633 764 5683 alia
794 5638 987 5698 printer
1018 5635 1347 5689 dominicum
1390 5636 1475 5689 die
1506 5633 1670 5691 fuisse
1702 5640 1963 5692 habitum.

642 5728 910 5793 PATROL.
954 5727 1188 5794 XXXV.

1552 271 2015 334 'l‘RAG'l‘A'l‘US
2058 267 2293 329 XLVII.
2341 266 2513 326 CAP.
2558 264 2634 325 X.

3716 272 3870 330 i138

2169 411 2360 467 solum
2394 408 2691 465 hominem
2725 405 3019 462 Christum
3056 407 3181 462 sine
3213 407 3327 464 Deo
3358 424 3484 465 esse
3517 413 3787 470 dixerunt
3812 419 3824 451 ¹
3854 435 3867 477 ;

2164 504 2365 556 contra
2397 497 2768 565 Manichaee,
2801 495 2900 566 qui
2934 495 3121 551 solum
3155 496 3280 553 sine
3312 497 3547 555 homine
3567 503 3743 559 Deum
3773 524 3782 560 ;
3807 524 3873 561 ex

2164 589 2269 645 hac
2309 588 2610 644 occasione
2633 587 2701 641 de
2733 585 2990 641 animam
3027 585 3384 644 instruamus
3436 605 3537 645 vos
3582 597 3634 645 et
3674 598 3876 651 contra

2158 678 2628 749 Apollinaristas,
2664 675 2761 749 qui
2785 674 2989 731 dicunt
3020 675 3333 732 Dominum
3376 684 3639 735 nostrum
3672 681 3872 738 Jesum

2162 768 2450 824 Christum
2471 786 2583 822 non
2605 766 2881 822 habuisse
2903 766 3154 821 animam
3183 765 3587 834 humanam,id
3624 776 3713 825 est
3750 774 3878 827 ani-

2163 875 2295 913 nam
2329 856 2692 924 rationalem,
2716 857 2969 913 animam
2994 855 3439 928 intelligentem,
3473 860 3752 927 animam,
3784 862 3875 916 in-

2163 965 2363 1019 quam,
2385 950 2441 1002 in
2460 963 2572 1019 qua
2595 947 2883 1003 distamus
2900 963 2932 1001 a
2948 961 3173 1015 pecore,
3194 948 3340 1016 quod
3359 947 3626 1005 homines
3641 966 3871 1006 sumus.

2235 1038 2315 1091 10.
2353 1037 2648 1101 Quomodo
2682 1053 2816 1107 ergo
2847 1035 2942 1091 hic
2988 1034 3135 1089 dixit
3194 1034 3503 1107 Dominus,
3539 1043 3872 1097 l’otestatem

2160 1125 2325 1183 habeo
2353 1127 2594 1198 ponendi
2622 1131 2869 1181 animam
2900 1128 3127 1182 meam?
3157 1125 3296 1189 Quis
3321 1128 3483 1197 ponit
3514 1129 3793 1198 animam,
3819 1138 3874 1188 et

2161 1216 2365 1271 iterum
2401 1216 2580 1271 sumit
2601 1234 2726 1271 eam
2761 1216 2785 1270 ‘2
2817 1215 3084 1269 Christus
3114 1229 3182 1270 ex
3207 1232 3270 1270 eo
3297 1217 3449 1286 quod
3476 1219 3728 1275 Verbum
3758 1227 3870 1290 est,

2163 1306 2320 1375 ponit
2352 1305 2630 1373 animam,
2664 1311 2720 1359 et
2751 1305 2928 1360 sumit
2959 1322 3083 1363 eam
3131 1304 3383 1360 iterum?
3411 1307 3495 1361 An
3527 1324 3591 1363 ex
3626 1326 3691 1365 eo
3716 1310 3873 1380 quod

2160 1393 2352 1448 anima
2383 1393 2636 1449 humana
2669 1400 2776 1461 est,
2815 1394 2939 1466 ipsa
2986 1415 3044 1453 se
3086 1400 3268 1470 ponit,
3307 1401 3362 1452 et
3404 1398 3612 1477 iterum
3645 1398 3773 1470 ipsa
3814 1416 3874 1454 se

2160 1485 2342 1539 sumit
2368 1482 2393 1537 τ
2419 1486 2505 1538 An
2532 1500 2595 1539 ex
2627 1500 2691 1540 eo
2716 1486 2867 1553 quod
2899 1502 3030 1541 caro
3080 1492 3189 1552 est,
3224 1503 3354 1543 caro
3389 1488 3642 1542 animam
3688 1490 3873 1558 ponit,

2159 1574 2213 1623 et
2241 1567 2448 1624 iterum
2476 1570 2654 1624 sumit
2674 1568 2701 1623 ?
2729 1569 2862 1625 Tria
2880 1573 3178 1643 proposui,
3213 1572 3407 1627 omnia
3426 1577 3870 1643 pertractemus,

2159 1662 2215 1713 et
2246 1656 2354 1713 hoc
2387 1657 2671 1728 eligamus
2718 1660 2869 1729 quod
2916 1662 3223 1716 conveniat
3265 1659 3472 1732 regulae
3509 1659 3778 1717 veritatis.
3813 1662 3872 1717 Si

2157 1745 2312 1801 enim
2360 1746 2699 1814 dixerimus,
2748 1748 2880 1818 quia
2932 1749 3184 1805 Verbum
3230 1749 3324 1805 Dei
3386 1750 3584 1820 posuit
3615 1750 3873 1806 animam

2158 1852 2351 1904 suam,
2377 1836 2654 1892 etiterum
2684 1837 2939 1908 sumpsit
2962 1854 3119 1906 eam;
3146 1840 3521 1894 metuendum
3543 1843 3631 1895 est
3656 1856 3722 1894 ne
3745 1838 3875 1895 sub-

2159 1926 2521 1997 intretprava
2537 1926 2833 1996 cogitatio,
2865 1931 2921 1981 et
2937 1927 3163 1983 dicatur
3178 1927 3374 1984 nobis:
3395 1928 3539 1999 Ergo
3554 1928 3873 1999 aliquando

2158 2016 2356 2071 anima
2388 2014 2485 2070 illa
2506 2021 2769 2086 separata
2796 2019 2885 2071 est
2907 2035 2937 2070 a
2960 2015 3166 2086 Verbo,
3192 2023 3244 2072 et
3274 2017 3586 2088 aliquando
3613 2016 3869 2074 Verbum

2157 2104 2321 2174 illud,
2349 2122 2416 2160 ex
2447 2121 2558 2177 quo
2592 2106 2845 2176 suscepit
2876 2107 3129 2162 animam
3164 2106 3342 2176 illam,
3371 2107 3469 2163 fuit
3494 2106 3621 2163 sine
3652 2107 3873 2164 anima.

2161 2196 2336 2251 Video
2371 2197 2526 2250 enim
2562 2197 2741 2252 fuisse
2771 2196 2897 2253 sine
2929 2197 3125 2252 anima
3176 2197 3433 2253 humana
3464 2198 3740 2265 Verbum,
3775 2200 3871 2255 sed

2155 2302 2287 2339 cum
2324 2284 2377 2338 in
2413 2284 2698 2355 principio
2731 2294 2850 2340 erat
2880 2285 3160 2352 Verbum,
3194 2294 3247 2341 et
3277 2286 3529 2341 Verbum
3563 2291 3686 2341 erat
3717 2287 3869 2357 apud

2156 2374 2361 2437 Deum,
2397 2378 2453 2428 et
2485 2373 2634 2428 Deus
2692 2379 2813 2429 erat
2868 2374 3139 2430 Verbum.
3175 2374 3255 2429 Ex
3287 2391 3401 2446 quo
3432 2373 3585 2429 enim
3619 2373 3871 2431 Verbum

2156 2478 2285 2517 caro
2322 2464 2537 2517 factum
2573 2467 2679 2528 est,
2710 2467 2773 2517 ut
2802 2462 3089 2519 habitaret
3113 2464 3168 2517 in
3194 2463 3361 2519 nobis
3394 2466 3571 2533 (Joan.
3604 2482 3639 2531 ι,
3676 2465 3725 2534 1,
3761 2464 3870 2534 14),

2154 2556 2210 2606 et
2257 2556 2563 2621 susceptus
2595 2555 2680 2606 est
2738 2568 2770 2605 a
2795 2551 2977 2607 Verbo
3013 2552 3203 2619 homo,
3234 2552 3289 2607 id
3350 2557 3435 2607 est
3467 2557 3621 2608 totus
3674 2551 3871 2619 homo,

2156 2639 2351 2695 anima
2374 2644 2427 2694 et
2459 2656 2625 2707 caro;
2660 2641 2798 2711 quid
2835 2640 2964 2696 fecit
2993 2641 3209 2713 passio,
3238 2641 3374 2712 quid
3403 2640 3535 2698 fecit
3566 2642 3877 2711 mors,nisi

2156 2744 2368 2800 corpus
2400 2729 2472 2783 ab
2524 2728 2719 2784 anima
2767 2729 3102 2801 separavit?
3148 2730 3418 2785 Animam
3452 2746 3584 2787 vero
3623 2751 3651 2785 a
3682 2730 3869 2786 Verbo

2159 2836 2271 2875 non
2289 2819 2669 2889 separavit.Si
2690 2820 2843 2874 enim
2872 2824 3137 2876 mortuus
3156 2824 3242 2875 est
3264 2818 3570 2887 Dominus,
3600 2820 3712 2875 imo
3736 2822 3873 2892 quia

2161 2912 2419 2962 mortuus
2466 2916 2550 2962 est
2600 2909 2901 2976 Dominus;
2942 2912 3207 2963 mortuus
3250 2913 3340 2964 cst
3370 2910 3524 2964 enim
3561 2925 3664 2980 pro
3699 2910 3863 2966 nobis

2160 2997 2215 3051 in
2246 3013 2437 3061 cruce;
2475 2998 2599 3051 sine
2633 2995 2810 3052 dubio
2843 3013 2974 3053 caro
3006 2998 3193 3069 ipsius
3226 2998 3543 3070 exspiravit
3573 2999 3823 3055 animam
3856 3016 3870 3055 :

2159 3088 2228 3142 ad
2259 3090 2486 3155 tempus
2519 3086 2791 3157 exiguum
2845 3086 3041 3141 anima
3074 3087 3331 3143 deseruit
3357 3104 3611 3157 carnem,
3646 3091 3741 3143 seJ
3779 3106 3871 3146 re-

2161 3179 2372 3230 deunte
2405 3176 3165 3233 animaresurrecturam.A
3193 3177 3377 3233 Verbo
3402 3182 3595 3233 autem
3611 3180 3871 3234 animam

2160 3270 2483 3336 separatam
2519 3281 2644 3320 esse
2670 3280 2779 3320 non
2803 3266 2947 3319 dico.
2979 3266 3241 3321 Latronis
3264 3267 3471 3322 animm
3499 3268 3674 3323 dixit:
3712 3269 3875 3324 Hodie

2162 3371 2372 3410 mecum
2403 3358 2513 3409 eris
2564 3357 2620 3409 in
2667 3352 2928 3426 paradiso
2973 3355 3123 3428 (Luc.
3168 3371 3331 3423 χχιιι,
3365 3357 3475 3426 43).
3513 3357 3765 3413 Fidelem
3798 3358 3876 3413 la-

2164 3444 2346 3500 tronis
2378 3444 2634 3499 animam
2695 3461 2810 3498 non
2871 3444 3189 3513 deserebat,
3222 3449 3278 3499 et
3326 3446 3627 3501 deserebat
3658 3462 3826 3501 suam
3849 3446 3876 3500 ?

2161 3533 2362 3588 Absit:
2396 3534 2493 3587 sed
2532 3531 2686 3587 illius
2713 3540 2772 3587 ut
2829 3533 3104 3588 Dominus
3149 3534 3486 3600 custodivit,
3521 3549 3684 3587 suam
3730 3551 3869 3591 vero

2167 3622 2626 3691 inseparabiliter
2657 3620 2880 3677 habuit.
2920 3620 2977 3675 Si
3012 3625 3205 3677 autem
3237 3622 3559 3679 dixerimus
3591 3624 3722 3694 quia
3747 3625 3873 3696 ipsa

2163 3727 2226 3766 se
2248 3710 2439 3765 anima
2456 3712 2674 3782 posuit,
2692 3714 2746 3766 et
2766 3710 2979 3766 iterum
3006 3711 3128 3783 ipsa
3151 3727 3213 3767 se
3229 3712 3493 3784 sumpsit,
3518 3713 3874 3771 absurdissi-

2164 3819 2297 3859 mus
2356 3819 2562 3858 sensus
2621 3808 2746 3859 est:
2782 3821 2894 3859 non
2955 3803 3111 3859 enim
3168 3820 3288 3875 quae
3321 3822 3354 3860 a
3383 3804 3569 3862 Verbo
3602 3822 3714 3861 non
3750 3812 3873 3863 erat

2162 3898 2450 3964 separata,
2484 3912 2515 3949 a
2549 3893 2742 3964 seipsa
2774 3897 2999 3964 poterat
3028 3894 3305 3964 separari.

2235 3983 2321 4036 11.
2352 3982 2626 4038 Dicamus
2651 3998 2787 4055 ergo
2816 3988 2869 4039 et
2899 3984 3053 4054 quod
3079 3999 3274 4039 verum
3310 3989 3421 4052 est,
3446 3991 3496 4040 et
3530 3987 3680 4057 quod
3704 3986 3868 4043 facile

2161 4069 2399 4140 intelligi
2436 4077 2646 4142 potest.
2684 4077 2829 4128 Ecce
2861 4073 3032 4128 homo
3065 4073 3313 4145 quilibet
3344 4090 3458 4130 non
3490 4080 3765 4131 constans
3798 4092 3866 4132 ex

2157 4161 2342 4216 Verbo
2377 4166 2433 4217 ct
2462 4162 2658 4218 anima
2691 4167 2747 4219 et
2779 4180 2969 4230 carne,
3008 4165 3103 4219 sed
3129 4181 3194 4218 ex
3229 4163 3423 4219 anima
3456 4168 3514 4219 et
3542 4181 3712 4221 carne
3747 4185 3759 4220 :
3796 4167 3865 4221 de

2155 4252 2267 4307 isto
2304 4252 2535 4308 homine
2588 4254 3015 4326 interrogemus
3074 4254 3363 4325 quomodo
3404 4259 3580 4317 ponat
3610 4258 3862 4311 animam

2154 4356 2321 4395 suam
2354 4341 2701 4411 quicumque
2735 4342 2930 4397 homo.
2963 4345 3050 4397 An
3085 4343 3227 4397 forte
3261 4341 3458 4397 nullus
3491 4342 3664 4398 homo
3706 4345 3865 4414 ponit

2154 4429 2408 4484 animam
2433 4447 2600 4485 suam
2631 4432 2656 4484 Ὺ
2682 4430 2850 4486 Potes
2882 4431 3023 4485 mihi
3047 4431 3232 4487 dicere
3266 4448 3278 4485 :
3312 4430 3517 4486 Nullus
3547 4432 3720 4487 homo
3748 4433 3861 4487 ha-

2153 4518 2247 4573 bet
2303 4524 2643 4589 potestatem
2706 4534 2917 4589 ponere
2970 4520 3224 4575 animam
3292 4536 3479 4588 suam,
3532 4525 3588 4575 et
3647 4522 3860 4579 iterum

2150 4624 2380 4663 sumere
2410 4624 2559 4663 eam.
2584 4608 2800 4664 Ponere
2821 4609 3069 4664 animam
3103 4625 3269 4665 suam
3304 4610 3414 4665 nisi
3444 4614 3635 4681 posset
3664 4611 3861 4679 homo,

2151 4713 2265 4752 non
2296 4697 2513 4752 diceret
2541 4698 2796 4753 Joannes
2825 4697 3142 4769 apostolus,
3175 4698 3324 4754 Sicut
3358 4699 3607 4756 Christus
3631 4718 3731 4773 pro
3762 4718 3860 4758 ηο-

2150 4786 2229 4840 bis
2260 4784 2504 4840 animam
2534 4803 2686 4841 suam
2714 4787 2915 4858 posuit,
2946 4786 3027 4842 sic
3053 4796 3103 4843 et
3130 4805 3226 4845 nos
3239 4788 3490 4845 debemus
3519 4793 3739 4847 animas
3758 4808 3861 4860 pro

2144 4875 2428 4944 fratribus
2449 4890 2650 4946 ponere
2680 4874 2725 4947 (l
2755 4877 2912 4933 Joan.
2950 4893 3029 4942 ιιι,
3058 4877 3164 4949 16).
3194 4877 3337 4950 Ergo
3370 4883 3425 4934 et
3456 4879 3858 4950 nobislicet(si

2146 4968 2201 5019 et
2234 4981 2336 5019 nos
2369 4963 2720 5036 impleamur
2743 4966 3584 5039 virtuteipsius,quiasineillo
3600 4969 3742 5024 nihil
3769 4971 3855 5025 fa.

2144 5069 2270 5109 core
2302 5054 2637 5124 possumus)
2672 5070 2883 5124 ponere
2921 5073 3016 5124 pro
3045 5056 3320 5112 fratribus
3353 5057 3578 5112 animas
3598 5064 3851 5114 nostras.

2143 5143 2381 5207 Quando
2417 5149 2635 5212 martyr
2681 5143 2926 5213 quilibet
2948 5150 3189 5200 sanctus
3224 5146 3416 5217 posuit
3447 5162 3547 5216 pro
3578 5146 3851 5203 fratribus

2141 5230 2393 5284 animam
2429 5247 2616 5297 suam,
2647 5231 2779 5302 quis
2824 5232 3035 5303 posuit,
3072 5240 3121 5287 et
3156 5249 3331 5303 quam
3371 5233 3613 5303 posuit?
3650 5240 3767 5289 Hoc
3800 5235 3851 5290 si

2136 5317 2697 5387 intellexerimus,ibi
2717 5320 3036 5376 videbimus
3051 5320 3543 5392 quemadmodum
3565 5340 3597 5379 a
3620 5323 3847 5381 Christo

2139 5409 2357 5463 dictum
2394 5409 2488 5478 sit,
2524 5410 2853 5464 I‘oteslatem
2890 5410 3061 5464 habeo
3104 5412 3346 5481 ponendi
3373 5413 3618 5468 animam
3650 5430 3845 5471 meam.

2140 5585 2218 5692 Di
2244 5582 2442 5631 Omnes
2458 5581 2604 5643 Mss.,
2632 5580 2895 5631 Clu-istum
2918 5596 3022 5629 esse
3044 5581 3290 5634 dixerunt
3316 5600 3332 5633 :
3362 5598 3461 5634 nec
3493 5584 3708 5641 habent,
3740 5586 3849 5634 sine

2192 5658 2267 5692 eo.
3484 5686 3487 5691 λ

2192 5658 2267 5702 eo,

2950 5736 3524 5819 (Cinquante-cinq.)
