4178 6192
334 289 484 349 1739

323 429 367 482 Ο
390 425 587 490 homo,
619 422 856 493 paratus
903 434 964 475 es
1010 433 1110 489 pro
1167 415 1395 472 Christo
1429 416 1615 472 mori?
1637 419 1900 488 Paratus,
1934 418 2024 474 in-

325 516 468 588 quit.
505 514 700 568 Dicam
734 511 840 566 hoc
871 509 1002 565 aliis
1047 507 1260 563 verbis.
1295 511 1540 564 Paratus
1572 523 1632 563 es
1666 525 1764 579 pro
1796 509 2026 566 Christo

323 607 580 663 animam
613 608 772 659 tuam
808 599 1057 672 ponere?
1090 599 1158 654 Et
1204 599 1276 654 ad
1309 597 1422 654 ista
1443 600 1614 655 verba
1643 599 1726 656 sic
1759 600 1902 656 mihi
1936 617 2029 657 re-

228 695 232 702 ’
319 695 586 767 spondet,
637 697 878 747 Paratus
911 703 1094 754 sum;
1145 689 1435 759 quomodo
1477 688 1618 743 mihi
1654 691 2029 760 responderat

318 801 448 840 cum
469 783 749 847 dicerem,
781 779 1020 834 Paratus
1053 793 1114 832 es
1175 775 1342 832 mori.
1379 780 1499 832 Hoc
1529 793 1665 849 ergo
1698 782 1783 834 est
1814 793 2027 850 ponere

315 876 594 940 animam,
620 871 774 942 quod
800 872 887 924 est
918 866 1085 922 mori.
1113 867 1220 922 Sed
1245 882 1345 938 pro
1362 882 1472 936 quo
1505 865 2030 923 ibiestcertamen?

314 965 529 1020 Omnes
561 960 716 1017 enim
732 956 996 1014 homines
1021 957 1251 1027 quando
1277 955 1630 1023 moriuntur,
1666 961 1889 1027 ponunt
1910 958 2022 1014 ani-

315 1069 467 1108 mam
495 1072 509 1121 ;
544 1051 640 1106 sed
667 1065 781 1104 non
829 1063 1035 1102 omnes
1086 1061 1185 1118 pro
1216 1045 1444 1101 Christo
1477 1051 1719 1117 ponunt.
1753 1047 1820 1103 Et
1852 1065 2022 1105 nemo

309 1143 484 1199 habet
507 1143 848 1214 potestatem
878 1151 1104 1193 sumere
1134 1136 1290 1208 quod
1325 1137 1580 1206 posuerit
1613 1137 2021 1194 :Christusau-

307 1240 423 1291 tem
458 1239 515 1290 et
546 1249 648 1305 pro
683 1229 853 1288 nobis
901 1229 1110 1300 posuit,
1135 1233 1190 1283 et
1220 1229 1452 1299 quando
1480 1227 1682 1289 voluit,
1718 1229 1901 1299 posuit
1927 1248 1940 1298 ;
1965 1234 2022 1285 et

308 1328 535 1395 quando
558 1322 758 1390 voluit,
793 1319 1061 1388 sumpsit.
1100 1318 1314 1374 Ponere
1353 1333 1488 1389 ergo
1538 1318 1815 1383 animam,
1869 1320 2016 1374 mori

309 1420 413 1470 est.
451 1414 544 1469 Sic
583 1420 652 1468 et
701 1410 998 1483 apostolus
1054 1410 1259 1463 Petrus
1309 1408 1554 1462 Domino
1583 1408 2020 1477 dixit,Animam

305 1521 482 1561 meam
538 1519 637 1571 pro
687 1505 735 1556 te
775 1515 976 1570 ponam
1019 1499 1197 1569 (Joan.
1232 1514 1353 1567 xm,
1387 1497 1478 1568 37)
1515 1515 1525 1550 :
1563 1497 1618 1552 id
1685 1509 1793 1564 est,
1828 1515 1930 1571 pro
1965 1502 2018 1554 te

310 1595 544 1652 moriar.
579 1593 750 1650 Carni
793 1591 902 1648 hoc
933 1589 1124 1645 tribue
1158 1607 1170 1646 :
1198 1605 1327 1644 caro
1360 1588 1527 1660 ponit
1549 1589 1802 1644 animam
1827 1605 2018 1659 suam,

311 1691 367 1742 et
397 1703 531 1742 caro
561 1685 768 1740 iterum
821 1683 1003 1739 sumit
1042 1696 1202 1736 eam:
1239 1697 1353 1736 non
1387 1685 1578 1736 tamen
1612 1696 1718 1735 sua
1738 1683 2022 1752 potestate

308 1795 461 1846 caro,
515 1778 614 1832 sed
663 1777 946 1846 potestate
992 1771 1378 1827 inhabitantis
1413 1786 1647 1826 carnem
1684 1787 1696 1826 :
1730 1787 1860 1826 caro
1888 1787 2021 1843 ergo

305 1869 468 1940 ponit
499 1866 758 1923 animam
786 1878 953 1920 suam
1004 1861 1370 1932 exspirando.
1423 1861 1558 1917 Vide
1591 1860 1782 1933 ipsum
1816 1859 2022 1917 Domi-

304 1975 450 2015 num
482 1959 537 2014 in
565 1972 774 2024 cruce;
810 1954 948 2010 Sitio
979 1952 1124 2008 dixit
1159 1969 1172 2010 :
1207 1951 1288 2007 illi
1323 1951 1422 2023 qui
1454 1952 1695 2008 aderant
1727 1951 2022 2008 tinxerunt

303 2049 610 2121 spongiam
629 2047 688 2103 in
713 2049 895 2112 aceto,
921 2042 1306 2114 alligaverunt
1328 2041 1626 2108 arundini,
1652 2046 1706 2098 et
1733 2058 2023 2114 apposue-

305 2146 444 2196 ruut
473 2139 557 2196 ori
572 2140 694 2209 ejus
721 2137 907 2208 ;quod
932 2152 1064 2191 cum
1089 2134 1427 2205 accepisset,
1448 2135 1548 2201 ait,
1573 2135 1881 2204 Perfectum
1903 2145 1981 2192 est
2002 2153 2020 2189 :

304 2231 441 2301 quid
469 2237 576 2298 est,
610 2229 924 2296 Perfectum
951 2233 1031 2280 est
1051 2224 1085 2279 ξ)
1116 2223 1510 2296 lmpletasunt
1530 2225 1726 2280 omnia
1750 2242 1874 2297 qua
1889 2231 2022 2282 ante

309 2323 549 2374 mortem
585 2318 779 2372 futura
808 2316 876 2370 de
897 2330 983 2370 me
1016 2311 1622 2386 fuerantprophetata.
1658 2313 1726 2368 Et
1755 2314 1894 2385 quia
1916 2331 2020 2386 po-

306 2413 576 2465 testatem
595 2405 1085 2477 habebatquando
1101 2402 1538 2476 velletponendi
1557 2403 1809 2460 animam
1823 2421 2018 2475 suam;

300 2501 682 2568 posteaquam
706 2494 1194 2563 dixit,Per/ectam
1222 2498 1325 2562 est,
1351 2492 1490 2562 quid
1522 2491 1598 2548 ait
1621 2492 2022 2564 Evangelista?

300 2587 362 2640 Et
391 2585 654 2640 inclinato
707 2584 883 2654 capite
929 2581 1158 2636 tradidit
1203 2583 1465 2653 spiritum
1498 2580 1602 2652 (Id.
1638 2597 1750 2644 xix,
1801 2581 2015 2653 28-30).

303 2676 422 2730 lloc
445 2677 530 2730 est
563 2688 774 2744 ponere
804 2671 1081 2728 animam.
1115 2671 1284 2726 Modo
1328 2669 1422 2726 hic
1463 2671 1724 2726 attendat
1752 2671 2016 2728 Charitas

303 2765 797 2822 vestraJnctinato
811 2762 992 2832 capite
1016 2760 1250 2816 tradidit
1279 2763 1558 2831 spiritum.
1577 2760 1716 2824 Quis
1741 2761 2017 2818 tradidit?

302 2871 472 2924 quem
500 2854 783 2910 tradidit?
808 2851 1090 2921 Spiritum
1115 2848 1375 2920 tradidit,
1400 2865 1534 2905 caro
1559 2849 1722 2905 illum
1757 2851 2009 2907 tradidit.

303 2947 446 3009 Quid
483 2949 590 3012 est,
622 2961 752 3000 caro
785 2942 950 2998 illum
977 2940 1212 2996 tradidit
1233 2939 1427 3010 ‘ttCaro
1451 2939 1614 2994 illum
1639 2940 1854 3011 emisit,
1877 2957 2011 2997 caro

295 3036 465 3093 illum
499 3035 832 3108 exspiravit.
875 3034 1010 3088 Ideo
1049 3031 1206 3088 enim
1267 3031 1482 3087 dicitur
1511 3031 1821 3102 exspirare,
1856 3040 2013 3090 extra

295 3126 572 3199 spiritum
623 3125 770 3182 ﬁeri.
823 3123 1124 3190 Quomodo
1173 3126 1262 3178 est
1308 3121 1593 3187 exsulare,
1627 3127 1788 3177 extra
1817 3123 2009 3179 solum

295 3217 457 3284 fieri;
494 3215 839 3282 exorbitare,
893 3216 1057 3268 extra
1101 3212 1348 3266 orbitam
1387 3211 1546 3280 ﬁeri;
1582 3211 1666 3266 sic
1698 3214 2010 3284 exspirare,

293 3314 450 3363 extra
475 3304 747 3376 spiritum
782 3302 903 3359 fieri
931 3319 943 3369 ;
968 3301 1062 3373 qui
1095 3301 1340 3373 spiritus
1363 3300 1557 3357 anima
1575 3305 1682 3357 est.
1709 3302 1848 3357 Cum
1874 3318 2011 3375 ergo

297 3395 415 3453 exit
449 3395 646 3451 anima
678 3409 712 3450 a
740 3407 931 3459 carne,
956 3396 1013 3447 et
1037 3395 1297 3447 remanet
1319 3407 1448 3446 caro
1473 3389 1598 3447 sine
1628 3391 1845 3459 anima,
1874 3397 2010 3449 tunc

300 3486 476 3541 homo
499 3498 711 3557 ponere
742 3483 995 3538 animam
1030 3480 1260 3536 dicitur.
1312 3480 1553 3544 Quando
1581 3481 1851 3537 Christus
1883 3482 2009 3538 ani-

297 3591 454 3632 mam
489 3572 734 3646 posuit?
790 3571 1035 3639 Quando
1083 3569 1339 3626 Verbum
1393 3569 1592 3626 voluit.
1648 3570 2010 3643 Principatus

291 3667 444 3721 enim
479 3666 539 3721 in
566 3663 751 3720 Verbo
773 3666 932 3731 erat;
969 3661 1044 3717 ibi
1073 3665 1326 3732 potestas
1350 3665 1474 3717 erat
1513 3662 1744 3734 quando
1769 3668 2008 3734 poneret

289 3771 422 3810 caro
455 3753 740 3820 animam,
773 3756 829 3808 et
859 3751 1092 3822 quando
1113 3755 1387 3806 sumeret.

371 3845 457 3896 12.
485 3841 546 3896 Si
576 3857 712 3912 ergo
757 3856 889 3896 caro
939 3841 1200 3895 animam
1259 3840 1475 3913 posuit,
1511 3842 1801 3913 quomodo
1833 3842 1999 3898 Chri-

292 3936 420 3987 stus
481 3931 738 3986 animam
786 3929 1022 3998 posuit?
1054 3928 1179 3985 Non
1228 3929 1382 3984 enim
1416 3946 1545 3985 caro
1577 3930 1844 3988 Christus
1867 3933 1893 3987 ?
1929 3933 2007 3989 ita

297 4022 488 4092 plane,
520 4024 576 4076 et
605 4035 737 4076 caro
759 4018 1048 4085 Christus,
1071 4026 1124 4074 et
1146 4019 1341 4074 anima
1365 4019 1656 4085 Christus,
1677 4025 1733 4077 et
1752 4021 2005 4079 Verbum

297 4111 564 4167 Christus
598 4127 610 4166 :
647 4125 751 4166 nec
782 4115 972 4166 tamen
1006 4109 1114 4165 tria
1145 4109 1263 4164 haec
1296 4117 1410 4165 tres
1445 4110 1683 4177 Christi,
1716 4113 1817 4168 sed
1853 4130 2003 4169 unus

297 4200 586 4256 Christus.
621 4198 928 4256 Hominem
963 4198 1278 4270 interroga,
1331 4201 1408 4267 et,
1439 4200 1508 4254 de
1540 4198 1722 4270 teipso
1751 4201 1839 4256 {ac
1872 4217 2003 4274 gra-

297 4295 435 4348 dum
471 4293 540 4348 ad
574 4309 637 4348 ea
665 4307 791 4364 qua:
820 4307 996 4361 supra
1027 4293 1081 4345 te
1139 4293 1301 4355 sunt,
1333 4293 1389 4345 et
1419 4290 1466 4346 si
1499 4291 1759 4346 nondum
1793 4292 2006 4348 intelli-

294 4382 507 4454 genda,
540 4381 748 4438 saltem
805 4380 1113 4437 credenda.
1167 4381 1467 4447 Quomodo
1525 4383 1611 4437 est
1655 4381 1810 4436 enim
1853 4398 2006 4438 unus

295 4473 470 4527 homo
523 4472 719 4527 anima
749 4473 805 4526 et
835 4485 1046 4540 corpus
1073 4485 1086 4535 ;
1120 4467 1201 4525 sic
1217 4484 1371 4524 unus
1393 4467 1658 4525 Christus
1680 4468 1934 4526 Verbum
1949 4475 2008 4527 et

297 4561 496 4615 homo.
533 4558 735 4615 Videte
776 4557 922 4629 quid
973 4557 1238 4624 dixerim,
1271 4562 1326 4613 et
1357 4556 1684 4630 intelligite.
1714 4558 1924 4615 Anima
1952 4564 2008 4616 et

299 4665 512 4720 corpus
557 4649 685 4704 duae
742 4664 834 4704 res
879 4652 1033 4716 sunt,
1071 4647 1170 4703 sed
1222 4664 1377 4703 unus
1426 4647 1638 4705 homo:
1677 4649 1920 4706 Verbum
1952 4652 2008 4706 et

299 4739 474 4794 homo
499 4737 624 4791 duas
657 4753 745 4792 res
775 4745 934 4805 sunt,
977 4736 1078 4792 sed
1123 4753 1276 4793 unus
1308 4737 1591 4793 Christus.
1627 4739 1767 4809 Ergo
1797 4739 1867 4795 de
1899 4738 2008 4795 ho-

299 4827 457 4882 mine
490 4842 702 4897 quaere.
737 4824 842 4881 Ubi
866 4829 954 4880 est
984 4825 1198 4881 Paulus
1228 4825 1528 4896 apostolus
1544 4828 1715 4883 modo
1738 4829 1764 4883 ?
1785 4828 1844 4883 Si
1875 4827 2008 4899 quis

296 4915 669 4987 respondeat,
705 4917 768 4970 In
792 4914 994 4986 requie
1017 4930 1147 4970 cum
1171 4914 1396 4971 Christo
1425 4932 1437 4982 ;
1461 4931 1660 4971 verum
1680 4916 1840 4972 dicit.
1861 4916 2006 4974 Item

297 5008 347 5062 si
380 5007 513 5077 quis
545 5004 911 5076 respondeat,
938 5003 1213 5059 Romaein
1245 5002 1614 5075 sepulcroget
1646 5005 1769 5077 ipse
1809 5021 2007 5063 verum

299 5098 458 5151 dicit.
495 5094 643 5151 Illud
677 5091 821 5148 mihi
852 5094 922 5148 de
944 5093 1162 5158 anima,
1197 5091 1300 5148 hoc
1333 5093 1405 5149 de
1435 5094 1749 5163 ejuscarne
1771 5112 2006 5168 respon-

301 5187 417 5240 det.
452 5186 561 5239 Nec
593 5187 782 5238 tamen
818 5182 946 5238 ideo
973 5181 1120 5236 duos
1151 5181 1403 5238 dicimus
1436 5183 1730 5254 apostolos
1762 5184 2005 5253 Paulos;

299 5289 478 5328 unum
513 5272 613 5343 qui
646 5270 954 5343 requiescit
991 5269 1049 5325 in
1081 5269 1328 5337 Christo,
1359 5270 1538 5327 alium
1562 5272 1658 5344 qui
1684 5273 2009 5344 positusest

298 5362 355 5415 in
413 5361 730 5432 supulcro:
777 5359 1048 5431 quamvis
1092 5359 1426 5432 apostolum
1459 5360 1699 5418 Paulum
1741 5362 2008 5420 dicamus

295 5451 482 5506 vivere
514 5450 571 5505 in
605 5449 850 5518 Christo,
883 5449 1272 5524 eamdemque
1302 5451 1629 5524 apostolum
1658 5453 1905 5509 Paulum
1928 5454 2010 5510 di-

293 5557 496 5598 camus
529 5547 818 5596 mortuum
838 5538 1035 5609 jacere
1065 5539 1125 5596 in
1156 5542 1445 5613 sepulcro.
1507 5544 1743 5602 Moritur
1771 5544 2008 5619 aliquis,

298 5629 571 5697 dicimus,
604 5628 801 5683 Bonus
830 5627 1025 5695 homo,
1060 5629 1245 5688 ﬁdelis
1279 5632 1471 5705 homo,
1505 5634 1562 5691 in
1596 5650 1735 5708 pace
1766 5639 1856 5694 est
1875 5653 2006 5694 cum

1281 282 1359 342 IN
1401 283 1727 346 JOANNIS
1772 283 2315 356 EVANGELIUM,
2366 287 2431 347 S.
2477 285 2901 347 AUGUSTINI

3697 290 3860 350 1740

2138 418 2379 474 Domino
2409 437 2422 487 ;
2447 423 2502 476 et
2530 419 2826 476 continuo.
2865 420 3078 475 Eamus
3121 420 3192 475 ad
3233 421 3536 495 exsequias
3567 423 3862 495 ipsius,et

2137 510 2490 581 sepeliamus
2520 511 2709 568 illum.
2743 513 2887 568 Eum
2908 512 3248 584 sepulturus
3270 529 3331 569 es
3355 530 3525 586 quem
3544 515 3667 586 jam
3691 517 3858 574 dixe-

2139 615 2230 657 ras
2253 600 2311 656 in
2338 617 2476 672 pace
2505 617 2635 659 esse
2665 618 2800 659 cum
2833 607 2948 658 Deo
2975 617 2989 657 :
3023 618 3154 660 eum
3187 601 3342 660 aliud
3376 604 3456 659 sit
3493 604 3692 662 anima
3722 623 3854 678 quas

2135 688 2554 748 immortaliter
2581 691 2752 762 viget,
2785 691 2943 748 aliud
2975 708 3189 764 corpus
3217 694 3370 764 quod
3395 695 3854 766 corruptibiliter

2136 781 2304 851 jacet.
2337 781 2447 838 Sed
2480 797 2545 838 ex
2579 799 2692 854 quo
2726 782 3085 840 consortium
3107 783 3298 840 carnis
3328 788 3385 840 et
3415 783 3624 841 animis
3657 786 3853 843 homi-

2138 871 2230 926 nis
2253 887 2464 928 nomen
2496 874 2736 946 accepit,
2757 873 2876 944 jam
2898 878 2954 931 et
2985 874 3274 946 singulum
3298 879 3471 946 atque
3493 882 3846 950 separatum,

2137 961 2480 1017 utrumlibet
2509 978 2708 1018 eorum
2742 979 2951 1020 nomen
2985 962 3244 1021 hominis
3277 964 3488 1021 tenuit.

2211 1053 2294 1108 13.
2331 1057 2512 1110 Nemo
2570 1070 2702 1124 ergo
2747 1054 2980 1124 titubet,
3022 1057 3257 1126 quando
3314 1058 3476 1114 audit
3525 1058 3847 1118 Dominum

2134 1143 2369 1212 dixisse,
2387 1146 2534 1200 Pone
2554 1147 2801 1201 animum
2821 1160 3018 1212 meam,
3037 1154 3088 1203 et
3108 1148 3312 1202 iterum
3332 1163 3490 1204 sumo
3509 1164 3651 1205 eam.
3673 1149 3853 1206 Ponit

2131 1249 2256 1288 eam
2299 1250 2454 1302 caro,
2480 1235 2579 1291 sed
2629 1252 2696 1292 ex
2728 1239 3016 1307 potestate
3067 1236 3239 1292 Verbi
3274 1253 3287 1293 :
3321 1239 3500 1295 sumit
3528 1255 3657 1296 eam
3688 1255 3847 1311 caro,

2130 1323 2230 1378 sed
2279 1340 2342 1379 ex
2403 1329 2687 1395 potestate
2743 1325 2937 1381 Verbi.
2974 1327 3036 1382 Et
3087 1326 3215 1398 ipse
3266 1327 3548 1384 Dominus
3581 1329 3851 1386 Christus

2129 1412 2318 1469 dictus
2347 1417 2434 1469 est
2463 1415 2587 1469 sola
2609 1431 2760 1470 caro.
2787 1417 3108 1483 Quomodo,
3133 1417 3338 1488 inquit,
3364 1419 3575 1490 probas
3592 1419 3619 1474 ?
3640 1421 3844 1476 Audeo

2130 1504 2338 1570 dicere,
2372 1508 2429 1560 et
2458 1503 2582 1561 sola
2611 1519 2743 1560 caro
2774 1504 2985 1561 Christi
3019 1506 3210 1562 dictus
3259 1511 3348 1563 est
3385 1508 3670 1565 Christus.
3703 1509 3848 1566 Cre-

2131 1589 2326 1647 dimus
2354 1597 2505 1648 certe
2553 1609 2667 1649 non
2705 1593 2763 1648 in
2814 1593 3000 1650 solum
3043 1595 3228 1652 Deum
3277 1597 3525 1665 Patrem,
3572 1598 3668 1654 sed
3701 1599 3844 1655 etin

2127 1679 2330 1736 Jesum
2362 1681 2657 1737 Christum
2703 1682 2909 1740 Filium
2957 1684 3082 1755 ejus
3124 1685 3361 1742 unicum
3391 1686 3705 1743 Dominum
3735 1705 3846 1744 no-

2130 1774 2314 1826 strum
2348 1787 2360 1826 :
2388 1772 2560 1827 modo
2591 1777 2778 1828 totum
2801 1773 2939 1835 dixi,
2973 1774 3033 1829 in
3076 1776 3275 1830 Jesum
3300 1775 3596 1833 Christum
3628 1777 3840 1834 Filium

2129 1860 2255 1930 ejus
2286 1861 2523 1916 unicum
2558 1860 2868 1918 Dominum
2901 1867 3188 1919 nostrum.
3213 1865 3418 1920 Totum
3449 1865 3525 1921 ibi
3559 1865 3838 1938 intelligo,

2129 1955 2186 2006 et
2214 1949 2486 2018 Verbum,
2519 1954 2576 2007 et
2605 1951 2881 2012 animam,
2915 1957 2972 2008 et
3010 1970 3269 2011 carnem.
3303 1955 3412 2009 Sed
3469 1956 3669 2026 utique
3699 1973 3840 2015 con-

2131 2039 2312 2095 fiteris
2355 2040 2529 2096 etiam
2563 2039 2708 2097 illud
2766 2043 2921 2113 quod
2976 2043 3151 2099 habet
3181 2044 3382 2100 eadem
3412 2044 3575 2114 ﬁdes,
3612 2047 3667 2101 in
3703 2062 3840 2103 eum

2129 2129 2420 2186 Christum
2479 2136 2534 2187 te
2583 2133 2810 2188 credere
2853 2133 2950 2206 qui
2993 2135 3301 2190 crucifixus
3350 2140 3435 2190 est
3465 2140 3522 2191 et
3551 2135 3836 2205 sepultus.

2131 2213 2274 2280 Ergo
2333 2213 2507 2268 etiam
2555 2214 2850 2286 sepultum
2894 2215 3185 2271 Christum
3227 2231 3492 2272 essenon
3529 2233 3744 2288 negas:
3779 2224 3840 2273 et

2130 2309 2317 2357 tamen
2353 2303 2477 2358 sola
2507 2320 2639 2359 caro
2682 2303 2914 2375 sepulta
2952 2308 3058 2360 est.
3093 2305 3152 2359 Si
3184 2305 3338 2361 enim
3371 2310 3494 2361 erat
3515 2305 3592 2361 ibi
3614 2307 3836 2376 anima,

2129 2408 2244 2448 non
2275 2396 2398 2448 erat
2447 2397 2708 2449 mortuus
2741 2409 2754 2448 :
2788 2393 2836 2447 si
2872 2398 3067 2449 autem
3098 2410 3232 2450 vera
3252 2410 3410 2450 mors
3437 2403 3576 2462 erat,
3612 2400 3675 2450 ut
3703 2396 3836 2466 ejus

2127 2497 2260 2538 vera
2290 2481 2361 2537 sit
2394 2483 2758 2551 resurrectio,
2809 2481 2934 2538 sine
2981 2483 3177 2538 anima
3219 2483 3403 2539 fuerat
3433 2484 3491 2539 in
3525 2484 3790 2556 sepulcro
3818 2503 3831 2552 ;

2125 2575 2181 2624 et
2224 2574 2418 2625 tamen
2449 2569 2715 2641 sepultus
2759 2574 2848 2626 est
2888 2570 3171 2627 Christus.
3215 2572 3358 2641 Ergo
3398 2570 3665 2628 Christus
3711 2583 3832 2628 erat

2125 2659 2292 2714 etiam
2325 2658 2450 2714 sine
2467 2658 2665 2714 anima
2683 2675 2836 2726 caro,
2870 2660 3010 2730 quia
3040 2676 3153 2715 non
3185 2664 3276 2717 est
3297 2660 3524 2731 sepulta
3548 2660 3659 2716 nisi
3675 2677 3832 2717 caro.

2125 2747 2290 2804 Disce
2321 2746 2426 2803 hoc
2457 2747 2626 2804 etiam
2660 2748 2718 2803 in
2747 2748 3082 2819 apostolicis
3126 2749 3333 2805 verbis.
3367 2751 3472 2806 Hoc
3500 2751 3714 2816 sentite,
3751 2751 3838 2806 in-

2123 2836 2268 2908 quit,
2288 2838 2346 2890 in
2367 2835 2539 2903 vobis,
2560 2835 2699 2908 quod
2717 2843 2768 2892 et
2801 2838 2856 2892 in
2886 2837 3097 2893 Christo
3125 2839 3252 2893 Iesu
3278 2855 3295 2890 :
3314 2841 3546 2910 quicum
3570 2838 3630 2893 in
3649 2840 3835 2910 forma

2125 2927 2232 2980 Dei
2259 2933 2410 2991 esset,
2441 2941 2551 2981 non
2582 2928 2839 2997 rapinam
2869 2927 3170 2982 arbitratus
3200 2935 3278 2983 est
3307 2943 3416 2984 esse
3443 2929 3676 2998 aqualis
3705 2929 3831 2986 Deo.

2121 3016 2282 3086 Quis,
2317 3015 2430 3072 nisi
2461 3015 2728 3072 Christus
2747 3016 2942 3086 Jesus,
2967 3026 3252 3088 quantum
3277 3019 3480 3074 attinet
3504 3019 3572 3075 ad
3609 3019 3661 3074 id
3676 3021 3832 3090 quod

2120 3111 2206 3162 est
2230 3105 2505 3163 Verbum.
2542 3111 2694 3163 Deus
2724 3108 2878 3180 apud
2913 3108 3091 3163 Deum
3115 3109 3144 3162 Ῥ
3172 3108 3316 3164 Vide
3340 3113 3534 3165 autem
3567 3109 3725 3180 quod
3749 3125 3837 3166 se-

2119 3194 2317 3266 quitur
2350 3211 2364 3250 :
2398 3195 2502 3251 Sed
2531 3197 2881 3267 semetipsum
2907 3195 3222 3252 exinanivit
3245 3198 3488 3267 formam
3517 3198 3662 3252 servi
3690 3215 3834 3254 acci-

2115 3286 2305 3356 piens;
2337 3284 2394 3339 in
2408 3284 3332 3356 similitudinehominumfactus,et
3358 3285 3553 3343 habitu
3575 3289 3836 3344 inventus

2116 3382 2178 3429 ut
2205 3374 2379 3429 homo.
2417 3373 2485 3429 Et
2510 3374 2618 3429 hoc
2641 3374 2790 3445 quis,
2817 3375 2923 3429 nisi
2966 3375 3116 3430 idem
3158 3375 3282 3446 ipse
3312 3375 3578 3432 Christus
3607 3376 3779 3434 Jesus
3805 3379 3834 3433 ?

2116 3461 2225 3518 Sed
2286 3461 2378 3516 hic
2437 3461 2561 3532 jam
2593 3461 2787 3517 omnia
2819 3466 2977 3528 sunt,
3012 3469 3066 3517 et
3097 3463 3353 3520 Verbum
3388 3465 3446 3519 in
3479 3464 3673 3520 forma
3704 3463 3837 3532 Dei,

2117 3568 2246 3624 quis
2268 3551 2492 3624 accepit
2522 3553 2767 3609 formam
2792 3553 2939 3608 servi
2965 3570 2979 3622 ;
3004 3557 3060 3609 et
3087 3553 3286 3610 anima
3309 3558 3517 3612 etcaro
3549 3555 3605 3610 in
3640 3554 3834 3612 forma

2116 3643 2285 3710 servi,
2319 3660 2444 3716 quae
2478 3648 2710 3716 accepta
2740 3649 2826 3699 est
2847 3660 2880 3699 a
2910 3644 3096 3699 forma
3121 3645 3238 3700 Dei.
3271 3646 3599 3702 llumitiarit
3628 3652 3832 3703 semet-

2116 3735 2319 3806 ipsum,
2367 3735 2548 3807 factus
2597 3735 2846 3791 obediens
2890 3751 3056 3805 usque
3096 3735 3166 3791 ad
3195 3745 3426 3793 mortem
3457 3737 3726 3810 (Philipp.
3761 3754 3831 3807 ιι,

2117 3827 2257 3896 6-8).
2290 3826 2415 3881 Jam
2442 3824 2500 3881 iu
2534 3829 2714 3882 morte
2765 3825 2890 3882 sola
2939 3841 3070 3882 caro
3110 3830 3198 3882 est
3223 3844 3254 3882 a
3283 3827 3497 3883 Iudaeis
3527 3828 3735 3885 occisa.
3769 3830 3832 3884 Si

2116 3918 2271 3974 enim
2305 3916 2609 3989 discipulis
2648 3917 2816 3986 dixit,
2850 3917 3026 3974 Nolite
3074 3919 3268 3975 timere
3308 3935 3396 3975 eos
3441 3921 3540 3991 qui
3566 3919 3833 3977 occidunt

2114 4022 2328 4079 corpus,
2352 4007 2601 4062 animam
2627 4015 2808 4064 autem
2847 4023 2956 4062 non
2999 4010 3224 4077 possunt
3254 4008 3491 4064 occidere
3523 4007 3731 4080 (Matth.
3766 4026 3826 4070 χ.

2113 4096 2233 4167 28);
2270 4097 2552 4169 numquid
2614 4096 2673 4152 in
2728 4096 2853 4168 ipso
2887 4100 3203 4169 potuerunt
3245 4097 3374 4168 plus
3402 4113 3578 4169 quam
3611 4114 3830 4169 corpus

2115 4184 2512 4242 occideretEt
2543 4189 2735 4242 tamen
2795 4201 2968 4242 carne
3026 4186 3218 4242 occisa
3273 4186 3540 4242 Christus
3596 4187 3831 4244 occisus

2113 4280 2219 4333 est.
2248 4277 2329 4332 Ita
2367 4291 2496 4331 cum
2557 4292 2687 4332 caro
2718 4276 2975 4332 animam
3007 4275 3222 4348 posuit,
3253 4277 3518 4332 Christus
3563 4277 3828 4334 animam

2116 4366 2342 4437 posuit;
2369 4372 2422 4421 et
2452 4381 2585 4421 cum
2618 4371 2846 4432 caro,ut
2876 4369 3221 4438 resurgeret,
3256 4366 3514 4422 animam
3547 4367 3829 4437 sumpsit,

2113 4454 2379 4512 Christus
2403 4455 2660 4511 animam
2677 4457 2947 4528 sumpsit.
2972 4455 3085 4512 Nec
3109 4460 3302 4512 tamen
3327 4460 3605 4528 potestate
3627 4458 3830 4514 carnis

2116 4543 2225 4600 hoc
2258 4545 2474 4601 factum
2498 4549 2622 4613 est;
2657 4546 2756 4601 sed
2790 4547 2915 4617 ejus
2969 4545 3070 4617 qui
3117 4552 3170 4602 et
3200 4546 3457 4604 animam
3487 4551 3544 4604 et
3565 4563 3829 4616 carnem,

2118 4633 2218 4688 ubi
2250 4633 2369 4689 haec
2397 4633 2876 4705 adimplerentur,
2911 4635 3255 4705 assumpsit.

2189 4723 2276 4779 14.
2301 4724 2424 4792 Hoc,
2458 4723 2668 4796 inquit,
2703 4724 3035 4780 mandatum
3065 4726 3248 4797 accepi
3274 4742 3306 4780 a
3338 4727 3501 4782 Patre
3528 4741 3664 4782 meo.
3686 4725 3832 4782 Ver-

2119 4813 2255 4869 bum
2292 4830 2408 4870 non
2441 4813 2611 4869 verbo
2641 4816 2657 4850 ί
2691 4814 2912 4886 accepit
2934 4817 3292 4882 mandatum,
3325 4815 3474 4872 Cum
3507 4822 3701 4873 autem
3731 4817 3832 4872 di-

2118 4903 2265 4958 citur
2298 4901 2476 4958 Filius
2506 4919 2537 4957 a
2568 4906 2738 4958 Patre
2768 4902 3028 4974 accipere
3058 4906 3214 4976 quod
3241 4905 3707 4961 substantialiter
3725 4905 3833 4962 ha-

2117 4993 2235 5058 bet,
2265 4992 2559 5062 quomodo
2589 4992 2810 5048 dictum
2848 4997 2956 5059 est,
2989 4993 3143 5048 Sicut
3171 4994 3329 5050 habet
3365 4998 3529 5050 Pater
3559 4997 3730 5050 vitam
3761 4998 3828 5051 in

2115 5083 2418 5152 semetipso,
2448 5082 2528 5136 sic
2573 5081 2720 5137 dedit
2755 5083 2892 5138 Filio
2949 5082 3150 5139 habere
3203 5084 3374 5141 vitam
3432 5088 3489 5140 in
3532 5087 3833 5156 semetipso

2120 5170 2306 5242 (Joan.
2338 5171 2527 5242 v,26),
2559 5187 2692 5227 cum
2726 5171 2907 5227 Filius
2938 5171 3062 5243 ipse
3094 5173 3169 5229 sit
3210 5173 3362 5242 vita;
3396 5190 3510 5230 non
3559 5178 3830 5245 potestas

2117 5269 2376 5337 miuitur,
2402 5270 2500 5325 sed
2525 5272 2821 5340 generatio
2868 5269 2991 5340 ejus
3021 5273 3363 5328 ostenditur.
3398 5274 3678 5340 Quoniam
3711 5272 3824 5332 Pa-

2117 5363 2205 5416 ter
2227 5376 2341 5415 non
2371 5357 2540 5430 quasi
2570 5359 2620 5413 ei
2655 5359 2772 5414 ﬁlio
2806 5358 2902 5430 qui
2951 5360 3328 5432 imperfectus
3357 5369 3450 5420 est
3481 5367 3672 5431 natus,
3705 5363 3824 5419 ali-

2119 5450 2257 5523 quid
2285 5450 2541 5517 addidit;
2575 5450 2684 5508 sed-
2709 5450 2758 5508 ei
2791 5467 2967 5522 quam
2997 5453 3318 5525 perfectum
3367 5456 3594 5527 genuit,
3626 5455 3832 5514 omnia

2183 5646 2384 5714 tEditl,
2415 5661 2518 5701 non
2548 5665 2577 5701 a
2609 5647 2776 5703 verba.
2811 5649 2933 5704 Mss.
2967 5664 3094 5706 vero
3139 5658 3321 5706 carent
3363 5653 3744 5719 praepositione
3781 5673 3838 5708 a.
