  <div class='ocr_page' id='page_1' title='image "/cluster/home/n/w/nwhite01/storage/ocr_20150623/35/hvd.32044054170956/220.png"; bbox 0 0 4148 6190; ppageno 0'>
   <div class='ocr_carea' id='block_1_1' title="bbox 312 297 461 357">
    <p class='ocr_par' dir='ltr' id='par_1_1' title="bbox 312 297 461 357">
     <span class='ocr_line' id='line_1_1' title="bbox 312 297 461 357; baseline 0.013 -2"><span class='ocrx_word' id='word_1_1' title='bbox 312 297 461 357; x_wconf 71' lang='grc'><strong>1741</strong></span> 
     </span>
    </p>
   </div>
   <div class='ocr_carea' id='block_1_2' title="bbox 301 428 2007 505">
    <p class='ocr_par' dir='ltr' id='par_1_2' title="bbox 301 428 2007 505">
     <span class='ocr_line' id='line_1_2' title="bbox 301 428 2007 505; baseline 0.002 -18"><span class='ocrx_word' id='word_1_2' title='bbox 301 432 597 503; x_wconf 86' lang='lat' dir='ltr'><strong>gignendo</strong></span> <span class='ocrx_word' id='word_1_3' title='bbox 610 430 793 488; x_wconf 82' lang='lat' dir='ltr'><strong>dedit.</strong></span> <span class='ocrx_word' id='word_1_4' title='bbox 820 431 908 485; x_wconf 88' lang='lat' dir='ltr'><strong>lta</strong></span> <span class='ocrx_word' id='word_1_5' title='bbox 923 428 1009 485; x_wconf 86' lang='lat' dir='ltr'><strong>illi</strong></span> <span class='ocrx_word' id='word_1_6' title='bbox 1032 428 1193 485; x_wconf 80' lang='lat' dir='ltr'><strong>dedit</strong></span> <span class='ocrx_word' id='word_1_7' title='bbox 1210 442 1377 484; x_wconf 86' lang='lat' dir='ltr'><strong>suam</strong></span> <span class='ocrx_word' id='word_1_8' title='bbox 1396 429 1810 503; x_wconf 69' lang='lat' dir='ltr'><strong>aequalitatem,</strong></span> <span class='ocrx_word' id='word_1_9' title='bbox 1834 448 2007 505; x_wconf 83' lang='lat' dir='ltr'><strong>quem</strong></span> 
     </span>
    </p>
   </div>
   <div class='ocr_carea' id='block_1_3' title="bbox 302 519 2007 595">
    <p class='ocr_par' dir='ltr' id='par_1_3' title="bbox 302 519 2007 595">
     <span class='ocr_line' id='line_1_3' title="bbox 302 519 2007 595; baseline 0.002 -16"><span class='ocrx_word' id='word_1_10' title='bbox 302 538 417 579; x_wconf 91' lang='lat' dir='ltr'><strong>non</strong></span> <span class='ocrx_word' id='word_1_11' title='bbox 450 523 658 595; x_wconf 79' lang='lat' dir='ltr'><strong>genuit</strong></span> <span class='ocrx_word' id='word_1_12' title='bbox 704 521 1069 594; x_wconf 77' lang='lat' dir='ltr'><strong>inaequalem.</strong></span> <span class='ocrx_word' id='word_1_13' title='bbox 1120 520 1233 578; x_wconf 89' lang='lat' dir='ltr'><strong>Sed</strong></span> <span class='ocrx_word' id='word_1_14' title='bbox 1260 519 1380 578; x_wconf 71' lang='lat' dir='ltr'><strong>haec</strong></span> <span class='ocrx_word' id='word_1_15' title='bbox 1412 520 1682 593; x_wconf 86' lang='lat' dir='ltr'><strong>loquente</strong></span> <span class='ocrx_word' id='word_1_16' title='bbox 1739 523 2007 595; x_wconf 90' lang='lat' dir='ltr'><strong>Domino,</strong></span> 
     </span>
    </p>
   </div>
   <div class='ocr_carea' id='block_1_4' title="bbox 309 611 2009 684">
    <p class='ocr_par' dir='ltr' id='par_1_4' title="bbox 309 611 2009 684">
     <span class='ocr_line' id='line_1_4' title="bbox 309 611 2009 684; baseline 0.002 -14"><span class='ocrx_word' id='word_1_17' title='bbox 309 615 595 684; x_wconf 88' lang='lat' dir='ltr'><strong>quoniam</strong></span> <span class='ocrx_word' id='word_1_18' title='bbox 629 614 728 670; x_wconf 82' lang='lat' dir='ltr'><strong>lux</strong></span> <span class='ocrx_word' id='word_1_19' title='bbox 746 611 980 670; x_wconf 88' lang='lat' dir='ltr'><strong>lucebat</strong></span> <span class='ocrx_word' id='word_1_20' title='bbox 1002 611 1059 667; x_wconf 91' lang='lat' dir='ltr'><strong>in</strong></span> <span class='ocrx_word' id='word_1_21' title='bbox 1082 611 1432 680; x_wconf 88' lang='lat' dir='ltr'><strong>tenebris,et</strong></span> <span class='ocrx_word' id='word_1_22' title='bbox 1460 614 1712 670; x_wconf 69' lang='lat' dir='ltr'><strong>tenebras</strong></span> <span class='ocrx_word' id='word_1_23' title='bbox 1742 629 1870 672; x_wconf 90' lang='lat' dir='ltr'><strong>eam</strong></span> <span class='ocrx_word' id='word_1_24' title='bbox 1894 632 2009 675; x_wconf 89' lang='lat' dir='ltr'><strong>non</strong></span> 
     </span>
    </p>
   </div>
   <div class='ocr_carea' id='block_1_5' title="bbox 305 701 2010 775">
    <p class='ocr_par' dir='ltr' id='par_1_5' title="bbox 305 701 2010 775">
     <span class='ocr_line' id='line_1_5' title="bbox 305 701 2010 775; baseline 0.001 -17"><span class='ocrx_word' id='word_1_25' title='bbox 305 702 1074 775; x_wconf 72' lang='lat' dir='ltr'><strong>comprehendebantttoan.</strong></span> <span class='ocrx_word' id='word_1_26' title='bbox 1096 718 1136 773; x_wconf 90' lang='grc' dir='ltr'><strong>ι,</strong></span> <span class='ocrx_word' id='word_1_27' title='bbox 1154 704 1229 770; x_wconf 79' lang='lat'><strong>5).</strong></span> <span class='ocrx_word' id='word_1_28' title='bbox 1246 701 1517 759; x_wconf 82' lang='lat' dir='ltr'><strong>Dissensio</strong></span> <span class='ocrx_word' id='word_1_29' title='bbox 1539 704 1745 760; x_wconf 84' lang='lat' dir='ltr'><strong>iterum</strong></span> <span class='ocrx_word' id='word_1_30' title='bbox 1762 706 1912 775; x_wconf 83' lang='lat' dir='ltr'><strong>facta</strong></span> <span class='ocrx_word' id='word_1_31' title='bbox 1932 707 2010 762; x_wconf 88' lang='lat' dir='ltr'><strong>est</strong></span> 
     </span>
    </p>
   </div>
   <div class='ocr_carea' id='block_1_6' title="bbox 302 790 2011 865">
    <p class='ocr_par' dir='ltr' id='par_1_6' title="bbox 302 790 2011 865">
     <span class='ocr_line' id='line_1_6' title="bbox 302 790 2011 865; baseline 0.001 -18"><span class='ocrx_word' id='word_1_32' title='bbox 302 793 677 850; x_wconf 63' lang='lat' dir='ltr'><strong>interludzos</strong></span> <span class='ocrx_word' id='word_1_33' title='bbox 696 798 923 865; x_wconf 85' lang='lat' dir='ltr'><strong>prepter</strong></span> <span class='ocrx_word' id='word_1_34' title='bbox 939 806 1209 848; x_wconf 77' lang='lat' dir='ltr'><strong>sermones</strong></span> <span class='ocrx_word' id='word_1_35' title='bbox 1223 790 1336 847; x_wconf 83' lang='lat' dir='ltr'><strong>hos.</strong></span> <span class='ocrx_word' id='word_1_36' title='bbox 1365 791 1622 848; x_wconf 83' lang='lat' dir='ltr'><strong>Dicebant</strong></span> <span class='ocrx_word' id='word_1_37' title='bbox 1638 803 1824 850; x_wconf 86' lang='lat' dir='ltr'><strong>autem</strong></span> <span class='ocrx_word' id='word_1_38' title='bbox 1844 794 2011 850; x_wconf 84' lang='lat' dir='ltr'><strong>multi</strong></span> 
     </span>
    </p>
   </div>
   <div class='ocr_carea' id='block_1_7' title="bbox 298 881 2011 955">
    <p class='ocr_par' dir='ltr' id='par_1_7' title="bbox 298 881 2011 955">
     <span class='ocr_line' id='line_1_7' title="bbox 298 881 2011 955; baseline 0.004 -19"><span class='ocrx_word' id='word_1_39' title='bbox 298 899 366 937; x_wconf 77' lang='lat' dir='ltr'><strong>ex</strong></span> <span class='ocrx_word' id='word_1_40' title='bbox 396 881 567 955; x_wconf 89' lang='lat' dir='ltr'><strong>ipsis:</strong></span> <span class='ocrx_word' id='word_1_41' title='bbox 590 883 933 940; x_wconf 67' lang='lat' dir='ltr'><strong>Dmonium</strong></span> <span class='ocrx_word' id='word_1_42' title='bbox 954 881 1134 948; x_wconf 87' lang='lat' dir='ltr'><strong>habet,</strong></span> <span class='ocrx_word' id='word_1_43' title='bbox 1148 887 1199 937; x_wconf 89' lang='lat' dir='ltr'><strong>et</strong></span> <span class='ocrx_word' id='word_1_44' title='bbox 1215 882 1419 938; x_wconf 82' lang='lat' dir='ltr'><strong>insanit</strong></span> <span class='ocrx_word' id='word_1_45' title='bbox 1432 882 1597 953; x_wconf 86' lang='lat' dir='ltr'><strong>;quid</strong></span> <span class='ocrx_word' id='word_1_46' title='bbox 1617 900 1744 940; x_wconf 87' lang='lat' dir='ltr'><strong>eum</strong></span> <span class='ocrx_word' id='word_1_47' title='bbox 1755 884 1962 941; x_wconf 85' lang='lat' dir='ltr'><strong>auditis</strong></span> <span class='ocrx_word' id='word_1_48' title='bbox 1985 895 2011 942; x_wconf 69' lang='grc' dir='ltr'><strong><em>Ρ</em></strong></span> 
     </span>
    </p>
   </div>
   <div class='ocr_carea' id='block_1_8' title="bbox 300 971 2013 1034">
    <p class='ocr_par' dir='ltr' id='par_1_8' title="bbox 300 971 2013 1034">
     <span class='ocr_line' id='line_1_8' title="bbox 300 971 2013 1034; baseline 0.002 -6"><span class='ocrx_word' id='word_1_49' title='bbox 300 974 433 1029; x_wconf 63' lang='lat' dir='ltr'><strong>ista:</strong></span> <span class='ocrx_word' id='word_1_50' title='bbox 456 974 698 1030; x_wconf 80' lang='lat' dir='ltr'><strong>fuerunt</strong></span> <span class='ocrx_word' id='word_1_51' title='bbox 726 971 1096 1028; x_wconf 67' lang='lat' dir='ltr'><strong>densissima</strong></span> <span class='ocrx_word' id='word_1_52' title='bbox 1127 972 1400 1029; x_wconf 83' lang='lat' dir='ltr'><strong>tenebras.</strong></span> <span class='ocrx_word' id='word_1_53' title='bbox 1423 973 1537 1029; x_wconf 85' lang='lat' dir='ltr'><strong>Atii</strong></span> <span class='ocrx_word' id='word_1_54' title='bbox 1556 973 1809 1031; x_wconf 81' lang='lat' dir='ltr'><strong>dicebant</strong></span> <span class='ocrx_word' id='word_1_55' title='bbox 1834 991 1853 1033; x_wconf 87' lang='lat'><strong><em>:</em></strong></span> <span class='ocrx_word' id='word_1_56' title='bbox 1886 977 2013 1034; x_wconf 64' lang='lat' dir='ltr'><strong>[me</strong></span> 
     </span>
    </p>
   </div>
   <div class='ocr_carea' id='block_1_9' title="bbox 296 1062 2007 1135">
    <p class='ocr_par' dir='ltr' id='par_1_9' title="bbox 296 1062 2007 1135">
     <span class='ocr_line' id='line_1_9' title="bbox 296 1062 2007 1135; baseline 0.002 -15"><span class='ocrx_word' id='word_1_57' title='bbox 296 1064 462 1121; x_wconf 81' lang='lat' dir='ltr'><strong>verba</strong></span> <span class='ocrx_word' id='word_1_58' title='bbox 482 1079 594 1120; x_wconf 87' lang='lat' dir='ltr'><strong>non</strong></span> <span class='ocrx_word' id='word_1_59' title='bbox 613 1062 1086 1120; x_wconf 70' lang='lat' dir='ltr'><strong>suntdzemonium</strong></span> <span class='ocrx_word' id='word_1_60' title='bbox 1100 1062 1663 1135; x_wconf 72' lang='lat' dir='ltr'><strong>habentismumquid</strong></span> <span class='ocrx_word' id='word_1_61' title='bbox 1681 1066 2007 1123; x_wconf 72' lang='lat' dir='ltr'><strong>daemonium</strong></span> 
     </span>
    </p>
   </div>
   <div class='ocr_carea' id='block_1_10' title="bbox 294 1146 2008 1225">
    <p class='ocr_par' dir='ltr' id='par_1_10' title="bbox 294 1146 2008 1225">
     <span class='ocr_line' id='line_1_10' title="bbox 294 1146 2008 1225; baseline 0.004 -17"><span class='ocrx_word' id='word_1_62' title='bbox 294 1161 472 1225; x_wconf 83' lang='lat' dir='ltr'><strong>potest</strong></span> <span class='ocrx_word' id='word_1_63' title='bbox 491 1146 761 1209; x_wconf 63' lang='lat' dir='ltr'><strong>cerebrum</strong></span> <span class='ocrx_word' id='word_1_64' title='bbox 784 1152 970 1210; x_wconf 85' lang='lat' dir='ltr'><strong>oculos</strong></span> <span class='ocrx_word' id='word_1_65' title='bbox 999 1153 1215 1224; x_wconf 89' lang='lat' dir='ltr'><strong>aperire</strong></span> <span class='ocrx_word' id='word_1_66' title='bbox 1235 1153 1267 1206; x_wconf 82' lang='lat'><strong><em>?</em></strong></span> <span class='ocrx_word' id='word_1_67' title='bbox 1284 1151 1415 1209; x_wconf 87' lang='lat' dir='ltr'><strong>Jan:</strong></span> <span class='ocrx_word' id='word_1_68' title='bbox 1438 1152 1684 1210; x_wconf 91' lang='lat' dir='ltr'><strong>istorum</strong></span> <span class='ocrx_word' id='word_1_69' title='bbox 1712 1154 1865 1212; x_wconf 92' lang='lat' dir='ltr'><strong>oculi</strong></span> <span class='ocrx_word' id='word_1_70' title='bbox 1896 1172 2008 1214; x_wconf 77' lang='lat' dir='ltr'><strong>cte-</strong></span> 
     </span>
    </p>
   </div>
   <div class='ocr_carea' id='block_1_11' title="bbox 298 1243 766 1316">
    <p class='ocr_par' dir='ltr' id='par_1_11' title="bbox 298 1243 766 1316">
     <span class='ocr_line' id='line_1_11' title="bbox 298 1243 766 1316; baseline -0.004 -17"><span class='ocrx_word' id='word_1_71' title='bbox 298 1248 508 1316; x_wconf 87' lang='lat' dir='ltr'><strong>perant</strong></span> <span class='ocrx_word' id='word_1_72' title='bbox 534 1243 766 1316; x_wconf 90' lang='lat' dir='ltr'><strong>aperiri.</strong></span> 
     </span>
    </p>
   </div>
   <div class='ocr_carea' id='block_1_12' title="bbox 790 1333 1501 1393">
    <p class='ocr_par' dir='ltr' id='par_1_12' title="bbox 790 1333 1501 1393">
     <span class='ocr_line' id='line_1_12' title="bbox 790 1333 1501 1393; baseline 0.006 -4"><span class='ocrx_word' id='word_1_73' title='bbox 790 1333 1218 1390; x_wconf 80' lang='lat' dir='ltr'><strong>TRACTATUS</strong></span> <span class='ocrx_word' id='word_1_74' title='bbox 1260 1334 1501 1393; x_wconf 84' lang='lat' dir='ltr'><strong>XLVIII.</strong></span> 
     </span>
    </p>
   </div>
   <div class='ocr_carea' id='block_1_13' title="bbox 294 1433 2009 1507">
    <p class='ocr_par' dir='ltr' id='par_1_13' title="bbox 294 1433 2009 1507">
     <span class='ocr_line' id='line_1_13' title="bbox 294 1433 2009 1507; baseline -0.001 -15"><span class='ocrx_word' id='word_1_75' title='bbox 294 1436 371 1492; x_wconf 80' lang='lat' dir='ltr'><strong>Ab</strong></span> <span class='ocrx_word' id='word_1_76' title='bbox 402 1451 462 1492; x_wconf 90' lang='lat' dir='ltr'><strong>eo</strong></span> <span class='ocrx_word' id='word_1_77' title='bbox 500 1434 641 1501; x_wconf 83' lang='lat' dir='ltr'><strong>loco,</strong></span> <span class='ocrx_word' id='word_1_78' title='bbox 675 1435 849 1490; x_wconf 85' lang='lat' dir='ltr'><strong>Facta</strong></span> <span class='ocrx_word' id='word_1_79' title='bbox 876 1442 1011 1490; x_wconf 90' lang='lat' dir='ltr'><strong>sunt</strong></span> <span class='ocrx_word' id='word_1_80' title='bbox 1033 1433 1300 1490; x_wconf 65' lang='lat' dir='ltr'><strong>Enoaenia</strong></span> <span class='ocrx_word' id='word_1_81' title='bbox 1322 1433 1381 1490; x_wconf 92' lang='lat' dir='ltr'><strong>in</strong></span> <span class='ocrx_word' id='word_1_82' title='bbox 1402 1434 1806 1507; x_wconf 83' lang='lat' dir='ltr'><strong>Jerosolymis;</strong></span> <span class='ocrx_word' id='word_1_83' title='bbox 1839 1450 2009 1507; x_wconf 77' lang='lat' dir='ltr'><strong>usque</strong></span> 
     </span>
    </p>
   </div>
   <div class='ocr_carea' id='block_1_14' title="bbox 369 1525 2009 1597">
    <p class='ocr_par' dir='ltr' id='par_1_14' title="bbox 369 1525 2009 1597">
     <span class='ocr_line' id='line_1_14' title="bbox 369 1525 2009 1597; baseline 0.001 -16"><span class='ocrx_word' id='word_1_84' title='bbox 369 1525 439 1582; x_wconf 90' lang='lat' dir='ltr'><strong>ad</strong></span> <span class='ocrx_word' id='word_1_85' title='bbox 471 1525 549 1594; x_wconf 91' lang='lat' dir='ltr'><strong>id,</strong></span> <span class='ocrx_word' id='word_1_86' title='bbox 582 1526 792 1581; x_wconf 81' lang='lat' dir='ltr'><strong>Omnia</strong></span> <span class='ocrx_word' id='word_1_87' title='bbox 822 1528 1020 1581; x_wconf 91' lang='lat' dir='ltr'><strong>autem</strong></span> <span class='ocrx_word' id='word_1_88' title='bbox 1061 1539 1437 1597; x_wconf 70' lang='lat' dir='ltr'><strong>quaecumque</strong></span> <span class='ocrx_word' id='word_1_89' title='bbox 1468 1525 1615 1582; x_wconf 82' lang='lat' dir='ltr'><strong>dixit</strong></span> <span class='ocrx_word' id='word_1_90' title='bbox 1648 1526 1908 1584; x_wconf 77' lang='lat' dir='ltr'><strong>Joannes</strong></span> <span class='ocrx_word' id='word_1_91' title='bbox 1937 1526 2009 1583; x_wconf 90' lang='lat' dir='ltr'><strong>de</strong></span> 
     </span>
    </p>
   </div>
   <div class='ocr_carea' id='block_1_15' title="bbox 368 1615 2006 1693">
    <p class='ocr_par' dir='ltr' id='par_1_15' title="bbox 368 1615 2006 1693">
     <span class='ocr_line' id='line_1_15' title="bbox 368 1615 2006 1693; baseline 0.004 -20"><span class='ocrx_word' id='word_1_92' title='bbox 368 1618 500 1684; x_wconf 89' lang='lat' dir='ltr'><strong>hoc,</strong></span> <span class='ocrx_word' id='word_1_93' title='bbox 533 1632 668 1675; x_wconf 85' lang='lat' dir='ltr'><strong>vera</strong></span> <span class='ocrx_word' id='word_1_94' title='bbox 696 1620 888 1672; x_wconf 87' lang='lat' dir='ltr'><strong>erant:</strong></span> <span class='ocrx_word' id='word_1_95' title='bbox 925 1618 982 1672; x_wconf 92' lang='lat' dir='ltr'><strong>et</strong></span> <span class='ocrx_word' id='word_1_96' title='bbox 1012 1615 1184 1672; x_wconf 90' lang='lat' dir='ltr'><strong>multi</strong></span> <span class='ocrx_word' id='word_1_97' title='bbox 1208 1615 1583 1675; x_wconf 89' lang='lat' dir='ltr'><strong>crediderunt</strong></span> <span class='ocrx_word' id='word_1_98' title='bbox 1613 1617 1674 1676; x_wconf 91' lang='lat' dir='ltr'><strong>in</strong></span> <span class='ocrx_word' id='word_1_99' title='bbox 1697 1620 2006 1693; x_wconf 86' lang='lat' dir='ltr'><strong>eum.Cap.</strong></span> 
     </span>
    </p>
   </div>
   <div class='ocr_carea' id='block_1_16' title="bbox 369 1705 744 1776">
    <p class='ocr_par' dir='ltr' id='par_1_16' title="bbox 369 1705 744 1776">
     <span class='ocr_line' id='line_1_16' title="bbox 369 1705 744 1776; baseline 0 -15"><span class='ocrx_word' id='word_1_100' title='bbox 369 1724 427 1776; x_wconf 87' lang='lat' dir='ltr'><strong>x,</strong></span> <span class='ocrx_word' id='word_1_101' title='bbox 461 1708 515 1776; x_wconf 53' lang='grc' dir='ltr'><strong>ἓ.</strong></span> <span class='ocrx_word' id='word_1_102' title='bbox 546 1705 744 1761; x_wconf 80' lang='grc'><strong>22-42.</strong></span> 
     </span>
    </p>
   </div>
   <div class='ocr_carea' id='block_1_17' title="bbox 373 1795 2010 1868">
    <p class='ocr_par' dir='ltr' id='par_1_17' title="bbox 373 1795 2010 1868">
     <span class='ocr_line' id='line_1_17' title="bbox 373 1795 2010 1868; baseline 0.003 -16"><span class='ocrx_word' id='word_1_103' title='bbox 373 1799 425 1852; x_wconf 90' lang='grc'><strong>1.</strong></span> <span class='ocrx_word' id='word_1_104' title='bbox 455 1797 616 1864; x_wconf 89' lang='lat' dir='ltr'><strong>Quod</strong></span> <span class='ocrx_word' id='word_1_105' title='bbox 634 1797 759 1867; x_wconf 85' lang='lat' dir='ltr'><strong>jam</strong></span> <span class='ocrx_word' id='word_1_106' title='bbox 791 1796 1195 1852; x_wconf 88' lang='lat' dir='ltr'><strong>commendavi</strong></span> <span class='ocrx_word' id='word_1_107' title='bbox 1234 1795 1535 1856; x_wconf 88' lang='lat' dir='ltr'><strong>Dilectioni</strong></span> <span class='ocrx_word' id='word_1_108' title='bbox 1573 1803 1799 1868; x_wconf 65' lang='lat' dir='ltr'><strong>vestras,</strong></span> <span class='ocrx_word' id='word_1_109' title='bbox 1822 1800 2010 1858; x_wconf 82' lang='lat' dir='ltr'><strong>stabi-</strong></span> 
     </span>
    </p>
   </div>
   <div class='ocr_carea' id='block_1_18' title="bbox 296 1885 2012 1963">
    <p class='ocr_par' dir='ltr' id='par_1_18' title="bbox 296 1885 2012 1963">
     <span class='ocr_line' id='line_1_18' title="bbox 296 1885 2012 1963; baseline 0.003 -21"><span class='ocrx_word' id='word_1_110' title='bbox 296 1889 435 1944; x_wconf 81' lang='lat' dir='ltr'><strong>liter</strong></span> <span class='ocrx_word' id='word_1_111' title='bbox 465 1886 804 1943; x_wconf 88' lang='lat' dir='ltr'><strong>meminisse</strong></span> <span class='ocrx_word' id='word_1_112' title='bbox 857 1885 1109 1955; x_wconf 82' lang='lat' dir='ltr'><strong>debetis,</strong></span> <span class='ocrx_word' id='word_1_113' title='bbox 1140 1892 1409 1946; x_wconf 88' lang='lat' dir='ltr'><strong>sanctum</strong></span> <span class='ocrx_word' id='word_1_114' title='bbox 1452 1890 1733 1947; x_wconf 87' lang='lat' dir='ltr'><strong>Joannem</strong></span> <span class='ocrx_word' id='word_1_115' title='bbox 1774 1906 2012 1963; x_wconf 83' lang='lat' dir='ltr'><strong>evange-</strong></span> 
     </span>
    </p>
   </div>
   <div class='ocr_carea' id='block_1_19' title="bbox 295 1975 2008 2048">
    <p class='ocr_par' dir='ltr' id='par_1_19' title="bbox 295 1975 2008 2048">
     <span class='ocr_line' id='line_1_19' title="bbox 295 1975 2008 2048; baseline 0.003 -16"><span class='ocrx_word' id='word_1_116' title='bbox 295 1977 497 2034; x_wconf 87' lang='lat' dir='ltr'><strong>listam</strong></span> <span class='ocrx_word' id='word_1_117' title='bbox 521 1975 675 2033; x_wconf 85' lang='lat' dir='ltr'><strong>nolle</strong></span> <span class='ocrx_word' id='word_1_118' title='bbox 706 1990 810 2033; x_wconf 86' lang='lat' dir='ltr'><strong>nos</strong></span> <span class='ocrx_word' id='word_1_119' title='bbox 838 1975 1235 2048; x_wconf 88' lang='lat' dir='ltr'><strong>semperlacte</strong></span> <span class='ocrx_word' id='word_1_120' title='bbox 1261 1977 1490 2048; x_wconf 89' lang='lat' dir='ltr'><strong>nutriri,</strong></span> <span class='ocrx_word' id='word_1_121' title='bbox 1525 1980 1627 2037; x_wconf 86' lang='lat' dir='ltr'><strong>sed</strong></span> <span class='ocrx_word' id='word_1_122' title='bbox 1659 1981 1845 2037; x_wconf 76' lang='lat' dir='ltr'><strong>solido</strong></span> <span class='ocrx_word' id='word_1_123' title='bbox 1879 1981 2008 2037; x_wconf 87' lang='lat' dir='ltr'><strong>cibo</strong></span> 
     </span>
    </p>
   </div>
   <div class='ocr_carea' id='block_1_20' title="bbox 296 2066 2009 2139">
    <p class='ocr_par' dir='ltr' id='par_1_20' title="bbox 296 2066 2009 2139">
     <span class='ocr_line' id='line_1_20' title="bbox 296 2066 2009 2139; baseline 0.002 -14"><span class='ocrx_word' id='word_1_124' title='bbox 296 2066 473 2125; x_wconf 85' lang='lat' dir='ltr'><strong>vesci.</strong></span> <span class='ocrx_word' id='word_1_125' title='bbox 508 2066 780 2139; x_wconf 83' lang='lat' dir='ltr'><strong>Quisquis</strong></span> <span class='ocrx_word' id='word_1_126' title='bbox 810 2070 1003 2123; x_wconf 89' lang='lat' dir='ltr'><strong>autem</strong></span> <span class='ocrx_word' id='word_1_127' title='bbox 1026 2066 1098 2123; x_wconf 89' lang='lat' dir='ltr'><strong>ad</strong></span> <span class='ocrx_word' id='word_1_128' title='bbox 1130 2068 1483 2126; x_wconf 90' lang='lat' dir='ltr'><strong>sumendum</strong></span> <span class='ocrx_word' id='word_1_129' title='bbox 1513 2068 1771 2127; x_wconf 88' lang='lat' dir='ltr'><strong>solidum</strong></span> <span class='ocrx_word' id='word_1_130' title='bbox 1811 2071 2009 2128; x_wconf 90' lang='lat' dir='ltr'><strong>cibum</strong></span> 
     </span>
    </p>
   </div>
   <div class='ocr_carea' id='block_1_21' title="bbox 293 2155 2011 2229">
    <p class='ocr_par' dir='ltr' id='par_1_21' title="bbox 293 2155 2011 2229">
     <span class='ocr_line' id='line_1_21' title="bbox 293 2155 2011 2229; baseline 0.001 -14"><span class='ocrx_word' id='word_1_131' title='bbox 293 2156 455 2215; x_wconf 82' lang='lat' dir='ltr'><strong>verbi</strong></span> <span class='ocrx_word' id='word_1_132' title='bbox 476 2156 582 2213; x_wconf 87' lang='lat' dir='ltr'><strong>Dei</strong></span> <span class='ocrx_word' id='word_1_133' title='bbox 604 2156 794 2213; x_wconf 89' lang='lat' dir='ltr'><strong>adhuc</strong></span> <span class='ocrx_word' id='word_1_134' title='bbox 819 2155 1015 2213; x_wconf 88' lang='lat' dir='ltr'><strong>minus</strong></span> <span class='ocrx_word' id='word_1_135' title='bbox 1041 2157 1289 2214; x_wconf 89' lang='lat' dir='ltr'><strong>idoneus</strong></span> <span class='ocrx_word' id='word_1_136' title='bbox 1310 2162 1421 2229; x_wconf 89' lang='lat' dir='ltr'><strong>est,</strong></span> <span class='ocrx_word' id='word_1_137' title='bbox 1451 2158 1599 2217; x_wconf 89' lang='lat' dir='ltr'><strong>lacte</strong></span> <span class='ocrx_word' id='word_1_138' title='bbox 1620 2159 1755 2216; x_wconf 79' lang='lat' dir='ltr'><strong>fidei</strong></span> <span class='ocrx_word' id='word_1_139' title='bbox 1786 2159 2011 2217; x_wconf 87' lang='lat' dir='ltr'><strong>nutria-</strong></span> 
     </span>
    </p>
   </div>
   <div class='ocr_carea' id='block_1_22' title="bbox 296 2244 2008 2320">
    <p class='ocr_par' dir='ltr' id='par_1_22' title="bbox 296 2244 2008 2320">
     <span class='ocr_line' id='line_1_22' title="bbox 296 2244 2008 2320; baseline 0.001 -16"><span class='ocrx_word' id='word_1_140' title='bbox 296 2254 411 2314; x_wconf 92' lang='lat' dir='ltr'><strong>tur,</strong></span> <span class='ocrx_word' id='word_1_141' title='bbox 426 2254 481 2304; x_wconf 90' lang='lat' dir='ltr'><strong>et</strong></span> <span class='ocrx_word' id='word_1_142' title='bbox 499 2246 744 2302; x_wconf 82' lang='lat' dir='ltr'><strong>verbum</strong></span> <span class='ocrx_word' id='word_1_143' title='bbox 768 2246 920 2316; x_wconf 87' lang='lat' dir='ltr'><strong>quod</strong></span> <span class='ocrx_word' id='word_1_144' title='bbox 942 2244 1266 2318; x_wconf 82' lang='lat' dir='ltr'><strong>intelligere</strong></span> <span class='ocrx_word' id='word_1_145' title='bbox 1283 2263 1400 2304; x_wconf 91' lang='lat' dir='ltr'><strong>non</strong></span> <span class='ocrx_word' id='word_1_146' title='bbox 1414 2252 1625 2320; x_wconf 81' lang='lat' dir='ltr'><strong>potest,</strong></span> <span class='ocrx_word' id='word_1_147' title='bbox 1646 2249 1880 2306; x_wconf 80' lang='lat' dir='ltr'><strong>credere</strong></span> <span class='ocrx_word' id='word_1_148' title='bbox 1893 2265 2008 2306; x_wconf 89' lang='lat' dir='ltr'><strong>non</strong></span> 
     </span>
    </p>
   </div>
   <div class='ocr_carea' id='block_1_23' title="bbox 294 2334 2012 2411">
    <p class='ocr_par' dir='ltr' id='par_1_23' title="bbox 294 2334 2012 2411">
     <span class='ocr_line' id='line_1_23' title="bbox 294 2334 2012 2411; baseline 0.001 -17"><span class='ocrx_word' id='word_1_149' title='bbox 294 2339 625 2394; x_wconf 83' lang='lat' dir='ltr'><strong>cunctetur.</strong></span> <span class='ocrx_word' id='word_1_150' title='bbox 655 2334 821 2391; x_wconf 84' lang='lat' dir='ltr'><strong>Fides</strong></span> <span class='ocrx_word' id='word_1_151' title='bbox 850 2335 1011 2391; x_wconf 90' lang='lat' dir='ltr'><strong>enim</strong></span> <span class='ocrx_word' id='word_1_152' title='bbox 1043 2335 1315 2392; x_wconf 89' lang='lat' dir='ltr'><strong>meritum</strong></span> <span class='ocrx_word' id='word_1_153' title='bbox 1345 2340 1455 2405; x_wconf 91' lang='lat' dir='ltr'><strong>est,</strong></span> <span class='ocrx_word' id='word_1_154' title='bbox 1498 2336 1831 2395; x_wconf 89' lang='lat' dir='ltr'><strong>intellectus</strong></span> <span class='ocrx_word' id='word_1_155' title='bbox 1861 2356 2012 2411; x_wconf 74' lang='lat' dir='ltr'><strong>pras-</strong></span> 
     </span>
    </p>
   </div>
   <div class='ocr_carea' id='block_1_24' title="bbox 293 2424 2009 2498">
    <p class='ocr_par' dir='ltr' id='par_1_24' title="bbox 293 2424 2009 2498">
     <span class='ocr_line' id='line_1_24' title="bbox 293 2424 2009 2498; baseline 0.001 -15"><span class='ocrx_word' id='word_1_156' title='bbox 293 2428 502 2483; x_wconf 88' lang='lat' dir='ltr'><strong>mium.</strong></span> <span class='ocrx_word' id='word_1_157' title='bbox 524 2426 588 2482; x_wconf 90' lang='lat' dir='ltr'><strong>In</strong></span> <span class='ocrx_word' id='word_1_158' title='bbox 614 2425 740 2498; x_wconf 91' lang='lat' dir='ltr'><strong>ipso</strong></span> <span class='ocrx_word' id='word_1_159' title='bbox 762 2424 959 2481; x_wconf 87' lang='lat' dir='ltr'><strong>labore</strong></span> <span class='ocrx_word' id='word_1_160' title='bbox 990 2424 1333 2483; x_wconf 88' lang='lat' dir='ltr'><strong>intentionis</strong></span> <span class='ocrx_word' id='word_1_161' title='bbox 1355 2426 1602 2484; x_wconf 89' lang='lat' dir='ltr'><strong>desudat</strong></span> <span class='ocrx_word' id='word_1_162' title='bbox 1622 2428 1775 2485; x_wconf 89' lang='lat' dir='ltr'><strong>acies</strong></span> <span class='ocrx_word' id='word_1_163' title='bbox 1793 2427 2009 2486; x_wconf 88' lang='lat' dir='ltr'><strong>mentis</strong></span> 
     </span>
    </p>
   </div>
   <div class='ocr_carea' id='block_1_25' title="bbox 296 2516 2015 2591">
    <p class='ocr_par' dir='ltr' id='par_1_25' title="bbox 296 2516 2015 2591">
     <span class='ocr_line' id='line_1_25' title="bbox 296 2516 2015 2591; baseline 0.001 -16"><span class='ocrx_word' id='word_1_164' title='bbox 296 2523 539 2585; x_wconf 68' lang='lat' dir='ltr'><strong>nostrae,</strong></span> <span class='ocrx_word' id='word_1_165' title='bbox 555 2522 620 2573; x_wconf 88' lang='lat' dir='ltr'><strong>ut</strong></span> <span class='ocrx_word' id='word_1_166' title='bbox 643 2519 821 2588; x_wconf 90' lang='lat' dir='ltr'><strong>ponat</strong></span> <span class='ocrx_word' id='word_1_167' title='bbox 849 2516 1176 2573; x_wconf 88' lang='lat' dir='ltr'><strong>sordiculas</strong></span> <span class='ocrx_word' id='word_1_168' title='bbox 1218 2516 1442 2574; x_wconf 74' lang='lat' dir='ltr'><strong>nebulae</strong></span> <span class='ocrx_word' id='word_1_169' title='bbox 1464 2517 1761 2591; x_wconf 77' lang='lat' dir='ltr'><strong>humanas,</strong></span> <span class='ocrx_word' id='word_1_170' title='bbox 1786 2524 1843 2577; x_wconf 91' lang='lat' dir='ltr'><strong>et</strong></span> <span class='ocrx_word' id='word_1_171' title='bbox 1862 2535 2015 2577; x_wconf 86' lang='lat' dir='ltr'><strong>sere-</strong></span> 
     </span>
    </p>
   </div>
   <div class='ocr_carea' id='block_1_26' title="bbox 300 2604 2019 2679">
    <p class='ocr_par' dir='ltr' id='par_1_26' title="bbox 300 2604 2019 2679">
     <span class='ocr_line' id='line_1_26' title="bbox 300 2604 2019 2679; baseline 0.002 -16"><span class='ocrx_word' id='word_1_172' title='bbox 300 2611 471 2664; x_wconf 90' lang='lat' dir='ltr'><strong>netur</strong></span> <span class='ocrx_word' id='word_1_173' title='bbox 504 2607 577 2664; x_wconf 90' lang='lat' dir='ltr'><strong>ad</strong></span> <span class='ocrx_word' id='word_1_174' title='bbox 608 2605 866 2661; x_wconf 84' lang='lat' dir='ltr'><strong>Verbum</strong></span> <span class='ocrx_word' id='word_1_175' title='bbox 895 2605 1018 2662; x_wconf 91' lang='lat' dir='ltr'><strong>Dei.</strong></span> <span class='ocrx_word' id='word_1_176' title='bbox 1046 2604 1173 2663; x_wconf 88' lang='lat' dir='ltr'><strong>Non</strong></span> <span class='ocrx_word' id='word_1_177' title='bbox 1205 2622 1341 2679; x_wconf 90' lang='lat' dir='ltr'><strong>ergo</strong></span> <span class='ocrx_word' id='word_1_178' title='bbox 1393 2613 1698 2665; x_wconf 82' lang='lat' dir='ltr'><strong>recusatur</strong></span> <span class='ocrx_word' id='word_1_179' title='bbox 1749 2609 1935 2677; x_wconf 89' lang='lat' dir='ltr'><strong>labor,</strong></span> <span class='ocrx_word' id='word_1_180' title='bbox 1967 2611 2019 2667; x_wconf 91' lang='lat' dir='ltr'><strong>si</strong></span> 
     </span>
    </p>
   </div>
   <div class='ocr_carea' id='block_1_27' title="bbox 297 2695 2016 2770">
    <p class='ocr_par' dir='ltr' id='par_1_27' title="bbox 297 2695 2016 2770">
     <span class='ocr_line' id='line_1_27' title="bbox 297 2695 2016 2770; baseline 0.001 -16"><span class='ocrx_word' id='word_1_181' title='bbox 297 2699 462 2755; x_wconf 84' lang='lat' dir='ltr'><strong>adest</strong></span> <span class='ocrx_word' id='word_1_182' title='bbox 494 2712 662 2753; x_wconf 89' lang='lat' dir='ltr'><strong>amor</strong></span> <span class='ocrx_word' id='word_1_183' title='bbox 697 2695 920 2752; x_wconf 89' lang='lat' dir='ltr'><strong>:nostis</strong></span> <span class='ocrx_word' id='word_1_184' title='bbox 952 2695 1108 2751; x_wconf 90' lang='lat' dir='ltr'><strong>enim</strong></span> <span class='ocrx_word' id='word_1_185' title='bbox 1142 2699 1419 2768; x_wconf 90' lang='lat' dir='ltr'><strong>quoniam</strong></span> <span class='ocrx_word' id='word_1_186' title='bbox 1445 2699 1546 2770; x_wconf 90' lang='lat' dir='ltr'><strong>qui</strong></span> <span class='ocrx_word' id='word_1_187' title='bbox 1577 2706 1728 2755; x_wconf 90' lang='lat' dir='ltr'><strong>amat</strong></span> <span class='ocrx_word' id='word_1_188' title='bbox 1778 2715 1894 2755; x_wconf 91' lang='lat' dir='ltr'><strong>non</strong></span> <span class='ocrx_word' id='word_1_189' title='bbox 1927 2698 2016 2756; x_wconf 88' lang='lat' dir='ltr'><strong>la-</strong></span> 
     </span>
    </p>
   </div>
   <div class='ocr_carea' id='block_1_28' title="bbox 297 2785 2014 2862">
    <p class='ocr_par' dir='ltr' id='par_1_28' title="bbox 297 2785 2014 2862">
     <span class='ocr_line' id='line_1_28' title="bbox 297 2785 2014 2862; baseline 0.002 -19"><span class='ocrx_word' id='word_1_190' title='bbox 297 2789 484 2845; x_wconf 87' lang='lat' dir='ltr'><strong>borat.</strong></span> <span class='ocrx_word' id='word_1_191' title='bbox 517 2785 722 2843; x_wconf 84' lang='lat' dir='ltr'><strong>Omnis</strong></span> <span class='ocrx_word' id='word_1_192' title='bbox 752 2786 907 2842; x_wconf 89' lang='lat' dir='ltr'><strong>enim</strong></span> <span class='ocrx_word' id='word_1_193' title='bbox 940 2786 1100 2843; x_wconf 84' lang='lat' dir='ltr'><strong>labor</strong></span> <span class='ocrx_word' id='word_1_194' title='bbox 1152 2804 1267 2844; x_wconf 90' lang='lat' dir='ltr'><strong>non</strong></span> <span class='ocrx_word' id='word_1_195' title='bbox 1299 2788 1630 2846; x_wconf 86' lang='lat' dir='ltr'><strong>amantibus</strong></span> <span class='ocrx_word' id='word_1_196' title='bbox 1681 2790 1875 2862; x_wconf 80' lang='lat' dir='ltr'><strong>gravis</strong></span> <span class='ocrx_word' id='word_1_197' title='bbox 1906 2799 2014 2847; x_wconf 85' lang='lat' dir='ltr'><strong>est.</strong></span> 
     </span>
    </p>
   </div>
   <div class='ocr_carea' id='block_1_29' title="bbox 296 2876 2012 2951">
    <p class='ocr_par' dir='ltr' id='par_1_29' title="bbox 296 2876 2012 2951">
     <span class='ocr_line' id='line_1_29' title="bbox 296 2876 2012 2951; baseline 0.003 -18"><span class='ocrx_word' id='word_1_198' title='bbox 296 2879 358 2934; x_wconf 88' lang='lat' dir='ltr'><strong>Si</strong></span> <span class='ocrx_word' id='word_1_199' title='bbox 391 2883 589 2935; x_wconf 88' lang='lat' dir='ltr'><strong>tantos</strong></span> <span class='ocrx_word' id='word_1_200' title='bbox 619 2876 847 2934; x_wconf 81' lang='lat' dir='ltr'><strong>labores</strong></span> <span class='ocrx_word' id='word_1_201' title='bbox 876 2892 1010 2934; x_wconf 92' lang='lat' dir='ltr'><strong>cum</strong></span> <span class='ocrx_word' id='word_1_202' title='bbox 1034 2878 1220 2934; x_wconf 86' lang='lat' dir='ltr'><strong>avaris</strong></span> <span class='ocrx_word' id='word_1_203' title='bbox 1253 2882 1447 2950; x_wconf 84' lang='lat' dir='ltr'><strong>portat</strong></span> <span class='ocrx_word' id='word_1_204' title='bbox 1477 2878 1791 2951; x_wconf 84' lang='lat' dir='ltr'><strong>cupiditas,</strong></span> <span class='ocrx_word' id='word_1_205' title='bbox 1816 2880 2012 2938; x_wconf 84' lang='lat' dir='ltr'><strong>nobis-</strong></span> 
     </span>
    </p>
   </div>
   <div class='ocr_carea' id='block_1_30' title="bbox 296 2967 1124 3040">
    <p class='ocr_par' dir='ltr' id='par_1_30' title="bbox 296 2967 1124 3040">
     <span class='ocr_line' id='line_1_30' title="bbox 296 2967 1124 3040; baseline 0.001 -16"><span class='ocrx_word' id='word_1_206' title='bbox 296 2985 434 3024; x_wconf 92' lang='lat' dir='ltr'><strong>cum</strong></span> <span class='ocrx_word' id='word_1_207' title='bbox 462 2985 579 3024; x_wconf 91' lang='lat' dir='ltr'><strong>non</strong></span> <span class='ocrx_word' id='word_1_208' title='bbox 613 2972 805 3040; x_wconf 84' lang='lat' dir='ltr'><strong>portat</strong></span> <span class='ocrx_word' id='word_1_209' title='bbox 827 2967 1124 3025; x_wconf 83' lang='lat' dir='ltr'><strong>charitas‘t</strong></span> 
     </span>
    </p>
   </div>
   <div class='ocr_carea' id='block_1_31' title="bbox 365 3056 2015 3130">
    <p class='ocr_par' dir='ltr' id='par_1_31' title="bbox 365 3056 2015 3130">
     <span class='ocr_line' id='line_1_31' title="bbox 365 3056 2015 3130; baseline 0.002 -17"><span class='ocrx_word' id='word_1_210' title='bbox 365 3059 422 3115; x_wconf 88' lang='lat'><strong>2.</strong></span> <span class='ocrx_word' id='word_1_211' title='bbox 448 3057 824 3130; x_wconf 85' lang='lat' dir='ltr'><strong>Evangelium</strong></span> <span class='ocrx_word' id='word_1_212' title='bbox 857 3056 1182 3116; x_wconf 86' lang='lat' dir='ltr'><strong>intendite:</strong></span> <span class='ocrx_word' id='word_1_213' title='bbox 1226 3061 1395 3117; x_wconf 85' lang='lat' dir='ltr'><strong>Facta</strong></span> <span class='ocrx_word' id='word_1_214' title='bbox 1425 3069 1553 3117; x_wconf 87' lang='lat' dir='ltr'><strong>sunt</strong></span> <span class='ocrx_word' id='word_1_215' title='bbox 1598 3066 1783 3117; x_wconf 87' lang='lat' dir='ltr'><strong>autem</strong></span> <span class='ocrx_word' id='word_1_216' title='bbox 1828 3061 2015 3118; x_wconf 61' lang='lat' dir='ltr'><strong>Encas-</strong></span> 
     </span>
    </p>
   </div>
   <div class='ocr_carea' id='block_1_32' title="bbox 291 3146 2015 3220">
    <p class='ocr_par' dir='ltr' id='par_1_32' title="bbox 291 3146 2015 3220">
     <span class='ocr_line' id='line_1_32' title="bbox 291 3146 2015 3220; baseline 0.003 -17"><span class='ocrx_word' id='word_1_217' title='bbox 291 3151 391 3206; x_wconf 85' lang='lat' dir='ltr'><strong>nia</strong></span> <span class='ocrx_word' id='word_1_218' title='bbox 412 3152 469 3204; x_wconf 88' lang='lat' dir='ltr'><strong>in</strong></span> <span class='ocrx_word' id='word_1_219' title='bbox 486 3146 861 3220; x_wconf 81' lang='lat' dir='ltr'><strong>Jerosolymis.</strong></span> <span class='ocrx_word' id='word_1_220' title='bbox 889 3149 1157 3207; x_wconf 70' lang='lat' dir='ltr'><strong>Enceuia</strong></span> <span class='ocrx_word' id='word_1_221' title='bbox 1180 3149 1469 3207; x_wconf 79' lang='lat' dir='ltr'><strong>festivitas</strong></span> <span class='ocrx_word' id='word_1_222' title='bbox 1486 3156 1613 3207; x_wconf 89' lang='lat' dir='ltr'><strong>erat</strong></span> <span class='ocrx_word' id='word_1_223' title='bbox 1634 3151 2015 3208; x_wconf 74' lang='lat' dir='ltr'><strong>dedicationis</strong></span> 
     </span>
    </p>
   </div>
   <div class='ocr_carea' id='block_1_33' title="bbox 294 3238 2015 3316">
    <p class='ocr_par' dir='ltr' id='par_1_33' title="bbox 294 3238 2015 3316">
     <span class='ocr_line' id='line_1_33' title="bbox 294 3238 2015 3316; baseline 0.002 -20"><span class='ocrx_word' id='word_1_224' title='bbox 294 3240 526 3313; x_wconf 86' lang='lat' dir='ltr'><strong>templi.</strong></span> <span class='ocrx_word' id='word_1_225' title='bbox 551 3238 743 3296; x_wconf 65' lang='lat' dir='ltr'><strong>Graece</strong></span> <span class='ocrx_word' id='word_1_226' title='bbox 757 3240 913 3296; x_wconf 90' lang='lat' dir='ltr'><strong>enim</strong></span> <span class='ocrx_word' id='word_1_227' title='bbox 932 3238 1114 3294; x_wconf 72' lang='grc' dir='ltr'>καινὸν</span> <span class='ocrx_word' id='word_1_228' title='bbox 1134 3240 1351 3298; x_wconf 89' lang='lat' dir='ltr'><strong>dicitur</strong></span> <span class='ocrx_word' id='word_1_229' title='bbox 1367 3258 1579 3299; x_wconf 87' lang='lat' dir='ltr'><strong>novum</strong></span> <span class='ocrx_word' id='word_1_230' title='bbox 1606 3243 2015 3316; x_wconf 81' lang='lat' dir='ltr'><strong>quandocum-</strong></span> 
     </span>
    </p>
   </div>
   <div class='ocr_carea' id='block_1_34' title="bbox 296 3331 2015 3405">
    <p class='ocr_par' dir='ltr' id='par_1_34' title="bbox 296 3331 2015 3405">
     <span class='ocr_line' id='line_1_34' title="bbox 296 3331 2015 3405; baseline 0.001 -16"><span class='ocrx_word' id='word_1_231' title='bbox 296 3349 415 3405; x_wconf 89' lang='lat' dir='ltr'><strong>que</strong></span> <span class='ocrx_word' id='word_1_232' title='bbox 436 3347 655 3389; x_wconf 90' lang='lat' dir='ltr'><strong>novum</strong></span> <span class='ocrx_word' id='word_1_233' title='bbox 683 3331 905 3404; x_wconf 90' lang='lat' dir='ltr'><strong>aliquid</strong></span> <span class='ocrx_word' id='word_1_234' title='bbox 929 3332 1100 3388; x_wconf 81' lang='lat' dir='ltr'><strong>fuerit</strong></span> <span class='ocrx_word' id='word_1_235' title='bbox 1138 3333 1483 3404; x_wconf 86' lang='lat' dir='ltr'><strong>dedicatum,</strong></span> <span class='ocrx_word' id='word_1_236' title='bbox 1508 3335 1778 3392; x_wconf 66' lang='lat' dir='ltr'><strong>Encasnia</strong></span> <span class='ocrx_word' id='word_1_237' title='bbox 1806 3351 2015 3392; x_wconf 87' lang='lat' dir='ltr'><strong>vocan-</strong></span> 
     </span>
    </p>
   </div>
   <div class='ocr_carea' id='block_1_35' title="bbox 296 3422 2017 3500">
    <p class='ocr_par' dir='ltr' id='par_1_35' title="bbox 296 3422 2017 3500">
     <span class='ocr_line' id='line_1_35' title="bbox 296 3422 2017 3500; baseline 0.001 -19"><span class='ocrx_word' id='word_1_238' title='bbox 296 3427 437 3481; x_wconf 70' lang='lat' dir='ltr'><strong>tur‘.</strong></span> <span class='ocrx_word' id='word_1_239' title='bbox 460 3423 597 3481; x_wconf 86' lang='lat' dir='ltr'><strong>Jam</strong></span> <span class='ocrx_word' id='word_1_240' title='bbox 630 3427 687 3479; x_wconf 88' lang='lat' dir='ltr'><strong>et</strong></span> <span class='ocrx_word' id='word_1_241' title='bbox 720 3440 864 3481; x_wconf 87' lang='lat' dir='ltr'><strong>usus</strong></span> <span class='ocrx_word' id='word_1_242' title='bbox 892 3422 1068 3480; x_wconf 85' lang='lat' dir='ltr'><strong>habet</strong></span> <span class='ocrx_word' id='word_1_243' title='bbox 1092 3423 1198 3480; x_wconf 90' lang='lat' dir='ltr'><strong>hoc</strong></span> <span class='ocrx_word' id='word_1_244' title='bbox 1219 3426 1461 3482; x_wconf 88' lang='lat' dir='ltr'><strong>verbum</strong></span> <span class='ocrx_word' id='word_1_245' title='bbox 1487 3445 1500 3482; x_wconf 86' lang='lat'>:</span> <span class='ocrx_word' id='word_1_246' title='bbox 1525 3428 1576 3483; x_wconf 89' lang='lat' dir='ltr'><strong>si</strong></span> <span class='ocrx_word' id='word_1_247' title='bbox 1597 3427 1731 3500; x_wconf 85' lang='lat' dir='ltr'><strong>quis</strong></span> <span class='ocrx_word' id='word_1_248' title='bbox 1755 3443 1901 3483; x_wconf 90' lang='lat' dir='ltr'><strong>nova</strong></span> <span class='ocrx_word' id='word_1_249' title='bbox 1922 3432 2017 3484; x_wconf 88' lang='lat' dir='ltr'><strong>tu-</strong></span> 
     </span>
    </p>
   </div>
   <div class='ocr_carea' id='block_1_36' title="bbox 296 3504 2015 3581">
    <p class='ocr_par' dir='ltr' id='par_1_36' title="bbox 296 3504 2015 3581">
     <span class='ocr_line' id='line_1_36' title="bbox 296 3504 2015 3581; baseline 0.002 -20"><span class='ocrx_word' id='word_1_250' title='bbox 296 3505 739 3572; x_wconf 88' lang='lat' dir='ltr'><strong>nicainduatur,</strong></span> <span class='ocrx_word' id='word_1_251' title='bbox 768 3504 1090 3561; x_wconf 64' lang='lat' dir='ltr'><strong>encmniare</strong></span> <span class='ocrx_word' id='word_1_252' title='bbox 1107 3505 1337 3562; x_wconf 90' lang='lat' dir='ltr'><strong>dicitur.</strong></span> <span class='ocrx_word' id='word_1_253' title='bbox 1356 3506 1528 3563; x_wconf 90' lang='lat' dir='ltr'><strong>Illum</strong></span> <span class='ocrx_word' id='word_1_254' title='bbox 1547 3508 1705 3564; x_wconf 89' lang='lat' dir='ltr'><strong>enim</strong></span> <span class='ocrx_word' id='word_1_255' title='bbox 1719 3508 1873 3565; x_wconf 90' lang='lat' dir='ltr'><strong>diem</strong></span> <span class='ocrx_word' id='word_1_256' title='bbox 1899 3525 2015 3581; x_wconf 90' lang='lat' dir='ltr'><strong>quo</strong></span> 
     </span>
    </p>
   </div>
   <div class='ocr_carea' id='block_1_37' title="bbox 300 3593 2017 3669">
    <p class='ocr_par' dir='ltr' id='par_1_37' title="bbox 300 3593 2017 3669">
     <span class='ocr_line' id='line_1_37' title="bbox 300 3593 2017 3669; baseline 0.002 -18"><span class='ocrx_word' id='word_1_257' title='bbox 300 3594 588 3669; x_wconf 89' lang='lat' dir='ltr'><strong>templum</strong></span> <span class='ocrx_word' id='word_1_258' title='bbox 622 3593 955 3651; x_wconf 87' lang='lat' dir='ltr'><strong>dedicatum</strong></span> <span class='ocrx_word' id='word_1_259' title='bbox 1004 3600 1117 3665; x_wconf 87' lang='lat' dir='ltr'><strong>est,</strong></span> <span class='ocrx_word' id='word_1_260' title='bbox 1148 3595 1333 3653; x_wconf 81' lang='lat' dir='ltr'><strong>Judaei</strong></span> <span class='ocrx_word' id='word_1_261' title='bbox 1382 3597 1722 3655; x_wconf 87' lang='lat' dir='ltr'><strong>solemniter</strong></span> <span class='ocrx_word' id='word_1_262' title='bbox 1752 3598 2017 3656; x_wconf 82' lang='lat' dir='ltr'><strong>celebra-</strong></span> 
     </span>
    </p>
   </div>
   <div class='ocr_carea' id='block_1_38' title="bbox 295 3684 2015 3760">
    <p class='ocr_par' dir='ltr' id='par_1_38' title="bbox 295 3684 2015 3760">
     <span class='ocr_line' id='line_1_38' title="bbox 295 3684 2015 3760; baseline 0.002 -18"><span class='ocrx_word' id='word_1_263' title='bbox 295 3687 487 3743; x_wconf 74' lang='lat' dir='ltr'><strong>bant:</strong></span> <span class='ocrx_word' id='word_1_264' title='bbox 522 3685 647 3758; x_wconf 87' lang='lat' dir='ltr'><strong>ipse</strong></span> <span class='ocrx_word' id='word_1_265' title='bbox 676 3684 802 3742; x_wconf 89' lang='lat' dir='ltr'><strong>dies</strong></span> <span class='ocrx_word' id='word_1_266' title='bbox 835 3685 1018 3743; x_wconf 79' lang='lat' dir='ltr'><strong>festus</strong></span> <span class='ocrx_word' id='word_1_267' title='bbox 1076 3686 1375 3758; x_wconf 84' lang='lat' dir='ltr'><strong>agebatur,</strong></span> <span class='ocrx_word' id='word_1_268' title='bbox 1410 3703 1542 3744; x_wconf 90' lang='lat' dir='ltr'><strong>cum</strong></span> <span class='ocrx_word' id='word_1_269' title='bbox 1574 3704 1642 3745; x_wconf 89' lang='lat' dir='ltr'><strong>ea</strong></span> <span class='ocrx_word' id='word_1_270' title='bbox 1680 3704 1810 3760; x_wconf 74' lang='lat' dir='ltr'><strong>quas</strong></span> <span class='ocrx_word' id='word_1_271' title='bbox 1867 3688 2015 3745; x_wconf 85' lang='lat' dir='ltr'><strong>lecta</strong></span> 
     </span>
    </p>
   </div>
   <div class='ocr_carea' id='block_1_39' title="bbox 296 3774 1176 3846">
    <p class='ocr_par' dir='ltr' id='par_1_39' title="bbox 296 3774 1176 3846">
     <span class='ocr_line' id='line_1_39' title="bbox 296 3774 1176 3846; baseline 0.003 -15"><span class='ocrx_word' id='word_1_272' title='bbox 296 3780 460 3846; x_wconf 84' lang='lat' dir='ltr'><strong>sunt,</strong></span> <span class='ocrx_word' id='word_1_273' title='bbox 498 3774 727 3832; x_wconf 87' lang='lat' dir='ltr'><strong>locutus</strong></span> <span class='ocrx_word' id='word_1_274' title='bbox 756 3780 846 3832; x_wconf 90' lang='lat' dir='ltr'><strong>est</strong></span> <span class='ocrx_word' id='word_1_275' title='bbox 876 3774 1176 3834; x_wconf 88' lang='lat' dir='ltr'><strong>Dominus.</strong></span> 
     </span>
    </p>
   </div>
   <div class='ocr_carea' id='block_1_40' title="bbox 367 3865 2013 3940">
    <p class='ocr_par' dir='ltr' id='par_1_40' title="bbox 367 3865 2013 3940">
     <span class='ocr_line' id='line_1_40' title="bbox 367 3865 2013 3940; baseline 0.001 -18"><span class='ocrx_word' id='word_1_276' title='bbox 367 3867 425 3922; x_wconf 88' lang='lat'><strong>3.</strong></span> <span class='ocrx_word' id='word_1_277' title='bbox 456 3867 651 3922; x_wconf 82' lang='lat' dir='ltr'><strong>Hiems</strong></span> <span class='ocrx_word' id='word_1_278' title='bbox 699 3870 835 3921; x_wconf 84' lang='lat' dir='ltr'><strong>erat.</strong></span> <span class='ocrx_word' id='word_1_279' title='bbox 869 3867 945 3921; x_wconf 80' lang='lat' dir='ltr'><strong>Et</strong></span> <span class='ocrx_word' id='word_1_280' title='bbox 1004 3865 1316 3923; x_wconf 79' lang='lat' dir='ltr'><strong>ambulabat</strong></span> <span class='ocrx_word' id='word_1_281' title='bbox 1367 3868 1522 3925; x_wconf 84' lang='lat' dir='ltr'><strong>Jesus</strong></span> <span class='ocrx_word' id='word_1_282' title='bbox 1578 3868 1641 3924; x_wconf 86' lang='lat' dir='ltr'><strong>in</strong></span> <span class='ocrx_word' id='word_1_283' title='bbox 1698 3868 1899 3940; x_wconf 81' lang='lat' dir='ltr'><strong>tempto</strong></span> <span class='ocrx_word' id='word_1_284' title='bbox 1954 3869 2013 3925; x_wconf 86' lang='lat' dir='ltr'><strong>in</strong></span> 
     </span>
    </p>
   </div>
   <div class='ocr_carea' id='block_1_41' title="bbox 291 3954 2016 4031">
    <p class='ocr_par' dir='ltr' id='par_1_41' title="bbox 291 3954 2016 4031">
     <span class='ocr_line' id='line_1_41' title="bbox 291 3954 2016 4031; baseline 0 -17"><span class='ocrx_word' id='word_1_285' title='bbox 291 3957 516 4030; x_wconf 86' lang='lat' dir='ltr'><strong>porticu</strong></span> <span class='ocrx_word' id='word_1_286' title='bbox 550 3954 884 4013; x_wconf 81' lang='lat' dir='ltr'><strong>Salomonis.</strong></span> <span class='ocrx_word' id='word_1_287' title='bbox 919 3954 1403 4015; x_wconf 82' lang='lat' dir='ltr'><strong>Circumdederunt</strong></span> <span class='ocrx_word' id='word_1_288' title='bbox 1424 3974 1550 4031; x_wconf 85' lang='lat' dir='ltr'><strong>ergo</strong></span> <span class='ocrx_word' id='word_1_289' title='bbox 1582 3974 1705 4017; x_wconf 87' lang='lat' dir='ltr'><strong>eum</strong></span> <span class='ocrx_word' id='word_1_290' title='bbox 1728 3958 1936 4025; x_wconf 62' lang='lat' dir='ltr'><strong>Judwi,</strong></span> <span class='ocrx_word' id='word_1_291' title='bbox 1965 3961 2016 4014; x_wconf 84' lang='lat' dir='ltr'><strong>et</strong></span> 
     </span>
    </p>
   </div>
   <div class='ocr_carea' id='block_1_42' title="bbox 293 4048 2017 4121">
    <p class='ocr_par' dir='ltr' id='par_1_42' title="bbox 293 4048 2017 4121">
     <span class='ocr_line' id='line_1_42' title="bbox 293 4048 2017 4121; baseline 0.001 -16"><span class='ocrx_word' id='word_1_292' title='bbox 293 4049 553 4106; x_wconf 75' lang='lat' dir='ltr'><strong>dicebant</strong></span> <span class='ocrx_word' id='word_1_293' title='bbox 582 4050 669 4103; x_wconf 87' lang='lat' dir='ltr'><strong>ei:</strong></span> <span class='ocrx_word' id='word_1_294' title='bbox 695 4048 983 4121; x_wconf 74' lang='lat' dir='ltr'><strong>Quousque</strong></span> <span class='ocrx_word' id='word_1_295' title='bbox 1012 4050 1262 4107; x_wconf 76' lang='lat' dir='ltr'><strong>animum</strong></span> <span class='ocrx_word' id='word_1_296' title='bbox 1284 4054 1529 4107; x_wconf 86' lang='lat' dir='ltr'><strong>nostram</strong></span> <span class='ocrx_word' id='word_1_297' title='bbox 1564 4052 1714 4108; x_wconf 81' lang='lat' dir='ltr'><strong>tollis</strong></span> <span class='ocrx_word' id='word_1_298' title='bbox 1733 4054 1761 4106; x_wconf 84' lang='lat'><strong><em>?</em></strong></span> <span class='ocrx_word' id='word_1_299' title='bbox 1784 4050 1844 4106; x_wconf 87' lang='lat' dir='ltr'><strong>Si</strong></span> <span class='ocrx_word' id='word_1_300' title='bbox 1874 4058 1933 4106; x_wconf 82' lang='lat' dir='ltr'><strong>tu</strong></span> <span class='ocrx_word' id='word_1_301' title='bbox 1960 4065 2017 4106; x_wconf 91' lang='lat' dir='ltr'><strong>es</strong></span> 
     </span>
    </p>
   </div>
   <div class='ocr_carea' id='block_1_43' title="bbox 297 4138 2017 4212">
    <p class='ocr_par' dir='ltr' id='par_1_43' title="bbox 297 4138 2017 4212">
     <span class='ocr_line' id='line_1_43' title="bbox 297 4138 2017 4212; baseline 0.001 -17"><span class='ocrx_word' id='word_1_302' title='bbox 297 4141 578 4207; x_wconf 81' lang='lat' dir='ltr'><strong>Christus,</strong></span> <span class='ocrx_word' id='word_1_303' title='bbox 598 4138 686 4195; x_wconf 87' lang='lat' dir='ltr'><strong>die</strong></span> <span class='ocrx_word' id='word_1_304' title='bbox 703 4139 860 4196; x_wconf 85' lang='lat' dir='ltr'><strong>nobis</strong></span> <span class='ocrx_word' id='word_1_305' title='bbox 874 4141 1087 4212; x_wconf 82' lang='lat' dir='ltr'><strong>palam.</strong></span> <span class='ocrx_word' id='word_1_306' title='bbox 1112 4140 1235 4197; x_wconf 89' lang='lat' dir='ltr'><strong>Non</strong></span> <span class='ocrx_word' id='word_1_307' title='bbox 1259 4142 1565 4200; x_wconf 84' lang='lat' dir='ltr'><strong>veritatem</strong></span> <span class='ocrx_word' id='word_1_308' title='bbox 1588 4141 2017 4207; x_wconf 83' lang='lat' dir='ltr'><strong>desiderabant,</strong></span> 
     </span>
    </p>
   </div>
   <div class='ocr_carea' id='block_1_44' title="bbox 296 4229 2022 4304">
    <p class='ocr_par' dir='ltr' id='par_1_44' title="bbox 296 4229 2022 4304">
     <span class='ocr_line' id='line_1_44' title="bbox 296 4229 2022 4304; baseline 0.002 -18"><span class='ocrx_word' id='word_1_309' title='bbox 296 4232 397 4287; x_wconf 81' lang='lat' dir='ltr'><strong>sed</strong></span> <span class='ocrx_word' id='word_1_310' title='bbox 433 4229 788 4287; x_wconf 80' lang='lat' dir='ltr'><strong>calumniam</strong></span> <span class='ocrx_word' id='word_1_311' title='bbox 838 4231 1266 4303; x_wconf 69' lang='lat' dir='ltr'><strong>praeparabant.</strong></span> <span class='ocrx_word' id='word_1_312' title='bbox 1315 4233 1500 4289; x_wconf 86' lang='lat' dir='ltr'><strong>Hiems</strong></span> <span class='ocrx_word' id='word_1_313' title='bbox 1547 4241 1688 4301; x_wconf 87' lang='lat' dir='ltr'><strong>erat,</strong></span> <span class='ocrx_word' id='word_1_314' title='bbox 1721 4236 1779 4287; x_wconf 89' lang='lat' dir='ltr'><strong>et</strong></span> <span class='ocrx_word' id='word_1_315' title='bbox 1823 4231 2022 4304; x_wconf 80' lang='lat' dir='ltr'><strong>{rigidi</strong></span> 
     </span>
    </p>
   </div>
   <div class='ocr_carea' id='block_1_45' title="bbox 296 4319 2020 4396">
    <p class='ocr_par' dir='ltr' id='par_1_45' title="bbox 296 4319 2020 4396">
     <span class='ocr_line' id='line_1_45' title="bbox 296 4319 2020 4396; baseline 0.001 -18"><span class='ocrx_word' id='word_1_316' title='bbox 296 4326 468 4379; x_wconf 84' lang='lat' dir='ltr'><strong>erant</strong></span> <span class='ocrx_word' id='word_1_317' title='bbox 499 4336 513 4376; x_wconf 89' lang='lat'><strong>:</strong></span> <span class='ocrx_word' id='word_1_318' title='bbox 540 4320 615 4376; x_wconf 87' lang='lat' dir='ltr'><strong>ad</strong></span> <span class='ocrx_word' id='word_1_319' title='bbox 645 4319 809 4377; x_wconf 90' lang='lat' dir='ltr'><strong>illum</strong></span> <span class='ocrx_word' id='word_1_320' title='bbox 839 4321 997 4377; x_wconf 89' lang='lat' dir='ltr'><strong>enim</strong></span> <span class='ocrx_word' id='word_1_321' title='bbox 1029 4321 1294 4380; x_wconf 88' lang='lat' dir='ltr'><strong>divinum</strong></span> <span class='ocrx_word' id='word_1_322' title='bbox 1336 4325 1529 4396; x_wconf 84' lang='lat' dir='ltr'><strong>ignem</strong></span> <span class='ocrx_word' id='word_1_323' title='bbox 1562 4324 1837 4380; x_wconf 82' lang='lat' dir='ltr'><strong>accedere</strong></span> <span class='ocrx_word' id='word_1_324' title='bbox 1868 4324 2020 4396; x_wconf 86' lang='lat' dir='ltr'><strong>pigri</strong></span> 
     </span>
    </p>
   </div>
   <div class='ocr_carea' id='block_1_46' title="bbox 297 4410 2017 4485">
    <p class='ocr_par' dir='ltr' id='par_1_46' title="bbox 297 4410 2017 4485">
     <span class='ocr_line' id='line_1_46' title="bbox 297 4410 2017 4485; baseline 0.001 -18"><span class='ocrx_word' id='word_1_325' title='bbox 297 4414 490 4467; x_wconf 86' lang='lat' dir='ltr'><strong>erant.</strong></span> <span class='ocrx_word' id='word_1_326' title='bbox 527 4410 636 4466; x_wconf 86' lang='lat' dir='ltr'><strong>Sed</strong></span> <span class='ocrx_word' id='word_1_327' title='bbox 669 4410 938 4467; x_wconf 86' lang='lat' dir='ltr'><strong>accedere</strong></span> <span class='ocrx_word' id='word_1_328' title='bbox 959 4414 1047 4466; x_wconf 91' lang='lat' dir='ltr'><strong>est</strong></span> <span class='ocrx_word' id='word_1_329' title='bbox 1076 4412 1308 4469; x_wconf 90' lang='lat' dir='ltr'><strong>credere</strong></span> <span class='ocrx_word' id='word_1_330' title='bbox 1344 4430 1357 4469; x_wconf 87' lang='lat'><strong>:</strong></span> <span class='ocrx_word' id='word_1_331' title='bbox 1389 4413 1488 4485; x_wconf 91' lang='lat' dir='ltr'><strong>qui</strong></span> <span class='ocrx_word' id='word_1_332' title='bbox 1520 4412 1728 4481; x_wconf 89' lang='lat' dir='ltr'><strong>credit,</strong></span> <span class='ocrx_word' id='word_1_333' title='bbox 1759 4413 2017 4481; x_wconf 87' lang='lat' dir='ltr'><strong>accedit;</strong></span> 
     </span>
    </p>
   </div>
   <div class='ocr_carea' id='block_1_47' title="bbox 300 4498 2022 4573">
    <p class='ocr_par' dir='ltr' id='par_1_47' title="bbox 300 4498 2022 4573">
     <span class='ocr_line' id='line_1_47' title="bbox 300 4498 2022 4573; baseline 0.002 -18"><span class='ocrx_word' id='word_1_334' title='bbox 300 4500 401 4572; x_wconf 88' lang='lat' dir='ltr'><strong>qui</strong></span> <span class='ocrx_word' id='word_1_335' title='bbox 434 4502 636 4570; x_wconf 84' lang='lat' dir='ltr'><strong>negat,</strong></span> <span class='ocrx_word' id='word_1_336' title='bbox 669 4499 907 4555; x_wconf 89' lang='lat' dir='ltr'><strong>recedit.</strong></span> <span class='ocrx_word' id='word_1_337' title='bbox 939 4498 1066 4555; x_wconf 89' lang='lat' dir='ltr'><strong>Non</strong></span> <span class='ocrx_word' id='word_1_338' title='bbox 1099 4506 1361 4557; x_wconf 87' lang='lat' dir='ltr'><strong>movetur</strong></span> <span class='ocrx_word' id='word_1_339' title='bbox 1391 4502 1591 4558; x_wconf 86' lang='lat' dir='ltr'><strong>anima</strong></span> <span class='ocrx_word' id='word_1_340' title='bbox 1622 4500 1887 4573; x_wconf 86' lang='lat' dir='ltr'><strong>pedibus,</strong></span> <span class='ocrx_word' id='word_1_341' title='bbox 1917 4500 2022 4558; x_wconf 89' lang='lat' dir='ltr'><strong>sed</strong></span> 
     </span>
    </p>
   </div>
   <div class='ocr_carea' id='block_1_48' title="bbox 300 4588 2022 4663">
    <p class='ocr_par' dir='ltr' id='par_1_48' title="bbox 300 4588 2022 4663">
     <span class='ocr_line' id='line_1_48' title="bbox 300 4588 2022 4663; baseline 0.002 -17"><span class='ocrx_word' id='word_1_342' title='bbox 300 4588 627 4647; x_wconf 82' lang='lat' dir='ltr'><strong>atl&#39;ectibus.</strong></span> <span class='ocrx_word' id='word_1_343' title='bbox 671 4588 1014 4660; x_wconf 87' lang='lat' dir='ltr'><strong>Friguerant</strong></span> <span class='ocrx_word' id='word_1_344' title='bbox 1043 4607 1074 4644; x_wconf 90' lang='lat' dir='ltr'><strong>a</strong></span> <span class='ocrx_word' id='word_1_345' title='bbox 1104 4588 1388 4663; x_wconf 86' lang='lat' dir='ltr'><strong>diligendi</strong></span> <span class='ocrx_word' id='word_1_346' title='bbox 1421 4589 1730 4659; x_wconf 87' lang='lat' dir='ltr'><strong>charitate,</strong></span> <span class='ocrx_word' id='word_1_347' title='bbox 1762 4594 1820 4648; x_wconf 89' lang='lat' dir='ltr'><strong>et</strong></span> <span class='ocrx_word' id='word_1_348' title='bbox 1856 4592 2022 4650; x_wconf 84' lang='lat' dir='ltr'><strong>arde~</strong></span> 
     </span>
    </p>
   </div>
   <div class='ocr_carea' id='block_1_49' title="bbox 299 4677 2016 4754">
    <p class='ocr_par' dir='ltr' id='par_1_49' title="bbox 299 4677 2016 4754">
     <span class='ocr_line' id='line_1_49' title="bbox 299 4677 2016 4754; baseline 0.001 -18"><span class='ocrx_word' id='word_1_349' title='bbox 299 4681 439 4736; x_wconf 88' lang='lat' dir='ltr'><strong>bant</strong></span> <span class='ocrx_word' id='word_1_350' title='bbox 471 4677 725 4735; x_wconf 86' lang='lat' dir='ltr'><strong>nocendi</strong></span> <span class='ocrx_word' id='word_1_351' title='bbox 747 4678 1089 4751; x_wconf 89' lang='lat' dir='ltr'><strong>cupiditate.</strong></span> <span class='ocrx_word' id='word_1_352' title='bbox 1114 4684 1307 4754; x_wconf 88' lang='lat' dir='ltr'><strong>Longe</strong></span> <span class='ocrx_word' id='word_1_353' title='bbox 1337 4681 1681 4748; x_wconf 89' lang='lat' dir='ltr'><strong>aberant,et</strong></span> <span class='ocrx_word' id='word_1_354' title='bbox 1711 4682 1790 4738; x_wconf 92' lang='lat' dir='ltr'><strong>ibi</strong></span> <span class='ocrx_word' id='word_1_355' title='bbox 1822 4686 2016 4739; x_wconf 88' lang='lat' dir='ltr'><strong>erant:</strong></span> 
     </span>
    </p>
   </div>
   <div class='ocr_carea' id='block_1_50' title="bbox 300 4768 2018 4845">
    <p class='ocr_par' dir='ltr' id='par_1_50' title="bbox 300 4768 2018 4845">
     <span class='ocr_line' id='line_1_50' title="bbox 300 4768 2018 4845; baseline 0 -18"><span class='ocrx_word' id='word_1_356' title='bbox 300 4787 420 4827; x_wconf 89' lang='lat' dir='ltr'><strong>non</strong></span> <span class='ocrx_word' id='word_1_357' title='bbox 439 4768 793 4825; x_wconf 82' lang='lat' dir='ltr'><strong>accedebant</strong></span> <span class='ocrx_word' id='word_1_358' title='bbox 824 4769 1131 4839; x_wconf 89' lang='lat' dir='ltr'><strong>credendo,</strong></span> <span class='ocrx_word' id='word_1_359' title='bbox 1146 4775 1204 4827; x_wconf 91' lang='lat' dir='ltr'><strong>et</strong></span> <span class='ocrx_word' id='word_1_360' title='bbox 1226 4772 1573 4843; x_wconf 86' lang='lat' dir='ltr'><strong>premebant</strong></span> <span class='ocrx_word' id='word_1_361' title='bbox 1592 4773 2018 4845; x_wconf 85' lang='lat' dir='ltr'><strong>persequendo.</strong></span> 
     </span>
    </p>
   </div>
   <div class='ocr_carea' id='block_1_51' title="bbox 299 4857 2024 4932">
    <p class='ocr_par' dir='ltr' id='par_1_51' title="bbox 299 4857 2024 4932">
     <span class='ocr_line' id='line_1_51' title="bbox 299 4857 2024 4932; baseline 0.003 -18"><span class='ocrx_word' id='word_1_362' title='bbox 299 4859 651 4927; x_wconf 69' lang='lat' dir='ltr'><strong>Quaerebam</strong></span> <span class='ocrx_word' id='word_1_363' title='bbox 680 4857 881 4915; x_wconf 85' lang='lat' dir='ltr'><strong>audire</strong></span> <span class='ocrx_word' id='word_1_364' title='bbox 915 4875 949 4915; x_wconf 88' lang='lat' dir='ltr'><strong>a</strong></span> <span class='ocrx_word' id='word_1_365' title='bbox 990 4858 1258 4926; x_wconf 91' lang='lat' dir='ltr'><strong>Domino,</strong></span> <span class='ocrx_word' id='word_1_366' title='bbox 1292 4861 1408 4932; x_wconf 78' lang='lat' dir='ltr'><strong>Ego</strong></span> <span class='ocrx_word' id='word_1_367' title='bbox 1440 4878 1571 4918; x_wconf 89' lang='lat' dir='ltr'><strong>sum</strong></span> <span class='ocrx_word' id='word_1_368' title='bbox 1622 4861 1884 4919; x_wconf 85' lang='lat' dir='ltr'><strong>Christus</strong></span> <span class='ocrx_word' id='word_1_369' title='bbox 1917 4879 1930 4916; x_wconf 90' lang='lat'><strong>:</strong></span> <span class='ocrx_word' id='word_1_370' title='bbox 1966 4867 2024 4920; x_wconf 90' lang='lat' dir='ltr'><strong>et</strong></span> 
     </span>
    </p>
   </div>
   <div class='ocr_carea' id='block_1_52' title="bbox 300 4948 2017 5024">
    <p class='ocr_par' dir='ltr' id='par_1_52' title="bbox 300 4948 2017 5024">
     <span class='ocr_line' id='line_1_52' title="bbox 300 4948 2017 5024; baseline 0.002 -19"><span class='ocrx_word' id='word_1_371' title='bbox 300 4953 553 5007; x_wconf 79' lang='lat' dir='ltr'><strong>fortasse</strong></span> <span class='ocrx_word' id='word_1_372' title='bbox 584 4949 656 5004; x_wconf 89' lang='lat' dir='ltr'><strong>de</strong></span> <span class='ocrx_word' id='word_1_373' title='bbox 700 4948 930 5006; x_wconf 87' lang='lat' dir='ltr'><strong>Christo</strong></span> <span class='ocrx_word' id='word_1_374' title='bbox 981 4949 1303 5006; x_wconf 88' lang='lat' dir='ltr'><strong>secundum</strong></span> <span class='ocrx_word' id='word_1_375' title='bbox 1352 4952 1652 5008; x_wconf 88' lang='lat' dir='ltr'><strong>hominem</strong></span> <span class='ocrx_word' id='word_1_376' title='bbox 1693 4952 2017 5024; x_wconf 84' lang='lat' dir='ltr'><strong>sepiebant.</strong></span> 
     </span>
    </p>
   </div>
   <div class='ocr_carea' id='block_1_53' title="bbox 302 5038 2019 5111">
    <p class='ocr_par' dir='ltr' id='par_1_53' title="bbox 302 5038 2019 5111">
     <span class='ocr_line' id='line_1_53' title="bbox 302 5038 2019 5111; baseline 0.001 -15"><span class='ocrx_word' id='word_1_377' title='bbox 302 5038 770 5096; x_wconf 75' lang='lat' dir='ltr'><strong>Prasdicaverunt</strong></span> <span class='ocrx_word' id='word_1_378' title='bbox 802 5038 1103 5111; x_wconf 76' lang='lat' dir='ltr'><strong>Propheta:</strong></span> <span class='ocrx_word' id='word_1_379' title='bbox 1134 5038 1432 5097; x_wconf 88' lang='lat' dir='ltr'><strong>Christum</strong></span> <span class='ocrx_word' id='word_1_380' title='bbox 1467 5058 1482 5097; x_wconf 95' lang='lat'>:</span> <span class='ocrx_word' id='word_1_381' title='bbox 1520 5043 1621 5097; x_wconf 85' lang='lat' dir='ltr'><strong>sed</strong></span> <span class='ocrx_word' id='word_1_382' title='bbox 1654 5040 2019 5098; x_wconf 83' lang='lat' dir='ltr'><strong>divinitatem</strong></span> 
     </span>
    </p>
   </div>
   <div class='ocr_carea' id='block_1_54' title="bbox 298 5127 2019 5203">
    <p class='ocr_par' dir='ltr' id='par_1_54' title="bbox 298 5127 2019 5203">
     <span class='ocr_line' id='line_1_54' title="bbox 298 5127 2019 5203; baseline 0.003 -20"><span class='ocrx_word' id='word_1_383' title='bbox 298 5128 517 5185; x_wconf 86' lang='lat' dir='ltr'><strong>Christi</strong></span> <span class='ocrx_word' id='word_1_384' title='bbox 539 5133 598 5184; x_wconf 90' lang='lat' dir='ltr'><strong>et</strong></span> <span class='ocrx_word' id='word_1_385' title='bbox 619 5127 679 5184; x_wconf 88' lang='lat' dir='ltr'><strong>in</strong></span> <span class='ocrx_word' id='word_1_386' title='bbox 714 5127 1014 5199; x_wconf 86' lang='lat' dir='ltr'><strong>Prophetis</strong></span> <span class='ocrx_word' id='word_1_387' title='bbox 1045 5133 1101 5184; x_wconf 90' lang='lat' dir='ltr'><strong>et</strong></span> <span class='ocrx_word' id='word_1_388' title='bbox 1133 5128 1190 5186; x_wconf 90' lang='lat' dir='ltr'><strong>in</strong></span> <span class='ocrx_word' id='word_1_389' title='bbox 1225 5130 1352 5203; x_wconf 91' lang='lat' dir='ltr'><strong>ipso</strong></span> <span class='ocrx_word' id='word_1_390' title='bbox 1378 5130 1692 5203; x_wconf 85' lang='lat' dir='ltr'><strong>Evangelio</strong></span> <span class='ocrx_word' id='word_1_391' title='bbox 1718 5148 1823 5188; x_wconf 90' lang='lat' dir='ltr'><strong>nec</strong></span> <span class='ocrx_word' id='word_1_392' title='bbox 1838 5131 2019 5188; x_wconf 73' lang='lat' dir='ltr'><strong>heare-</strong></span> 
     </span>
    </p>
   </div>
   <div class='ocr_carea' id='block_1_55' title="bbox 300 5218 2023 5293">
    <p class='ocr_par' dir='ltr' id='par_1_55' title="bbox 300 5218 2023 5293">
     <span class='ocr_line' id='line_1_55' title="bbox 300 5218 2023 5293; baseline 0.002 -18"><span class='ocrx_word' id='word_1_393' title='bbox 300 5220 396 5275; x_wconf 90' lang='lat' dir='ltr'><strong>tici</strong></span> <span class='ocrx_word' id='word_1_394' title='bbox 426 5218 766 5290; x_wconf 82' lang='lat' dir='ltr'><strong>intelligunt</strong></span> <span class='ocrx_word' id='word_1_395' title='bbox 796 5234 810 5286; x_wconf 90' lang='lat'>;</span> <span class='ocrx_word' id='word_1_396' title='bbox 844 5226 1061 5289; x_wconf 88' lang='lat' dir='ltr'><strong>quanto</strong></span> <span class='ocrx_word' id='word_1_397' title='bbox 1091 5221 1287 5277; x_wconf 90' lang='lat' dir='ltr'><strong>minus</strong></span> <span class='ocrx_word' id='word_1_398' title='bbox 1315 5220 1525 5290; x_wconf 69' lang='lat' dir='ltr'><strong>Judaei,</strong></span> <span class='ocrx_word' id='word_1_399' title='bbox 1550 5223 1829 5293; x_wconf 88' lang='lat' dir='ltr'><strong>quamdiu</strong></span> <span class='ocrx_word' id='word_1_400' title='bbox 1868 5220 2023 5279; x_wconf 89' lang='lat' dir='ltr'><strong>vela-</strong></span> 
     </span>
    </p>
   </div>
   <div class='ocr_carea' id='block_1_56' title="bbox 303 5311 2022 5387">
    <p class='ocr_par' dir='ltr' id='par_1_56' title="bbox 303 5311 2022 5387">
     <span class='ocr_line' id='line_1_56' title="bbox 303 5311 2022 5387; baseline 0.002 -21"><span class='ocrx_word' id='word_1_401' title='bbox 303 5328 435 5367; x_wconf 87' lang='lat' dir='ltr'><strong>men</strong></span> <span class='ocrx_word' id='word_1_402' title='bbox 480 5313 573 5367; x_wconf 88' lang='lat' dir='ltr'><strong>est</strong></span> <span class='ocrx_word' id='word_1_403' title='bbox 601 5324 774 5381; x_wconf 87' lang='lat' dir='ltr'><strong>super</strong></span> <span class='ocrx_word' id='word_1_404' title='bbox 826 5325 925 5367; x_wconf 90' lang='lat' dir='ltr'><strong>cor</strong></span> <span class='ocrx_word' id='word_1_405' title='bbox 978 5326 1181 5367; x_wconf 86' lang='lat' dir='ltr'><strong>eorum</strong></span> <span class='ocrx_word' id='word_1_406' title='bbox 1238 5311 1311 5383; x_wconf 89' lang='lat' dir='ltr'><strong>(il</strong></span> <span class='ocrx_word' id='word_1_407' title='bbox 1343 5312 1468 5370; x_wconf 85' lang='lat' dir='ltr'><strong>Cor.</strong></span> <span class='ocrx_word' id='word_1_408' title='bbox 1521 5327 1606 5382; x_wconf 83' lang='grc' dir='ltr'><strong>ιιι,</strong></span> <span class='ocrx_word' id='word_1_409' title='bbox 1643 5313 1731 5387; x_wconf 88' lang='grc'><strong>15)</strong></span> <span class='ocrx_word' id='word_1_410' title='bbox 1760 5312 1788 5368; x_wconf 66' lang='grc' dir='ltr'><strong><em>τ</em></strong></span> <span class='ocrx_word' id='word_1_411' title='bbox 1841 5313 2022 5369; x_wconf 87' lang='lat' dir='ltr'><strong>Deni-</strong></span> 
     </span>
    </p>
   </div>
   <div class='ocr_carea' id='block_1_57' title="bbox 302 5397 2023 5472">
    <p class='ocr_par' dir='ltr' id='par_1_57' title="bbox 302 5397 2023 5472">
     <span class='ocr_line' id='line_1_57' title="bbox 302 5397 2023 5472; baseline 0.003 -17"><span class='ocrx_word' id='word_1_412' title='bbox 302 5416 413 5472; x_wconf 88' lang='lat' dir='ltr'><strong>que</strong></span> <span class='ocrx_word' id='word_1_413' title='bbox 466 5397 724 5472; x_wconf 89' lang='lat' dir='ltr'><strong>quodam</strong></span> <span class='ocrx_word' id='word_1_414' title='bbox 784 5399 910 5456; x_wconf 91' lang='lat' dir='ltr'><strong>loco</strong></span> <span class='ocrx_word' id='word_1_415' title='bbox 967 5400 1157 5456; x_wconf 84' lang='lat' dir='ltr'><strong>sciens</strong></span> <span class='ocrx_word' id='word_1_416' title='bbox 1211 5400 1491 5459; x_wconf 87' lang='lat' dir='ltr'><strong>Dominus</strong></span> <span class='ocrx_word' id='word_1_417' title='bbox 1550 5402 1725 5459; x_wconf 89' lang='lat' dir='ltr'><strong>Jesus</strong></span> <span class='ocrx_word' id='word_1_418' title='bbox 1789 5418 1888 5459; x_wconf 90' lang='lat' dir='ltr'><strong>eos</strong></span> <span class='ocrx_word' id='word_1_419' title='bbox 1952 5403 2023 5460; x_wconf 89' lang='lat' dir='ltr'><strong>de</strong></span> 
     </span>
    </p>
   </div>
   <div class='ocr_carea' id='block_1_58' title="bbox 300 5486 2022 5565">
    <p class='ocr_par' dir='ltr' id='par_1_58' title="bbox 300 5486 2022 5565">
     <span class='ocr_line' id='line_1_58' title="bbox 300 5486 2022 5565; baseline 0.004 -23"><span class='ocrx_word' id='word_1_420' title='bbox 300 5488 527 5545; x_wconf 88' lang='lat' dir='ltr'><strong>Christo</strong></span> <span class='ocrx_word' id='word_1_421' title='bbox 559 5486 891 5545; x_wconf 88' lang='lat' dir='ltr'><strong>secundum</strong></span> <span class='ocrx_word' id='word_1_422' title='bbox 942 5488 1235 5548; x_wconf 87' lang='lat' dir='ltr'><strong>hominem</strong></span> <span class='ocrx_word' id='word_1_423' title='bbox 1285 5508 1511 5565; x_wconf 86' lang='lat' dir='ltr'><strong>sapere,</strong></span> <span class='ocrx_word' id='word_1_424' title='bbox 1548 5506 1666 5550; x_wconf 88' lang='lat' dir='ltr'><strong>non</strong></span> <span class='ocrx_word' id='word_1_425' title='bbox 1697 5492 2022 5550; x_wconf 85' lang='lat' dir='ltr'><strong>secundum</strong></span> 
     </span>
    </p>
   </div>
   <div class='ocr_carea' id='block_1_59' title="bbox 371 5666 1100 5729">
    <p class='ocr_par' dir='ltr' id='par_1_59' title="bbox 371 5666 1100 5729">
     <span class='ocr_line' id='line_1_59' title="bbox 371 5666 1100 5729; baseline 0.007 -10"><span class='ocrx_word' id='word_1_426' title='bbox 371 5672 387 5706; x_wconf 73' lang='grc' dir='ltr'>ί</span> <span class='ocrx_word' id='word_1_427' title='bbox 412 5669 559 5729; x_wconf 69' lang='grc' dir='ltr'><strong>Μιε..</strong></span> <span class='ocrx_word' id='word_1_428' title='bbox 599 5666 845 5721; x_wconf 71' lang='grc' dir='ltr'><em>Βησιηία</em></span> <span class='ocrx_word' id='word_1_429' title='bbox 876 5676 1100 5725; x_wconf 77' lang='lat' dir='ltr'><strong>vocatur.</strong></span> 
     </span>
    </p>
   </div>
   <div class='ocr_carea' id='block_1_60' title="bbox 1470 284 2668 370">
    <p class='ocr_par' dir='ltr' id='par_1_60' title="bbox 1470 284 2668 370">
     <span class='ocr_line' id='line_1_60' title="bbox 1470 284 2668 370; baseline 0.014 -17"><span class='ocrx_word' id='word_1_430' title='bbox 1470 292 1939 358; x_wconf 79' lang='lat' dir='ltr'><strong>TRACTATUS</strong></span> <span class='ocrx_word' id='word_1_431' title='bbox 1986 284 2255 362; x_wconf 79' lang='lat' dir='ltr'><strong>XLVIII.</strong></span> <span class='ocrx_word' id='word_1_432' title='bbox 2302 303 2552 369; x_wconf 85' lang='lat' dir='ltr'><strong>CAPUT</strong></span> <span class='ocrx_word' id='word_1_433' title='bbox 2591 306 2668 370; x_wconf 90' lang='lat' dir='ltr'><strong>x.</strong></span> 
     </span>
    </p>
   </div>
   <div class='ocr_carea' id='block_1_61' title="bbox 3670 326 3824 385">
    <p class='ocr_par' dir='ltr' id='par_1_61' title="bbox 3670 326 3824 385">
     <span class='ocr_line' id='line_1_61' title="bbox 3670 326 3824 385; baseline 0.006 -1"><span class='ocrx_word' id='word_1_434' title='bbox 3670 326 3824 385; x_wconf 65' lang='lat' dir='ltr'><strong>i742</strong></span> 
     </span>
    </p>
   </div>
   <div class='ocr_carea' id='block_1_62' title="bbox 2118 436 3825 522">
    <p class='ocr_par' dir='ltr' id='par_1_62' title="bbox 2118 436 3825 522">
     <span class='ocr_line' id='line_1_62' title="bbox 2118 436 3825 522; baseline 0.013 -28"><span class='ocrx_word' id='word_1_435' title='bbox 2118 436 2324 509; x_wconf 87' lang='lat' dir='ltr'><strong>Deum,</strong></span> <span class='ocrx_word' id='word_1_436' title='bbox 2345 444 2671 501; x_wconf 88' lang='lat' dir='ltr'><strong>secundum</strong></span> <span class='ocrx_word' id='word_1_437' title='bbox 2704 446 2759 503; x_wconf 89' lang='lat' dir='ltr'><strong>id</strong></span> <span class='ocrx_word' id='word_1_438' title='bbox 2793 448 2947 520; x_wconf 88' lang='lat' dir='ltr'><strong>quod</strong></span> <span class='ocrx_word' id='word_1_439' title='bbox 2982 447 3157 508; x_wconf 92' lang='lat' dir='ltr'><strong>homo</strong></span> <span class='ocrx_word' id='word_1_440' title='bbox 3188 457 3332 522; x_wconf 87' lang='lat' dir='ltr'><strong>erat,</strong></span> <span class='ocrx_word' id='word_1_441' title='bbox 3362 472 3476 513; x_wconf 90' lang='lat' dir='ltr'><strong>non</strong></span> <span class='ocrx_word' id='word_1_442' title='bbox 3506 461 3825 519; x_wconf 89' lang='lat' dir='ltr'><strong>secundum</strong></span> 
     </span>
    </p>
   </div>
   <div class='ocr_carea' id='block_1_63' title="bbox 2117 526 3821 619">
    <p class='ocr_par' dir='ltr' id='par_1_63' title="bbox 2117 526 3821 619">
     <span class='ocr_line' id='line_1_63' title="bbox 2117 526 3821 619; baseline 0.012 -36"><span class='ocrx_word' id='word_1_443' title='bbox 2117 526 2175 619; x_wconf 83' lang='lat' dir='ltr'><strong>id</strong></span> <span class='ocrx_word' id='word_1_444' title='bbox 2209 531 2363 619; x_wconf 81' lang='lat' dir='ltr'><strong>quod</strong></span> <span class='ocrx_word' id='word_1_445' title='bbox 2397 533 2550 591; x_wconf 90' lang='lat' dir='ltr'><strong>Deus</strong></span> <span class='ocrx_word' id='word_1_446' title='bbox 2596 535 2771 593; x_wconf 90' lang='lat' dir='ltr'><strong>etiam</strong></span> <span class='ocrx_word' id='word_1_447' title='bbox 2815 544 3120 612; x_wconf 88' lang='lat' dir='ltr'><strong>assumpto</strong></span> <span class='ocrx_word' id='word_1_448' title='bbox 3153 542 3383 601; x_wconf 85' lang='lat' dir='ltr'><strong>homins</strong></span> <span class='ocrx_word' id='word_1_449' title='bbox 3430 549 3821 619; x_wconf 82' lang='lat' dir='ltr'><strong>permanebat,</strong></span> 
     </span>
    </p>
   </div>
   <div class='ocr_carea' id='block_1_64' title="bbox 2119 616 3825 709">
    <p class='ocr_par' dir='ltr' id='par_1_64' title="bbox 2119 616 3825 709">
     <span class='ocr_line' id='line_1_64' title="bbox 2119 616 3825 709; baseline 0.011 -36"><span class='ocrx_word' id='word_1_450' title='bbox 2119 616 2199 673; x_wconf 85' lang='lat' dir='ltr'><strong>ait</strong></span> <span class='ocrx_word' id='word_1_451' title='bbox 2227 617 2345 709; x_wconf 81' lang='lat' dir='ltr'><strong>illis</strong></span> <span class='ocrx_word' id='word_1_452' title='bbox 2375 636 2389 677; x_wconf 89' lang='lat'><strong>:</strong></span> <span class='ocrx_word' id='word_1_453' title='bbox 2426 622 2565 690; x_wconf 81' lang='lat' dir='ltr'><strong>Quid</strong></span> <span class='ocrx_word' id='word_1_454' title='bbox 2592 625 2743 683; x_wconf 82' lang='lat' dir='ltr'><strong>vobis</strong></span> <span class='ocrx_word' id='word_1_455' title='bbox 2791 627 3014 685; x_wconf 82' lang='lat' dir='ltr'><strong>videtur</strong></span> <span class='ocrx_word' id='word_1_456' title='bbox 3042 629 3107 688; x_wconf 86' lang='lat' dir='ltr'><strong>de</strong></span> <span class='ocrx_word' id='word_1_457' title='bbox 3139 631 3350 690; x_wconf 78' lang='lat' dir='ltr'><strong>Christo</strong></span> <span class='ocrx_word' id='word_1_458' title='bbox 3380 643 3406 688; x_wconf 65' lang='grc' dir='ltr'><strong><em>Ρ</em></strong></span> <span class='ocrx_word' id='word_1_459' title='bbox 3432 616 3621 706; x_wconf 28' lang='lat' dir='ltr'><strong>chjus</strong></span> <span class='ocrx_word' id='word_1_460' title='bbox 3674 638 3825 709; x_wconf 75' lang='lat' dir='ltr'><strong>filius</strong></span> 
     </span>
    </p>
   </div>
   <div class='ocr_carea' id='block_1_65' title="bbox 2117 708 3825 792">
    <p class='ocr_par' dir='ltr' id='par_1_65' title="bbox 2117 708 3825 792">
     <span class='ocr_line' id='line_1_65' title="bbox 2117 708 3825 792; baseline 0.012 -29"><span class='ocrx_word' id='word_1_461' title='bbox 2117 708 2699 784; x_wconf 81' lang='lat' dir='ltr'><strong>est?Responderunt</strong></span> <span class='ocrx_word' id='word_1_462' title='bbox 2718 719 3043 776; x_wconf 84' lang='lat' dir='ltr'><strong>secundum</strong></span> <span class='ocrx_word' id='word_1_463' title='bbox 3062 722 3452 792; x_wconf 88' lang='lat' dir='ltr'><strong>opinationem</strong></span> <span class='ocrx_word' id='word_1_464' title='bbox 3483 743 3649 783; x_wconf 87' lang='lat' dir='ltr'><strong>suam</strong></span> <span class='ocrx_word' id='word_1_465' title='bbox 3672 708 3685 781; x_wconf 68' lang='grc' dir='ltr'><strong><em>ἑ</em></strong></span> <span class='ocrx_word' id='word_1_466' title='bbox 3718 727 3825 783; x_wconf 87' lang='lat' dir='ltr'><strong>Da-</strong></span> 
     </span>
    </p>
   </div>
   <div class='ocr_carea' id='block_1_66' title="bbox 2118 797 3827 886">
    <p class='ocr_par' dir='ltr' id='par_1_66' title="bbox 2118 797 3827 886">
     <span class='ocr_line' id='line_1_66' title="bbox 2118 797 3827 886; baseline 0.012 -36"><span class='ocrx_word' id='word_1_467' title='bbox 2118 797 2230 865; x_wconf 80' lang='lat' dir='ltr'><strong>vid,</strong></span> <span class='ocrx_word' id='word_1_468' title='bbox 2261 798 2355 855; x_wconf 85' lang='lat' dir='ltr'><strong>Sic</strong></span> <span class='ocrx_word' id='word_1_469' title='bbox 2385 802 2541 859; x_wconf 87' lang='lat' dir='ltr'><strong>enim</strong></span> <span class='ocrx_word' id='word_1_470' title='bbox 2573 803 2848 878; x_wconf 86' lang='lat' dir='ltr'><strong>legerant,</strong></span> <span class='ocrx_word' id='word_1_471' title='bbox 2881 813 2939 865; x_wconf 89' lang='lat' dir='ltr'><strong>et</strong></span> <span class='ocrx_word' id='word_1_472' title='bbox 2969 809 3077 866; x_wconf 88' lang='lat' dir='ltr'><strong>hoc</strong></span> <span class='ocrx_word' id='word_1_473' title='bbox 3107 811 3297 869; x_wconf 90' lang='lat' dir='ltr'><strong>solum</strong></span> <span class='ocrx_word' id='word_1_474' title='bbox 3335 814 3607 872; x_wconf 87' lang='lat' dir='ltr'><strong>tenebant</strong></span> <span class='ocrx_word' id='word_1_475' title='bbox 3640 830 3653 870; x_wconf 74' lang='grc' dir='ltr'>ε</span> <span class='ocrx_word' id='word_1_476' title='bbox 3689 816 3827 886; x_wconf 84' lang='lat' dir='ltr'><strong>quia</strong></span> 
     </span>
    </p>
   </div>
   <div class='ocr_carea' id='block_1_67' title="bbox 2122 886 3827 976">
    <p class='ocr_par' dir='ltr' id='par_1_67' title="bbox 2122 886 3827 976">
     <span class='ocr_line' id='line_1_67' title="bbox 2122 886 3827 976; baseline 0.01 -34"><span class='ocrx_word' id='word_1_477' title='bbox 2122 886 2480 947; x_wconf 84' lang='lat' dir='ltr'><strong>divinitatem</strong></span> <span class='ocrx_word' id='word_1_478' title='bbox 2503 894 2631 965; x_wconf 86' lang='lat' dir='ltr'><strong>ejus</strong></span> <span class='ocrx_word' id='word_1_479' title='bbox 2662 895 2951 968; x_wconf 84' lang='lat' dir='ltr'><strong>legebant,</strong></span> <span class='ocrx_word' id='word_1_480' title='bbox 2988 901 3084 956; x_wconf 91' lang='lat' dir='ltr'><strong>sed</strong></span> <span class='ocrx_word' id='word_1_481' title='bbox 3108 918 3223 958; x_wconf 91' lang='lat' dir='ltr'><strong>non</strong></span> <span class='ocrx_word' id='word_1_482' title='bbox 3256 902 3671 976; x_wconf 87' lang='lat' dir='ltr'><strong>intelligebant.</strong></span> <span class='ocrx_word' id='word_1_483' title='bbox 3714 906 3827 959; x_wconf 91' lang='lat' dir='ltr'><strong>Do-</strong></span> 
     </span>
    </p>
   </div>
   <div class='ocr_carea' id='block_1_68' title="bbox 2122 976 3827 1065">
    <p class='ocr_par' dir='ltr' id='par_1_68' title="bbox 2122 976 3827 1065">
     <span class='ocr_line' id='line_1_68' title="bbox 2122 976 3827 1065; baseline 0.012 -35"><span class='ocrx_word' id='word_1_484' title='bbox 2122 976 2320 1034; x_wconf 85' lang='lat' dir='ltr'><strong>minus</strong></span> <span class='ocrx_word' id='word_1_485' title='bbox 2350 985 2544 1039; x_wconf 88' lang='lat' dir='ltr'><strong>autem</strong></span> <span class='ocrx_word' id='word_1_486' title='bbox 2577 988 2640 1040; x_wconf 91' lang='lat' dir='ltr'><strong>ut</strong></span> <span class='ocrx_word' id='word_1_487' title='bbox 2669 1000 2763 1042; x_wconf 91' lang='lat' dir='ltr'><strong>eos</strong></span> <span class='ocrx_word' id='word_1_488' title='bbox 2795 990 3181 1059; x_wconf 78' lang='lat' dir='ltr'><strong>suspenderat</strong></span> <span class='ocrx_word' id='word_1_489' title='bbox 3208 992 3277 1047; x_wconf 90' lang='lat' dir='ltr'><strong>ad</strong></span> <span class='ocrx_word' id='word_1_490' title='bbox 3302 995 3668 1063; x_wconf 68' lang='lat' dir='ltr'><strong>quaerendam</strong></span> <span class='ocrx_word' id='word_1_491' title='bbox 3699 997 3827 1065; x_wconf 87' lang='lat' dir='ltr'><strong>ejus</strong></span> 
     </span>
    </p>
   </div>
   <div class='ocr_carea' id='block_1_69' title="bbox 2121 1065 3821 1153">
    <p class='ocr_par' dir='ltr' id='par_1_69' title="bbox 2121 1065 3821 1153">
     <span class='ocr_line' id='line_1_69' title="bbox 2121 1065 3821 1153; baseline 0.011 -34"><span class='ocrx_word' id='word_1_492' title='bbox 2121 1065 2503 1139; x_wconf 87' lang='lat' dir='ltr'><strong>divinitatem,</strong></span> <span class='ocrx_word' id='word_1_493' title='bbox 2559 1073 2727 1144; x_wconf 87' lang='lat' dir='ltr'><strong>cujus</strong></span> <span class='ocrx_word' id='word_1_494' title='bbox 2772 1079 3225 1135; x_wconf 85' lang='lat' dir='ltr'><strong>contemnebant</strong></span> <span class='ocrx_word' id='word_1_495' title='bbox 3269 1080 3695 1153; x_wconf 82' lang='lat' dir='ltr'><strong>inﬁrmitatem,</strong></span> <span class='ocrx_word' id='word_1_496' title='bbox 3732 1100 3821 1138; x_wconf 59' lang='lat' dir='ltr'><strong>reo</strong></span> 
     </span>
    </p>
   </div>
   <div class='ocr_carea' id='block_1_70' title="bbox 2120 1160 3829 1245">
    <p class='ocr_par' dir='ltr' id='par_1_70' title="bbox 2120 1160 3829 1245">
     <span class='ocr_line' id='line_1_70' title="bbox 2120 1160 3829 1245; baseline 0.011 -33"><span class='ocrx_word' id='word_1_497' title='bbox 2120 1160 2360 1230; x_wconf 89' lang='lat' dir='ltr'><strong>spondit</strong></span> <span class='ocrx_word' id='word_1_498' title='bbox 2386 1163 2471 1219; x_wconf 90' lang='lat' dir='ltr'><strong>eis</strong></span> <span class='ocrx_word' id='word_1_499' title='bbox 2499 1181 2519 1219; x_wconf 87' lang='lat'><em>:</em></span> <span class='ocrx_word' id='word_1_500' title='bbox 2554 1165 2831 1232; x_wconf 82' lang='lat' dir='ltr'><strong>Quomodo</strong></span> <span class='ocrx_word' id='word_1_501' title='bbox 2858 1184 2984 1241; x_wconf 86' lang='lat' dir='ltr'><strong>ergo</strong></span> <span class='ocrx_word' id='word_1_502' title='bbox 3025 1171 3194 1227; x_wconf 83' lang='lat' dir='ltr'><strong>David</strong></span> <span class='ocrx_word' id='word_1_503' title='bbox 3224 1171 3285 1227; x_wconf 88' lang='lat' dir='ltr'><strong>in</strong></span> <span class='ocrx_word' id='word_1_504' title='bbox 3308 1174 3512 1245; x_wconf 83' lang='lat' dir='ltr'><strong>spiritu</strong></span> <span class='ocrx_word' id='word_1_505' title='bbox 3540 1174 3675 1230; x_wconf 82' lang='lat' dir='ltr'><strong>dicit</strong></span> <span class='ocrx_word' id='word_1_506' title='bbox 3704 1190 3829 1230; x_wconf 89' lang='lat' dir='ltr'><strong>eum</strong></span> 
     </span>
    </p>
   </div>
   <div class='ocr_carea' id='block_1_71' title="bbox 2120 1249 3829 1332">
    <p class='ocr_par' dir='ltr' id='par_1_71' title="bbox 2120 1249 3829 1332">
     <span class='ocr_line' id='line_1_71' title="bbox 2120 1249 3829 1332; baseline 0.009 -28"><span class='ocrx_word' id='word_1_507' title='bbox 2120 1249 2433 1323; x_wconf 86' lang='lat' dir='ltr'><strong>Dominum,</strong></span> <span class='ocrx_word' id='word_1_508' title='bbox 2465 1256 2673 1325; x_wconf 86' lang='lat' dir='ltr'><strong>dicens,</strong></span> <span class='ocrx_word' id='word_1_509' title='bbox 2708 1258 2863 1315; x_wconf 77' lang='lat' dir='ltr'><strong>Dixit</strong></span> <span class='ocrx_word' id='word_1_510' title='bbox 2905 1261 3166 1319; x_wconf 83' lang='lat' dir='ltr'><strong>Dominus</strong></span> <span class='ocrx_word' id='word_1_511' title='bbox 3209 1264 3434 1321; x_wconf 87' lang='lat' dir='ltr'><strong>Domino</strong></span> <span class='ocrx_word' id='word_1_512' title='bbox 3463 1281 3603 1332; x_wconf 88' lang='lat' dir='ltr'><strong>meo,</strong></span> <span class='ocrx_word' id='word_1_513' title='bbox 3635 1264 3766 1321; x_wconf 84' lang='lat' dir='ltr'><strong>Sede</strong></span> <span class='ocrx_word' id='word_1_514' title='bbox 3795 1281 3829 1319; x_wconf 92' lang='lat' dir='ltr'><strong>a</strong></span> 
     </span>
    </p>
   </div>
   <div class='ocr_carea' id='block_1_72' title="bbox 2120 1337 3830 1426">
    <p class='ocr_par' dir='ltr' id='par_1_72' title="bbox 2120 1337 3830 1426">
     <span class='ocr_line' id='line_1_72' title="bbox 2120 1337 3830 1426; baseline 0.011 -34"><span class='ocrx_word' id='word_1_515' title='bbox 2120 1337 2326 1396; x_wconf 74' lang='lat' dir='ltr'><strong>dextris</strong></span> <span class='ocrx_word' id='word_1_516' title='bbox 2366 1343 2522 1409; x_wconf 87' lang='lat' dir='ltr'><strong>meis,</strong></span> <span class='ocrx_word' id='word_1_517' title='bbox 2553 1343 2727 1402; x_wconf 84' lang='lat' dir='ltr'><strong>donec</strong></span> <span class='ocrx_word' id='word_1_518' title='bbox 2768 1363 2983 1418; x_wconf 84' lang='lat' dir='ltr'><strong>ponam</strong></span> <span class='ocrx_word' id='word_1_519' title='bbox 3012 1349 3266 1407; x_wconf 86' lang='lat' dir='ltr'><strong>inimicos</strong></span> <span class='ocrx_word' id='word_1_520' title='bbox 3297 1356 3416 1409; x_wconf 87' lang='lat' dir='ltr'><strong>tuos</strong></span> <span class='ocrx_word' id='word_1_521' title='bbox 3458 1356 3559 1409; x_wconf 85' lang='lat' dir='ltr'><strong>sub</strong></span> <span class='ocrx_word' id='word_1_522' title='bbox 3602 1354 3830 1426; x_wconf 79' lang='lat' dir='ltr'><strong>pedibus</strong></span> 
     </span>
    </p>
   </div>
   <div class='ocr_carea' id='block_1_73' title="bbox 2121 1427 3829 1515">
    <p class='ocr_par' dir='ltr' id='par_1_73' title="bbox 2121 1427 3829 1515">
     <span class='ocr_line' id='line_1_73' title="bbox 2121 1427 3829 1515; baseline 0.011 -34"><span class='ocrx_word' id='word_1_523' title='bbox 2121 1427 2281 1484; x_wconf 82' lang='lat' dir='ltr'><strong>tuis?</strong></span> <span class='ocrx_word' id='word_1_524' title='bbox 2301 1429 2359 1485; x_wconf 88' lang='lat' dir='ltr'><strong>Si</strong></span> <span class='ocrx_word' id='word_1_525' title='bbox 2385 1447 2513 1501; x_wconf 87' lang='lat' dir='ltr'><strong>ergo</strong></span> <span class='ocrx_word' id='word_1_526' title='bbox 2542 1436 2715 1490; x_wconf 74' lang='lat' dir='ltr'><strong>David</strong></span> <span class='ocrx_word' id='word_1_527' title='bbox 2736 1438 2793 1491; x_wconf 88' lang='lat' dir='ltr'><strong>in</strong></span> <span class='ocrx_word' id='word_1_528' title='bbox 2822 1439 3032 1508; x_wconf 85' lang='lat' dir='ltr'><strong>spiritu</strong></span> <span class='ocrx_word' id='word_1_529' title='bbox 3047 1440 3187 1495; x_wconf 87' lang='lat' dir='ltr'><strong>dicit</strong></span> <span class='ocrx_word' id='word_1_530' title='bbox 3214 1457 3339 1496; x_wconf 89' lang='lat' dir='ltr'><strong>eum</strong></span> <span class='ocrx_word' id='word_1_531' title='bbox 3355 1444 3669 1512; x_wconf 86' lang='lat' dir='ltr'><strong>Dominum,</strong></span> <span class='ocrx_word' id='word_1_532' title='bbox 3699 1459 3829 1515; x_wconf 86' lang='lat' dir='ltr'><strong>quo-</strong></span> 
     </span>
    </p>
   </div>
   <div class='ocr_carea' id='block_1_74' title="bbox 2117 1517 3830 1603">
    <p class='ocr_par' dir='ltr' id='par_1_74' title="bbox 2117 1517 3830 1603">
     <span class='ocr_line' id='line_1_74' title="bbox 2117 1517 3830 1603; baseline 0.009 -31"><span class='ocrx_word' id='word_1_533' title='bbox 2117 1517 2275 1574; x_wconf 89' lang='lat' dir='ltr'><strong>modo</strong></span> <span class='ocrx_word' id='word_1_534' title='bbox 2307 1519 2456 1589; x_wconf 83' lang='lat' dir='ltr'><strong>ﬁlius</strong></span> <span class='ocrx_word' id='word_1_535' title='bbox 2483 1524 2605 1592; x_wconf 86' lang='lat' dir='ltr'><strong>ejus</strong></span> <span class='ocrx_word' id='word_1_536' title='bbox 2635 1532 2711 1580; x_wconf 86' lang='lat' dir='ltr'><strong>est</strong></span> <span class='ocrx_word' id='word_1_537' title='bbox 2742 1525 2955 1596; x_wconf 69' lang='lat' dir='ltr'><strong>(Matth.</strong></span> <span class='ocrx_word' id='word_1_538' title='bbox 2988 1543 3126 1598; x_wconf 81' lang='lat' dir='ltr'><strong>xm,</strong></span> <span class='ocrx_word' id='word_1_539' title='bbox 3169 1529 3347 1601; x_wconf 78' lang='grc'><strong>42-45)</strong></span> <span class='ocrx_word' id='word_1_540' title='bbox 3368 1529 3539 1587; x_wconf 75' lang='lat' dir='ltr'><strong>‘INon</strong></span> <span class='ocrx_word' id='word_1_541' title='bbox 3578 1533 3830 1603; x_wconf 87' lang='lat' dir='ltr'><strong>negavit,</strong></span> 
     </span>
    </p>
   </div>
   <div class='ocr_carea' id='block_1_75' title="bbox 2118 1607 3831 1692">
    <p class='ocr_par' dir='ltr' id='par_1_75' title="bbox 2118 1607 3831 1692">
     <span class='ocr_line' id='line_1_75' title="bbox 2118 1607 3831 1692; baseline 0.008 -30"><span class='ocrx_word' id='word_1_542' title='bbox 2118 1608 2217 1662; x_wconf 86' lang='lat' dir='ltr'><strong>sed</strong></span> <span class='ocrx_word' id='word_1_543' title='bbox 2242 1607 2637 1683; x_wconf 88' lang='lat' dir='ltr'><strong>interrogavit.</strong></span> <span class='ocrx_word' id='word_1_544' title='bbox 2663 1612 2744 1670; x_wconf 88' lang='lat' dir='ltr'><strong>Ne</strong></span> <span class='ocrx_word' id='word_1_545' title='bbox 2765 1614 2892 1685; x_wconf 87' lang='lat' dir='ltr'><strong>quis</strong></span> <span class='ocrx_word' id='word_1_546' title='bbox 2907 1615 3017 1673; x_wconf 91' lang='lat' dir='ltr'><strong>hoc</strong></span> <span class='ocrx_word' id='word_1_547' title='bbox 3034 1633 3167 1673; x_wconf 90' lang='lat' dir='ltr'><strong>cum</strong></span> <span class='ocrx_word' id='word_1_548' title='bbox 3191 1618 3460 1688; x_wconf 84' lang='lat' dir='ltr'><strong>audierit,</strong></span> <span class='ocrx_word' id='word_1_549' title='bbox 3485 1624 3649 1691; x_wconf 88' lang='lat' dir='ltr'><strong>putet</strong></span> <span class='ocrx_word' id='word_1_550' title='bbox 3677 1623 3831 1692; x_wconf 90' lang='lat' dir='ltr'><strong>quod</strong></span> 
     </span>
    </p>
   </div>
   <div class='ocr_carea' id='block_1_76' title="bbox 2119 1694 3831 1775">
    <p class='ocr_par' dir='ltr' id='par_1_76' title="bbox 2119 1694 3831 1775">
     <span class='ocr_line' id='line_1_76' title="bbox 2119 1694 3831 1775; baseline 0.008 -24"><span class='ocrx_word' id='word_1_551' title='bbox 2119 1694 2407 1754; x_wconf 89' lang='lat' dir='ltr'><strong>Dominus</strong></span> <span class='ocrx_word' id='word_1_552' title='bbox 2428 1703 2601 1757; x_wconf 88' lang='lat' dir='ltr'><strong>Jesus</strong></span> <span class='ocrx_word' id='word_1_553' title='bbox 2627 1705 2922 1775; x_wconf 86' lang='lat' dir='ltr'><strong>negaverit</strong></span> <span class='ocrx_word' id='word_1_554' title='bbox 2941 1720 3001 1760; x_wconf 83' lang='lat' dir='ltr'><strong>se</strong></span> <span class='ocrx_word' id='word_1_555' title='bbox 3031 1703 3219 1762; x_wconf 80' lang='lat' dir='ltr'><strong>filium</strong></span> <span class='ocrx_word' id='word_1_556' title='bbox 3242 1723 3368 1763; x_wconf 84' lang='lat' dir='ltr'><strong>esse</strong></span> <span class='ocrx_word' id='word_1_557' title='bbox 3388 1707 3588 1764; x_wconf 91' lang='lat' dir='ltr'><strong>David.</strong></span> <span class='ocrx_word' id='word_1_558' title='bbox 3624 1707 3831 1764; x_wconf 88' lang='lat' dir='ltr'><strong>Filium</strong></span> 
     </span>
    </p>
   </div>
   <div class='ocr_carea' id='block_1_77' title="bbox 2119 1785 3832 1868">
    <p class='ocr_par' dir='ltr' id='par_1_77' title="bbox 2119 1785 3832 1868">
     <span class='ocr_line' id='line_1_77' title="bbox 2119 1785 3832 1868; baseline 0.008 -27"><span class='ocrx_word' id='word_1_559' title='bbox 2119 1785 2301 1843; x_wconf 90' lang='lat' dir='ltr'><strong>David</strong></span> <span class='ocrx_word' id='word_1_560' title='bbox 2338 1790 2623 1848; x_wconf 89' lang='lat' dir='ltr'><strong>Dominus</strong></span> <span class='ocrx_word' id='word_1_561' title='bbox 2652 1792 2916 1850; x_wconf 81' lang='lat' dir='ltr'><strong>Christus</strong></span> <span class='ocrx_word' id='word_1_562' title='bbox 2937 1795 2985 1851; x_wconf 87' lang='lat' dir='ltr'><strong>si</strong></span> <span class='ocrx_word' id='word_1_563' title='bbox 3009 1811 3071 1852; x_wconf 88' lang='lat' dir='ltr'><strong>se</strong></span> <span class='ocrx_word' id='word_1_564' title='bbox 3100 1802 3360 1868; x_wconf 88' lang='lat' dir='ltr'><strong>negaret,</strong></span> <span class='ocrx_word' id='word_1_565' title='bbox 3383 1814 3562 1855; x_wconf 80' lang='lat' dir='ltr'><strong>caecos</strong></span> <span class='ocrx_word' id='word_1_566' title='bbox 3591 1798 3676 1855; x_wconf 91' lang='lat' dir='ltr'><strong>sic</strong></span> <span class='ocrx_word' id='word_1_567' title='bbox 3697 1814 3832 1855; x_wconf 87' lang='lat' dir='ltr'><strong>eum</strong></span> 
     </span>
    </p>
   </div>
   <div class='ocr_carea' id='block_1_78' title="bbox 2118 1878 3831 1961">
    <p class='ocr_par' dir='ltr' id='par_1_78' title="bbox 2118 1878 3831 1961">
     <span class='ocr_line' id='line_1_78' title="bbox 2118 1878 3831 1961; baseline 0.007 -28"><span class='ocrx_word' id='word_1_568' title='bbox 2118 1878 2456 1937; x_wconf 85' lang='lat' dir='ltr'><strong>invocantes</strong></span> <span class='ocrx_word' id='word_1_569' title='bbox 2479 1881 2982 1940; x_wconf 87' lang='lat' dir='ltr'><strong>nonilluminaret.</strong></span> <span class='ocrx_word' id='word_1_570' title='bbox 2998 1886 3477 1944; x_wconf 88' lang='lat' dir='ltr'><strong>Transibatenim</strong></span> <span class='ocrx_word' id='word_1_571' title='bbox 3496 1887 3831 1961; x_wconf 66' lang='lat' dir='ltr'><strong>aliquando:</strong></span> 
     </span>
    </p>
   </div>
   <div class='ocr_carea' id='block_1_79' title="bbox 2117 1968 3829 2044">
    <p class='ocr_par' dir='ltr' id='par_1_79' title="bbox 2117 1968 3829 2044">
     <span class='ocr_line' id='line_1_79' title="bbox 2117 1968 3829 2044; baseline 0.006 -21"><span class='ocrx_word' id='word_1_572' title='bbox 2117 1972 2174 2023; x_wconf 90' lang='lat' dir='ltr'><strong>et</strong></span> <span class='ocrx_word' id='word_1_573' title='bbox 2204 1968 2319 2026; x_wconf 92' lang='lat' dir='ltr'><strong>duo</strong></span> <span class='ocrx_word' id='word_1_574' title='bbox 2340 1971 2474 2027; x_wconf 78' lang='lat' dir='ltr'><strong>caeci</strong></span> <span class='ocrx_word' id='word_1_575' title='bbox 2506 1971 2777 2030; x_wconf 83' lang='lat' dir='ltr'><strong>sedentes</strong></span> <span class='ocrx_word' id='word_1_576' title='bbox 2798 1973 2973 2044; x_wconf 80' lang='lat' dir='ltr'><strong>juxta</strong></span> <span class='ocrx_word' id='word_1_577' title='bbox 3004 1975 3159 2032; x_wconf 91' lang='lat' dir='ltr'><strong>viam</strong></span> <span class='ocrx_word' id='word_1_578' title='bbox 3189 1976 3591 2035; x_wconf 89' lang='lat' dir='ltr'><strong>clamaverunt</strong></span> <span class='ocrx_word' id='word_1_579' title='bbox 3621 1995 3635 2033; x_wconf 89' lang='lat'><strong>:</strong></span> <span class='ocrx_word' id='word_1_580' title='bbox 3662 1977 3829 2034; x_wconf 71' lang='lat' dir='ltr'><strong>Mise-</strong></span> 
     </span>
    </p>
   </div>
   <div class='ocr_carea' id='block_1_80' title="bbox 2118 2061 3826 2145">
    <p class='ocr_par' dir='ltr' id='par_1_80' title="bbox 2118 2061 3826 2145">
     <span class='ocr_line' id='line_1_80' title="bbox 2118 2061 3826 2145; baseline 0.008 -33"><span class='ocrx_word' id='word_1_581' title='bbox 2118 2072 2241 2114; x_wconf 85' lang='lat' dir='ltr'><strong>rere</strong></span> <span class='ocrx_word' id='word_1_582' title='bbox 2267 2063 2465 2129; x_wconf 86' lang='lat' dir='ltr'><strong>nostri,</strong></span> <span class='ocrx_word' id='word_1_583' title='bbox 2488 2061 2579 2131; x_wconf 82' lang='lat' dir='ltr'><strong>ﬁti</strong></span> <span class='ocrx_word' id='word_1_584' title='bbox 2609 2061 2801 2119; x_wconf 82' lang='lat' dir='ltr'><strong>David.</strong></span> <span class='ocrx_word' id='word_1_585' title='bbox 2827 2064 2949 2129; x_wconf 89' lang='lat' dir='ltr'><strong>Qua</strong></span> <span class='ocrx_word' id='word_1_586' title='bbox 2979 2081 3119 2122; x_wconf 91' lang='lat' dir='ltr'><strong>voce</strong></span> <span class='ocrx_word' id='word_1_587' title='bbox 3140 2067 3364 2134; x_wconf 89' lang='lat' dir='ltr'><strong>audita,</strong></span> <span class='ocrx_word' id='word_1_588' title='bbox 3399 2067 3670 2125; x_wconf 88' lang='lat' dir='ltr'><strong>misertus</strong></span> <span class='ocrx_word' id='word_1_589' title='bbox 3694 2075 3781 2145; x_wconf 86' lang='lat' dir='ltr'><strong>est</strong></span> <span class='ocrx_word' id='word_1_590' title='bbox 3812 2085 3826 2135; x_wconf 85' lang='lat'><strong>;</strong></span> 
     </span>
    </p>
   </div>
   <div class='ocr_carea' id='block_1_81' title="bbox 2119 2150 3830 2229">
    <p class='ocr_par' dir='ltr' id='par_1_81' title="bbox 2119 2150 3830 2229">
     <span class='ocr_line' id='line_1_81' title="bbox 2119 2150 3830 2229; baseline 0.006 -23"><span class='ocrx_word' id='word_1_591' title='bbox 2119 2150 2300 2216; x_wconf 90' lang='lat' dir='ltr'><strong>stetit,</strong></span> <span class='ocrx_word' id='word_1_592' title='bbox 2325 2151 2572 2219; x_wconf 88' lang='lat' dir='ltr'><strong>sanavit,</strong></span> <span class='ocrx_word' id='word_1_593' title='bbox 2612 2151 2811 2209; x_wconf 90' lang='lat' dir='ltr'><strong>lumen</strong></span> <span class='ocrx_word' id='word_1_594' title='bbox 2842 2154 3003 2211; x_wconf 90' lang='lat' dir='ltr'><strong>dedit</strong></span> <span class='ocrx_word' id='word_1_595' title='bbox 3031 2154 3132 2225; x_wconf 90' lang='lat' dir='ltr'><strong>(Id.</strong></span> <span class='ocrx_word' id='word_1_596' title='bbox 3164 2173 3259 2225; x_wconf 83' lang='lat' dir='ltr'><strong>xx,</strong></span> <span class='ocrx_word' id='word_1_597' title='bbox 3291 2158 3513 2229; x_wconf 69' lang='lat'><strong>30-34);</strong></span> <span class='ocrx_word' id='word_1_598' title='bbox 3561 2158 3699 2229; x_wconf 91' lang='lat' dir='ltr'><strong>quia</strong></span> <span class='ocrx_word' id='word_1_599' title='bbox 3728 2175 3830 2216; x_wconf 91' lang='lat' dir='ltr'><strong>no-</strong></span> 
     </span>
    </p>
   </div>
   <div class='ocr_carea' id='block_1_82' title="bbox 2120 2238 3829 2316">
    <p class='ocr_par' dir='ltr' id='par_1_82' title="bbox 2120 2238 3829 2316">
     <span class='ocr_line' id='line_1_82' title="bbox 2120 2238 3829 2316; baseline 0.005 -22"><span class='ocrx_word' id='word_1_600' title='bbox 2120 2254 2255 2295; x_wconf 90' lang='lat' dir='ltr'><strong>men</strong></span> <span class='ocrx_word' id='word_1_601' title='bbox 2286 2238 2538 2310; x_wconf 87' lang='lat' dir='ltr'><strong>agnovit.</strong></span> <span class='ocrx_word' id='word_1_602' title='bbox 2563 2239 2715 2296; x_wconf 89' lang='lat' dir='ltr'><strong>Dicit</strong></span> <span class='ocrx_word' id='word_1_603' title='bbox 2744 2245 2802 2297; x_wconf 90' lang='lat' dir='ltr'><strong>et</strong></span> <span class='ocrx_word' id='word_1_604' title='bbox 2837 2244 3133 2314; x_wconf 86' lang='lat' dir='ltr'><strong>apostolus</strong></span> <span class='ocrx_word' id='word_1_605' title='bbox 3163 2243 3514 2316; x_wconf 77' lang='lat' dir='ltr'><strong>Paulus,Qut</strong></span> <span class='ocrx_word' id='word_1_606' title='bbox 3543 2247 3724 2316; x_wconf 84' lang='lat' dir='ltr'><strong>lactus</strong></span> <span class='ocrx_word' id='word_1_607' title='bbox 3753 2253 3829 2303; x_wconf 87' lang='lat' dir='ltr'><strong>est</strong></span> 
     </span>
    </p>
   </div>
   <div class='ocr_carea' id='block_1_83' title="bbox 2119 2330 3830 2406">
    <p class='ocr_par' dir='ltr' id='par_1_83' title="bbox 2119 2330 3830 2406">
     <span class='ocr_line' id='line_1_83' title="bbox 2119 2330 3830 2406; baseline 0.005 -21"><span class='ocrx_word' id='word_1_608' title='bbox 2119 2332 2171 2385; x_wconf 91' lang='lat' dir='ltr'><strong>ei</strong></span> <span class='ocrx_word' id='word_1_609' title='bbox 2199 2345 2269 2385; x_wconf 78' lang='lat' dir='ltr'><strong>ex</strong></span> <span class='ocrx_word' id='word_1_610' title='bbox 2319 2331 2528 2386; x_wconf 87' lang='lat' dir='ltr'><strong>semine</strong></span> <span class='ocrx_word' id='word_1_611' title='bbox 2554 2330 2727 2387; x_wconf 79' lang='lat' dir='ltr'><strong>David</strong></span> <span class='ocrx_word' id='word_1_612' title='bbox 2756 2332 3051 2388; x_wconf 84' lang='lat' dir='ltr'><strong>secundum</strong></span> <span class='ocrx_word' id='word_1_613' title='bbox 3097 2350 3318 2392; x_wconf 88' lang='lat' dir='ltr'><strong>carnem</strong></span> <span class='ocrx_word' id='word_1_614' title='bbox 3355 2337 3532 2405; x_wconf 81' lang='lat' dir='ltr'><strong>(Rom,</strong></span> <span class='ocrx_word' id='word_1_615' title='bbox 3566 2353 3605 2404; x_wconf 81' lang='grc' dir='ltr'><strong>ι,</strong></span> <span class='ocrx_word' id='word_1_616' title='bbox 3635 2336 3693 2406; x_wconf 90' lang='grc'>3)</span> <span class='ocrx_word' id='word_1_617' title='bbox 3726 2354 3739 2393; x_wconf 89' lang='lat'><strong>:</strong></span> <span class='ocrx_word' id='word_1_618' title='bbox 3772 2343 3830 2393; x_wconf 90' lang='lat' dir='ltr'><strong>et</strong></span> 
     </span>
    </p>
   </div>
   <div class='ocr_carea' id='block_1_84' title="bbox 2120 2417 3832 2487">
    <p class='ocr_par' dir='ltr' id='par_1_84' title="bbox 2120 2417 3832 2487">
     <span class='ocr_line' id='line_1_84' title="bbox 2120 2417 3832 2487; baseline 0.005 -13"><span class='ocrx_word' id='word_1_619' title='bbox 2120 2418 2194 2474; x_wconf 81' lang='lat' dir='ltr'><strong>ad</strong></span> <span class='ocrx_word' id='word_1_620' title='bbox 2226 2417 2625 2487; x_wconf 86' lang='lat' dir='ltr'><strong>Timotheum,</strong></span> <span class='ocrx_word' id='word_1_621' title='bbox 2666 2419 2866 2477; x_wconf 71' lang='lat' dir='ltr'><strong>Memor</strong></span> <span class='ocrx_word' id='word_1_622' title='bbox 2890 2431 3000 2477; x_wconf 86' lang='lat' dir='ltr'><strong>esto</strong></span> <span class='ocrx_word' id='word_1_623' title='bbox 3045 2424 3227 2478; x_wconf 72' lang='lat' dir='ltr'><strong>Iesum</strong></span> <span class='ocrx_word' id='word_1_624' title='bbox 3275 2422 3546 2480; x_wconf 84' lang='lat' dir='ltr'><strong>Christum</strong></span> <span class='ocrx_word' id='word_1_625' title='bbox 3574 2441 3832 2482; x_wconf 80' lang='lat' dir='ltr'><strong>resurre—</strong></span> 
     </span>
    </p>
   </div>
   <div class='ocr_carea' id='block_1_85' title="bbox 2124 2509 3832 2584">
    <p class='ocr_par' dir='ltr' id='par_1_85' title="bbox 2124 2509 3832 2584">
     <span class='ocr_line' id='line_1_85' title="bbox 2124 2509 3832 2584; baseline 0.005 -21"><span class='ocrx_word' id='word_1_626' title='bbox 2124 2509 2271 2564; x_wconf 74' lang='lat' dir='ltr'><strong>scisse</strong></span> <span class='ocrx_word' id='word_1_627' title='bbox 2282 2524 2333 2581; x_wconf 39' lang='grc' dir='ltr'><em>,α</em></span> <span class='ocrx_word' id='word_1_628' title='bbox 2358 2510 2589 2565; x_wconf 84' lang='lat' dir='ltr'><strong>mortuis</strong></span> <span class='ocrx_word' id='word_1_629' title='bbox 2615 2524 2686 2565; x_wconf 73' lang='lat' dir='ltr'><strong>ea:</strong></span> <span class='ocrx_word' id='word_1_630' title='bbox 2712 2512 2921 2567; x_wconf 84' lang='lat' dir='ltr'><strong>semine</strong></span> <span class='ocrx_word' id='word_1_631' title='bbox 2950 2511 3119 2567; x_wconf 80' lang='lat' dir='ltr'><strong>David</strong></span> <span class='ocrx_word' id='word_1_632' title='bbox 3142 2513 3438 2569; x_wconf 86' lang='lat' dir='ltr'><strong>secundum</strong></span> <span class='ocrx_word' id='word_1_633' title='bbox 3463 2514 3832 2584; x_wconf 78' lang='lat' dir='ltr'><strong>Eeangetium</strong></span> 
     </span>
    </p>
   </div>
   <div class='ocr_carea' id='block_1_86' title="bbox 2124 2607 3829 2687">
    <p class='ocr_par' dir='ltr' id='par_1_86' title="bbox 2124 2607 3829 2687">
     <span class='ocr_line' id='line_1_86' title="bbox 2124 2607 3829 2687; baseline 0.006 -26"><span class='ocrx_word' id='word_1_634' title='bbox 2124 2622 2306 2662; x_wconf 87' lang='lat' dir='ltr'><strong>meum</strong></span> <span class='ocrx_word' id='word_1_635' title='bbox 2334 2607 2404 2677; x_wconf 89' lang='lat' dir='ltr'><strong>(II</strong></span> <span class='ocrx_word' id='word_1_636' title='bbox 2437 2609 2570 2664; x_wconf 85' lang='lat' dir='ltr'><strong>Tim.</strong></span> <span class='ocrx_word' id='word_1_637' title='bbox 2594 2625 2657 2677; x_wconf 82' lang='grc' dir='ltr'><strong>ιι,</strong></span> <span class='ocrx_word' id='word_1_638' title='bbox 2686 2608 2765 2680; x_wconf 88' lang='grc'><strong>8).</strong></span> <span class='ocrx_word' id='word_1_639' title='bbox 2798 2608 2944 2675; x_wconf 86' lang='lat' dir='ltr'><strong>Quia</strong></span> <span class='ocrx_word' id='word_1_640' title='bbox 2972 2612 3045 2666; x_wconf 89' lang='lat' dir='ltr'><strong>de</strong></span> <span class='ocrx_word' id='word_1_641' title='bbox 3082 2612 3308 2669; x_wconf 85' lang='lat' dir='ltr'><strong>semine</strong></span> <span class='ocrx_word' id='word_1_642' title='bbox 3338 2612 3519 2670; x_wconf 88' lang='lat' dir='ltr'><strong>David</strong></span> <span class='ocrx_word' id='word_1_643' title='bbox 3540 2614 3829 2687; x_wconf 85' lang='lat' dir='ltr'><strong>originem</strong></span> 
     </span>
    </p>
   </div>
   <div class='ocr_carea' id='block_1_87' title="bbox 2124 2694 3829 2766">
    <p class='ocr_par' dir='ltr' id='par_1_87' title="bbox 2124 2694 3829 2766">
     <span class='ocr_line' id='line_1_87' title="bbox 2124 2694 3829 2766; baseline 0.006 -15"><span class='ocrx_word' id='word_1_644' title='bbox 2124 2694 2305 2752; x_wconf 88' lang='lat' dir='ltr'><strong>Maria</strong></span> <span class='ocrx_word' id='word_1_645' title='bbox 2336 2697 2494 2766; x_wconf 80' lang='lat' dir='ltr'><strong>virgo</strong></span> <span class='ocrx_word' id='word_1_646' title='bbox 2517 2697 2784 2763; x_wconf 88' lang='lat' dir='ltr'><strong>ducebat,</strong></span> <span class='ocrx_word' id='word_1_647' title='bbox 2804 2698 2939 2754; x_wconf 91' lang='lat' dir='ltr'><strong>inde</strong></span> <span class='ocrx_word' id='word_1_648' title='bbox 2967 2700 3253 2757; x_wconf 90' lang='lat' dir='ltr'><strong>Dominus</strong></span> <span class='ocrx_word' id='word_1_649' title='bbox 3291 2702 3364 2758; x_wconf 89' lang='lat' dir='ltr'><strong>de</strong></span> <span class='ocrx_word' id='word_1_650' title='bbox 3383 2704 3610 2759; x_wconf 88' lang='lat' dir='ltr'><strong>semine</strong></span> <span class='ocrx_word' id='word_1_651' title='bbox 3628 2703 3829 2762; x_wconf 89' lang='lat' dir='ltr'><strong>David.</strong></span> 
     </span>
    </p>
   </div>
   <div class='ocr_carea' id='block_1_88' title="bbox 2198 2785 3837 2864">
    <p class='ocr_par' dir='ltr' id='par_1_88' title="bbox 2198 2785 3837 2864">
     <span class='ocr_line' id='line_1_88' title="bbox 2198 2785 3837 2864; baseline 0.007 -24"><span class='ocrx_word' id='word_1_652' title='bbox 2198 2785 2245 2840; x_wconf 75' lang='grc'><strong>4.</strong></span> <span class='ocrx_word' id='word_1_653' title='bbox 2278 2790 2397 2843; x_wconf 83' lang='lat' dir='ltr'><strong>Hoc</strong></span> <span class='ocrx_word' id='word_1_654' title='bbox 2427 2803 2528 2857; x_wconf 89' lang='lat' dir='ltr'><strong>pro</strong></span> <span class='ocrx_word' id='word_1_655' title='bbox 2561 2802 2773 2859; x_wconf 88' lang='lat' dir='ltr'><strong>magno</strong></span> <span class='ocrx_word' id='word_1_656' title='bbox 2800 2786 2990 2844; x_wconf 83' lang='lat' dir='ltr'><strong>Judaei</strong></span> <span class='ocrx_word' id='word_1_657' title='bbox 3021 2806 3055 2845; x_wconf 88' lang='lat' dir='ltr'><strong>a</strong></span> <span class='ocrx_word' id='word_1_658' title='bbox 3085 2789 3316 2848; x_wconf 88' lang='lat' dir='ltr'><strong>Christo</strong></span> <span class='ocrx_word' id='word_1_659' title='bbox 3365 2792 3723 2864; x_wconf 73' lang='lat' dir='ltr'><strong>quaerebant,</strong></span> <span class='ocrx_word' id='word_1_660' title='bbox 3773 2800 3837 2851; x_wconf 87' lang='lat' dir='ltr'><strong>ut</strong></span> 
     </span>
    </p>
   </div>
   <div class='ocr_carea' id='block_1_89' title="bbox 2124 2875 3833 2953">
    <p class='ocr_par' dir='ltr' id='par_1_89' title="bbox 2124 2875 3833 2953">
     <span class='ocr_line' id='line_1_89' title="bbox 2124 2875 3833 2953; baseline 0.006 -24"><span class='ocrx_word' id='word_1_661' title='bbox 2124 2875 2169 2930; x_wconf 89' lang='lat' dir='ltr'><strong>si</strong></span> <span class='ocrx_word' id='word_1_662' title='bbox 2202 2875 2441 2943; x_wconf 90' lang='lat' dir='ltr'><strong>diceret,</strong></span> <span class='ocrx_word' id='word_1_663' title='bbox 2476 2877 2592 2949; x_wconf 88' lang='lat' dir='ltr'><strong>Ego</strong></span> <span class='ocrx_word' id='word_1_664' title='bbox 2624 2893 2756 2933; x_wconf 89' lang='lat' dir='ltr'><strong>sum</strong></span> <span class='ocrx_word' id='word_1_665' title='bbox 2790 2877 3078 2951; x_wconf 87' lang='lat' dir='ltr'><strong>Christus,</strong></span> <span class='ocrx_word' id='word_1_666' title='bbox 3106 2882 3428 2937; x_wconf 86' lang='lat' dir='ltr'><strong>secundum</strong></span> <span class='ocrx_word' id='word_1_667' title='bbox 3453 2883 3606 2953; x_wconf 91' lang='lat' dir='ltr'><strong>quod</strong></span> <span class='ocrx_word' id='word_1_668' title='bbox 3630 2882 3713 2938; x_wconf 91' lang='lat' dir='ltr'><strong>illi</strong></span> <span class='ocrx_word' id='word_1_669' title='bbox 3733 2900 3833 2940; x_wconf 85' lang='lat' dir='ltr'><strong>so-</strong></span> 
     </span>
    </p>
   </div>
   <div class='ocr_carea' id='block_1_90' title="bbox 2122 2967 3833 3046">
    <p class='ocr_par' dir='ltr' id='par_1_90' title="bbox 2122 2967 3833 3046">
     <span class='ocr_line' id='line_1_90' title="bbox 2122 2967 3833 3046; baseline 0.005 -23"><span class='ocrx_word' id='word_1_670' title='bbox 2122 2967 2247 3023; x_wconf 91' lang='lat' dir='ltr'><strong>lum</strong></span> <span class='ocrx_word' id='word_1_671' title='bbox 2279 2968 2580 3038; x_wconf 80' lang='lat' dir='ltr'><strong>sepiebant</strong></span> <span class='ocrx_word' id='word_1_672' title='bbox 2604 2968 2675 3023; x_wconf 89' lang='lat' dir='ltr'><strong>de</strong></span> <span class='ocrx_word' id='word_1_673' title='bbox 2697 2969 2919 3024; x_wconf 87' lang='lat' dir='ltr'><strong>semine</strong></span> <span class='ocrx_word' id='word_1_674' title='bbox 2932 2968 3135 3038; x_wconf 89' lang='lat' dir='ltr'><strong>David,</strong></span> <span class='ocrx_word' id='word_1_675' title='bbox 3156 2970 3657 3031; x_wconf 86' lang='lat' dir='ltr'><strong>calumniarentur</strong></span> <span class='ocrx_word' id='word_1_676' title='bbox 3675 2976 3833 3046; x_wconf 90' lang='lat' dir='ltr'><strong>quod</strong></span> 
     </span>
    </p>
   </div>
   <div class='ocr_carea' id='block_1_91' title="bbox 2126 3056 3835 3137">
    <p class='ocr_par' dir='ltr' id='par_1_91' title="bbox 2126 3056 3835 3137">
     <span class='ocr_line' id='line_1_91' title="bbox 2126 3056 3835 3137; baseline 0.005 -23"><span class='ocrx_word' id='word_1_677' title='bbox 2126 3056 2237 3115; x_wconf 90' lang='lat' dir='ltr'><strong>sibi</strong></span> <span class='ocrx_word' id='word_1_678' title='bbox 2264 3074 2593 3129; x_wconf 87' lang='lat' dir='ltr'><strong>arrogarem</strong></span> <span class='ocrx_word' id='word_1_679' title='bbox 2619 3057 2835 3130; x_wconf 85' lang='lat' dir='ltr'><strong>regiam</strong></span> <span class='ocrx_word' id='word_1_680' title='bbox 2888 3065 3254 3131; x_wconf 86' lang='lat' dir='ltr'><strong>potestatem.</strong></span> <span class='ocrx_word' id='word_1_681' title='bbox 3288 3061 3421 3118; x_wconf 83' lang='lat' dir='ltr'><strong>Plus</strong></span> <span class='ocrx_word' id='word_1_682' title='bbox 3448 3069 3537 3121; x_wconf 90' lang='lat' dir='ltr'><strong>est</strong></span> <span class='ocrx_word' id='word_1_683' title='bbox 3566 3067 3722 3137; x_wconf 89' lang='lat' dir='ltr'><strong>quod</strong></span> <span class='ocrx_word' id='word_1_684' title='bbox 3750 3066 3835 3122; x_wconf 86' lang='lat' dir='ltr'><strong>eis</strong></span> 
     </span>
    </p>
   </div>
   <div class='ocr_carea' id='block_1_92' title="bbox 2126 3147 3836 3224">
    <p class='ocr_par' dir='ltr' id='par_1_92' title="bbox 2126 3147 3836 3224">
     <span class='ocr_line' id='line_1_92' title="bbox 2126 3147 3836 3224; baseline 0.005 -19"><span class='ocrx_word' id='word_1_685' title='bbox 2126 3149 2425 3221; x_wconf 87' lang='lat' dir='ltr'><strong>respondit</strong></span> <span class='ocrx_word' id='word_1_686' title='bbox 2451 3165 2464 3204; x_wconf 90' lang='lat'>:</span> <span class='ocrx_word' id='word_1_687' title='bbox 2489 3147 2571 3204; x_wconf 89' lang='lat' dir='ltr'><strong>illi</strong></span> <span class='ocrx_word' id='word_1_688' title='bbox 2595 3148 2664 3203; x_wconf 90' lang='lat' dir='ltr'><strong>dc</strong></span> <span class='ocrx_word' id='word_1_689' title='bbox 2696 3148 2812 3204; x_wconf 86' lang='lat' dir='ltr'><strong>tilio</strong></span> <span class='ocrx_word' id='word_1_690' title='bbox 2836 3148 3013 3205; x_wconf 79' lang='lat' dir='ltr'><strong>David</strong></span> <span class='ocrx_word' id='word_1_691' title='bbox 3057 3151 3325 3208; x_wconf 88' lang='lat' dir='ltr'><strong>volebant</strong></span> <span class='ocrx_word' id='word_1_692' title='bbox 3346 3153 3720 3224; x_wconf 87' lang='lat' dir='ltr'><strong>calumniari,</strong></span> <span class='ocrx_word' id='word_1_693' title='bbox 3741 3156 3836 3213; x_wconf 89' lang='lat' dir='ltr'><strong>ille</strong></span> 
     </span>
    </p>
   </div>
   <div class='ocr_carea' id='block_1_93' title="bbox 2125 3238 3829 3311">
    <p class='ocr_par' dir='ltr' id='par_1_93' title="bbox 2125 3238 3829 3311">
     <span class='ocr_line' id='line_1_93' title="bbox 2125 3238 3829 3311; baseline 0.004 -16"><span class='ocrx_word' id='word_1_694' title='bbox 2125 3238 2335 3296; x_wconf 86' lang='lat' dir='ltr'><strong>Filium</strong></span> <span class='ocrx_word' id='word_1_695' title='bbox 2353 3238 2454 3294; x_wconf 87' lang='lat' dir='ltr'><strong>Dei</strong></span> <span class='ocrx_word' id='word_1_696' title='bbox 2487 3254 2547 3294; x_wconf 90' lang='lat' dir='ltr'><strong>se</strong></span> <span class='ocrx_word' id='word_1_697' title='bbox 2578 3252 2707 3294; x_wconf 88' lang='lat' dir='ltr'><strong>esse</strong></span> <span class='ocrx_word' id='word_1_698' title='bbox 2747 3238 3066 3310; x_wconf 89' lang='lat' dir='ltr'><strong>respondit.</strong></span> <span class='ocrx_word' id='word_1_699' title='bbox 3100 3241 3168 3295; x_wconf 83' lang='lat' dir='ltr'><strong>Et</strong></span> <span class='ocrx_word' id='word_1_700' title='bbox 3198 3244 3489 3311; x_wconf 89' lang='lat' dir='ltr'><strong>quomodo</strong></span> <span class='ocrx_word' id='word_1_701' title='bbox 3518 3244 3546 3300; x_wconf 85' lang='lat'><strong>?</strong></span> <span class='ocrx_word' id='word_1_702' title='bbox 3574 3247 3783 3302; x_wconf 81' lang='lat' dir='ltr'><strong>Audite</strong></span> <span class='ocrx_word' id='word_1_703' title='bbox 3816 3263 3829 3302; x_wconf 86' lang='lat'><strong>:</strong></span> 
     </span>
    </p>
   </div>
   <div class='ocr_carea' id='block_1_94' title="bbox 2131 3328 3836 3401">
    <p class='ocr_par' dir='ltr' id='par_1_94' title="bbox 2131 3328 3836 3401">
     <span class='ocr_line' id='line_1_94' title="bbox 2131 3328 3836 3401; baseline 0.004 -16"><span class='ocrx_word' id='word_1_704' title='bbox 2131 3330 2422 3401; x_wconf 82' lang='lat' dir='ltr'><strong>Respondit</strong></span> <span class='ocrx_word' id='word_1_705' title='bbox 2464 3330 2543 3384; x_wconf 86' lang='lat' dir='ltr'><strong>eis</strong></span> <span class='ocrx_word' id='word_1_706' title='bbox 2596 3330 2746 3384; x_wconf 87' lang='lat' dir='ltr'><strong>Jesus</strong></span> <span class='ocrx_word' id='word_1_707' title='bbox 2777 3345 2794 3382; x_wconf 79' lang='lat'><strong>.°</strong></span> <span class='ocrx_word' id='word_1_708' title='bbox 2828 3328 3039 3399; x_wconf 88' lang='lat' dir='ltr'><strong>Loquor</strong></span> <span class='ocrx_word' id='word_1_709' title='bbox 3086 3328 3255 3396; x_wconf 77' lang='lat' dir='ltr'><strong>vobis,</strong></span> <span class='ocrx_word' id='word_1_710' title='bbox 3288 3334 3337 3384; x_wconf 90' lang='lat' dir='ltr'><strong>et</strong></span> <span class='ocrx_word' id='word_1_711' title='bbox 3394 3347 3507 3387; x_wconf 87' lang='lat' dir='ltr'><strong>non</strong></span> <span class='ocrx_word' id='word_1_712' title='bbox 3558 3334 3836 3399; x_wconf 83' lang='lat' dir='ltr'><strong>creditis;</strong></span> 
     </span>
    </p>
   </div>
   <div class='ocr_carea' id='block_1_95' title="bbox 2126 3416 3837 3493">
    <p class='ocr_par' dir='ltr' id='par_1_95' title="bbox 2126 3416 3837 3493">
     <span class='ocr_line' id='line_1_95' title="bbox 2126 3416 3837 3493; baseline 0.001 -17"><span class='ocrx_word' id='word_1_713' title='bbox 2126 3436 2290 3493; x_wconf 88' lang='lat' dir='ltr'><strong>opera</strong></span> <span class='ocrx_word' id='word_1_714' title='bbox 2320 3433 2443 3491; x_wconf 64' lang='lat' dir='ltr'><strong>qum</strong></span> <span class='ocrx_word' id='word_1_715' title='bbox 2472 3434 2567 3488; x_wconf 88' lang='lat' dir='ltr'><strong>ego</strong></span> <span class='ocrx_word' id='word_1_716' title='bbox 2620 3416 2765 3490; x_wconf 74' lang='lat' dir='ltr'><strong>facio</strong></span> <span class='ocrx_word' id='word_1_717' title='bbox 2796 3418 2854 3474; x_wconf 89' lang='lat' dir='ltr'><strong>in</strong></span> <span class='ocrx_word' id='word_1_718' title='bbox 2895 3421 3117 3475; x_wconf 84' lang='lat' dir='ltr'><strong>nomine</strong></span> <span class='ocrx_word' id='word_1_719' title='bbox 3163 3419 3345 3474; x_wconf 87' lang='lat' dir='ltr'><strong>Patris</strong></span> <span class='ocrx_word' id='word_1_720' title='bbox 3374 3422 3501 3487; x_wconf 87' lang='lat' dir='ltr'><strong>mei,</strong></span> <span class='ocrx_word' id='word_1_721' title='bbox 3535 3422 3655 3478; x_wconf 69' lang='lat' dir='ltr'><strong>haec</strong></span> <span class='ocrx_word' id='word_1_722' title='bbox 3684 3427 3837 3479; x_wconf 88' lang='lat' dir='ltr'><strong>testi-</strong></span> 
     </span>
    </p>
   </div>
   <div class='ocr_carea' id='block_1_96' title="bbox 2126 3507 3837 3584">
    <p class='ocr_par' dir='ltr' id='par_1_96' title="bbox 2126 3507 3837 3584">
     <span class='ocr_line' id='line_1_96' title="bbox 2126 3507 3837 3584; baseline 0.001 -18"><span class='ocrx_word' id='word_1_723' title='bbox 2126 3513 2376 3567; x_wconf 87' lang='lat' dir='ltr'><strong>monium</strong></span> <span class='ocrx_word' id='word_1_724' title='bbox 2405 3509 2695 3581; x_wconf 83' lang='lat' dir='ltr'><strong>perhibent</strong></span> <span class='ocrx_word' id='word_1_725' title='bbox 2752 3507 2817 3565; x_wconf 84' lang='lat' dir='ltr'><strong>de</strong></span> <span class='ocrx_word' id='word_1_726' title='bbox 2846 3524 2971 3564; x_wconf 89' lang='lat' dir='ltr'><strong>me:</strong></span> <span class='ocrx_word' id='word_1_727' title='bbox 3004 3509 3094 3565; x_wconf 86' lang='lat' dir='ltr'><strong>sed</strong></span> <span class='ocrx_word' id='word_1_728' title='bbox 3148 3524 3237 3565; x_wconf 86' lang='lat' dir='ltr'><strong>vos</strong></span> <span class='ocrx_word' id='word_1_729' title='bbox 3266 3524 3371 3566; x_wconf 89' lang='lat' dir='ltr'><strong>non</strong></span> <span class='ocrx_word' id='word_1_730' title='bbox 3403 3511 3647 3579; x_wconf 85' lang='lat' dir='ltr'><strong>creditis,</strong></span> <span class='ocrx_word' id='word_1_731' title='bbox 3705 3513 3837 3584; x_wconf 85' lang='lat' dir='ltr'><strong>quia</strong></span> 
     </span>
    </p>
   </div>
   <div class='ocr_carea' id='block_1_97' title="bbox 2126 3597 3839 3673">
    <p class='ocr_par' dir='ltr' id='par_1_97' title="bbox 2126 3597 3839 3673">
     <span class='ocr_line' id='line_1_97' title="bbox 2126 3597 3839 3673; baseline 0.001 -16"><span class='ocrx_word' id='word_1_732' title='bbox 2126 3617 2236 3658; x_wconf 89' lang='lat' dir='ltr'><strong>non</strong></span> <span class='ocrx_word' id='word_1_733' title='bbox 2268 3601 2404 3656; x_wconf 79' lang='lat' dir='ltr'><strong>estis</strong></span> <span class='ocrx_word' id='word_1_734' title='bbox 2428 3616 2500 3655; x_wconf 78' lang='lat' dir='ltr'><strong>ex</strong></span> <span class='ocrx_word' id='word_1_735' title='bbox 2527 3598 2713 3656; x_wconf 85' lang='lat' dir='ltr'><strong>ovibus</strong></span> <span class='ocrx_word' id='word_1_736' title='bbox 2744 3601 2904 3657; x_wconf 84' lang='lat' dir='ltr'><strong>meis.</strong></span> <span class='ocrx_word' id='word_1_737' title='bbox 2925 3597 3054 3655; x_wconf 87' lang='lat' dir='ltr'><strong>Jam</strong></span> <span class='ocrx_word' id='word_1_738' title='bbox 3087 3615 3259 3672; x_wconf 86' lang='lat' dir='ltr'><strong>supra</strong></span> <span class='ocrx_word' id='word_1_739' title='bbox 3278 3599 3363 3670; x_wconf 91' lang='lat' dir='ltr'><strong>(in</strong></span> <span class='ocrx_word' id='word_1_740' title='bbox 3395 3600 3568 3660; x_wconf 85' lang='lat' dir='ltr'><strong>Traet.</strong></span> <span class='ocrx_word' id='word_1_741' title='bbox 3589 3601 3839 3673; x_wconf 75' lang='grc' dir='ltr'><strong>45)ᾱίᾱί-</strong></span> 
     </span>
    </p>
   </div>
   <div class='ocr_carea' id='block_1_98' title="bbox 2126 3690 3834 3763">
    <p class='ocr_par' dir='ltr' id='par_1_98' title="bbox 2126 3690 3834 3763">
     <span class='ocr_line' id='line_1_98' title="bbox 2126 3690 3834 3763; baseline 0.002 -16"><span class='ocrx_word' id='word_1_742' title='bbox 2126 3692 2289 3748; x_wconf 86' lang='lat' dir='ltr'><strong>cistis</strong></span> <span class='ocrx_word' id='word_1_743' title='bbox 2319 3708 2445 3762; x_wconf 72' lang='lat' dir='ltr'><strong>qua:</strong></span> <span class='ocrx_word' id='word_1_744' title='bbox 2480 3690 2594 3746; x_wconf 88' lang='lat' dir='ltr'><strong>sint</strong></span> <span class='ocrx_word' id='word_1_745' title='bbox 2622 3705 2785 3746; x_wconf 88' lang='lat' dir='ltr'><strong>oves:</strong></span> <span class='ocrx_word' id='word_1_746' title='bbox 2816 3693 3000 3746; x_wconf 86' lang='lat' dir='ltr'><strong>estote</strong></span> <span class='ocrx_word' id='word_1_747' title='bbox 3030 3691 3350 3748; x_wconf 85' lang='lat' dir='ltr'><strong>oves.0ves</strong></span> <span class='ocrx_word' id='word_1_748' title='bbox 3372 3693 3656 3749; x_wconf 89' lang='lat' dir='ltr'><strong>credendo</strong></span> <span class='ocrx_word' id='word_1_749' title='bbox 3679 3704 3834 3763; x_wconf 89' lang='lat' dir='ltr'><strong>sunt,</strong></span> 
     </span>
    </p>
   </div>
   <div class='ocr_carea' id='block_1_99' title="bbox 2125 3779 3835 3853">
    <p class='ocr_par' dir='ltr' id='par_1_99' title="bbox 2125 3779 3835 3853">
     <span class='ocr_line' id='line_1_99' title="bbox 2125 3779 3835 3853; baseline 0.002 -16"><span class='ocrx_word' id='word_1_750' title='bbox 2125 3797 2259 3838; x_wconf 87' lang='lat' dir='ltr'><strong>oves</strong></span> <span class='ocrx_word' id='word_1_751' title='bbox 2285 3785 2576 3852; x_wconf 85' lang='lat' dir='ltr'><strong>pastorem</strong></span> <span class='ocrx_word' id='word_1_752' title='bbox 2601 3779 2895 3850; x_wconf 89' lang='lat' dir='ltr'><strong>sequendo</strong></span> <span class='ocrx_word' id='word_1_753' title='bbox 2927 3782 3087 3849; x_wconf 90' lang='lat' dir='ltr'><strong>sunt,</strong></span> <span class='ocrx_word' id='word_1_754' title='bbox 3112 3795 3246 3837; x_wconf 91' lang='lat' dir='ltr'><strong>oves</strong></span> <span class='ocrx_word' id='word_1_755' title='bbox 3265 3781 3689 3853; x_wconf 88' lang='lat' dir='ltr'><strong>redemptorem</strong></span> <span class='ocrx_word' id='word_1_756' title='bbox 3721 3800 3835 3840; x_wconf 90' lang='lat' dir='ltr'><strong>non</strong></span> 
     </span>
    </p>
   </div>
   <div class='ocr_carea' id='block_1_100' title="bbox 2126 3868 3835 3940">
    <p class='ocr_par' dir='ltr' id='par_1_100' title="bbox 2126 3868 3835 3940">
     <span class='ocr_line' id='line_1_100' title="bbox 2126 3868 3835 3940; baseline 0.001 -15"><span class='ocrx_word' id='word_1_757' title='bbox 2126 3868 2550 3926; x_wconf 84' lang='lat' dir='ltr'><strong>contemnendo</strong></span> <span class='ocrx_word' id='word_1_758' title='bbox 2600 3874 2759 3934; x_wconf 89' lang='lat' dir='ltr'><strong>sunt,</strong></span> <span class='ocrx_word' id='word_1_759' title='bbox 2790 3881 2921 3923; x_wconf 89' lang='lat' dir='ltr'><strong>oves</strong></span> <span class='ocrx_word' id='word_1_760' title='bbox 2956 3883 3062 3939; x_wconf 91' lang='lat' dir='ltr'><strong>per</strong></span> <span class='ocrx_word' id='word_1_761' title='bbox 3089 3868 3305 3925; x_wconf 90' lang='lat' dir='ltr'><strong>ostium</strong></span> <span class='ocrx_word' id='word_1_762' title='bbox 3352 3869 3625 3928; x_wconf 88' lang='lat' dir='ltr'><strong>intrando</strong></span> <span class='ocrx_word' id='word_1_763' title='bbox 3674 3877 3835 3940; x_wconf 88' lang='lat' dir='ltr'><strong>sunt,</strong></span> 
     </span>
    </p>
   </div>
   <div class='ocr_carea' id='block_1_101' title="bbox 2126 3956 3837 4030">
    <p class='ocr_par' dir='ltr' id='par_1_101' title="bbox 2126 3956 3837 4030">
     <span class='ocr_line' id='line_1_101' title="bbox 2126 3956 3837 4030; baseline 0.002 -16"><span class='ocrx_word' id='word_1_764' title='bbox 2126 3974 2260 4014; x_wconf 88' lang='lat' dir='ltr'><strong>oves</strong></span> <span class='ocrx_word' id='word_1_765' title='bbox 2290 3958 2550 4014; x_wconf 81' lang='lat' dir='ltr'><strong>exeundo</strong></span> <span class='ocrx_word' id='word_1_766' title='bbox 2581 3960 2637 4012; x_wconf 90' lang='lat' dir='ltr'><strong>et</strong></span> <span class='ocrx_word' id='word_1_767' title='bbox 2684 3972 2896 4028; x_wconf 90' lang='lat' dir='ltr'><strong>pascua</strong></span> <span class='ocrx_word' id='word_1_768' title='bbox 2939 3956 3288 4015; x_wconf 90' lang='lat' dir='ltr'><strong>inveniendo</strong></span> <span class='ocrx_word' id='word_1_769' title='bbox 3346 3964 3506 4030; x_wconf 86' lang='lat' dir='ltr'><strong>sunt,</strong></span> <span class='ocrx_word' id='word_1_770' title='bbox 3553 3977 3689 4018; x_wconf 89' lang='lat' dir='ltr'><strong>oves</strong></span> <span class='ocrx_word' id='word_1_771' title='bbox 3718 3962 3837 4018; x_wconf 89' lang='lat' dir='ltr'><strong>vita</strong></span> 
     </span>
    </p>
   </div>
   <div class='ocr_carea' id='block_1_102' title="bbox 2127 4046 3836 4121">
    <p class='ocr_par' dir='ltr' id='par_1_102' title="bbox 2127 4046 3836 4121">
     <span class='ocr_line' id='line_1_102' title="bbox 2127 4046 3836 4121; baseline 0.002 -18"><span class='ocrx_word' id='word_1_772' title='bbox 2127 4056 2338 4104; x_wconf 71' lang='lat' dir='ltr'><strong>aeterna</strong></span> <span class='ocrx_word' id='word_1_773' title='bbox 2384 4046 2733 4119; x_wconf 80' lang='lat' dir='ltr'><strong>perfruendo</strong></span> <span class='ocrx_word' id='word_1_774' title='bbox 2766 4051 2918 4102; x_wconf 89' lang='lat' dir='ltr'><strong>sunt.</strong></span> <span class='ocrx_word' id='word_1_775' title='bbox 2972 4048 3270 4113; x_wconf 88' lang='lat' dir='ltr'><strong>Quomodo</strong></span> <span class='ocrx_word' id='word_1_776' title='bbox 3318 4065 3451 4121; x_wconf 91' lang='lat' dir='ltr'><strong>ergo</strong></span> <span class='ocrx_word' id='word_1_777' title='bbox 3484 4050 3614 4107; x_wconf 89' lang='lat' dir='ltr'><strong>istis</strong></span> <span class='ocrx_word' id='word_1_778' title='bbox 3671 4052 3836 4118; x_wconf 83' lang='lat' dir='ltr'><strong>dixit,</strong></span> 
     </span>
    </p>
   </div>
   <div class='ocr_carea' id='block_1_103' title="bbox 2127 4137 3839 4213">
    <p class='ocr_par' dir='ltr' id='par_1_103' title="bbox 2127 4137 3839 4213">
     <span class='ocr_line' id='line_1_103' title="bbox 2127 4137 3839 4213; baseline 0.001 -18"><span class='ocrx_word' id='word_1_779' title='bbox 2127 4141 2243 4195; x_wconf 86' lang='lat' dir='ltr'><strong>Non</strong></span> <span class='ocrx_word' id='word_1_780' title='bbox 2274 4139 2404 4194; x_wconf 86' lang='lat' dir='ltr'><strong>estis</strong></span> <span class='ocrx_word' id='word_1_781' title='bbox 2433 4152 2503 4193; x_wconf 77' lang='lat' dir='ltr'><strong>ex</strong></span> <span class='ocrx_word' id='word_1_782' title='bbox 2533 4137 2717 4194; x_wconf 76' lang='lat' dir='ltr'><strong>oribus</strong></span> <span class='ocrx_word' id='word_1_783' title='bbox 2758 4137 2934 4193; x_wconf 83' lang='lat' dir='ltr'><strong>meis?</strong></span> <span class='ocrx_word' id='word_1_784' title='bbox 2962 4137 3105 4202; x_wconf 88' lang='lat' dir='ltr'><strong>Quia</strong></span> <span class='ocrx_word' id='word_1_785' title='bbox 3135 4138 3361 4195; x_wconf 85' lang='lat' dir='ltr'><strong>videbat</strong></span> <span class='ocrx_word' id='word_1_786' title='bbox 3392 4156 3489 4196; x_wconf 90' lang='lat' dir='ltr'><strong>eos</strong></span> <span class='ocrx_word' id='word_1_787' title='bbox 3521 4141 3590 4196; x_wconf 90' lang='lat' dir='ltr'><strong>ad</strong></span> <span class='ocrx_word' id='word_1_788' title='bbox 3622 4142 3839 4213; x_wconf 85' lang='lat' dir='ltr'><strong>sempi-</strong></span> 
     </span>
    </p>
   </div>
   <div class='ocr_carea' id='block_1_104' title="bbox 2129 4225 3837 4298">
    <p class='ocr_par' dir='ltr' id='par_1_104' title="bbox 2129 4225 3837 4298">
     <span class='ocr_line' id='line_1_104' title="bbox 2129 4225 3837 4298; baseline -0.001 -14"><span class='ocrx_word' id='word_1_789' title='bbox 2129 4233 2359 4284; x_wconf 90' lang='lat' dir='ltr'><strong>ternum</strong></span> <span class='ocrx_word' id='word_1_790' title='bbox 2391 4226 2695 4283; x_wconf 89' lang='lat' dir='ltr'><strong>interitum</strong></span> <span class='ocrx_word' id='word_1_791' title='bbox 2720 4225 3186 4298; x_wconf 68' lang='lat' dir='ltr'><strong>praedestinatos,</strong></span> <span class='ocrx_word' id='word_1_792' title='bbox 3214 4244 3328 4283; x_wconf 90' lang='lat' dir='ltr'><strong>non</strong></span> <span class='ocrx_word' id='word_1_793' title='bbox 3361 4229 3433 4284; x_wconf 90' lang='lat' dir='ltr'><strong>ad</strong></span> <span class='ocrx_word' id='word_1_794' title='bbox 3467 4229 3641 4284; x_wconf 86' lang='lat' dir='ltr'><strong>vitam</strong></span> <span class='ocrx_word' id='word_1_795' title='bbox 3672 4232 3837 4285; x_wconf 52' lang='lat' dir='ltr'><strong>aster.</strong></span> 
     </span>
    </p>
   </div>
   <div class='ocr_carea' id='block_1_105' title="bbox 2130 4315 3344 4390">
    <p class='ocr_par' dir='ltr' id='par_1_105' title="bbox 2130 4315 3344 4390">
     <span class='ocr_line' id='line_1_105' title="bbox 2130 4315 3344 4390; baseline 0 -15"><span class='ocrx_word' id='word_1_796' title='bbox 2130 4335 2268 4375; x_wconf 91' lang='lat' dir='ltr'><strong>nam</strong></span> <span class='ocrx_word' id='word_1_797' title='bbox 2299 4316 2383 4374; x_wconf 92' lang='lat' dir='ltr'><strong>sui</strong></span> <span class='ocrx_word' id='word_1_798' title='bbox 2407 4315 2709 4389; x_wconf 86' lang='lat' dir='ltr'><strong>sanguinis</strong></span> <span class='ocrx_word' id='word_1_799' title='bbox 2739 4317 2935 4387; x_wconf 70' lang='lat' dir='ltr'><strong>praelia</strong></span> <span class='ocrx_word' id='word_1_800' title='bbox 2965 4322 3344 4390; x_wconf 86' lang='lat' dir='ltr'><strong>comparatos.</strong></span> 
     </span>
    </p>
   </div>
   <div class='ocr_carea' id='block_1_106' title="bbox 2200 4408 3837 4481">
    <p class='ocr_par' dir='ltr' id='par_1_106' title="bbox 2200 4408 3837 4481">
     <span class='ocr_line' id='line_1_106' title="bbox 2200 4408 3837 4481; baseline 0.002 -18"><span class='ocrx_word' id='word_1_801' title='bbox 2200 4410 2256 4466; x_wconf 85' lang='lat'><strong>5.</strong></span> <span class='ocrx_word' id='word_1_802' title='bbox 2290 4408 2421 4465; x_wconf 82' lang='lat' dir='ltr'><strong>Oves</strong></span> <span class='ocrx_word' id='word_1_803' title='bbox 2450 4423 2584 4463; x_wconf 74' lang='lat' dir='ltr'><strong>mese</strong></span> <span class='ocrx_word' id='word_1_804' title='bbox 2625 4421 2801 4463; x_wconf 87' lang='lat' dir='ltr'><strong>vocem</strong></span> <span class='ocrx_word' id='word_1_805' title='bbox 2850 4422 3028 4463; x_wconf 86' lang='lat' dir='ltr'><strong>meam</strong></span> <span class='ocrx_word' id='word_1_806' title='bbox 3057 4408 3314 4477; x_wconf 89' lang='lat' dir='ltr'><strong>audiunt,</strong></span> <span class='ocrx_word' id='word_1_807' title='bbox 3360 4416 3412 4464; x_wconf 88' lang='lat' dir='ltr'><strong>et</strong></span> <span class='ocrx_word' id='word_1_808' title='bbox 3441 4424 3695 4481; x_wconf 77' lang='lat' dir='ltr'><strong>eoynosco</strong></span> <span class='ocrx_word' id='word_1_809' title='bbox 3724 4425 3837 4478; x_wconf 85' lang='lat' dir='ltr'><strong>eas,</strong></span> 
     </span>
    </p>
   </div>
   <div class='ocr_carea' id='block_1_107' title="bbox 2132 4498 3842 4570">
    <p class='ocr_par' dir='ltr' id='par_1_107' title="bbox 2132 4498 3842 4570">
     <span class='ocr_line' id='line_1_107' title="bbox 2132 4498 3842 4570; baseline 0.001 -15"><span class='ocrx_word' id='word_1_810' title='bbox 2132 4506 2185 4555; x_wconf 88' lang='lat' dir='ltr'><strong>et</strong></span> <span class='ocrx_word' id='word_1_811' title='bbox 2214 4499 2476 4570; x_wconf 87' lang='lat' dir='ltr'><strong>sequntur</strong></span> <span class='ocrx_word' id='word_1_812' title='bbox 2506 4511 2592 4552; x_wconf 87' lang='lat' dir='ltr'><strong>me</strong></span> <span class='ocrx_word' id='word_1_813' title='bbox 2618 4511 2639 4553; x_wconf 87' lang='lat'><strong><em>:</em></strong></span> <span class='ocrx_word' id='word_1_814' title='bbox 2669 4501 2723 4550; x_wconf 85' lang='lat' dir='ltr'><strong>et</strong></span> <span class='ocrx_word' id='word_1_815' title='bbox 2778 4510 2872 4568; x_wconf 85' lang='lat' dir='ltr'><strong>ego</strong></span> <span class='ocrx_word' id='word_1_816' title='bbox 2923 4498 3091 4551; x_wconf 87' lang='lat' dir='ltr'><strong>vitam</strong></span> <span class='ocrx_word' id='word_1_817' title='bbox 3141 4499 3407 4552; x_wconf 72' lang='lat' dir='ltr'><strong>aeternam</strong></span> <span class='ocrx_word' id='word_1_818' title='bbox 3456 4498 3527 4553; x_wconf 91' lang='lat' dir='ltr'><strong>do</strong></span> <span class='ocrx_word' id='word_1_819' title='bbox 3568 4500 3665 4555; x_wconf 89' lang='lat' dir='ltr'><strong>eis.</strong></span> <span class='ocrx_word' id='word_1_820' title='bbox 3697 4499 3842 4556; x_wconf 89' lang='lat' dir='ltr'><strong>Ecce</strong></span> 
     </span>
    </p>
   </div>
   <div class='ocr_carea' id='block_1_108' title="bbox 2132 4586 3841 4661">
    <p class='ocr_par' dir='ltr' id='par_1_108' title="bbox 2132 4586 3841 4661">
     <span class='ocr_line' id='line_1_108' title="bbox 2132 4586 3841 4661; baseline 0 -14"><span class='ocrx_word' id='word_1_821' title='bbox 2132 4593 2273 4647; x_wconf 89' lang='lat' dir='ltr'><strong>sunt</strong></span> <span class='ocrx_word' id='word_1_822' title='bbox 2304 4604 2539 4661; x_wconf 89' lang='lat' dir='ltr'><strong>pascua.</strong></span> <span class='ocrx_word' id='word_1_823' title='bbox 2569 4586 2628 4642; x_wconf 92' lang='lat' dir='ltr'><strong>Si</strong></span> <span class='ocrx_word' id='word_1_824' title='bbox 2660 4586 2937 4656; x_wconf 87' lang='lat' dir='ltr'><strong>recolitis,</strong></span> <span class='ocrx_word' id='word_1_825' title='bbox 2970 4587 3242 4660; x_wconf 87' lang='lat' dir='ltr'><strong>superius</strong></span> <span class='ocrx_word' id='word_1_826' title='bbox 3274 4589 3518 4646; x_wconf 82' lang='lat' dir='ltr'><strong>dixerat.</strong></span> <span class='ocrx_word' id='word_1_827' title='bbox 3552 4591 3615 4645; x_wconf 81' lang='lat' dir='ltr'><strong>Et</strong></span> <span class='ocrx_word' id='word_1_828' title='bbox 3656 4589 3841 4661; x_wconf 57' lang='lat' dir='ltr'><strong>ingrea</strong></span> 
     </span>
    </p>
   </div>
   <div class='ocr_carea' id='block_1_109' title="bbox 2132 4676 3844 4751">
    <p class='ocr_par' dir='ltr' id='par_1_109' title="bbox 2132 4676 3844 4751">
     <span class='ocr_line' id='line_1_109' title="bbox 2132 4676 3844 4751; baseline 0.002 -15"><span class='ocrx_word' id='word_1_829' title='bbox 2132 4680 2337 4746; x_wconf 86' lang='lat' dir='ltr'><strong>dietur,</strong></span> <span class='ocrx_word' id='word_1_830' title='bbox 2361 4685 2411 4733; x_wconf 93' lang='lat' dir='ltr'><strong>et</strong></span> <span class='ocrx_word' id='word_1_831' title='bbox 2432 4676 2765 4748; x_wconf 87' lang='lat' dir='ltr'><strong>egredietur,</strong></span> <span class='ocrx_word' id='word_1_832' title='bbox 2786 4679 2834 4732; x_wconf 90' lang='lat' dir='ltr'><strong>et</strong></span> <span class='ocrx_word' id='word_1_833' title='bbox 2852 4692 3054 4748; x_wconf 84' lang='lat' dir='ltr'><strong>pascua</strong></span> <span class='ocrx_word' id='word_1_834' title='bbox 3075 4677 3341 4734; x_wconf 86' lang='lat' dir='ltr'><strong>inveniet.</strong></span> <span class='ocrx_word' id='word_1_835' title='bbox 3366 4678 3616 4751; x_wconf 86' lang='lat' dir='ltr'><strong>lngressi</strong></span> <span class='ocrx_word' id='word_1_836' title='bbox 3638 4697 3844 4739; x_wconf 86' lang='lat' dir='ltr'><strong>sumus</strong></span> 
     </span>
    </p>
   </div>
   <div class='ocr_carea' id='block_1_110' title="bbox 2133 4765 3845 4843">
    <p class='ocr_par' dir='ltr' id='par_1_110' title="bbox 2133 4765 3845 4843">
     <span class='ocr_line' id='line_1_110' title="bbox 2133 4765 3845 4843; baseline 0.001 -17"><span class='ocrx_word' id='word_1_837' title='bbox 2133 4766 2443 4831; x_wconf 90' lang='lat' dir='ltr'><strong>credendo,</strong></span> <span class='ocrx_word' id='word_1_838' title='bbox 2503 4765 2841 4837; x_wconf 85' lang='lat' dir='ltr'><strong>egredimur</strong></span> <span class='ocrx_word' id='word_1_839' title='bbox 2889 4766 3211 4824; x_wconf 82' lang='lat' dir='ltr'><strong>moriendo.</strong></span> <span class='ocrx_word' id='word_1_840' title='bbox 3256 4767 3367 4824; x_wconf 88' lang='lat' dir='ltr'><strong>Sed</strong></span> <span class='ocrx_word' id='word_1_841' title='bbox 3418 4772 3713 4840; x_wconf 85' lang='lat' dir='ltr'><strong>quomodo</strong></span> <span class='ocrx_word' id='word_1_842' title='bbox 3745 4776 3845 4843; x_wconf 70' lang='lat' dir='ltr'><strong>per</strong></span> 
     </span>
    </p>
   </div>
   <div class='ocr_carea' id='block_1_111' title="bbox 2134 4856 3845 4932">
    <p class='ocr_par' dir='ltr' id='par_1_111' title="bbox 2134 4856 3845 4932">
     <span class='ocr_line' id='line_1_111' title="bbox 2134 4856 3845 4932; baseline -0.001 -16"><span class='ocrx_word' id='word_1_843' title='bbox 2134 4858 2350 4917; x_wconf 92' lang='lat' dir='ltr'><strong>ostium</strong></span> <span class='ocrx_word' id='word_1_844' title='bbox 2409 4856 2545 4913; x_wconf 84' lang='lat' dir='ltr'><strong>fidei</strong></span> <span class='ocrx_word' id='word_1_845' title='bbox 2593 4856 2845 4930; x_wconf 88' lang='lat' dir='ltr'><strong>ingressi</strong></span> <span class='ocrx_word' id='word_1_846' title='bbox 2877 4874 3104 4927; x_wconf 88' lang='lat' dir='ltr'><strong>sumus,</strong></span> <span class='ocrx_word' id='word_1_847' title='bbox 3139 4858 3222 4915; x_wconf 89' lang='lat' dir='ltr'><strong>sic</strong></span> <span class='ocrx_word' id='word_1_848' title='bbox 3274 4857 3475 4917; x_wconf 77' lang='lat' dir='ltr'><strong>fideles</strong></span> <span class='ocrx_word' id='word_1_849' title='bbox 3505 4861 3575 4917; x_wconf 91' lang='lat' dir='ltr'><strong>de</strong></span> <span class='ocrx_word' id='word_1_850' title='bbox 3605 4873 3845 4932; x_wconf 88' lang='lat' dir='ltr'><strong>corpore</strong></span> 
     </span>
    </p>
   </div>
   <div class='ocr_carea' id='block_1_112' title="bbox 2134 4945 3846 5021">
    <p class='ocr_par' dir='ltr' id='par_1_112' title="bbox 2134 4945 3846 5021">
     <span class='ocr_line' id='line_1_112' title="bbox 2134 4945 3846 5021; baseline -0.002 -14"><span class='ocrx_word' id='word_1_851' title='bbox 2134 4964 2448 5008; x_wconf 80' lang='lat' dir='ltr'><strong>exeamus:</strong></span> <span class='ocrx_word' id='word_1_852' title='bbox 2482 4945 2566 5004; x_wconf 86' lang='lat' dir='ltr'><strong>sic</strong></span> <span class='ocrx_word' id='word_1_853' title='bbox 2597 4948 2755 5003; x_wconf 88' lang='lat' dir='ltr'><strong>enim</strong></span> <span class='ocrx_word' id='word_1_854' title='bbox 2780 4965 2882 5021; x_wconf 88' lang='lat' dir='ltr'><strong>per</strong></span> <span class='ocrx_word' id='word_1_855' title='bbox 2912 4948 3105 5021; x_wconf 89' lang='lat' dir='ltr'><strong>ipsum</strong></span> <span class='ocrx_word' id='word_1_856' title='bbox 3141 4948 3356 5005; x_wconf 86' lang='lat' dir='ltr'><strong>ostium</strong></span> <span class='ocrx_word' id='word_1_857' title='bbox 3390 4949 3745 5020; x_wconf 89' lang='lat' dir='ltr'><strong>egredimur,</strong></span> <span class='ocrx_word' id='word_1_858' title='bbox 3782 4955 3846 5003; x_wconf 91' lang='lat' dir='ltr'><strong>ut</strong></span> 
     </span>
    </p>
   </div>
   <div class='ocr_carea' id='block_1_113' title="bbox 2136 5037 3850 5116">
    <p class='ocr_par' dir='ltr' id='par_1_113' title="bbox 2136 5037 3850 5116">
     <span class='ocr_line' id='line_1_113' title="bbox 2136 5037 3850 5116; baseline -0.002 -18"><span class='ocrx_word' id='word_1_859' title='bbox 2136 5056 2356 5116; x_wconf 89' lang='lat' dir='ltr'><strong>pascua</strong></span> <span class='ocrx_word' id='word_1_860' title='bbox 2386 5037 2645 5095; x_wconf 88' lang='lat' dir='ltr'><strong>invenire</strong></span> <span class='ocrx_word' id='word_1_861' title='bbox 2674 5040 2990 5109; x_wconf 90' lang='lat' dir='ltr'><strong>possimus.</strong></span> <span class='ocrx_word' id='word_1_862' title='bbox 3026 5040 3187 5096; x_wconf 88' lang='lat' dir='ltr'><strong>Bona</strong></span> <span class='ocrx_word' id='word_1_863' title='bbox 3217 5054 3459 5111; x_wconf 88' lang='lat' dir='ltr'><strong>pascua,</strong></span> <span class='ocrx_word' id='word_1_864' title='bbox 3482 5038 3600 5093; x_wconf 88' lang='lat' dir='ltr'><strong>vita</strong></span> <span class='ocrx_word' id='word_1_865' title='bbox 3635 5042 3850 5096; x_wconf 71' lang='lat' dir='ltr'><strong>aeterna</strong></span> 
     </span>
    </p>
   </div>
   <div class='ocr_carea' id='block_1_114' title="bbox 2134 5126 3850 5197">
    <p class='ocr_par' dir='ltr' id='par_1_114' title="bbox 2134 5126 3850 5197">
     <span class='ocr_line' id='line_1_114' title="bbox 2134 5126 3850 5197; baseline -0.002 -10"><span class='ocrx_word' id='word_1_866' title='bbox 2134 5131 2350 5187; x_wconf 87' lang='lat' dir='ltr'><strong>dicitur</strong></span> <span class='ocrx_word' id='word_1_867' title='bbox 2383 5146 2397 5185; x_wconf 75' lang='grc' dir='ltr'>ε</span> <span class='ocrx_word' id='word_1_868' title='bbox 2429 5127 2511 5183; x_wconf 90' lang='lat' dir='ltr'><strong>ibi</strong></span> <span class='ocrx_word' id='word_1_869' title='bbox 2547 5126 2710 5183; x_wconf 90' lang='lat' dir='ltr'><strong>nulla</strong></span> <span class='ocrx_word' id='word_1_870' title='bbox 2754 5127 2935 5184; x_wconf 85' lang='lat' dir='ltr'><strong>herba</strong></span> <span class='ocrx_word' id='word_1_871' title='bbox 2963 5127 3197 5197; x_wconf 89' lang='lat' dir='ltr'><strong>arescit,</strong></span> <span class='ocrx_word' id='word_1_872' title='bbox 3229 5132 3413 5182; x_wconf 90' lang='lat' dir='ltr'><strong>totum</strong></span> <span class='ocrx_word' id='word_1_873' title='bbox 3445 5126 3610 5195; x_wconf 92' lang='lat' dir='ltr'><strong>viret,</strong></span> <span class='ocrx_word' id='word_1_874' title='bbox 3660 5130 3850 5184; x_wconf 89' lang='lat' dir='ltr'><strong>totum</strong></span> 
     </span>
    </p>
   </div>
   <div class='ocr_carea' id='block_1_115' title="bbox 2135 5215 3856 5292">
    <p class='ocr_par' dir='ltr' id='par_1_115' title="bbox 2135 5215 3856 5292">
     <span class='ocr_line' id='line_1_115' title="bbox 2135 5215 3856 5292; baseline -0.002 -14"><span class='ocrx_word' id='word_1_875' title='bbox 2135 5222 2309 5292; x_wconf 90' lang='lat' dir='ltr'><strong>viget.</strong></span> <span class='ocrx_word' id='word_1_876' title='bbox 2345 5216 2501 5275; x_wconf 85' lang='lat' dir='ltr'><strong>Solet</strong></span> <span class='ocrx_word' id='word_1_877' title='bbox 2550 5216 2811 5289; x_wconf 82' lang='lat' dir='ltr'><strong>quaedam</strong></span> <span class='ocrx_word' id='word_1_878' title='bbox 2862 5216 3044 5271; x_wconf 90' lang='lat' dir='ltr'><strong>herba</strong></span> <span class='ocrx_word' id='word_1_879' title='bbox 3101 5216 3216 5271; x_wconf 88' lang='lat' dir='ltr'><strong>dici</strong></span> <span class='ocrx_word' id='word_1_880' title='bbox 3249 5231 3477 5287; x_wconf 86' lang='lat' dir='ltr'><strong>semper</strong></span> <span class='ocrx_word' id='word_1_881' title='bbox 3509 5215 3637 5271; x_wconf 90' lang='lat' dir='ltr'><strong>viva</strong></span> <span class='ocrx_word' id='word_1_882' title='bbox 3669 5217 3685 5251; x_wconf 87' lang='grc'>¹</span> <span class='ocrx_word' id='word_1_883' title='bbox 3724 5233 3736 5272; x_wconf 93' lang='lat'><strong>:</strong></span> <span class='ocrx_word' id='word_1_884' title='bbox 3772 5216 3856 5274; x_wconf 90' lang='lat' dir='ltr'><strong>ibi</strong></span> 
     </span>
    </p>
   </div>
   <div class='ocr_carea' id='block_1_116' title="bbox 2136 5306 3856 5378">
    <p class='ocr_par' dir='ltr' id='par_1_116' title="bbox 2136 5306 3856 5378">
     <span class='ocr_line' id='line_1_116' title="bbox 2136 5306 3856 5378; baseline -0.003 -9"><span class='ocrx_word' id='word_1_885' title='bbox 2136 5311 2329 5369; x_wconf 89' lang='lat' dir='ltr'><strong>solum</strong></span> <span class='ocrx_word' id='word_1_886' title='bbox 2361 5308 2550 5363; x_wconf 89' lang='lat' dir='ltr'><strong>vivere</strong></span> <span class='ocrx_word' id='word_1_887' title='bbox 2580 5307 2895 5362; x_wconf 89' lang='lat' dir='ltr'><strong>invenitur.</strong></span> <span class='ocrx_word' id='word_1_888' title='bbox 2937 5307 3115 5361; x_wconf 86' lang='lat' dir='ltr'><strong>Vitam</strong></span> <span class='ocrx_word' id='word_1_889' title='bbox 3146 5313 3440 5374; x_wconf 65' lang='lat' dir='ltr'><strong>zternam,</strong></span> <span class='ocrx_word' id='word_1_890' title='bbox 3477 5306 3687 5378; x_wconf 86' lang='lat' dir='ltr'><strong>inquit,</strong></span> <span class='ocrx_word' id='word_1_891' title='bbox 3718 5306 3856 5364; x_wconf 88' lang='lat' dir='ltr'><strong>dabo</strong></span> 
     </span>
    </p>
   </div>
   <div class='ocr_carea' id='block_1_117' title="bbox 2136 5393 3859 5469">
    <p class='ocr_par' dir='ltr' id='par_1_117' title="bbox 2136 5393 3859 5469">
     <span class='ocr_line' id='line_1_117' title="bbox 2136 5393 3859 5469; baseline -0.001 -12"><span class='ocrx_word' id='word_1_892' title='bbox 2136 5404 2238 5468; x_wconf 83' lang='lat' dir='ltr'><strong>eis,</strong></span> <span class='ocrx_word' id='word_1_893' title='bbox 2272 5398 2475 5455; x_wconf 86' lang='lat' dir='ltr'><strong>ovibus</strong></span> <span class='ocrx_word' id='word_1_894' title='bbox 2506 5395 2672 5451; x_wconf 90' lang='lat' dir='ltr'><strong>meis.</strong></span> <span class='ocrx_word' id='word_1_895' title='bbox 2706 5393 2823 5450; x_wconf 87' lang='lat' dir='ltr'><strong>Vos</strong></span> <span class='ocrx_word' id='word_1_896' title='bbox 2878 5394 3207 5453; x_wconf 90' lang='lat' dir='ltr'><strong>calumnias</strong></span> <span class='ocrx_word' id='word_1_897' title='bbox 3239 5402 3542 5469; x_wconf 84' lang='lat' dir='ltr'><strong>propterea</strong></span> <span class='ocrx_word' id='word_1_898' title='bbox 3574 5397 3859 5469; x_wconf 74' lang='lat' dir='ltr'><strong>quaeritis,</strong></span> 
     </span>
    </p>
   </div>
   <div class='ocr_carea' id='block_1_118' title="bbox 2140 5484 3153 5563">
    <p class='ocr_par' dir='ltr' id='par_1_118' title="bbox 2140 5484 3153 5563">
     <span class='ocr_line' id='line_1_118' title="bbox 2140 5484 3153 5563; baseline -0.004 -16"><span class='ocrx_word' id='word_1_899' title='bbox 2140 5491 2281 5563; x_wconf 89' lang='lat' dir='ltr'><strong>quia</strong></span> <span class='ocrx_word' id='word_1_900' title='bbox 2308 5488 2382 5544; x_wconf 91' lang='lat' dir='ltr'><strong>de</strong></span> <span class='ocrx_word' id='word_1_901' title='bbox 2414 5486 2532 5541; x_wconf 89' lang='lat' dir='ltr'><strong>vita</strong></span> <span class='ocrx_word' id='word_1_902' title='bbox 2552 5484 2826 5555; x_wconf 85' lang='lat' dir='ltr'><strong>praesenti</strong></span> <span class='ocrx_word' id='word_1_903' title='bbox 2859 5485 3153 5558; x_wconf 87' lang='lat' dir='ltr'><strong>cogitatis.</strong></span> 
     </span>
    </p>
   </div>
   <div class='ocr_carea' id='block_1_119' title="bbox 2208 5613 3857 5729">
    <p class='ocr_par' dir='ltr' id='par_1_119' title="bbox 2208 5613 3857 5729">
     <span class='ocr_line' id='line_1_119' title="bbox 2208 5613 3857 5729; baseline 0.008 -75"><span class='ocrx_word' id='word_1_904' title='bbox 2208 5618 2306 5729; x_wconf 55' lang='grc' dir='ltr'><strong>ιβέ</strong></span> <span class='ocrx_word' id='word_1_905' title='bbox 2344 5615 2490 5673; x_wconf 61' lang='lat' dir='ltr'><strong>Mam,</strong></span> <span class='ocrx_word' id='word_1_906' title='bbox 2523 5626 2721 5676; x_wconf 68' lang='lat' dir='ltr'><strong>semPer</strong></span> <span class='ocrx_word' id='word_1_907' title='bbox 2770 5613 2898 5665; x_wconf 81' lang='lat' dir='ltr'><strong>vivit</strong></span> <span class='ocrx_word' id='word_1_908' title='bbox 2926 5628 2943 5662; x_wconf 86' lang='lat'><em>:</em></span> <span class='ocrx_word' id='word_1_909' title='bbox 2995 5614 3189 5667; x_wconf 85' lang='lat' dir='ltr'><strong>dicitur</strong></span> <span class='ocrx_word' id='word_1_910' title='bbox 3230 5615 3448 5680; x_wconf 69' lang='lat' dir='ltr'><strong>Graecis,</strong></span> <span class='ocrx_word' id='word_1_911' title='bbox 3498 5618 3699 5677; x_wconf 74' lang='lat' dir='ltr'><strong>aeinn,</strong></span> <span class='ocrx_word' id='word_1_912' title='bbox 3751 5620 3857 5669; x_wconf 78' lang='lat' dir='ltr'><strong>sive</strong></span> 
     </span>
     <span class='ocr_line' id='line_1_120' title="bbox 2208 5693 2389 5729; baseline -0.006 0"><span class='ocrx_word' id='word_1_913' title='bbox 2208 5696 2271 5729; x_wconf 60' lang='grc' dir='ltr'><strong>ξιτ</strong></span> <span class='ocrx_word' id='word_1_914' title='bbox 2309 5693 2389 5729; x_wconf 86' lang='lat' dir='ltr'><strong>on.</strong></span> 
     </span>
    </p>
   </div>
   <div class='ocr_carea' id='block_1_120' title="bbox 2154 5693 2389 5732">
    <p class='ocr_par' dir='ltr' id='par_1_120' title="bbox 2154 5693 2389 5732">
     <span class='ocr_line' id='line_1_121' title="bbox 2154 5693 2389 5732; baseline -0.017 0"><span class='ocrx_word' id='word_1_915' title='bbox 2154 5697 2240 5732; x_wconf 71' lang='grc' dir='ltr'><strong>αρε</strong></span> <span class='ocrx_word' id='word_1_916' title='bbox 2250 5693 2389 5729; x_wconf 74' lang='grc' dir='ltr'><em>τσοη.</em></span> 
     </span>
    </p>
   </div>
  </div>
