4178 6192
343 275 497 339 1743

388 417 443 471 6.
476 416 541 470 Et
568 429 678 471 non
705 412 964 485 peribunt
986 410 1045 465 in
1066 415 1374 465 aeternum:
1404 408 1711 474 subaudis,
1744 412 2027 480 tanquam

319 506 406 561 eis
435 505 659 566 dixerit,
692 503 805 558 Vos
841 499 1104 573 peribitis
1152 499 1211 553 in
1242 504 1546 565 aeternum,
1576 499 1713 570 quia
1747 515 1859 554 non
1891 500 2033 554 estis

321 610 388 649 ex
418 594 622 649 ovibus
645 591 807 646 meis.
837 594 957 647 Non
987 589 1164 659 rapiet
1186 603 1280 643 eas
1297 589 1585 657 quisquam
1605 587 1670 641 de
1695 603 1871 641 manu
1889 602 2028 642 mea.

323 682 609 738 Intentius
640 679 886 750 accipite
909 696 921 733 :
947 679 1110 732 Pater
1138 692 1287 731 meus
1317 676 1460 745 quod
1488 676 1641 730 dedit
1662 677 1816 740 mihi,
1850 676 2033 745 majus

319 780 395 828 est
424 771 693 827 omnibus.
726 768 873 833 Quid
896 772 1082 836 potest
1112 765 1282 832 lupus
1304 766 1333 818 ?
1361 766 1501 834 quid
1537 770 1723 834 potest
1747 766 1835 820 l'ur
1865 770 1919 818 et
1948 763 2031 819 lac

323 870 411 918 tro
431 861 459 913 ?
489 861 611 915 Non
636 857 887 929 perdunt
910 856 1020 910 nisi
1052 855 1122 908 ad
1146 854 1449 909 interitum
1477 854 1933 923 praedestinatos.
1952 854 2031 909 De

321 938 437 1006 illis
467 958 656 1004 autem
691 946 919 1013 ovibus,
955 944 1026 999 de
1084 944 1297 1013 quibus
1329 943 1471 998 dicit
1511 943 1841 1010 Apostolus,
1874 943 2032 999 Novit

322 1038 585 1095 Dominus
614 1038 707 1108 qui
762 1042 890 1089 sunt
922 1034 1038 1103 ejus
1068 1033 1141 1103 (ll
1176 1034 1306 1086 Tim.
1342 1048 1406 1098 ιι,
1442 1032 1528 1102 19)
1556 1049 1569 1098 ;
1603 1043 1679 1097 et,
1715 1032 1855 1100 Quos
1885 1049 2031 1102 pra.

319 1130 497 1195 scivit,
515 1128 657 1197 ipsos
681 1132 732 1180 et
754 1122 1179 1194 praedestinavit
1191 1137 1355 1192 ;quos
1380 1126 1567 1177 autem
1589 1120 2029 1191 prwdestinavit,

320 1222 461 1289 ipsos
490 1223 545 1270 et
591 1214 838 1275 vocavit;
869 1229 998 1285 quos
1046 1224 1231 1267 autem
1259 1214 1490 1276 vocavit,
1548 1213 1671 1267 illos
1722 1219 1776 1266 et
1824 1214 2031 1283 justiﬁ-

320 1307 463 1364 cavit
483 1324 504 1368 ;
533 1322 660 1376 quos
692 1312 873 1359 autem
903 1302 1236 1371 iustiﬁcavit,
1259 1303 1396 1372 ipsos
1418 1313 1469 1356 et
1489 1300 1830 1373 gloriﬁcavit
1853 1301 2027 1370 (Rom.

324 1414 441 1461 vni,
464 1396 555 1465 29,
586 1394 676 1467 30)
714 1410 725 1448 :
760 1395 832 1447 de
861 1392 1066 1447 ovibus
1099 1392 1227 1446 istis
1258 1408 1361 1445 nec
1404 1391 1574 1461 lupus
1607 1393 1775 1461 rapit,
1811 1407 1916 1445 nec
1948 1392 2034 1446 t‘ur

323 1486 495 1554 tollit,
530 1500 633 1538 nec
684 1483 831 1537 latro
889 1480 1181 1536 interﬁcit.
1214 1480 1468 1535 Securus
1527 1484 1616 1534 est
1660 1479 1731 1535 de
1788 1496 2033 1536 numero

324 1590 545 1641 earum,
578 1574 676 1643 qui
711 1588 812 1642 pro
835 1572 917 1626 eis
951 1571 1111 1625 novit
1142 1571 1291 1641 quod
1325 1570 1505 1625 dedit.
1536 1571 1600 1623 Et
1625 1569 1732 1625 hoc
1762 1575 1848 1625 est
1879 1570 2035 1641 quod

325 1666 428 1730 ait,
458 1666 573 1719 Non
605 1662 784 1731 rapiet
806 1676 896 1716 eas
924 1659 1214 1731 quisquam
1236 1661 1307 1713 de
1336 1676 1505 1713 manu
1531 1675 1647 1714 mea
1666 1677 1683 1713 :
1715 1666 1772 1714 et
1798 1659 1937 1714 item
1962 1662 2031 1715 ad

327 1756 579 1823 Patrem,
620 1755 787 1807 Pater
808 1767 958 1805 meus
987 1750 1127 1819 quod
1167 1748 1313 1804 dedit
1356 1748 1513 1815 mihi,
1548 1750 1728 1819 majus
1768 1753 1838 1804 est
1860 1748 2035 1805 omni-

327 1845 443 1899 bus.
476 1842 619 1906 Quid
651 1841 808 1896 dedit
837 1839 983 1894 Filio
1016 1844 1185 1893 Pater
1216 1837 1408 1907 majus
1440 1837 1717 1893 omnibus
1748 1837 1775 1893 τ
1809 1838 1873 1893 Et
1912 1839 2036 1909 ipse

326 1933 409 1987 illi
440 1936 597 1986 esset
630 1928 964 2000 uuigenitus
998 1927 1199 1983 Filius.
1233 1927 1380 1990 Quid
1402 1931 1490 1981 est
1516 1943 1675 1997 ergo,
1705 1926 2037 1997 deditrjam

327 2026 452 2077 erat
480 2021 570 2077 cui
606 2021 787 2087 daret,
821 2036 894 2073 an
935 2018 1228 2089 gignendo
1259 2016 1472 2072 dedit?
1504 2016 1649 2073 Nam
1682 2017 1730 2072 si
1779 2022 1902 2073 erat
1945 2018 2044 2074 cui

328 2114 491 2167 daret
519 2115 583 2166 ut
622 2090 804 2164 Filius
852 2112 1031 2174 esset,
1067 2107 1382 2176 aliquando
1413 2111 1557 2176 erat,
1591 2112 1647 2163 et
1696 2108 1872 2163 Filius
1930 2124 2040 2163 non

327 2205 486 2257 erat:
518 2198 685 2254 Absit
716 2204 777 2253 ut
804 2197 1116 2269 aliquando
1152 2197 1437 2252 Dominus
1469 2197 1735 2253 Christus
1771 2198 1963 2264 fuerit,
1987 2202 2044 2252 et

330 2288 509 2344 Filius
540 2306 654 2343 non
686 2285 879 2343 fuerit.
907 2290 982 2341 De
1005 2286 1169 2340 nobis
1192 2286 1299 2341 hoc
1331 2286 1442 2342 dici
1468 2291 1691 2358 potest:
1729 2288 2040 2359 aliquando

327 2378 429 2434 lilii
464 2378 769 2433 hominum
795 2392 1051 2439 eramus,
1075 2374 1175 2429 lilii
1200 2374 1298 2429 Dei
1322 2392 1435 2430 non
1459 2392 1715 2431 eramus.
1740 2376 1856 2432 Nos
1884 2377 2037 2432 enim

328 2468 446 2523 tilio
477 2467 577 2523 Dei
600 2466 785 2538 gratia
807 2466 960 2531 fecit,
984 2465 1151 2519 illum
1185 2469 1413 2533 natura,
1447 2467 1583 2535 quia
1612 2467 1693 2522 ita
1724 2470 1899 2521 natus
1927 2469 2038 2525 est.

328 2562 395 2612 Et
417 2574 528 2613 non
551 2563 640 2612 est
662 2556 913 2620 uldicas,
930 2554 1054 2610 Non
1073 2558 1518 2624 eratantequam
1542 2560 1715 2610 natus
1728 2560 1873 2611 erat:
1895 2573 2040 2612 nun-

328 2662 506 2715 quam
538 2645 695 2699 enim
730 2659 843 2698 non
871 2647 1045 2697 natus
1066 2650 1206 2707 erat,
1238 2643 1336 2713 qui
1362 2642 1509 2697 Patri
1543 2650 1863 2699 coaeternus
1893 2649 2035 2701 erat.

330 2731 834 2804 Quisapitcapiat;
856 2730 956 2801 qui
981 2746 1094 2785 non
1113 2730 1846 2801 capitcredat‘,autriatur,
1863 2738 1921 2788 et
1942 2749 2033 2788 ca-

328 2821 727 2895 piet.Verbum
745 2819 847 2875 Dei
860 2834 1091 2889 semper
1103 2834 1235 2874 cum
1252 2818 1499 2887 Patre,et
1516 2836 1636 2875 sem
1645 2836 1744 2890 per
1757 2822 2033 2879 Verbum:

329 2919 387 2967 et
416 2912 555 2981 quia
592 2909 864 2976 Verbum,
888 2907 1015 2962 ideo
1046 2907 1244 2961 Filius.
1288 2907 1529 2978 Semper
1556 2925 1691 2980 ergo
1749 2910 1949 2982 Filius,
1981 2917 2035 2968 et

328 3016 560 3071 semper
599 2996 856 3069 aequalis.
900 2997 1024 3052 Non
1057 2997 1213 3052 enim
1245 3000 1577 3063 crescendo,
1610 3000 1709 3054 sed
1745 3004 2034 3058 nascendo

326 3090 564 3161 aequalis
593 3083 698 3154 est,
729 3087 826 3158 qui
858 3102 1086 3156 semper
1116 3093 1283 3142 natus
1312 3092 1403 3142 est
1433 3087 1503 3142 de
1535 3088 1699 3143 Patre
1730 3088 1931 3160 Filius,
1966 3092 2035 3146 de

326 3181 445 3235 Deo
471 3180 644 3245 Deus,
680 3181 749 3232 de
780 3181 994 3231 aterno
1019 3183 1358 3232 coeternus.
1393 3178 1562 3233 Pater
1590 3183 1781 3233 autem
1813 3196 1929 3235 non
1961 3182 2034 3237 de

325 3270 469 3325 Filio
500 3268 689 3324 Deus:
744 3263 920 3319 Filius
950 3266 1020 3319 de
1068 3264 1237 3320 Patre
1266 3263 1455 3332 Deus;
1506 3266 1636 3322 ideo
1694 3269 1863 3324 Pater
1890 3270 2031 3326 Filio

324 3356 618 3429 gignendo
650 3355 813 3410 dedit
845 3362 904 3409 ut
927 3355 1078 3409 Deus
1109 3358 1283 3414 esset,
1308 3354 1601 3425 gignendo
1630 3358 1789 3412 dedit
1821 3365 1885 3413 ut
1913 3360 2026 3414 sibi

324 3450 649 3503 coeternus
670 3452 838 3510 esset,
862 3442 1153 3513 gignendo
1185 3441 1341 3498 dedit
1364 3448 1426 3496 ut
1446 3444 1685 3515 aequalis
1707 3450 1879 3503 esset.
1913 3447 2030 3504 Hoc

324 3542 414 3593 est
442 3536 599 3606 quod
632 3534 828 3604 majus
848 3538 935 3589 est
965 3533 1257 3588 omnibus.
1282 3535 1582 3599 Quomodo
1607 3535 1722 3591 vita
1753 3536 1950 3605 Filius,
1974 3542 2032 3594 et

325 3626 548 3681 habens
580 3622 751 3678 vitam
784 3621 1012 3677 Filius?
1041 3620 1205 3685 Quod
1246 3620 1419 3677 habet
1451 3622 1558 3677 hoc
1588 3630 1677 3679 est
1710 3641 1722 3679 :
1776 3630 1838 3680 tu
1875 3626 2034 3682 aliud

326 3731 405 3781 es,
439 3713 597 3769 aliud
658 3712 858 3767 habes.
908 3711 1084 3766 Verbi
1142 3711 1352 3781 gratia,
1404 3710 1583 3767 habes
1632 3712 2030 3785 sapientiam;

326 3800 616 3870 numquid
637 3805 695 3852 tu
719 3816 781 3853 es
800 3798 928 3870 ipsa
949 3798 1274 3869 sapientia?
1309 3800 1566 3870 Denique
1590 3801 1725 3872 quia
1747 3820 1860 3858 non
1885 3821 1947 3860 es
1972 3809 2032 3861 tu

326 3890 448 3961 ipse
470 3890 621 3958 quod
649 3888 913 3954 habes,si
937 3888 1204 3943 amiseris
1226 3890 1375 3958 quod
1399 3889 1596 3958 habes,
1614 3892 1768 3947 redis
1791 3895 1811 3927 ²
1835 3900 1896 3948 ut
1918 3911 2032 3950 non

328 3978 591 4033 habeas:
635 3980 693 4030 et
747 3974 1057 4046 aliquando
1107 3978 1374 4041 resumis,
1431 3977 1744 4049 aliquando
1792 3984 2030 4040 amittis.

328 4066 628 4133 Quomodo
654 4066 854 4121 oculus
878 4070 1073 4119 noster
1095 4081 1205 4119 non
1241 4065 1297 4119 in
1324 4067 1517 4137 seipso
1543 4067 1712 4123 habet
1738 4070 2035 4142 insepara-

326 4158 521 4213 biliter
550 4154 780 4222 lucem;
804 4153 1066 4224 aperitur
1093 4159 1150 4208 et
1179 4155 1354 4225 capit,
1388 4156 1681 4211 clauditur
1707 4163 1765 4213 et
1794 4160 2033 4220 amittit.

327 4247 451 4302 Non
484 4247 567 4300 sic
599 4249 687 4299 est
721 4244 871 4321 Deus
902 4242 1001 4298 Dei
1033 4242 1234 4310 Filius,
1270 4260 1381 4300 non
1415 4246 1497 4299 sic
1529 4251 1617 4302 est
1638 4246 1889 4305 Verbum
1928 4251 2036 4308 Pa-

328 4336 431 4391 tris
458 4351 472 4392 :
506 4351 621 4391 non
653 4333 735 4389 sic
768 4338 855 4388 est
885 4331 1136 4389 Verbum
1169 4334 1323 4406 quod
1359 4350 1472 4391 non
1518 4338 1779 4394 sonando
1805 4342 2033 4409 transit,

328 4424 427 4480 sed
463 4422 754 4479 nascendo
788 4426 997 4477 manet.
1022 4421 1117 4477 Sic
1140 4420 1309 4476 habet
1330 4422 1696 4492 sapientiam,
1722 4430 1786 4480 ut
1807 4425 1931 4497 ipse
1959 4428 2037 4484 sit

328 4511 637 4583 sapientia,
662 4509 950 4581 faciatque
972 4510 1302 4580 sapientes;
1337 4511 1421 4566 sic
1453 4504 1630 4567 habet
1660 4514 1855 4581 vitam,
1886 4520 1945 4572 ut
1965 4516 2036 4572 sit

329 4604 454 4671 ipse
478 4601 614 4666 vita,
640 4599 926 4668 faciatque
955 4601 1225 4655 viventes.
1260 4599 1378 4655 Hoc
1422 4608 1511 4655 est
1541 4603 1696 4673 quod
1730 4607 1919 4675 majus
1949 4610 2037 4663 est

331 4688 626 4745 omnibus.
649 4687 907 4742 Attendit
926 4692 1181 4744 Joannes
1212 4689 1337 4761 ipse
1363 4692 1718 4761 evangelista
1750 4694 1957 4751 ccelum
1981 4701 2039 4752 et

332 4785 571 4844 terram,
602 4775 801 4831 volens
833 4777 1021 4832 dicere
1052 4778 1120 4833 de
1153 4778 1295 4833 Filio
1326 4778 1461 4847 Dei;
1495 4783 1763 4852 attendit,
1790 4788 1846 4837 et
1876 4788 2036 4841 tran—

331 4865 580 4923 scendit.
613 4864 897 4935 Cogitavit
935 4881 1112 4936 supra
1141 4866 1348 4921 ccalum
1402 4867 1587 4923 millia
1618 4871 1899 4927 exercitus
1930 4875 2041 4929 An-

332 4957 615 5029 gelorum,
647 4953 916 5024 cogitavit
972 4959 1027 5009 et
1084 4956 1445 5011 transcendit
1494 4958 1846 5028 universam,
1892 4963 2041 5022 sicut

334 5047 531 5118 aquila
562 5044 765 5112 nubes,
799 5043 881 5098 sic
914 5061 1020 5099 sua
1062 5049 1254 5100 mente
1285 5049 1650 5102 creaturam:
1686 5051 2045 5108 transcendit

337 5153 547 5207 magna
578 5133 1080 5205 omnia,pervenit
1119 5134 1190 5190 ad
1226 5134 1363 5190 illud
1399 5136 1553 5206 quod
1591 5136 1781 5207 majus
1811 5144 2043 5197 estom-

337 5226 506 5279 nibus
540 5244 554 5291 ;
589 5231 645 5280 et
677 5223 839 5294 dixit,
873 5225 933 5280 In
963 5224 1235 5297 principio
1266 5228 1385 5281 erat
1423 5225 1664 5281 Verbum
1694 5227 1867 5297 (Joan.
1907 5247 1943 5296 ι,
1969 5232 2042 5299 1).

340 5314 446 5367 Sel
483 5314 619 5383 quia
652 5313 748 5368 ille
779 5316 947 5384 cujus
979 5320 1069 5371 est
1102 5310 1356 5371 Verbum
1419 5332 1532 5371 non
1585 5321 1672 5371 est
1730 5315 1800 5372 de
1834 5320 2041 5388 Verbo,

340 5400 595 5455 Verbum
618 5409 810 5457 autem
844 5404 913 5458 de
932 5403 1031 5459 illo
1061 5405 1337 5475 estcujus
1360 5410 1447 5461 est
1469 5407 1723 5461 Verbum
1753 5422 1766 5472 ;
1790 5406 1916 5465 ideo
1940 5409 2041 5479 ait,

408 5541 653 5611 19ml)?“
682 5542 823 5611 Μβεξιο
853 5544 947 5611 9."?
978 5548 1245 5611 norisne“
1275 5548 1473 5599 credat.

406 5608 427 5640 ¹
451 5603 535 5653 Sic
563 5603 687 5655 IIII.
724 5606 785 5653 At
807 5603 951 5670 editi,
982 5603 1180 5659 reddis:

1282 270 1359 331 IN
1402 269 1733 331 JOANNIS
1779 269 2319 344 EVANGELIUM,
2365 271 2429 332 S.
2476 269 2901 332 AUGUSTINI

3701 274 3861 333 17M

2151 408 2305 478 Quod
2333 407 2482 469 dedit
2508 407 2654 462 mihi
2680 407 2864 472 Pater,
2889 404 2947 459 id
2979 408 3087 472 est,
3112 409 3177 460 ut
3206 405 3318 461 sim
3341 406 3600 464 Verbum
3624 410 3779 480 ejus,
3798 414 3866 466 ut

2142 501 2251 555 sim
2286 497 2622 569 unigenitus
2647 496 2825 551 Filius
2843 495 2993 565 ejus,
3015 499 3079 549 ut
3102 494 3214 551 sim
3233 496 3512 567 splendor
3534 498 3685 554 lucis
3708 501 3862 570 ejus,

2141 585 2321 653 majus
2366 589 2442 640 est
2498 584 2771 640 omnibus.
2814 583 2970 649 Ideo,
3030 584 3189 638 Nemo
3236 584 3413 654 rapit,
3465 586 3679 657 inquit,
3741 603 3863 643 oves

2141 691 2288 731 meas
2316 674 2380 730 de
2416 692 2588 731 manu
2634 690 2779 730 mea.
2812 673 2977 729 Nemo
3005 677 3173 744 potest
3202 690 3395 745 rapere
3442 675 3508 731 de
3543 693 3717 733 manu
3752 680 3860 734 Pa-

2144 768 2242 821 tris
2271 766 2397 819 mei.

2160 904 2163 905 ν
2212 855 2266 907 7.
2301 854 2373 908 De
2399 870 2571 908 manu
2599 868 2741 921 mea,
2773 860 2831 909 et
2858 853 2924 908 de
2960 870 3134 909 manu
3193 856 3377 909 Patris
3399 856 3510 911 mei
3538 872 3558 913 :
3587 857 3727 927 quid
3763 862 3858 914 est

2146 944 2270 1009 hoc,
2303 945 2470 1001 Nemo
2513 946 2656 1012 rapit
2703 942 2768 997 de
2820 960 2993 998 manu
3040 960 3186 1010 mea,
3237 948 3317 1011 et,
3351 946 3514 1001 Nemo
3570 949 3726 1019 rapit
3782 949 3859 1003 de

2141 1048 2315 1086 manu
2341 1033 2525 1087 Patris
2546 1033 2695 1085 mei?
2721 1030 2925 1086 Utrum
2950 1047 3064 1087 una
3089 1048 3292 1088 manus
3309 1036 3398 1088 est
3418 1034 3604 1090 Patris
3626 1040 3684 1090 et
3706 1035 3858 1104 Filii,

2143 1138 2215 1176 an
2246 1123 2391 1177 forte
2424 1124 2548 1191 ipse
2579 1121 2764 1176 Filius
2793 1137 2998 1181 manus
3027 1128 3117 1176 est
3140 1123 3327 1178 Patris
3358 1123 3449 1177 sui
3471 1124 3500 1177 ?
3523 1125 3579 1180 Si
3615 1142 3861 1182 manum

2144 1209 2534 1278 intelligamus
2569 1213 2934 1280 potestatem,
2969 1227 3087 1265 una
3116 1215 3205 1266 est
3236 1212 3430 1274 Patris
3453 1218 3512 1268 et
3540 1213 3674 1268 Filii
3708 1220 3865 1285 pote-

2143 1304 2260 1354 stas
2281 1318 2295 1365 ;
2320 1300 2456 1371 quia
2491 1316 2606 1354 una
2635 1303 2723 1365 est
2753 1298 3053 1354 divinitas:
3080 1301 3126 1355 si
3162 1305 3353 1355 autem
3380 1318 3622 1371 manum
3651 1304 3868 1361 intelli-

2139 1405 2366 1457 gamus,
2401 1388 2551 1443 sicut
2584 1388 2808 1443 dictum
2840 1396 2921 1443 est
2953 1404 3053 1458 per
3085 1389 3452 1460 prophetam,
3486 1393 3548 1446 Et
3570 1391 3865 1449 brachium

2144 1477 2361 1533 Domini
2388 1479 2789 1533 cuirevelatum
2810 1484 2887 1533 est
2903 1479 3028 1539 (Isa.
3047 1495 3169 1545 Lm,
3200 1481 3274 1551 1),
3295 1496 3504 1537 manus
3526 1480 3714 1537 Patris
3738 1483 3861 1553 ipse

2138 1575 2231 1645 est
2254 1568 2449 1623 Filius.
2475 1569 2635 1632 Quod
2661 1584 2776 1624 non
2802 1572 2881 1623 ita
2903 1569 3123 1623 dictum
3149 1574 3252 1637 est,
3274 1577 3547 1642 tanquam
3574 1571 3727 1628 Deus
3752 1572 3863 1629 ha-

2148 1658 2606 1713 heathumanam
2632 1657 3144 1729 formam,etquasi
3160 1660 3420 1730 corporis
3441 1662 3736 1729 membra;
3757 1663 3862 1718 sed

2144 1747 2293 1818 quod
2330 1763 2431 1818 per
2460 1747 2652 1817 ipsum
2687 1746 2836 1802 facta
2868 1751 3006 1801 sunt
3035 1747 3251 1803 omnia.
3286 1748 3429 1804 Nam
3463 1750 3648 1806 solent
3671 1754 3729 1805 et
3748 1749 3857 1807 ho-

2149 1837 2335 1890 mines
2358 1836 2547 1891 dicere
2571 1851 2779 1890 manus
2803 1852 2941 1891 suas
2964 1852 3092 1892 esse
3112 1836 3257 1891 alios
3281 1836 3567 1904 homines,
3594 1855 3692 1910 per
3711 1856 3863 1912 quos

2148 1925 2367 1981 faciunt
2398 1926 2553 1997 quod
2586 1925 2807 1982 volunt.
2842 1926 3169 1997 Aliquando
3200 1928 3470 1999 etipsum
3502 1946 3649 2001 opus
3673 1931 3857 1986 homi-

2151 2018 2265 2084 nis,
2283 2032 2492 2070 manus
2517 2014 2772 2071 hominis
2794 2014 3173 2087 diciturquod
3198 2016 3258 2070 lit
3281 2034 3383 2088 per
3408 2035 3645 2074 manum
3670 2038 3682 2075 :
3707 2019 3866 2077 sicut

2152 2107 2367 2162 dicitur
2395 2104 2970 2177 quisqueagnoscere
2995 2121 3228 2161 manum
3256 2123 3447 2176 suam,
3472 2125 3602 2164 cuin
3627 2110 3679 2164 id
3698 2111 3858 2181 quod

2151 2198 2387 2268 scripsit
2416 2196 2697 2266 agnoscit.
2730 2198 2871 2251 Cum
2921 2212 3056 2268 ergo
3089 2198 3284 2253 multis
3316 2199 3501 2257 modis
3532 2202 3699 2256 etiam
3747 2202 3863 2257 ho-

2154 2287 2328 2343 minis
2347 2288 2817 2351 diraturmanus,
2841 2286 2936 2356 qui
2965 2287 3192 2358 proprie
3217 2304 3452 2345 manum
3478 2289 3648 2346 habet
3674 2292 3731 2345 in
3757 2294 3856 2348 sui

2149 2376 2405 2448 corporis
2440 2375 2758 2441 membris;
2791 2379 3011 2445 quanto
3044 2377 3228 2447 magis
3269 2394 3381 2433 non
3408 2394 3523 2434 uno
3559 2380 3725 2434 modo
3755 2378 3859 2436 in-

2149 2466 2528 2537 telligendum
2584 2468 2671 2520 est
2702 2480 2835 2519 cum
2888 2464 3102 2536 legitur
3134 2482 3343 2521 manus
3403 2466 3523 2531 Dei,
3550 2468 3636 2524 cui
3670 2469 3861 2524 forma

2149 2552 2408 2625 corporis
2438 2551 2595 2607 nulla
2616 2553 2833 2608 esl?Ac
2857 2569 2956 2624 per
2976 2552 3082 2608 hoc
3107 2554 3309 2609 melius
3333 2555 3439 2610 hoc
3464 2555 3587 2612 loco
3613 2573 3858 2614 manum

2150 2648 2337 2704 Patris
2360 2647 2561 2704 etFilii
2586 2648 2966 2719 intelligimus
2996 2654 3342 2720 potestatem
3386 2651 3575 2709 Patris
3617 2659 3668 2708 et
3692 2652 3857 2719 Filii;

2151 2754 2221 2794 ne
2253 2739 2395 2793 forte
2426 2754 2559 2793 cum
2586 2738 2677 2793 hic
2702 2754 2943 2793 manum
2968 2738 3153 2794 Patris
3178 2739 3367 2812 ipsum
3398 2740 3606 2798 Filium
3629 2743 3856 2800 dictum

2146 2828 2565 2900 acceperimus,
2599 2826 2838 2898 incipiat
2868 2828 3119 2883 carnalis
3152 2829 3426 2901 cogitatio
3458 2833 3632 2887 etiam
3667 2833 3860 2904 ipsius

2146 2916 2273 2972 Filii
2308 2932 2565 2988 quaerere
2618 2916 2852 2984 Filium,
2887 2935 3055 2988 quem
3092 2918 3365 2974 similiter
3394 2922 3592 2977 credat
3638 2922 3857 2979 Christi

2148 3022 2410 3063 manum.
2445 3006 2591 3075 Ergo
2649 3006 2815 3060 Nemo
2867 3009 3012 3078 rapit
3052 3007 3117 3063 de
3146 3025 3315 3064 manu
3346 3010 3528 3066 Patris
3559 3013 3695 3073 mei;
3745 3013 3862 3071 hoc

2142 3108 2246 3164 est,
2276 3097 2457 3154 Nemo
2488 3097 2637 3168 rapit
2667 3095 2829 3151 mihi.
2942 3088 2945 3091 ’
3696 3100 3701 3101 ί

2213 3190 2266 3243 8.
2297 3188 2406 3244 Sed
2442 3204 2511 3243 ne
2542 3187 2685 3242 forte
2717 3186 2908 3241 adhuc
2940 3187 3334 3252 titubes,audi
3377 3192 3519 3262 quid
3545 3194 3857 3263 sequitur:

2142 3280 2250 3349 Ego
2279 3282 2329 3333 et
2362 3278 2524 3332 Pater
2549 3292 2721 3330 unum
2769 3292 2976 3331 sumus.
3011 3275 3134 3334 Huc
3163 3294 3345 3349 usque
3373 3278 3556 3335 Judaei
3608 3280 3862 3340 tolerare

2141 3373 2447 3441 potuerunt
2488 3384 2498 3420 :
2532 3366 2861 3430 audierunt,
2893 3367 3004 3434 Ego
3034 3372 3086 3421 et
3136 3373 3303 3424 Pater
3333 3386 3501 3425 unum
3530 3387 3737 3442 sumus,
3801 3382 3862 3430 et

2143 3474 2255 3515 non
2290 3457 2647 3529 pertulerunt
2674 3473 2687 3523 ;
2720 3462 2769 3510 et
2796 3471 2955 3510 more
2972 3472 3075 3511 suo
3107 3456 3260 3526 duri,
3294 3459 3363 3514 ad
3396 3458 3618 3531 lapides
3646 3477 3861 3518 cucur-

2144 3552 2361 3603 rerunt.
2399 3547 2654 3601 Tulerunt
2695 3544 2928 3616 lapides,
2958 3553 3019 3601 ut
3040 3547 3355 3618 lapidarent
3383 3566 3533 3607 eum.
3567 3550 3861 3610 Dominus

2143 3637 2279 3710 quia
2309 3654 2424 3694 non
2474 3636 2804 3709 patiebatur
2832 3638 2983 3709 quod
3048 3637 3279 3694 nolebat
3308 3642 3449 3711 pati,
3482 3650 3535 3696 et
3593 3659 3709 3702 non
3766 3650 3863 3699 est

2148 3742 2358 3800 passus
2391 3726 2499 3782 nisi
2533 3726 2690 3798 quod
2720 3726 2899 3782 voluit
2932 3726 3067 3796 pati,
3111 3728 3299 3785 adhuc
3329 3746 3429 3786 eos
3461 3721 3715 3802 lapidare
3745 3748 3859 3788 cu.

2147 3819 2369 3889 pientes
2403 3816 2734 3888 alloquitur.
2771 3839 2798 3866 ‹‹
2848 3817 3221 3874 Sustulerunt
3271 3820 3492 3892 lapides
3540 3821 3745 3891 Judaei,
3787 3832 3855 3879 ut

2147 3905 2478 3977 lapidarent
2512 3906 2700 3961 illum.
2736 3904 3058 3977 Respondit
3097 3906 3179 3962 eis
3208 3907 3382 3966 Jesus
3425 3927 3439 3965 :
3485 3910 3666 3966 Multa
3704 3912 3868 3969 bona

2145 4010 2320 4064 opera
2351 3994 2578 4050 ostendi
2626 3993 2790 4049 vobis
2849 4010 2917 4049 ex
2975 3993 3141 4051 Patre
3200 4011 3346 4063 meo,
3409 4003 3645 4071 propter
3696 4000 3865 4069 quod

2147 4101 2343 4142 eorum
2377 4101 2522 4156 opus
2554 4100 2645 4139 me
2692 4084 2962 4156 lapidatis
2990 4084 3018 4139 ?
3050 4085 3117 4140 Et
3154 4086 3235 4141 illi
3270 4087 3697 4159 responderunt
3728 4107 3741 4143 :
3781 4090 3869 4147 De

2149 4175 2298 4229 bono
2330 4190 2500 4247 Opere
2530 4189 2643 4230 non
2675 4172 3009 4245 lapidamus
3041 4180 3117 4243 te,
3151 4177 3249 4232 sed
3284 4178 3353 4231 de
3386 4176 3770 4249 blasphemia,
3807 4185 3872 4236 et

2150 4262 2287 4334 quia
2321 4266 2378 4317 tu
2412 4260 2587 4318 homo
2610 4258 2860 4329 cumsis,
2887 4263 3026 4319 facis
3050 4264 3296 4336 teipsum
3320 4265 3522 4322 Deum.
3549 4289 3575 4317 ››
3611 4268 3686 4322 Ad
3712 4267 3871 4324 illud

2148 4351 2256 4407 hoc
2290 4352 2715 4424 responderunt
2754 4353 2908 4424 quod
2960 4354 3196 4422 dixerat,
3234 4355 3343 4426 Ego
3372 4361 3425 4412 et
3477 4357 3643 4413 Pater
3687 4374 3873 4413 unum

2148 4458 2354 4497 sumus.
2391 4442 2533 4498 Ecce
2552 4442 2731 4497 Judaei
2757 4441 3339 4515 intellexeruntquod
3377 4462 3490 4501 non
3530 4445 3876 4517 intelligunt.

2150 4530 2364 4585 Ariani.
2400 4531 2530 4587 Ideo
2561 4530 2716 4586 enim
2752 4530 2878 4588 irati
2912 4540 3065 4603 sunt,
3090 4532 3367 4606 quaniam
3402 4540 3711 4591 senserunt
3744 4553 3873 4594 non

2153 4637 2323 4695 posse
2354 4620 2488 4689 dici,
2523 4622 2633 4691 Ego
2667 4626 2715 4676 et
2746 4623 2910 4678 Pater
2943 4639 3115 4679 unum
3145 4640 3355 4696 sumus,
3389 4625 3501 4682 nisi
3533 4624 3631 4681 ubi
3664 4642 3875 4697 taqua-

2151 4711 2286 4768 litas
2318 4715 2405 4768 est
2435 4711 2615 4767 Patris
2646 4716 2704 4767 et
2732 4711 2877 4768 Filii.

2220 4802 2274 4856 9.
2314 4800 2592 4858 Dominus
2624 4805 2821 4857 autem
2854 4802 3037 4859 videte
3069 4803 3203 4876 quid
3240 4804 3605 4877 responderit
3652 4803 3880 4863 tardis.

2151 4893 2310 4947 Vidit
2340 4909 2435 4948 eos
2457 4908 2569 4947 non
2607 4892 2752 4947 ferre
2774 4892 3144 4966 splendorem
3176 4896 3461 4963 veritatis,
3489 4901 3545 4952 et
3565 4913 3695 4951 eum
3720 4899 3887 4952 tem-

2152 4982 2372 5053 peravit
2397 4981 2456 5037 in
2477 4981 2689 5038 verbis.
2722 4984 2912 5037 Nonne
2932 4985 3199 5056 scriptum
3226 4989 3306 5040 est
3336 4987 3396 5040 in
3420 4985 3555 5053 Lege
3576 4987 3779 5049 vestra,
3808 4984 3881 5042 id

2152 5074 2259 5138 est,
2290 5068 2453 5126 vobis
2484 5070 2638 5138 data,
2663 5073 2792 5141 quia
2823 5087 2919 5142 ego
2948 5072 3090 5140 dixi,
3116 5074 3201 5128 Dii
3221 5077 3346 5129 estis
3367 5074 3394 5129 τ
3416 5074 3569 5129 Deus
3601 5072 3739 5127 dicit
3766 5089 3889 5143 per

2153 5160 2495 5233 Prophetam
2534 5160 2592 5214 in
2624 5160 2856 5217 Psalmo
2889 5162 3226 5220 hominibus
3261 5181 3274 5221 :
3306 5168 3411 5235 Ego
3440 5163 3581 5229 dixi,
3604 5163 3696 5218 Dii
3730 5167 3887 5220 estis

2153 5249 2321 5320 (Psat.
2340 5265 2527 5314 Luat,
2557 5248 2634 5320 6).
2660 5248 2727 5303 Et
2756 5252 2961 5321 Legem
2987 5251 3297 5325 appellavit
3319 5254 3598 5309 Dominus
3618 5266 3887 5322 genera-

2155 5339 2287 5393 liter
2307 5353 2509 5393 omnes
2536 5334 2664 5391 illas
2695 5336 3023 5409 Scripturas
3052 5358 3064 5395 :
3089 5340 3353 5412 quamvis
3372 5339 3508 5395 alibi
3532 5337 3893 5411 specialiter

2155 5428 2307 5483 dicat
2333 5428 2563 5498 Legem,
2588 5443 2620 5480 a
2639 5425 2943 5498 PrOphetis
2967 5443 3093 5484 eam
3118 5429 3488 5501 distinguens
3514 5445 3528 5496 ;
3555 5426 3731 5483 sicuti
3756 5437 3885 5496 est,

2153 5519 2265 5573 Lex
2292 5524 2344 5572 et
2382 5515 2658 5588 praphelz
2689 5530 2857 5587 usque
2882 5518 2957 5572 ad
2981 5519 3247 5576 Joannem
3277 5522 3433 5590 (Luc.
3469 5535 3587 5587 xvr,
3620 5517 3710 5587 16)
3738 5536 3755 5587 ;
3787 5524 3885 5589 et,

2153 5609 2219 5665 In
2252 5606 2337 5664 his
2376 5606 2581 5663 duobus
2629 5608 2919 5681 praeceptis
2949 5613 3061 5666 tota
3093 5609 3203 5668 Lex
3236 5611 3430 5684 pendet
3480 5626 3549 5667 ex
3578 5608 3888 5681 Propheta:
