4148 6190
355 207 507 265 1745

342 338 549 400 (Matth.
582 362 720 415 xxri,
755 347 865 419 40).
900 347 1224 420 Aliquando
1256 356 1445 410 autem
1481 355 1539 411 in
1588 358 1707 425 tria,
1759 359 2058 419 distribuit

341 434 574 489 easdem
610 435 963 508 Scripturas,
1000 438 1096 494 ubi
1120 440 1192 494 ait
1231 456 1244 495 :
1280 442 1570 513 Oportebat
1602 446 1825 517 impleri
1871 453 2057 507 omnia

342 539 462 594 qua
480 526 686 595 scripta
706 529 912 581 suntin
934 529 1089 599 Lege,
1121 537 1175 584 et
1202 531 1504 601 Prophetis,
1527 544 1578 590 et
1611 539 1847 594 Psalmis
1875 539 1940 595 de
1973 556 2057 595 me

342 612 494 684 (Luc.
531 629 685 681 xxrv,
710 615 819 687 44).
854 617 1015 671 Nunc
1045 634 1176 676 vero
1201 621 1461 680 Psalmos
1501 626 1677 681 etiam
1730 628 1894 701 Legis
1953 647 2054 687 no-

342 702 500 759 mine
549 708 928 777 nuncupavit,
978 708 1073 763 ubi
1124 711 1408 783 scriptum
1456 720 1542 770 est
1573 732 1586 773 :
1619 720 1726 790 Ego
1773 719 1916 790 dixi,
1966 721 2055 775 Dii

342 794 493 851 estis.
526 796 591 851 Si
610 796 734 851 illos
770 797 918 853 dixit
947 798 1068 855 deos
1096 800 1169 855 ad
1212 817 1341 873 quos
1388 822 1563 862 sermo
1595 809 1691 864 Dei
1733 815 1910 878 factus
1956 823 2050 886 est,

340 889 389 938 et
418 900 528 939 non
560 893 731 957 potest
751 888 887 942 solvi
917 888 1208 962 Scriptura
1236 910 1255 947 :
1279 910 1434 965 quem
1483 898 1648 953 Pater
1690 902 2055 973 sanctiﬁcavit

338 980 387 1027 et
421 972 571 1028 misit
602 973 660 1028 in
689 975 979 1045 mundum,
1012 994 1099 1034 vos
1126 980 1327 1050 dicitis,
1349 984 1486 1052 Quia
1524 986 1860 1059 blasphemas
1887 995 2056 1063 ,-quia

338 1063 484 1130 dixi,
518 1064 700 1120 Filius
730 1067 826 1121 Dei
847 1082 969 1121 sum
991 1067 1018 1122 ἰ’
1048 1069 1103 1122 Si
1151 1086 1345 1128 sermo
1378 1075 1474 1131 Dei
1528 1077 1710 1134 factus
1739 1086 1826 1136 est
1854 1084 1919 1137 ad
1956 1083 2053 1139 bo—

341 1152 533 1209 mines
567 1161 625 1208 ut
656 1154 989 1212 dicerentur
1019 1158 1122 1226 dii,
1155 1160 1347 1232 ipsum
1365 1165 1617 1225 Verbum
1649 1171 1749 1226 Dei
1782 1175 1936 1243 quod
1968 1179 2057 1230 est

343 1244 495 1314 apud
530 1248 727 1316 Deum,
754 1249 1041 1318 quomodo
1065 1265 1176 1305 non
1200 1258 1289 1308 est
1308 1254 1460 1313 Deus
1480 1259 1577 1315 ?Si
1595 1276 1696 1331 per
1725 1278 2052 1321 sermonem

339 1331 441 1387 Doi
475 1333 619 1391 ﬁunt
650 1334 917 1397 homines
946 1342 1046 1414 dii,
1069 1344 1119 1401 si
1142 1342 1546 1419 participando
1577 1350 1723 1406 fiunt
1752 1352 1854 1421 dii,
1905 1354 2058 1409 unde

342 1425 695 1497 participant
726 1445 839 1485 non
863 1438 951 1487 est
986 1434 1133 1491 Deus
1161 1434 1189 1489 ?
1234 1436 1293 1491 Si
1341 1436 1566 1494 lumina
1615 1438 1944 1498 illuminala
1975 1442 2055 1497 dii

345 1522 501 1581 sunt,
537 1514 730 1572 lumen
764 1521 914 1590 quod
946 1521 1245 1579 illuminat
1272 1541 1387 1581 non
1420 1530 1508 1582 est
1538 1527 1691 1584 Deus
1724 1529 1751 1585 ?
1785 1531 1841 1585 Si
1901 1531 2052 1588 cale-

342 1600 921 1674 factiquodammodo
952 1609 1085 1682 igne
1115 1612 1358 1669 salutari
1382 1614 1459 1670 dii
1499 1617 1857 1687 efficiuntur,
1905 1621 2056 1678 unde

347 1692 622 1749 calefiunt
654 1712 766 1751 non
799 1705 884 1754 est
918 1700 1067 1757 Deus
1096 1701 1123 1756 ?
1145 1703 1383 1760 Accedis
1413 1707 1482 1760 ad
1509 1705 1705 1762 lumen
1737 1712 1793 1764 et
1839 1709 2055 1766 illumi-

349 1782 531 1850 naris,
560 1788 614 1838 et
644 1783 795 1842 inter
828 1788 977 1844 filios
1006 1790 1107 1847 Dei
1146 1794 1471 1851 numeraris
1502 1815 1516 1863 ;
1550 1795 1599 1852 si
1633 1796 1852 1853 recedis
1882 1816 1913 1853 a
1964 1798 2053 1855 lu-

348 1873 526 1941 mine,
559 1875 910 1947 obscuraris,
934 1886 991 1935 et
1043 1880 1103 1936 in
1164 1885 1418 1941 tenebris
1468 1888 1859 1958 computaris:
1911 1888 2052 1944 illud

348 1967 541 2019 tamen
575 1964 774 2022 lumen
807 1984 911 2025 nec
940 1973 1157 2028 accedit
1176 1974 1246 2029 ad
1272 1990 1352 2042 se,
1386 1975 1524 2048 quia
1552 1993 1665 2033 non
1683 1979 1948 2035 recedita
1971 1996 2051 2035 se.

345 2054 404 2110 Si
437 2071 576 2128 ergo
610 2073 709 2113 vos
738 2060 876 2116 deos
907 2062 1046 2118 facit
1076 2078 1268 2120 sermo
1301 2065 1424 2135 Dei,
1467 2069 1760 2138 quomodo
1801 2085 1914 2125 non
1968 2073 2056 2125 est

350 2145 503 2200 Deus
534 2145 785 2204 Verbum
820 2151 919 2206 Dei
946 2152 974 2206 ‘l
1005 2151 1173 2209 Pater
1218 2171 1353 2223 ergo
1416 2157 1800 2214 sanctificavit
1847 2157 2052 2214 Filium

348 2252 547 2303 suum,
575 2241 631 2293 et
663 2238 825 2295 misit
856 2241 912 2296 in
966 2243 1280 2301 mundum.
1323 2245 1488 2303 Forte
1518 2247 1732 2320 aliquis
1763 2249 1917 2305 dicat
1950 2265 1962 2303 :
1997 2247 2055 2303 Si

350 2327 521 2383 Pater
552 2346 681 2384 eum
711 2331 1116 2402 sanctiﬁcavit,
1148 2350 1284 2408 ergo
1307 2335 1621 2409 aliquando
1654 2356 1765 2395 non
1784 2343 1907 2395 erat
1927 2355 2057 2396 san-

346 2418 524 2473 ctus?
577 2419 666 2474 Sic
723 2422 1125 2491 sanctificavit,
1155 2427 1443 2496 quomodo
1491 2429 1711 2499 genuit.
1766 2428 1838 2485 Ut
1900 2429 2054 2485 enim

348 2511 591 2562 sanctus
617 2514 790 2575 esset,
823 2510 1115 2584 gignendo
1148 2515 1197 2570 ei
1222 2516 1397 2585 dedit,
1432 2517 1568 2589 quia
1608 2522 1879 2574 sanctum
1923 2533 2055 2573 eum

347 2595 568 2667 genuit.
594 2598 738 2654 Nam
796 2599 845 2657 si
894 2604 1048 2673 quod
1102 2606 1523 2674 sanetiflcatur,
1582 2613 1717 2664 ante
1767 2624 1879 2663 non
1937 2612 2058 2662 erat

349 2691 624 2742 sanctum
652 2702 667 2754 ;
694 2692 983 2761 quomodo
1006 2692 1260 2750 dicimus
1300 2697 1412 2753 Deo
1456 2697 1632 2767 Patri,
1673 2698 2059 2765 Sancti/iactor

350 2793 548 2831 nomen
580 2785 737 2833 tuum
768 2780 979 2850 (Matth.
1010 2799 1088 2850 v1,
1120 2784 1176 2855 9)
1206 2785 1233 2838 ‘I

414 2868 496 2921 10.
532 2866 595 2922 Si
627 2885 737 2925 non
765 2872 912 2938 facio
943 2889 1107 2943 opera
1161 2876 1341 2932 Patris
1371 2877 1500 2942 mei,
1529 2878 1698 2935 nolite
1748 2878 1891 2933 mihi
1935 2894 2056 2932 cre-

348 2955 480 3010 dere
510 2974 529 3010 :
559 2958 801 3013 siautem
825 2962 991 3029 facio,
1016 2966 1071 3017 et
1094 2964 1146 3018 si
1169 2964 1314 3021 mihi
1340 2981 1445 3022 non
1473 2967 1636 3023 vultis
1674 2967 1909 3031 credere,
1939 2981 2056 3038 ope-

350 3045 506 3100 ribus
536 3046 758 3118 credite,
791 3058 848 3105 ut
878 3055 1203 3123 cognoscatis
1232 3058 1284 3109 et
1310 3055 1549 3113 credatis
1579 3058 1712 3128 quia
1742 3058 1801 3114 in
1830 3074 1915 3113 me
1977 3071 2055 3118 est

344 3134 535 3204 Pater,
566 3145 617 3191 et
636 3152 730 3207 ego
751 3140 809 3193 in
842 3139 957 3197 illo.
983 3141 1106 3198 Non
1143 3142 1226 3198 sic
1256 3144 1399 3200 dicit
1427 3146 1628 3214 Filius,
1662 3148 1816 3204 inme
1845 3160 1925 3206 est
1947 3157 2052 3209 Pa-

344 3233 449 3293 ter,
483 3234 533 3281 et
564 3242 666 3298 ego
699 3228 755 3282 in
789 3229 907 3299 illo,
954 3232 1243 3301 quomodo
1277 3244 1520 3304 possunt
1546 3236 1809 3295 homines
1839 3242 2046 3298 dicere.

346 3315 399 3369 Si
433 3315 587 3371 enim
624 3317 769 3372 bene
799 3319 1143 3389 cogitemus,
1177 3321 1232 3376 in
1268 3322 1383 3379 Deo
1405 3334 1615 3383 sumus
1653 3348 1668 3396 ;
1702 3332 1759 3384 et
1805 3331 1852 3385 si
1906 3331 2052 3388 bene

343 3404 637 3473 vivamus,
661 3406 812 3463 Deus
845 3408 903 3463 in
936 3410 1104 3467 nobis
1127 3418 1242 3468 est:
1277 3413 1473 3471 fideles
1492 3417 1907 3490 participantes
1929 3422 2053 3493 ejus

341 3493 619 3565 gratiam,
654 3495 967 3554 illuminati
998 3501 1070 3557 ab
1103 3501 1252 3572 ipso,
1276 3502 1328 3557 in
1361 3503 1460 3559 illo
1489 3522 1718 3573 sumus,
1751 3518 1803 3565 et
1833 3510 1960 3583 ipse
1990 3512 2049 3568 in

341 3583 536 3639 nobis.
569 3587 679 3640 Sed
714 3603 831 3643 non
863 3587 947 3644 sic
982 3592 1311 3662 unigenitus
1335 3593 1544 3650 Filius:
1567 3597 1661 3654 ille
1694 3600 1750 3654 in
1779 3598 1965 3667 Patre,
1997 3614 2051 3659 et

341 3672 514 3729 Pater
544 3673 604 3730 in
646 3675 765 3744 illo,
802 3684 1073 3750 tanquam
1107 3682 1348 3753 aequalis
1381 3685 1435 3740 in
1469 3700 1535 3741 eo
1558 3688 1650 3742 cui
1672 3694 1759 3745 est
1787 3693 2046 3763 aequalis.

338 3764 607 3837 Denique
640 3784 744 3823 nos
774 3768 1088 3841 aliquando
1113 3789 1420 3844 possumus
1450 3777 1656 3846 dicere,
1692 3780 1749 3835 lu
1786 3784 1897 3838 Deo
1946 3802 2044 3840 su-

338 3870 497 3919 mus,
528 3860 586 3912 et
612 3856 765 3913 Deus
796 3859 855 3914 in
889 3861 1056 3916 nobis
1089 3878 1102 3916 :
1138 3864 1253 3935 Ego
1284 3870 1342 3920 et
1387 3867 1533 3922 Deus
1583 3885 1763 3925 unum
1814 3890 2044 3943 sumus,

339 3945 629 4016 numquid
664 3965 975 4019 possumus
1006 3951 1195 4008 dicere
1217 3954 1245 4009 ?
1278 3956 1337 4010 ln
1364 3958 1477 4012 Deo
1508 3974 1587 4027 es,
1631 3960 1769 4030 quia
1809 3964 1961 4018 Deus
1992 3969 2046 4020 te

340 4035 599 4091 continet
632 4053 646 4103 ;
697 4037 849 4094 Deus
879 4042 1052 4095 estin
1108 4048 1180 4107 te,
1213 4046 1354 4115 quia
1404 4048 1684 4117 templum
1728 4050 1825 4106 Dei
1863 4054 2046 4109 factus

336 4125 568 4180 cszsed
619 4127 895 4198 numquid
938 4129 1076 4200 quia
1108 4132 1164 4186 in
1203 4134 1312 4189 Deo
1360 4151 1443 4202 es,
1485 4142 1543 4192 et
1584 4142 1732 4193 Deus
1761 4148 1849 4195 est
1878 4142 1935 4196 in
1968 4149 2045 4214 te,

338 4219 505 4283 potes
536 4217 747 4283 dicere,
799 4218 901 4282 Qui
936 4237 1026 4275 me
1068 4222 1245 4288 videt,
1280 4224 1461 4281 Deum
1504 4226 1699 4284 videt:
1754 4234 2045 4301 quomodo

338 4299 688 4371 Unigenitus
718 4307 882 4367 dixit.
915 4308 1020 4376 Qui
1048 4326 1135 4365 me
1168 4312 1315 4373 vidit,
1348 4313 1485 4368 vidit
1506 4324 1555 4370 et
1584 4299 1808 4373 Patren:
1840 4320 2037 4390 (Joan.

331 4406 449 4462 xxv,
482 4391 540 4463 9)
575 4408 591 4459 ;
623 4399 698 4457 et,
732 4396 840 4463 Ego
868 4403 919 4451 et
948 4399 1111 4454 Pater
1142 4415 1313 4456 unum
1341 4419 1527 4458 sumus
1548 4408 1576 4459 ?
1603 4408 1863 4477 Agnosce
1921 4428 2044 4479 pro-

336 4482 531 4552 prium
582 4485 835 4553 Domini,
869 4490 925 4541 et
974 4504 1183 4544 munus
1233 4493 1403 4547 servi.
1440 4494 1738 4565 Proprium
1789 4499 2041 4568 Domini,

334 4574 423 4625 est
456 4572 757 4643 aequalitas
803 4577 989 4633 Patris
1024 4595 1037 4633 :
1084 4595 1299 4636 munus
1329 4583 1502 4651 servi,
1544 4590 1635 4641 est
1682 4588 2040 4661 participatio

332 4660 672 4718 Salvatoris.

406 4752 492 4840 11.
529 4752 853 4821 Qum-ebant
887 4773 1020 4830 ergo
1049 4775 1175 4814 eum
1217 4762 1638 4832 apprehendere.
1684 4765 1907 4823 Utinam
1935 4787 2039 4840 ap-

332 4839 775 4911 prehenderent,
842 4846 942 4900 sed
1002 4849 1289 4905 credendo
1344 4856 1402 4906 et
1464 4851 1861 4926 intelligendo,
1921 4839 2033 4913 non

330 4930 621 4985 saeviendo
633 4933 1031 4993 etoccidendo.
1047 4936 1191 4993 Nam
1210 4940 1401 5007 modo,
1426 4942 1633 4998 fratres
1654 4945 1785 5012 mei,
1801 4948 2034 5017 quando

328 5018 469 5073 talia
510 5018 738 5090 loquor,
770 5021 1042 5081 infirmus
1074 5027 1259 5095 fortia,
1284 5045 1494 5099 parvus
1528 5047 1760 5104 magna,
1812 5035 2033 5106 fragilis

330 5108 603 5179 solida,et
633 5126 732 5165 vos
784 5116 1067 5184 tanquam
1124 5133 1194 5173 ex
1222 5118 1425 5175 eadem
1458 5137 1653 5177 massa
1703 5124 1857 5179 unde
1901 5141 2031 5179 sum

330 5209 379 5255 ct
412 5216 549 5272 ego,
573 5204 631 5257 et
659 5204 807 5273 ego‘
840 5202 964 5275 ipse
994 5206 1093 5278 qui
1123 5207 1287 5264 vobis
1323 5209 1548 5282 loquor,
1601 5212 1774 5267 simul
1826 5230 2031 5273 omnes

332 5290 770 5362 apprehendere
791 5295 1058 5353 volumus
1079 5297 1391 5357 Christum.
1426 5303 1571 5368 Quid
1602 5308 1691 5359 est
1714 5305 2034 5375 apprehen-

332 5382 462 5438 dere
492 5384 520 5438 ?
550 5383 1382 5459 Intellexisti,apprehendisti.
1404 5393 1515 5449 Sed
1553 5410 1668 5449 non
1699 5394 1784 5451 sic
1812 5394 2027 5453 Judmi:

332 5476 389 5527 tu
420 5471 865 5545 apprehendisti
882 5475 1736 5553 ulbabeas,illiappreheudere
1759 5484 2029 5561 volebant

392 5593 409 5628 ι
430 5591 518 5643 Et.
538 5590 709 5657 Lugd.
742 5592 875 5645 Ven.
908 5596 1071 5648 semel
1098 5597 1298 5659 ferunt,
1318 5603 1368 5651 et
1400 5616 1511 5665 ego.
1575 5605 1645 5655 Μ.

1564 222 2031 286 TRAC'I‘ATUS
2075 227 2282 289 XLIX.
2333 231 2498 290 CAP.
2547 233 2647 291 Xl.

3732 247 3884 307 1746

2168 387 2227 436 ιιι
2255 400 2369 440 non
2404 384 2700 444 haberent.
2736 388 2799 444 Et
2829 389 2968 461 quia
2996 390 3081 447 sic
3114 392 3379 449 volebant
3412 397 3867 467 apprehendere,

2166 472 2301 543 quid
2334 474 2418 530 eis
2461 476 2640 532 fecit?
2668 478 2823 535 Exiit
2850 480 2917 535 de
2946 482 3201 537 manibus
3230 497 3437 538 eorum.
3470 484 3588 541 Non
3617 502 3750 543 eum
3785 505 3881 559 ap-

2166 561 2619 633 prehenderunt,
2681 568 2820 639 quia
2880 585 3093 625 manus
3154 571 3286 626 fidei
3337 590 3452 629 non
3521 575 3870 634 habuerunt.

2164 650 2416 709 Verbum
2434 670 2566 711 caro
2591 656 2803 712 factum
2830 666 2911 714 est
2931 660 3059 715 :sed
3084 675 3197 716 non
3222 673 3345 717 erat
3366 664 3553 720 Verbo
3574 681 3872 736 magnum,

2162 741 2368 811 ejicere
2381 760 2617 800 carnem
2633 762 2798 802 suam
2814 746 2883 804 de
2900 749 3173 806 manibus
3187 751 3400 808 carnis.
3419 752 3607 811 Mente
3620 754 3877 812 Verbum

2162 833 2619 902 apprehendere,
2646 834 2751 891 hoc
2774 844 2858 891 est
2889 837 3182 894 Christum
3216 846 3371 897 recte
3418 843 3872 914 apprehendere.

2239 921 2322 976 12.
2349 922 2410 977 Et
2438 924 2577 979 abiit
2600 924 2798 980 iterum
2820 931 2973 982 trans
2995 929 3313 1001 Jordanem,
3350 934 3407 986 in
3436 948 3561 988 eum
3587 934 3763 989 locum
3784 936 3879 990 ubi

2163 1016 2395 1070 Joannes
2427 1014 2713 1084 baptizans
2751 1016 3015 1087 primum,
3048 1023 3102 1074 et
3130 1022 3334 1074 mansit
3364 1024 3461 1075 ibi.
3512 1023 3573 1075 Et
3597 1024 3757 1079 multi
3787 1041 3879 1080 ve-

2166 1112 2366 1159 nerunt
2398 1104 2469 1158 ad
2499 1120 2641 1172 eum,
2677 1114 2725 1160 et
2753 1107 3005 1163 dicebant
3033 1126 3049 1160 :
3084 1111 3222 1173 Quia
3268 1112 3500 1166 Joannes
3541 1113 3760 1183 quidem
3808 1120 3877 1169 si-

2165 1192 2476 1263 gnum/‘ecit
2493 1193 2750 1248 nultum?
2768 1196 3115 1254 Meministis
3134 1198 3297 1255 vobis
3313 1200 3531 1256 dictum
3550 1201 3873 1269 deJoanne,

2168 1282 2551 1353 quialucerna
2563 1291 2703 1354 erat,
2721 1286 2899 1341 etdiei
2918 1288 3317 1346 testimonium
3334 1291 3870 1363 perhibebat(Joan.

2167 1389 2222 1442 v,
2253 1372 2346 1437 35,
2378 1373 2491 1441 33).
2525 1373 2670 1439 Quid
2704 1390 2837 1446 ergo
2869 1374 2963 1430 isti
2996 1378 3147 1447 apud
3184 1394 3248 1434 se
3298 1379 3586 1446 dixerunt,
3637 1383 3875 1438 Joannes

2164 1462 2389 1531 signum
2415 1465 2546 1532 fecit
2573 1464 2792 1518 nultum
2822 1468 2849 1518 ?
2875 1464 3134 1532 Nullum,
3185 1467 3480 1538 inquiunt,
3522 1468 3872 1525 miraculum

2166 1552 2422 1607 ostendit
2448 1554 2698 1608 Joannes
2732 1570 2744 1609 :
2783 1570 2894 1609 non
2927 1555 3213 1611 daemonia
3246 1556 3488 1627 fugavit,
3514 1574 3628 1612 non
3650 1560 3874 1629 expulit

2168 1638 2406 1704 febrem,
2440 1657 2555 1695 non
2586 1657 2765 1697 caecos
2789 1641 3163 1709 illuminavit,
3199 1660 3313 1699 non
3338 1653 3596 1701 mortuos
3619 1646 3873 1701 suscita-

2164 1727 2267 1794 vit,
2303 1745 2415 1782 non
2440 1732 2521 1783 tot
2547 1730 2732 1785 millia
2764 1731 3066 1788 hominum
3103 1733 3173 1787 de
3215 1732 3475 1804 quinque
3506 1733 3591 1790 vel
3644 1739 3871 1805 septem

2164 1818 2411 1888 panibus
2435 1818 2608 1889 pavit,
2645 1837 2758 1876 non
2790 1838 2969 1892 supra
3002 1838 3160 1878 mare
3181 1824 3521 1898 ambulavit,
3546 1841 3663 1881 non
3688 1827 3873 1881 ventis

2164 1909 2220 1963 et
2251 1907 2529 1963 fluctibus
2563 1909 2894 1979 imperavit;
2930 1911 3075 1967 nihil
3101 1911 3311 1968 horum
3341 1914 3746 1970 fecitJoaunes
3774 1931 3786 1968 :
3821 1921 3875 1971 et

2164 1998 2345 2051 totum
2364 1996 2653 2068 quidquid
2683 1997 3075 2067 dicebat,huic
3091 2002 3487 2058 testimonium
3510 2002 3869 2075 perhibebat.

2166 2085 2271 2141 Per
2298 2084 2595 2143 lucernam
2631 2088 2934 2145 veniamus
2965 2091 3033 2146 ad
3069 2091 3247 2147 diem.
3278 2092 3510 2147 Joannes
3547 2094 3760 2148 nultum
3789 2095 3874 2148 si—

2161 2190 2334 2245 gnum
2360 2177 2506 2245 fecit.
2537 2179 2739 2234 Omnia
2771 2186 2961 2235 autem
2990 2196 3347 2251 quaecumque
3374 2181 3517 2237 dixit
3557 2184 3790 2238 Joannes
3810 2182 3874 2237 de

2166 2268 2287 2329 hoc,
2320 2279 2447 2320 vera
2470 2270 2651 2321 erant.
2686 2267 2828 2323 Ecce
2856 2269 2957 2339 qui
2990 2270 3522 2338 apprehenderunt,
3568 2287 3681 2326 non
3735 2287 3871 2341 quo—

2167 2353 2339 2408 modo
2369 2353 2575 2411 Judaei.
2625 2356 2810 2411 Judaei
2871 2356 3138 2413 volebant
3183 2359 3620 2429 apprehendere
3677 2360 3869 2415 disce—

2167 2443 2426 2512 dentem,
2458 2446 2969 2516 apprehenderunt
3002 2448 3101 2503 isti
3134 2453 3590 2519 permanentem.
3612 2449 3872 2519 Denique

2168 2531 2306 2603 quid
2331 2534 2643 2604 sequitur?
2674 2538 2735 2591 Et
2756 2535 2920 2591 multi
2949 2536 3294 2592 crediderunt
3325 2539 3385 2593 in
3415 2553 3557 2593 euin.

2692 2660 3111 2717 TRACTA'I‘US
3152 2662 3347 2718 XLIX.

2168 2782 2328 2837 Abeo
2373 2783 2514 2853 quod
2562 2784 2783 2856 legitur,
2826 2786 2962 2841 Erat
3010 2790 3205 2843 autent
3267 2786 3507 2859 quidam
3560 2789 3867 2860 languens,

2240 2867 2515 2934 Lazarus;
2550 2886 2717 2941 usque
2746 2870 2814 2925 ad
2848 2870 2921 2941 id,
2946 2870 3096 2927 Abiit
3132 2873 3189 2927 in
3242 2873 3536 2944 regionem
3564 2875 3729 2944 juxta
3777 2877 3871 2929 de-

2239 2963 2473 3024 sertum,
2508 2958 2563 3014 in
2598 2961 2884 3017 civitatem
2920 2979 3049 3033 qua:
3094 2963 3308 3019 dicitur
3364 2963 3635 3035 Ephrem,
3686 2968 3741 3019 et
3791 2963 3868 3018 ibi

2241 3051 2575 3107 morabatur
2597 3068 2727 3107 cum
2762 3051 3068 3123 discipulis
3113 3054 3259 3110 suis.
3297 3055 3426 3126 Cap.
3470 3072 3549 3122 ιι,
3613 3056 3663 3124 ᾗ.
3720 3055 3866 3109 1-54.

2238 3176 2289 3231 1.
2324 3174 2478 3230 lnter
2508 3178 2703 3231 omnia
2736 3177 3014 3232 miracula
3045 3194 3175 3248 qua:
3212 3179 3346 3234 fecit
3372 3181 3644 3235 Dominus
3676 3185 3871 3234 noster

2160 3264 2330 3320 Jesus
2359 3264 2639 3331 Christus,
2676 3266 2865 3320 Lazari
2900 3267 3245 3322 resurrectio
3268 3268 3554 3338 praecipue
3586 3268 3870 3339 praedica-

2162 3356 2275 3407 tur.
2302 3353 2413 3409 Sed
2429 3355 2476 3408 si
2494 3356 2866 3410 attendamus
2887 3354 3022 3426 quis
3044 3355 3258 3421 fecerit,
3284 3354 3560 3410 delectari
3588 3357 3867 3411 debemus

2164 3439 2350 3509 potius
2374 3458 2548 3511 quam
2586 3442 2802 3497 mirari.
2826 3441 2923 3498 llle
2945 3442 3249 3497 suscitavit
3267 3442 3585 3508 hominem,
3611 3442 3708 3511 qui
3736 3443 3868 3495 fecit

2165 3529 2458 3585 hominem
2494 3548 2505 3583 :
2543 3531 2664 3601 ipse
2694 3532 2845 3586 enim
2878 3537 2964 3586 est
2996 3530 3210 3586 Unicus
3250 3530 3455 3595 Patris,
3508 3548 3609 3599 per
3664 3545 3864 3600 quem,

2160 3618 2315 3674 sicut
2338 3621 2543 3687 nostis,
2566 3623 2712 3675 facta
2732 3630 2865 3675 sunt
2897 3621 3112 3674 omnia.
3146 3620 3205 3674 Si
3236 3635 3372 3689 ergo
3398 3635 3497 3689 per
3528 3618 3689 3673 illum
3715 3620 3865 3675 facta

2160 3715 2299 3763 sunt
2327 3709 2531 3777 omnia,
2563 3710 2701 3780 quid
2737 3711 2945 3765 mirum
2986 3716 3076 3764 est
3122 3712 3165 3762 si
3214 3709 3531 3763 resurrexit
3562 3724 3715 3763 unus
3765 3726 3863 3780 per

2162 3796 2348 3859 illum.
2381 3815 2514 3854 cuni
2533 3805 2617 3854 tot
2646 3799 2901 3870 quotidie
2924 3803 3236 3853 nascantur
3270 3814 3367 3867 per
3392 3799 3555 3851 illum
3580 3797 3754 3852 ?Plus
3775 3804 3863 3853 est

2160 3887 2427 3944 homines
2456 3906 2651 3945 creare
2698 3906 2876 3960 quam
2926 3892 3287 3944 resuscitare.
3324 3894 3607 3959 Dignatus
3647 3898 3731 3942 est
3780 3897 3862 3943 ta-

2159 3994 2288 4032 men
2317 3991 2367 4033 et
2390 3995 2587 4034 creare
2617 3984 2673 4035 et
2720 3981 3109 4046 resuscitare;
3155 3995 3346 4034 creare
3378 3995 3603 4042 omnes,
3661 3995 3860 4033 resus-

2156 4070 2332 4125 citare
2362 4069 2672 4141 quosdam.
2710 4069 2851 4126 Nam
2885 4087 3017 4125 eum
3063 4069 3245 4124 multa
3302 4073 3532 4124 fecisset
3579 4069 3860 4123 Dominus

2154 4156 2345 4224 Jesus,
2363 4176 2475 4214 non
2493 4164 2689 4215 omnia
2711 4162 2926 4230 scriptu
2949 4165 3114 4225 sunt;
3134 4160 3286 4214 sicut
3304 4160 3456 4213 idem
3475 4161 3595 4228 ipse
3619 4167 3858 4212 sanctus

2154 4249 2409 4304 Joannes
2437 4248 2794 4320 evangelista
2837 4254 3081 4303 testatur
3135 4247 3315 4301 multa
3365 4247 3648 4315 Dominus
3697 4245 3859 4299 Chri-

2156 4343 2314 4393 stum
2345 4346 2401 4393 et
2423 4339 2639 4393 dixisse
2670 4345 2728 4393 et
2758 4340 3104 4407 fecisseque
3133 4336 3357 4405 scripta
3377 4352 3487 4389 non
3514 4341 3651 4388 sunt
3672 4334 3853 4404 (Joan.

2154 4444 2246 4494 xx,
2276 4429 2409 4493 30):
2453 4429 2633 4484 electo
2675 4439 2808 4482 sunt
2848 4432 3037 4481 autem
3090 4442 3217 4495 qua
3268 4423 3677 4487 scriberentur,
3731 4440 3855 4493 qua:

2152 4518 2330 4573 saluti
2361 4518 2723 4572 credentium
2748 4517 3010 4572 sufﬁcere
3033 4515 3396 4569 videbantur.
3428 4512 3652 4567 Audisti
3695 4514 3851 4567 enim

2152 4608 2290 4677 quia
2324 4608 2602 4661 Dominus
2632 4606 2805 4662 Jesus
2841 4610 3097 4659 mortuos
3129 4603 3430 4657 suscitavit
3462 4602 3717 4657 :sufflcit
3748 4602 3852 4657 tibi

2150 4704 2208 4752 ut
2240 4696 2392 4753 scias
2416 4698 2552 4768 quia
2583 4697 2629 4751 si
2662 4694 2851 4759 vellet,
2886 4709 3090 4750 omnes
3138 4701 3395 4748 mortuos
3434 4691 3755 4748 suscitaret.
3785 4692 3853 4746 Et

2149 4785 2259 4842 hoc
2290 4786 2520 4856 quidem
2555 4785 2668 4843 sibi
2708 4786 2778 4841 ad
2840 4785 3015 4840 finem
3066 4783 3260 4839 saeculi
3323 4782 3654 4839 reservavit.
3704 4781 3848 4836 Nam

2147 4892 2321 4947 quem
2352 4876 2603 4932 audistis
2634 4891 2843 4947 magno
2880 4871 3163 4929 miraculo
3194 4872 3649 4944 quatriduanum
3697 4886 3851 4925 mor-

2145 4974 2315 5027 tuum
2349 4969 2666 5025 suseitasse
2694 4968 2766 5023 de
2817 4965 3106 5037 sepulcro,
3139 4966 3325 5019 veniet
3356 4963 3519 5029 hora,
3540 4961 3692 5016 sicut
3726 4959 3849 5030 ipse

2146 5060 2244 5125 ait,
2276 5058 2490 5129 quando
2532 5073 2713 5113 omnes
2759 5057 2854 5128 qui
2898 5062 3023 5111 sunt
3078 5055 3139 5109 in
3185 5052 3573 5117 monumentis,
3623 5048 3849 5102 audient

2143 5164 2324 5205 vocem
2353 5150 2479 5218 ejus
2509 5157 2559 5203 et
2587 5147 2899 5217 precedent.
2936 5140 3321 5199 Resuscitavit
3369 5142 3697 5209 putantem,
3745 5138 3845 5193 sed

2142 5244 2338 5295 tamen
2370 5240 2430 5294 in
2458 5238 2735 5294 cadavere
2766 5242 2999 5304 putente
3020 5230 3211 5286 adhuc
3251 5236 3369 5283 erat
3427 5226 3610 5281 forma
3663 5242 3849 5283 mem-

2144 5331 2377 5387 brorum
2411 5346 2426 5389 ;
2458 5327 2554 5383 ille
2584 5326 2642 5381 in
2668 5321 3092 5380 novissimodie
3112 5321 3181 5375 ad
3208 5334 3378 5374 unam
3405 5331 3601 5373 vocem
3622 5315 3845 5374 cineres

2141 5423 2230 5475 est
2266 5418 2641 5471 restituturus
2671 5414 2728 5466 in
2751 5428 3005 5467 carnem.
3052 5410 3161 5464 Sed
3193 5406 3529 5479 opportebat
3562 5410 3627 5461 ut
3674 5408 3845 5462 modo

2140 5507 2337 5579 aliqua
2366 5506 2602 5571 faceret,
2636 5501 2848 5574 quibus
2868 5501 3015 5557 datis
3044 5499 3201 5557 velut
3221 5516 3334 5555 suae
3356 5498 3843 5557 virtutieindiciis

2139 5596 2446 5655 credamus
2478 5594 2534 5649 in
2568 5608 2725 5660 eum,
2756 5594 2815 5648 et
2845 5592 2915 5647 ad
2950 5590 3108 5647 illam
3154 5589 3631 5649 resurrectionem
3690 5604 3844 5660 prae-
