4178 6192
317 251 477 310 1749

306 386 547 443 minus:
587 387 861 459 quoniam
895 389 1110 445 absens
1141 394 1284 456 erat,
1317 391 1479 444 trans
1506 387 1824 443 Jordanem
1859 382 2018 441 scili-

304 479 414 531 cet.
451 476 738 533 Miserunt
768 478 838 533 ad
872 478 1205 547 Dominum,
1239 478 1576 534 nuntiantes
1607 475 1762 550 quod
1784 477 2020 546 aegrota-

304 569 393 620 ret
423 567 594 622 frater
625 583 823 624 earum
850 583 864 623 :
895 573 958 624 ut
987 569 1034 624 si
1058 569 1402 640 dignaretur
1425 567 1668 634 veniret,
1701 570 1759 623 et
1789 579 1922 621 eum
1946 563 2016 618 ab

306 654 654 725 aegritudine
684 655 974 713 liberaret.
1011 656 1113 714 ille
1145 656 1371 714 distulit
1400 672 1629 724 sanare,
1680 671 1796 711 non
1827 656 2021 726 posset

311 742 678 797 resuscitare.
714 743 860 811 Quid
905 760 1040 817 ergo
1083 744 1557 801 renuntiaverunt
1587 759 1809 800 sorores
1839 742 1968 812 ejus
1991 739 2019 793 ?

313 832 561 899 Domine,
588 849 705 890 ecce
731 851 892 906 quem
937 852 1091 891 amas
1138 835 1502 905 imﬁrmatnr.
1553 834 1676 890 Non
1726 833 2016 895 dixerunt,

308 921 496 979 Veni:
531 924 749 980 amanti
789 925 944 981 enim
991 927 1395 982 tantummodo
1446 924 1839 981 nuntiandum
1891 921 2014 977 fuit.

309 1011 432 1066 Non
485 1029 641 1068 ause
690 1017 830 1070 sunt
886 1013 1096 1082 dicere,
1148 1015 1313 1082 Veni,
1347 1019 1404 1070 et
1453 1031 1598 1070 sana
1638 1031 1651 1070 :
1716 1029 1830 1070 non
1864 1028 2015 1068 ausas

303 1106 451 1158 sunt
480 1102 697 1167 dicere,
747 1103 832 1159 lbi
872 1104 1035 1175 jube,
1080 1108 1137 1160 et
1167 1103 1259 1160 hic
1292 1104 1411 1160 ﬁet.
1457 1104 1572 1159 Cur
1604 1102 1756 1160 enim
1807 1118 1922 1158 non
1962 1107 2019 1156 et

303 1188 450 1256 istas,
485 1192 535 1246 si
578 1192 720 1248 lides
770 1192 930 1249 illius
978 1193 1345 1250 Centurionis
1389 1192 1524 1247 inde
1568 1191 1838 1247 laudatur
1867 1193 1894 1246 ?
1925 1190 2018 1246 Ait

303 1281 465 1336 enim
492 1299 505 1335 :
540 1283 657 1338 Non
682 1298 807 1338 sum
833 1282 1031 1354 dignus
1055 1286 1113 1338 ut
1143 1283 1312 1339 intres
1332 1282 1429 1338 sub
1459 1289 1664 1338 tectum
1695 1297 1897 1351 meum,
1928 1281 2018 1336 sed

305 1375 530 1426 tantum
561 1371 647 1427 dic
675 1373 856 1440 verbo,
889 1381 939 1428 et
967 1372 1258 1429 sanabitur
1303 1388 1436 1445 puer
1461 1387 1611 1427 meus
1650 1371 1858 1442 (Matth.
1897 1387 2016 1440 un,

305 1462 365 1527 8,
403 1461 507 1530 10).
541 1460 696 1516 Nihil
731 1462 939 1519 horum
971 1463 1115 1529 istae,
1147 1463 1247 1519 sed
1293 1461 1721 1529 tantummodo,
1769 1459 2014 1526 Domine,

305 1566 429 1606 ecce
467 1566 628 1621 quam
654 1568 808 1607 amas
856 1552 1196 1622 inﬁrmatur.
1253 1550 1481 1608 Sufﬁcit
1512 1554 1575 1606 ut
1612 1550 1836 1606 noveris
1862 1568 1876 1618 ;
1901 1566 2014 1604 non

305 1639 468 1694 enim
499 1657 683 1711 amas,
733 1645 792 1697 et
821 1642 1062 1700 deseris.
1109 1641 1259 1698 Dicit
1303 1640 1510 1712 aliquis
1544 1658 1558 1698 :
1592 1640 1888 1706 Quomodo
1920 1655 2018 1710 per

305 1730 586 1786 Lazarum
639 1739 904 1801 peccator
953 1732 1416 1806 signiﬁcabatur,
1468 1735 1525 1788 et
1568 1748 1601 1786 a
1639 1731 1882 1787 Domino
1931 1730 2017 1786 sic

303 1819 663 1875 amabatur?
712 1821 925 1878 Audiat
985 1837 1118 1878 eum
1165 1821 1472 1891 dicentem,
1511 1821 1628 1876 Non
1680 1821 2016 1876 vcnivocarc

296 1912 501 1978 iustos,
540 1910 630 1967 sed
656 1918 964 1979 peccatores
994 1912 1102 1982 (td.
1137 1929 1214 1982 ix,
1251 1913 1358 1984 13).
1390 1912 1446 1966 Si
1496 1910 1652 1967 enim
1686 1914 2016 1983 peccatores

309 1999 462 2055 Deus
519 2017 633 2056 non
682 2005 925 2068 amaret,
978 2000 1048 2058 de
1097 2000 1237 2059 ctelo
1282 2001 1350 2056 ad
1397 2005 1580 2057 terras
1629 2016 1746 2057 non
1787 2000 2018 2056 descen-

305 2091 490 2146 deret.

378 2182 432 2236 6.
471 2181 704 2237 Audiens
749 2186 936 2238 autem
980 2184 1156 2250 lesus,
1201 2181 1344 2239 dixit
1388 2180 1466 2238 eis
1486 2199 1507 2236 :
1557 2180 1854 2250 lnﬁrmitas
1895 2179 2016 2238 haec

304 2287 414 2326 non
447 2279 525 2327 est
555 2274 625 2327 ad
681 2277 928 2337 mortem,
965 2274 1056 2330 sed
1101 2289 1200 2344 pro
1236 2274 1416 2344 gloria
1445 2273 1560 2341 Dei,
1590 2280 1648 2326 ut
1677 2273 2016 2342 gloriﬁcetur

303 2361 485 2416 Filius
516 2362 629 2417 Dei.
664 2361 818 2418 Talis
847 2361 1187 2436 gloriﬁcatio
1229 2363 1413 2434 ipsius
1445 2379 1559 2419 non
1593 2362 1783 2432 ipsum
1831 2361 2010 2423 auxit,

302 2451 405 2506 sed
440 2451 607 2509 nobis
640 2452 870 2523 profuit.
911 2453 1028 2510 lloc
1058 2469 1194 2526 ergo
1235 2453 1334 2524 ait,
1385 2469 1494 2510 non
1540 2460 1618 2510 est
1663 2452 1734 2508 ad
1765 2460 2010 2517 mortem,

299 2540 442 2611 quia
473 2546 526 2597 et
557 2540 680 2613 ipsa
703 2557 858 2598 more
889 2557 1004 2599 non
1027 2548 1151 2598 erat
1171 2543 1242 2598 ad
1277 2549 1518 2598 mortem
1544 2561 1557 2611 ;
1583 2542 1683 2597 sed
1717 2541 1907 2612 potius
1939 2539 2008 2596 ad

295 2630 803 2702 miraculum,quo
819 2631 967 2688 facto
992 2632 1290 2689 crederent
1317 2631 1584 2688 homines
1606 2631 1662 2685 in
1691 2630 2006 2698 Christum,

292 2724 352 2776 et
383 2722 634 2778 vitarent
663 2738 859 2778 veram
892 2726 1156 2779 mortem.
1209 2723 1360 2779 Sane
1407 2721 1600 2777 videte
1629 2722 2006 2791 quemadmo-

289 2811 436 2867 dum
472 2817 749 2883 tanquam
803 2829 871 2868 ex
920 2811 1156 2883 obliquo
1205 2811 1487 2868 Dominus
1539 2812 1716 2866 Deum
1750 2826 1811 2866 se
1841 2811 2006 2878 dixit,

291 2906 532 2972 propter
558 2903 841 2972 quosdam
867 2901 963 2973 qui
993 2904 1207 2973 negant
1233 2900 1439 2957 Filium
1472 2899 1652 2956 Deum
1685 2915 1830 2956 esse.
1858 2899 2004 2956 Nam

291 2995 435 3048 sunt
468 2991 718 3048 haeretici
769 2991 870 3062 qui
919 2990 1023 3047 hoc
1074 2995 1308 3062 negant,
1359 2989 1514 3062 quod
1569 2988 1750 3044 Filius
1793 2988 1889 3044 Dei
1927 2989 2005 3046 sit

296 3082 469 3138 Deus.
508 3083 646 3136 Ecce
676 3081 966 3137 audiant:
997 3079 1301 3150 lnﬁrmitas
1347 3080 1485 3145 hac,
1527 3078 1735 3150 inquit,
1778 3095 1886 3135 non
1925 3087 2006 3136 est

292 3172 373 3225 ad
396 3175 651 3239 mortem,
695 3171 785 3227 sed
825 3186 930 3243 pro
975 3169 1157 3241 gloria
1206 3171 1330 3226 Dei.
1384 3171 1506 3234 Qua
1543 3167 1730 3240 gloria
1758 3168 1785 3221 ?
1835 3168 2003 3238 cujus

292 3259 398 3316 Dei
429 3259 458 3314 ?
488 3261 640 3316 Audi
678 3260 829 3334 quod
862 3259 1162 3332 sequitur:
1218 3260 1278 3317 Ut
1307 3258 1648 3330 gloriﬁcetur
1675 3257 1851 3314 Filius
1880 3262 1998 3314 Dei.

291 3349 604 3418 lnﬁrmitas
633 3351 908 3422 ergohaec,
941 3351 1152 3423 inquit,
1176 3366 1284 3406 non
1314 3354 1392 3406 est
1421 3349 1493 3405 ad
1515 3355 1766 3416 mortem,
1798 3347 1890 3404 sed
1903 3365 2002 3420 pro

288 3435 479 3507 gloria
530 3439 646 3505 Dei,
699 3447 758 3494 ut
821 3439 1161 3511 gloriﬁcetur
1205 3439 1375 3494 Filius
1435 3438 1529 3494 Dei
1571 3453 1670 3510 per
1713 3453 1850 3494 eam.
1899 3437 2004 3495 Per

288 3543 469 3599 quam
494 3528 521 3582 ?
552 3527 658 3584 Per
685 3527 846 3584 illam
878 3529 1296 3585 infirmitatem.

359 3621 411 3673 7.
447 3618 726 3685 Ditigebat
782 3628 964 3677 autem
1005 3623 1130 3677 Jesu
1170 3618 1460 3686 Mai-thum,
1501 3627 1552 3676 et
1608 3632 1853 3676 sororem
1885 3621 2002 3690 ejus

285 3708 542 3774 Mariam,
577 3718 626 3765 et
657 3710 949 3767 Lazarum.
980 3709 1080 3766 Ille
1101 3709 1405 3781 languens,
1430 3708 1538 3765 illa:
1563 3709 1777 3776 tristes,
1801 3725 2000 3764 omnes

283 3795 528 3853 dilecti:
580 3799 675 3853 sed
734 3797 1009 3871 diligebat
1037 3814 1137 3855 eos
1184 3803 1240 3855 et
1288 3797 1692 3871 languentium
1725 3796 1998 3863 salvator,

279 3889 406 3944 imo
438 3889 616 3944 etiam
670 3893 1031 3947 mortuorum
1063 3889 1390 3956 suscitator,
1421 3896 1475 3944 et
1505 3887 1762 3943 tristium
1790 3904 1998 3944 conso-

283 3981 457 4039 lator.
492 3982 557 4036 Et
586 3996 714 4051 ergo
744 3983 962 4038 audivit
990 3980 1124 4054 quia
1164 3981 1569 4051 inﬁrmabatur,
1619 3986 1751 4036 tunc
1778 3978 2000 4051 quidem

285 4071 500 4127 mansit
545 4074 606 4129 in
651 4073 834 4130 eodem
878 4074 992 4129 loco
1038 4072 1250 4128 duobus
1321 4069 1527 4127 diebus.
1577 4069 2000 4126 Nuntiaverunt

284 4178 426 4231 ergo
450 4161 562 4230 illi;
596 4164 815 4220 mansit
833 4162 954 4220 illic
971 4161 1335 4219 illeztamdiu
1359 4165 1590 4232 tempus
1618 4161 1862 4216 ductum
1885 4164 1997 4226 est,

286 4270 601 4326 quousque
630 4254 1006 4326 quatriduum
1026 4251 1434 4325 compleretur.
1468 4251 1595 4306 Non
1612 4250 1848 4319 frustra,
1885 4249 1998 4306 nisi

283 4342 424 4414 quia
471 4343 639 4411 torte,
685 4344 801 4400 imo
851 4343 992 4417 quia
1016 4346 1170 4400 certe
1215 4346 1273 4399 et
1306 4344 1428 4413 ipse
1460 4356 1740 4397 numerus
1771 4338 1996 4396 dierum

284 4431 523 4488 intimat
553 4431 787 4505 aliquod
827 4435 1278 4489 sacramentum.
1329 4428 1530 4486 Deinde
1555 4430 1672 4500 post
1713 4427 1827 4483 haec
1862 4426 1998 4483 dicit

285 4521 488 4578 iterum
502 4522 786 4595 discipulis
805 4524 946 4591 suis,
973 4525 1173 4581 Eamus
1194 4523 1252 4576 in
1272 4519 1559 4577 Judaeum:
1589 4516 1683 4573 ubi
1708 4532 1852 4589 pene
1875 4518 1996 4574 fue-

284 4617 373 4668 rat
389 4611 708 4683 lapidatus,
723 4615 822 4686 qui
843 4617 1143 4684 propterea
1163 4610 1297 4667 inde
1319 4607 1660 4665 discessisse
1673 4606 1995 4677 videbatur,

283 4719 358 4760 ne
385 4702 769 4774 lapidaretur.
821 4702 1100 4758 Discessit
1150 4701 1307 4756 enim
1341 4701 1403 4754 ut
1428 4698 1602 4754 homo
1634 4717 1648 4766 ;
1681 4698 1782 4754 sed
1817 4697 1874 4752 in
1907 4713 1996 4754 re-

285 4793 522 4849 deundo
567 4793 734 4865 quasi
765 4792 982 4850 oblitus
1004 4790 1429 4857 inﬁrmitatem,
1461 4787 1712 4845 ostendit
1743 4792 1996 4858 potesta-

281 4886 425 4938 tem.
463 4885 687 4951 Eamus,
719 4882 926 4956 inquit,
958 4884 1018 4938 in
1051 4883 1326 4939 Judaeum.
1653 4943 1658 4946 _

353 4973 410 5027 8.
447 4972 663 5028 Deinde
694 4973 800 5028 hoc
849 4973 1023 5040 dicto,
1071 4971 1261 5027 videte
1291 4967 1787 5041 quemadmodum
1817 4966 1994 5023 disci-

286 5062 404 5134 puli
433 5062 623 5118 territi
673 5062 907 5119 fuerint.
941 5064 1132 5118 Dicunt
1158 5061 1211 5118 ei
1265 5058 1564 5130 discipuli:
1611 5058 1806 5125 Babbi,
1847 5073 1994 5114 nunc

284 5153 610 5222 quaerebant
654 5156 706 5209 te
737 5155 924 5209 ,Ιαᾱωὶ
969 5152 1237 5224 lapidare,
1282 5155 1336 5206 et
1375 5151 1575 5205 iterum
1617 5148 1768 5205 vadis
1808 5146 1992 5203 illuc?

285 5243 578 5314 Respondit
625 5245 818 5303 Iesus:
887 5246 1075 5302 Nonne
1120 5242 1403 5299 duodecim
1457 5245 1588 5295 sunt
1646 5239 1791 5295 horae
1837 5237 1992 5292 diei?

280 5333 426 5397 Quid
463 5334 575 5391 sibi
607 5335 732 5392 vult
761 5336 872 5392 ista
921 5335 1216 5407 responsio
1243 5336 1271 5391 ?
1326 5333 1414 5391 Illi
1441 5332 1731 5400 dixerunt,
1765 5330 1910 5387 Modo
1939 5338 1992 5388 te

283 5423 534 5495 lapidare
571 5424 826 5482 volebant
846 5424 1039 5495 Judaei,
1060 5427 1112 5481 el
1149 5427 1352 5481 iterum
1380 5424 1516 5481 illuc
1538 5421 1708 5489 vadis,
1743 5428 1807 5479 ut
1837 5427 1890 5480 te
1913 5419 1990 5474 la-

281 5517 481 5586 pident
508 5515 537 5570 ?
569 5517 632 5572 Et
664 5515 958 5586 Dominus,
991 5518 1184 5575 Nonne
1200 5515 1478 5573 duodecim
1509 5515 1660 5572 horae
1687 5514 1989 5574 suntdiei?

279 5606 336 5664 Si
360 5609 488 5681 quis
516 5609 886 5667 ambulaverit
914 5613 971 5666 in
987 5609 1094 5678 die,
1113 5619 1223 5666 non
1247 5607 1499 5680 oﬂ'endit,
1521 5608 1653 5678 quia
1680 5606 1856 5664 lucem
1885 5608 1987 5667 hu-

1478 248 1941 312 TRACTATUS
1989 249 2186 310 XLIX.
2236 247 2490 312 CAPUT
2533 250 2633 310 XI.

3686 248 3839 311 1750

2123 387 2224 455 jus
2249 385 2443 441 mundi
2473 386 2653 442 videt:
2683 387 2730 441 si
2766 393 2952 443 autem
2973 386 3340 444 ambulaverit
3371 387 3428 442 in
3460 394 3634 453 nocte,
3669 387 3846 457 oﬂ‘en~

2129 475 2230 544 dit,
2264 478 2394 550 quia
2430 478 2527 533 lux
2555 494 2662 534 non
2693 487 2770 534 est
2793 482 2852 534 in
2880 494 2962 535 eo.
2990 479 3069 535 De
3099 479 3190 535 die
3213 479 3441 549 quidem
3470 476 3702 532 locutus
3726 479 3835 541 cst,

2130 567 2228 622 sed
2274 567 2330 622 in
2364 571 2560 624 nostra
2583 567 2961 639 intelligentia
2982 569 3144 640 quasi
3170 569 3360 624 adhuc
3392 585 3504 624 nox
3530 571 3636 623 est.
3665 568 3832 621 Invo—

2129 671 2328 712 cemus
2359 656 2532 724 diem,
2567 661 2630 713 ut
2659 656 2907 730 expellat
2937 664 3185 725 noctem,
3221 664 3274 713 et
3306 674 3403 714 cor
3441 656 3659 713 lumine
3700 654 3830 709 illuc

2129 751 2294 802 stret.
2337 749 2481 813 Quid
2523 749 2679 804 enim
2728 750 3010 805 Dominus
3047 751 3237 806 dicere
3267 748 3503 805 voluit?
3533 750 3827 814 Quantum

2128 836 2272 892 mihi
2303 837 2549 906 videtur,
2582 843 2870 910 quantum
2893 839 3157 896 sublucet
3179 838 3419 894 altitudo
3444 836 3835 911 profunditas-

2129 928 2576 999 quesententize,
2605 930 2944 1001 redarguere
2960 929 3135 984 voluit
3156 927 3389 984 illorum
3413 927 3833 984 dubitationem

2127 1024 2179 1071 et
2209 1016 2631 1075 inﬁdelitatem.
2676 1018 2997 1074 Voluerunt
3025 1018 3180 1074 enim
3205 1017 3516 1074 consilium
3554 1017 3695 1074 dare
3727 1022 3837 1071 Do-

2129 1107 2286 1161 mino
2314 1123 2382 1162 ne
2416 1112 2753 1176 moreretur,
2789 1110 2887 1180 qui
2921 1113 3154 1164 venerat
3193 1108 3362 1177 mori,
3395 1123 3467 1163 ne
3499 1107 3608 1178 ipsi
3653 1122 3839 1161 more-

2129 1199 2348 1250 rentur.
2383 1195 2474 1251 Sic
2516 1196 2690 1252 etiam
2731 1198 2983 1268 quodam
3034 1197 3148 1253 alio
3199 1197 3323 1252 loco
3354 1198 3559 1252 Petrus
3601 1203 3837 1251 sanctus

2127 1283 2373 1355 diligens
2406 1284 2742 1349 Dominum,
2776 1285 2876 1341 sed
2923 1285 3109 1341 adhuc
3144 1301 3257 1340 non
3300 1285 3464 1356 plene
3505 1283 3836 1356 intelligens

2127 1390 2229 1429 cur
2253 1375 2524 1438 venisset,
2557 1374 2750 1429 timuit
2781 1391 2851 1429 ne
2884 1382 3219 1440 moreretur,
3263 1378 3319 1429 et
3356 1374 3482 1428 vitae
3514 1373 3830 1445 displicuit,

2127 1462 2185 1518 id
2235 1466 2338 1530 est,
2389 1463 2498 1534 ipsi
2550 1463 2833 1520 Domino:
2888 1480 3019 1518 nam
3052 1480 3184 1518 cum
3223 1463 3500 1518 indicaret
3531 1463 3836 1534 discipulis

2127 1554 2277 1624 quod
2312 1561 2459 1610 esset
2480 1553 2854 1626 Jerosolymis
2887 1570 3168 1625 passurus
3200 1571 3232 1608 a
3261 1553 3475 1609 Judaeis
3501 1556 3538 1618 ¹,
3591 1569 3833 1624 respon-

2127 1643 2213 1699 dit
2245 1644 2442 1699 Petrus
2476 1644 2627 1700 inter
2656 1647 2911 1709 caeteros,
2958 1648 3014 1700 et
3063 1643 3159 1709 ait,
3209 1643 3358 1699 Absit
3405 1651 3537 1711 ate,
3588 1643 3836 1708 Domine,

2123 1735 2394 1805 propitius
2412 1733 2517 1788 tibi
2536 1738 2666 1802 esto,
2689 1749 2797 1790 non
2819 1734 2908 1804 ﬁet
2934 1733 3092 1790 istud.
3118 1734 3188 1789 Et
3209 1733 3484 1790 continuo
3530 1733 3838 1800 Dominus,

2128 1823 2264 1880 Redi
2301 1832 2418 1894 post
2449 1838 2550 1889 me,
2599 1831 2845 1890 satanas,
2876 1841 2990 1878 non
3020 1826 3164 1879 enim
3199 1825 3346 1895 sapis
3394 1838 3518 1895 quae
3549 1825 3646 1880 Dei
3689 1830 3840 1890 sunt,

2124 1914 2216 1972 sed
2236 1931 2355 1987 quae
2389 1913 2698 1969 hominum.
2730 1914 2794 1968 Et
2825 1913 3000 1987 paulo
3023 1918 3156 1970 ante
3180 1913 3462 1969 confitens
3503 1913 3711 1969 Filium
3738 1911 3838 1969 Dei

2127 2006 2356 2061 laudem
2390 2008 2677 2061 meruerat
2712 2020 2724 2059 :
2768 2003 3029 2060 audierat
3085 2003 3263 2063 enim,
3300 2004 3495 2059 Beatus
3539 2019 3614 2070 es,
3651 2002 3835 2059 Simon

2126 2097 2237 2151 Bar
2262 2096 2418 2163 Jona,
2454 2093 2583 2166 quia
2615 2109 2726 2149 non
2767 2092 2868 2149 tibi
2907 2093 3169 2150 reuelauit
3199 2109 3324 2148 caro
3382 2099 3434 2149 et
3471 2095 3712 2163 sanguis,
3744 2093 3835 2148 sed

2126 2186 2287 2241 Pater
2313 2200 2462 2240 meus
2515 2183 2610 2255 qui
2661 2186 2719 2238 in
2765 2183 2912 2239 caelis
2961 2188 3033 2239 est
3079 2182 3286 2246 (Matth.
3337 2183 3690 2253 xvx,16-23).
3724 2183 3830 2237 Cui

2123 2273 2361 2341 dixerat,
2397 2276 2590 2329 Beatus
2620 2289 2712 2339 es;
2745 2271 2828 2326 illi
2856 2273 3018 2342 dicit,
3046 2271 3173 2327 Redi
3205 2281 3368 2341 retro,
3397 2276 3658 2327 satanas:
3691 2271 3827 2342 quia

2123 2365 2326 2421 beatus
2358 2381 2391 2419 a
2420 2380 2481 2419 se
2512 2379 2626 2419 non
2658 2370 2798 2430 erat,
2833 2363 2942 2418 Sed
2969 2362 3118 2418 unde
3139 2363 3166 2416 ?
3198 2360 3334 2428 Quia
3365 2377 3472 2416 non
3504 2361 3600 2416 tibi
3623 2363 3826 2417 revela-

2121 2459 2198 2513 vit
2225 2471 2354 2512 caro
2384 2465 2434 2511 et
2481 2457 2726 2526 sanguis,
2757 2455 2847 2509 setl
2903 2455 3072 2508 Pater
3099 2469 3248 2507 meus
3294 2455 3390 2523 qui
3440 2454 3498 2506 in
3541 2453 3692 2508 ctelis
3722 2463 3822 2507 est.

2121 2549 2259 2603 Ecce
2293 2547 2446 2602 unde
2480 2545 2698 2615 beatus,
2733 2562 2842 2600 non
2869 2544 2939 2598 de
2969 2548 3087 2610 tuo,
3122 2544 3220 2598 sed
3252 2544 3320 2598 de
3354 2558 3499 2597 meo.
3536 2543 3659 2598 Non
3689 2541 3826 2612 quia

2121 2638 2287 2694 Pater
2316 2652 2442 2710 ego,
2475 2635 2572 2690 sed
2623 2634 2762 2706 quia
2821 2632 3015 2688 omnia
3063 2649 3189 2704 quae
3241 2631 3417 2686 habet
3464 2635 3650 2699 Pater,
3699 2647 3824 2686 mea

2118 2732 2255 2783 sunt
2296 2727 2472 2797 (Joan.
2514 2741 2629 2789 xvr,
2693 2724 2798 2793 15).
2849 2721 2906 2776 Si
2956 2722 3158 2776 beatus
3216 2721 3287 2776 de
3318 2720 3504 2791 ipsius
3555 2719 3818 2784 Domini;

2117 2820 2348 2872 satanas
2379 2813 2675 2883 decujus?
2708 2812 2791 2867 Ibi
2825 2810 3000 2866 dicit:
3026 2809 3310 2864 rationem
3335 2809 3547 2880 quippe
3573 2807 3825 2863 reddidit

2116 2903 2509 2969 beatitudinis,
2545 2907 2608 2957 ut
2637 2901 2870 2968 diceret,
2894 2904 3013 2956 Non
3041 2914 3171 2956 caro
3201 2900 3248 2953 et
3279 2896 3504 2968 sanguis
3536 2896 3636 2950 tibi
3669 2912 3822 2951 reve-

2117 2995 2251 3050 lavit
2293 2994 2417 3059 hoc,
2472 2991 2562 3046 sed
2611 2993 2781 3048 Pater
2827 3005 2979 3046 meus
3027 2990 3123 3060 qui
3162 2988 3218 3042 in
3251 2986 3400 3042 caelis
3431 2990 3549 3041 est:
3585 2985 3706 3042 haec
3737 2992 3827 3042 est

2116 3100 2290 3140 causa
2319 3082 2696 3139 beatitudinis
2719 3085 2852 3137 tuae.
2887 3079 3050 3146 Quod
3074 3095 3203 3135 vero
3232 3078 3369 3148 dixi,
3396 3077 3524 3133 Redi
3560 3081 3676 3148 post
3717 3093 3825 3142 me,

2114 3182 2358 3240 satanas,
2392 3173 2527 3228 audi
2554 3171 2724 3227 etiam
2753 3171 2931 3240 hujus
2956 3169 3034 3225 rei
3069 3185 3342 3225 causam:
3391 3167 3507 3222 Non
3537 3169 3685 3222 enim
3725 3184 3826 3223 sa-

2110 3268 2197 3336 pis
2227 3279 2351 3336 quae
2384 3264 2477 3318 Dei
2505 3269 2656 3330 sunt,
2677 3259 2765 3316 sed
2782 3275 2901 3331 qua:
2940 3267 3065 3314 sunt
3097 3258 3358 3313 hominis.
3392 3261 3572 3311 Nemo
3605 3272 3738 3328 ergo
3763 3274 3824 3311 se

2115 3355 2347 3427 palpet;
2382 3356 2451 3409 de
2483 3369 2589 3409 uo
2621 3357 2854 3408 satanas
2884 3353 2987 3417 est,
3020 3349 3091 3404 de
3121 3347 3222 3404 Dei
3271 3349 3473 3404 beatus
3524 3351 3632 3401 est.
3675 3346 3820 3413 Quid

2112 3450 2200 3501 est
2232 3446 2386 3501 enim
2432 3444 2504 3500 de
2551 3459 2678 3507 suo,
2731 3441 2843 3498 nisi
2890 3441 2960 3495 de
2987 3446 3216 3512 peccato
3249 3454 3356 3493 suo
3378 3437 3404 3491 ?
3428 3436 3590 3492 Tolle
3621 3451 3830 3506 pecca—

2113 3542 2258 3604 tum,
2293 3535 2447 3606 quod
2494 3538 2580 3590 est
2629 3538 2811 3590 tuum.
2861 3529 3115 3594 Justitia,
3148 3526 3356 3599 inquit,
3389 3526 3459 3582 de
3493 3541 3618 3580 meo
3654 3528 3742 3580 est
3774 3527 3826 3570 2-

2111 3629 2260 3696 Quid
2291 3627 2447 3684 enim
2480 3626 2657 3681 habes
2705 3624 2857 3696 quod
2891 3638 3005 3677 non
3045 3618 3319 3690 accepisti
3372 3617 3419 3689 (Ι
3451 3617 3570 3672 Cor.
3605 3633 3679 3686 1v,
3709 3617 3764 3688 7)
3794 3616 3819 3668 ?

2109 3721 2253 3774 Cum
2281 3734 2415 3789 ergo
2465 3715 2676 3772 vellent
2708 3715 2844 3769 dare
2892 3709 3205 3767 consilium
3238 3707 3501 3763 homines
3531 3707 3667 3774 Deo,
3696 3705 3817 3760 dis-

2111 3807 2286 3880 cipuli
2318 3807 2613 3878 magistro,
2663 3804 2810 3861 servi
2849 3801 3114 3866 Domino,
3164 3797 3361 3869 aegroti
3392 3796 3654 3864 medico;
3697 3812 3818 3852 cor-

2112 3901 2291 3973 ripuit
2320 3916 2440 3966 eos,
2471 3903 2525 3955 et
2556 3897 2657 3966 ait,
2692 3897 2882 3952 Nonne
2913 3892 3197 3949 duodecim
3225 3891 3374 3947 hora
3405 3893 3533 3945 sunt
3563 3887 3673 3943 diei
3702 3895 3728 3940 Ρ
3757 3888 3820 3944 Si

2111 3993 2234 4065 quis
2263 3990 2632 4046 ambulaverit
2666 3990 2721 4043 in
2762 3986 2876 4054 die,
2907 4000 3016 4041 non
3063 3981 3309 4055 offendit.
3360 3980 3451 4036 Me
3481 3978 3815 4052 sequimini,

2112 4082 2162 4137 si
2194 4098 2307 4137 non
2340 4077 2514 4134 vultis
2552 4077 2880 4134 offendere:
2916 4071 3093 4130 nolite
3139 4071 3279 4126 mihi
3314 4069 3628 4126 consilium
3660 4071 3816 4133 dare,

2106 4190 2255 4246 quos
2287 4191 2318 4228 a
2344 4187 2434 4226 me
2465 4168 2777 4226 consilium
2809 4170 3034 4238 oportet
3055 4163 3334 4234 accipere.
3370 4165 3490 4226 Quo
3523 4176 3657 4232 ergo
3678 4176 3814 4228 per-

2105 4263 2270 4330 tinet,
2299 4262 2487 4318 Nonne
2531 4257 2816 4314 duodecim
2847 4258 3000 4312 hora:
3027 4261 3156 4309 sunt
3183 4250 3339 4307 diei?
3387 4249 3528 4315 Quia
3561 4253 3621 4302 ut
3660 4248 3814 4302 diem

2107 4367 2168 4408 se
2198 4365 2326 4406 esse
2357 4348 2708 4416 ostenderet,
2742 4344 3040 4400 duodecim
3061 4339 3374 4410 discipulos
3402 4336 3597 4406 elegit.
3627 4335 3683 4391 Si
3707 4352 3810 4407 ego

2104 4457 2258 4505 sum.
2290 4440 2503 4511 inquit,
2535 4438 2680 4503 dies,
2730 4441 2788 4491 et
2826 4451 2927 4490 vos
2976 4433 3149 4497 horae,
3186 4427 3471 4498 numquid
3507 4427 3658 4481 horae
3693 4425 3809 4482 diei

2103 4530 2408 4587 consilium
2431 4530 2572 4583 dant
2601 4527 2628 4582 “t
2658 4526 2819 4582 Hora:
2850 4524 2998 4578 diem
3032 4523 3381 4590 sequuntur,
3418 4532 3533 4572 non
3566 4515 3688 4571 dics
3715 4517 3810 4570 hoc

2103 4637 2220 4677 ras.
2252 4620 2309 4675 Si
2342 4634 2478 4688 ergo
2524 4615 2607 4671 illi
2654 4615 2830 4682 horas,
2872 4611 3012 4681 quid
3042 4608 3121 4665 ibi
3152 4608 3331 4664 Judas
3352 4606 3379 4662 ?
3409 4605 3474 4662 Et
3503 4605 3628 4678 ipse
3659 4603 3806 4661 inter

2102 4709 2409 4767 duodecim
2442 4707 2614 4762 horas
2637 4704 2663 4758 ‘t
2703 4704 2761 4761 Si
2811 4702 2951 4757 hora
2989 4704 3132 4767 erat,
3167 4697 3400 4754 lucebat
3429 4713 3444 4765 ;
3472 4696 3520 4752 si
3554 4696 3805 4764 lucebat,

2102 4798 2391 4873 quomodo
2421 4797 2577 4852 diem
2602 4796 2668 4850 ad
2695 4797 2934 4850 mortem
2955 4789 3222 4846 tradebat
3250 4785 3277 4843 τ
3311 4787 3418 4844 Sed
3451 4786 3806 4843 Dominusin

2101 4890 2211 4948 hoe
2236 4889 2411 4947 verbo
2434 4903 2548 4944 non
2568 4887 2763 4958 ipsum
2788 4882 3028 4946 Judam,
3062 4879 3161 4936 sed
3195 4892 3590 4933 successorem
3622 4875 3809 4946 ipsius

2101 4979 2471 5052 pravidebat.
2518 4975 2672 5033 Juda
2716 4973 2865 5030 enim
2917 4970 3157 5026 cadente
3190 4966 3470 5023 successit
3515 4963 3808 5028 Matthiae,

2100 5076 2158 5128 et
2189 5068 2584 5126 duodenarius
2607 5081 2882 5122 numerus
2906 5061 3122 5119 mansit
3152 5059 3290 5130 (Act.
3322 5073 3360 5122 ι,
3384 5055 3500 5124 26).
3525 5054 3649 5111 Non
3674 5069 3810 5125 ergo

2099 5162 2318 5218 frustra
2349 5157 2658 5216 duodecim
2681 5155 2996 5228 discipulos
3017 5147 3506 5222 elegitDominus,
3536 5145 3648 5200 nisi
3671 5145 3808 5216 quia

2097 5252 2224 5323 ipse
2254 5246 2572 5322 spiritualis
2601 5251 2689 5303 est
2717 5247 2858 5302 dies.
2909 5244 3238 5314 Sequantur
3263 5252 3398 5308 ergo
3430 5236 3587 5292 hora:
3625 5235 3800 5301 diem,

2098 5340 2403 5412 praedicent
2435 5339 2586 5394 horas
2613 5337 2789 5403 diem,
2835 5335 2989 5389 horse
3037 5329 3404 5386 illustrantur
3439 5343 3471 5381 a
3501 5325 3612 5395 die,
3643 5327 3798 5384 horas

2161 5431 2177 5468 ι
2206 5431 2262 5477 In
2295 5441 2385 5476 sex
2414 5427 2554 5484 Mss.,
2576 5426 2710 5490 quid
2728 5427 2857 5490 esset
2871 5435 3137 5490 passurus.

2160 5494 2181 5527 ²
2207 5493 2424 5562 limes“
2443 5491 2524 5539 ετ-
2545 5481 2954 5562 Ρῖιεξςςυιεεοῖιμ.
2973 5486 3119 5562 hanc
3147 5483 3319 5562 19°99]
3341 5496 3358 5562 ξ
3384 5481 3798 5562 τριιερερςτιίυηι

2131 5554 2237 5605 uod
2252 5557 2325 5602 est
2343 5560 2512 5613 tuum,
2532 5548 2756 5613 iustitia,
2779 5549 2972 5615 inquit,
2993 5548 3056 5599 tle
3084 5559 3194 5597 meo
3223 5549 3312 5598 est.
3341 5548 3466 5599 Lov.
3492 5552 3615 5611 post
3633 5554 3797 5606 tuum,

2131 5572 2233 5605 υοα
2252 5572 2324 5602 εει
2343 5572 2512 5613 tuum,
2532 5572 2756 5613 [usuum
2779 5572 2970 5615 enquu,

2097 5572 2203 5670 duo
2239 5619 2442 5682 puncta
2474 5616 2844 5679 interponunt.
2901 5612 2970 5664 Μ.
