4148 6190
328 249 480 312 1751

323 385 725 441 illuminc-ntur
769 402 802 439 a
833 383 946 449 die,
994 387 1049 437 et
1098 398 1193 451 per
1246 382 1509 438 horarum
1558 385 2025 455 praedicationem

325 478 522 531 credat
556 475 808 529 mundus
841 473 898 527 in
932 473 1105 528 diem.
1135 473 1247 526 Hoc
1280 489 1415 543 ergo
1446 474 1528 529 ait
1559 475 1629 531 de
1661 475 2028 547 compendio,

326 565 416 621 Me
447 564 783 635 sequimini,
817 563 865 619 si
896 580 1009 618 non
1042 561 1219 617 vultis
1251 560 1558 618 oti'endere.

393 657 446 710 9.
484 657 545 711 Et
564 663 681 727 post
709 656 807 710 hoc
844 652 979 709 dicit
1007 653 1082 707 eis
1114 670 1131 706 :
1164 653 1404 707 Lazarus
1450 656 1657 709 amicus
1699 660 1875 710 noster
1903 654 2031 710 dor-

327 748 429 799 mit
461 766 477 809 ;
507 744 597 801 sed
628 747 781 806 vado,
819 753 875 796 ut
906 760 935 797 a
966 758 1155 797 somno
1186 743 1415 796 excitem
1436 758 1576 797 eum.
1610 747 1825 799 Verum
1868 744 2028 801 dixit.

324 834 634 891 Sororibus
665 836 925 887 mortuus
943 835 1081 899 erat,
1108 830 1353 885 Domino
1387 832 1729 889 dormiebat.
1764 834 2029 889 Homini-

320 925 430 979 bus
473 928 735 979 mortuus
767 929 915 988 erat,
949 922 1049 993 qui
1080 937 1213 975 cum
1247 920 1529 977 suscitare
1582 940 1694 978 non
1730 932 2027 994 poterant:

320 1031 454 1069 nam
493 1014 765 1068 Dominus
789 1016 949 1066 tanta
970 1028 1104 1065 eum
1131 1010 1397 1067 facilitate
1420 1011 1712 1067 excitabat
1743 1014 1811 1067 de
1844 1014 2030 1085 sepul-

318 1116 433 1163 cro,
470 1103 686 1168 quanta
708 1103 766 1153 tu
794 1116 906 1153 non
939 1098 1155 1154 excitae
1179 1099 1564 1155 dormientem
1586 1101 1653 1156 de
1688 1101 1852 1157 lecto.
1884 1103 2028 1171 Ergo

318 1189 637 1243 secundum
690 1188 1005 1259 potentiam
1056 1206 1222 1244 suam
1254 1189 1398 1242 dixit
1429 1190 1848 1245 dormientem:
1893 1194 2029 1263 quia

319 1282 373 1331 et
399 1277 492 1331 alii
512 1277 725 1332 mortui
746 1278 1034 1333 dictisunt
1057 1278 1112 1332 in
1138 1277 1453 1349 Scripturis
1477 1295 1629 1351 saape
1650 1279 2026 1347 dormientes,

319 1366 471 1421 sicut
501 1365 817 1437 Apostolus
841 1366 1003 1433 dicit,
1038 1367 1109 1421 De
1139 1366 1538 1422 dormientibus
1571 1379 1755 1423 autem
1788 1372 1917 1425 nolo
1940 1388 2026 1428 vos

322 1454 602 1522 ignorare,
627 1456 846 1523 fratres,
876 1461 933 1508 ut
966 1469 1073 1509 non
1122 1454 1544 1525 contristsmini,
1585 1457 1727 1510 sicut
1758 1466 1807 1512 et
1837 1460 2029 1514 σιτισνὶ

321 1546 414 1613 qui
443 1560 591 1614 spem
620 1560 727 1599 non
757 1543 963 1598 habent
986 1544 1026 1611 (l
1064 1544 1236 1599 Thess.
1258 1561 1336 1611 vr,
1367 1545 1472 1612 l2).
1508 1545 1640 1601 Ideo
1664 1546 1864 1619 ctipse
1895 1548 2024 1604 dor-

322 1631 568 1686 mientes
599 1631 928 1703 appellavit,
962 1631 1099 1703 quia
1131 1638 1559 1691 resurrecturos
1598 1639 2023 1706 praenuntiavit.

322 1721 544 1775 Dormit
574 1738 707 1792 ergo
740 1721 931 1777 omnis
964 1726 1248 1790 mortuus,
1282 1727 1337 1778 et
1368 1723 1555 1779 bonus
1578 1729 1633 1779 et
1667 1724 1874 1781 malus.
1915 1729 2022 1783 Sed

318 1811 610 1882 quomodo
660 1812 903 1867 interest
949 1810 1006 1866 in
1041 1812 1183 1883 ipsis
1217 1813 1315 1883 qui
1348 1814 1608 1884 quotidie
1646 1816 1943 1873 dormiunt
1971 1824 2026 1875 et

318 1909 648 1969 exsurgunt,
684 1901 820 1971 quid
847 1900 1095 1973 quisque
1120 1900 2026 1964 videatinsomniszalilsentiunt

315 1991 443 2046 laeta
475 1991 721 2053 somnia,
756 1990 853 2044 alii
888 1990 1239 2060 torquentia,
1266 1990 1341 2046 ita
1369 1996 1429 2045 ut
1459 1992 1739 2063 evigilans
1771 1996 2023 2053 dormire

316 2081 535 2144 timeat,
563 2097 632 2135 ne
657 2080 727 2135 ad
752 2079 877 2150 ipsa
900 2078 1107 2135 iterum
1136 2081 1366 2136 redeat:
1391 2080 1473 2136 sic
1497 2086 1900 2157 unusquisque
1930 2086 2025 2142 ho-

316 2170 536 2225 minum
567 2186 699 2223 cum
733 2184 906 2223 causa
927 2185 1033 2223 sua
1056 2169 1289 2237 dormit,
1314 2186 1446 2226 cum
1470 2188 1644 2227 causa
1666 2191 1768 2229 sua
1814 2176 2022 2247 surgit.

316 2261 381 2312 Et
410 2256 651 2312 interest
680 2256 839 2325 quali
868 2256 1131 2311 custodia
1153 2256 1397 2328 quisque
1420 2258 1745 2331 recipiatur,
1771 2264 1841 2318 ad
1869 2264 2025 2334 judi-

318 2364 440 2403 cem
476 2349 673 2417 postea
702 2345 1130 2416 producendus.
1163 2351 1305 2401 Nam
1341 2355 1392 2401 et
1436 2351 1790 2420 rcceptiones
1820 2353 1878 2408 in
1910 2371 2022 2410 cu-

317 2437 503 2493 stodia
527 2454 630 2508 pro
655 2437 877 2493 meritis
901 2453 1207 2493 causarum
1235 2437 1621 2495 adhibentur:
1648 2441 2025 2513 aliosjubeu-

320 2530 415 2579 tur
446 2526 740 2581 custodire
774 2526 1027 2590 lictores,
1050 2526 1369 2579 humanum
1407 2532 1459 2582 et
1491 2528 1627 2583 mite
1647 2531 1901 2585 ofﬁcium
1935 2538 2024 2587 at-

320 2632 433 2685 que
465 2614 663 2681 civile;
699 2613 796 2668 alii
824 2613 1130 2669 traduntur
1151 2614 1507 2683 optionibus'
1545 2637 1559 2685 ;
1594 2617 1691 2671 alii
1717 2620 2027 2676 mittuntur

320 2706 377 2761 in
414 2721 739 2761 carcerem:
774 2709 829 2758 et
860 2704 917 2759 in
950 2704 1076 2775 ipso
1126 2720 1351 2759 carcere
1401 2722 1513 2761 non
1548 2724 1771 2778 omnes,
1805 2712 1902 2767 sed
1926 2730 2028 2783 pro

326 2794 545 2850 meritis
578 2795 907 2864 graviorum
939 2810 1249 2849 causarum
1284 2794 1340 2848 in
1378 2796 1497 2851 ima
1518 2800 1764 2855 carceris
1794 2808 2030 2857 contru-

322 2884 561 2939 duntur.
613 2882 773 2939 Sicut
800 2898 934 2953 ergo
965 2881 1198 2938 diversas
1226 2883 1493 2939 custodia:
1527 2888 1820 2958 agentium
1861 2890 1918 2945 in
1950 2892 2030 2947 of-

321 2972 491 3039 ficio;
526 2972 606 3027 sic
650 2972 887 3028 diversae
934 2972 1209 3027 custodia:
1282 2979 1662 3041 mortuorum,
1696 2983 1751 3032 et
1799 2980 2027 3039 diVersa

320 3062 527 3118 merita
558 3061 1005 3132 resurgentium.
1037 3065 1318 3133 Receptus
1344 3068 1432 3118 est
1489 3081 1720 3135 pauper,
1762 3076 2023 3142 receptus

315 3159 398 3205 est
425 3151 620 3206 dives:
657 3150 757 3206 sed
789 3149 963 3206 illein
999 3150 1190 3206 sinum
1214 3152 1491 3221 Abrahm;
1538 3153 1632 3210 ille
1669 3156 1763 3211 ubi
1814 3158 2022 3229 sitiret,

311 3245 368 3296 et
400 3246 622 3313 guttam
655 3258 769 3297 non
802 3240 1087 3297 inveniret
1120 3244 1267 3311 (Luc.
1314 3260 1429 3309 xvr,
1463 3244 1675 3315 23-24).

384 3332 468 3386 10.
508 3331 734 3387 Habent
762 3347 896 3403 ergo
928 3347 1130 3386 omnes
1153 3331 1381 3402 animas,
1403 3340 1463 3387 ut
1485 3350 1551 3387 ex
1584 3335 1689 3391 hac
1713 3338 2018 3396 occasione

310 3421 598 3503 instruam
632 3418 981 3475 Charitatem
1013 3424 1287 3487 vestram,
1312 3420 1524 3477 habent
1554 3440 1755 3480 omnes
1785 3427 2017 3494 animas,

310 3530 442 3568 cum
506 3512 576 3566 de
625 3513 835 3567 saaculo
884 3511 1146 3579 exierint,
1179 3510 1433 3568 diversas
1465 3515 1820 3587 receptiones
1859 3535 2017 3575 suas.

312 3601 534 3657 Habent
580 3600 861 3671 gaudium
919 3600 1107 3669 bonae,
1161 3601 1324 3655 male
1372 3606 1677 3660 tormenta.
1725 3608 1835 3662 Sed
1882 3626 2015 3665 cum

311 3693 462 3746 facta
494 3689 663 3744 fuerit
686 3688 1051 3755 resurrectio,
1074 3693 1131 3744 et
1150 3687 1434 3745 bonorum
1462 3693 1739 3763 gaudium
1763 3697 2016 3767 amplius

310 3776 438 3839 erit,
471 3779 527 3829 et
574 3774 862 3829 malorum
905 3780 1192 3831 tormenta
1248 3778 1546 3849 graviora;
1599 3783 1833 3850 quando
1882 3800 2013 3841 cum

308 3876 547 3932 corpore
594 3862 1040 3931 torquebuntur.
1107 3864 1337 3934 Reccpti
1383 3873 1521 3921 sunt
1552 3868 1607 3922 in
1664 3886 1803 3939 pace
1833 3874 2012 3930 sancti

308 3949 676 4017 Patriarchaa,
708 3951 1027 4020 Prophetas,
1068 3953 1343 4023 Apostoli,
1380 3954 1676 4029 Martyres,
1710 3959 1844 4015 boui
1876 3963 2014 4019 tide-

309 4036 430 4104 les;
464 4052 666 4093 omnes
699 4039 893 4092 tamen
924 4038 1111 4092 adhuc
1142 4038 1198 4092 in
1233 4040 1346 4094 {ine
1375 4043 1666 4112 accepturi
1700 4051 1833 4102 sunt
1858 4051 2010 4119 quod

307 4125 563 4197 promisit
596 4126 746 4182 Deus
779 4142 792 4181 :
824 4126 1112 4199 promissa
1142 4127 1296 4183 enim
1338 4133 1424 4185 est
1472 4135 1815 4191 resurrectio
1842 4137 2012 4194 etiam

304 4217 517 4282 carnis,
552 4218 755 4272 mortis
787 4217 1183 4291 consumptio,
1210 4218 1323 4273 vita
1353 4222 1568 4276 eterna
1590 4236 1721 4277 cum
1753 4225 2011 4297 Angelis.

302 4310 418 4365 Hoc
449 4323 652 4364 omnes
676 4306 849 4363 simul
867 4309 1157 4378 accepturi
1181 4323 1423 4365 sumus:
1448 4326 1583 4365 nam
1608 4314 1862 4383 requiem
1887 4333 2013 4387 qua!

305 4397 582 4455 continuo
620 4403 743 4469 post
777 4403 1019 4454 mortem
1052 4397 1243 4464 datur,
1295 4398 1343 4454 si
1374 4415 1441 4455 ea
1486 4399 1701 4472 dignus
1732 4406 1840 4469 est,
1875 4408 2015 4462 tunc

309 4486 522 4558 accipit
553 4486 801 4557 quisque
834 4502 963 4541 cum
988 4486 1249 4542 moritur.
1281 4486 1505 4544 Priores
1533 4500 1877 4563 acceperunt
1908 4494 2011 4550 Pa-

306 4575 606 4631 triarchae:
658 4575 840 4631 videte
896 4592 965 4631 ex
1021 4594 1134 4647 quo
1204 4577 1618 4647 requiescunt:
1665 4582 2013 4652 posteriores

306 4664 625 4733 Prophetas,
674 4664 960 4719 recentius
990 4665 1268 4735 Apostoli,
1300 4667 1478 4723 multo
1511 4669 1853 4728 recentiores
1882 4690 2013 4729 san-

304 4752 379 4809 cti
414 4752 718 4824 Martyres,
752 4752 1008 4822 quotidie
1041 4754 1172 4810 boni
1208 4754 1423 4812 ﬁdeles.
1456 4757 1524 4812 Et
1555 4757 1651 4814 alii
1684 4759 1743 4815 in
1784 4761 1892 4817 ista
1923 4779 2010 4818 re-

305 4843 440 4915 quie
464 4843 586 4914 jam
619 4842 718 4899 diu
749 4842 945 4910 sunt’,
966 4842 1064 4898 alii
1089 4859 1203 4900 non
1230 4848 1349 4900 tam
1368 4845 1492 4913 diu,
1515 4846 1613 4903 alii
1636 4850 2010 4922 paucioribus

304 4934 495 5003 annis,
528 4933 626 4990 alii
676 4948 778 4989 nec
831 4932 1047 4989 recenti
1098 4937 1372 5006 tempore.
1432 4935 1577 4993 Cum
1628 4954 1760 4996 vero
1801 4940 1873 4998 ab
1905 4942 2010 5000 hoc

366 5067 381 5099 1
408 5063 463 5134 in
477 5061 719 5134 Messape!-
741 5061 769 5109 ὁ
788 5060 1038 5134 scribitur
1058 5060 1352 5134 obtionibus
1368 5079 1384 5111 :
1403 5069 1677 5134 corrupte;
1701 5079 1821 5117 nam
1841 5070 2009 5134 optio-

300 5138 394 5198 nes
408 5126 587 5199 Varro.
608 5125 1339 5199 Isidorusal‘iiqueputautab
1356 5125 1594 5199 optando
1617 5125 1902 5199 dictos,qui
1928 5131 2007 5199 ni-

300 5189 494 5253 mirum
517 5186 1234 5253 electiessentdeenrionum
1261 5186 1558 5253 administri
1585 5194 1639 5239 et
1656 5186 1928 5253 adjutores
1950 5193 2003 5242 in

298 5261 355 5295 re
379 5250 611 5315 militari.
646 5252 789 5314 lique
820 5252 980 5315 variis
1014 5254 1279 5315 preterea
1305 5251 1503 5300 muniis
1534 5250 1966 5315 praeﬁciebantur
1993 5270 2005 5304 :

301 5311 443 5385 unde
461 5316 588 5383 sunt
603 5311 849 5385 cptiones
863 5311 1184 5385 _fabricaa,_et
1201 5314 1358 5385 ofﬁcii
1381 5316 1490 5363 sive
1514 5311 1758 5385 carceris,
1781 5332 1887 5381 quo
1922 5332 2007 5382 po-

302 5376 498 5419 stremo
532 5374 828 5432 signiﬁcatu
862 5377 949 5425 hic
981 5378 1361 5426 nominantur:
1389 5391 1593 5429 necnon
1628 5379 1681 5428 in
1704 5374 2003 5432 Comment.

302 5445 466 5505 super
496 5433 692 5505 Ephesi
726 5452 842 5505 cap.
861 5441 927 5505 μ..
952 5441 1090 5490 inter
1124 5440 1392 5505 Ambrosii
1440 5454 1621 5505 Opera,
1670 5441 1755 5492 bis
1784 5444 1963 5495 verbis
1997 5457 2011 5496 :

307 5511 327 5540 α
360 5495 763 5573 Dequegt’qulus
785 5495 836 5547 et
858 5495 991 5573 sitas
1008 5506 1218 5564 tempus
1236 5495 1579 5559 distulerunt,
1602 5495 1713 5569 quo
1735 5495 2011 5570 optionem

304 5576 331 5601 «
364 5558 590 5621 carceris
618 5558 971 5621 baptizarent.
1004 5581 1030 5607 »ι

369 5618 494 5669 2Sic
516 5618 705 5681 plures“
726 5621 848 5671 Mss.
881 5624 950 5673 At
989 5625 1133 5683 editi,
1169 5627 1370 5678 tamdiu
1398 5632 1554 5685 sunt;
1586 5633 1639 5681 et
1672 5633 1829 5694 paulo
1855 5632 2011 5694 intra,

1277 249 1357 307 IN
1401 246 1721 310 JOANNIS
1770 248 2308 316 EVANGELIUM,
2358 248 2422 310 S.
2471 244 2901 309 AUGUSTINI

3695 238 3853 300 1752

2140 400 2350 439 somno
2382 382 2759 453 evigilabunt,
2780 379 2953 434 simul
2980 391 3183 434 omnes
3203 377 3353 447 quod
3378 376 3738 448 promissum
3763 379 3855 433 est

2143 474 2432 545 accepturi
2459 476 2616 527 sunt.

2215 562 2297 616 tt.
2349 562 2585 617 Lazarus
2614 561 2828 616 amicus
2859 562 3040 614 noster
3090 556 3345 623 dormit;
3387 557 3481 612 sed
3510 554 3670 621 vada,
3721 561 3782 611 ut
3819 572 3857 610 a

2138 670 2324 710 somno
2354 655 2582 709 excitem
2614 668 2758 709 eum.
2786 648 3054 705 Dixerunt
3074 663 3198 720 ergo
3222 645 3526 717 discipuli:
3559 647 3853 718 quomodo

2140 742 2569 809 intellexerunt,
2602 741 2686 797 sic
2734 738 3195 810 responderunt:
3244 737 3487 804 Domine,
3536 738 3589 791 si
3625 734 3854 806 dormit,

2138 834 2320 890 salvus
2350 835 2475 888 erit.
2508 830 2663 886 Solet
2682 829 2835 884 enim
2861 844 2985 883 esse
3007 843 3252 883 somnus
3278 825 3672 897 aagrotantium
3697 825 3853 881 salu-

2141 924 2211 978 tis
2244 921 2548 977 indicium.
2587 921 2808 974 Diceret
2837 919 3018 973 autem
3065 917 3213 972 Iesus
3246 916 3312 971 de
3350 919 3523 970 morte
3567 915 3724 985 ejus;
3754 914 3854 969 illi

2140 1020 2328 1067 autem
2374 1011 2704 1081 putaverunt
2758 1007 2901 1078 quod
2929 1006 2992 1061 de
3033 1004 3362 1060 dormitione
3407 1004 3582 1059 somni
3623 1003 3846 1059 diceret.

2143 1102 2283 1156 Tunc
2306 1116 2443 1171 ergo
2472 1097 2613 1153 dixit
2646 1098 2723 1153 eis
2751 1098 2903 1152 Iesus
2939 1095 3255 1165 mani/este.
3296 1092 3659 1148 Subobscure
3688 1092 3849 1149 enim

2139 1191 2380 1257 dixerat,
2414 1190 2656 1245 dormit:
2691 1188 2771 1243 ait
2800 1202 2935 1257 ergo
2974 1184 3298 1251 manifeste,
3325 1184 3567 1238 Lazarus
3601 1188 3855 1239 mortuus

2138 1288 2217 1335 est
2240 1298 2257 1333 :
2288 1287 2341 1335 et
2365 1279 2574 1349 gaudeo
2598 1279 2819 1349 propter
2848 1291 2962 1343 vos,
2994 1279 3053 1329 ut
3084 1274 3323 1345 credatis
3343 1290 3364 1334 ;
3396 1272 3527 1343 quia
3558 1286 3662 1327 non
3697 1287 3855 1326 eram

2139 1369 2231 1424 ibi.
2268 1370 2330 1424 Et
2361 1368 2480 1424 scio
2502 1366 2640 1439 quia
2674 1370 2941 1421 mortuus
2970 1369 3076 1433 est,
3112 1367 3168 1419 et
3196 1379 3306 1420 non
3336 1361 3417 1418 ibi
3448 1377 3608 1417 eram
3643 1379 3655 1416 :
3699 1377 3857 1433 aeger

2136 1460 2310 1525 enim,
2345 1476 2458 1514 non
2493 1461 2774 1527 mortuus,
2798 1456 2981 1510 fuerat
3005 1453 3326 1509 nuntiatus.
3352 1452 3459 1507 Sed
3487 1450 3625 1522 quid
3647 1450 3857 1506 lateret

2136 1566 2268 1604 eum
2303 1547 2401 1619 qui
2434 1550 2746 1612 creaverat,
2769 1549 2825 1599 et
2846 1545 2914 1599 ad
2938 1544 3109 1614 cujus
3134 1558 3344 1598 manus
3370 1540 3569 1596 anima
3592 1539 3854 1596 morien-

2134 1640 2209 1694 tis
2238 1638 2455 1693 exierat
2483 1636 2510 1690 ‘l
2542 1636 2659 1691 IIoc
2691 1639 2779 1690 est
2809 1634 2963 1705 quod
2994 1632 3098 1699 ait,
3129 1630 3349 1688 Gaudeo
3385 1634 3612 1701 propter
3641 1645 3754 1695 vos,
3785 1637 3855 1685 ut

2132 1727 2406 1791 credatis;
2432 1726 2564 1796 quia
2588 1740 2698 1780 non
2732 1722 2812 1779 ibi
2841 1739 2996 1777 eram
3019 1739 3038 1776 :
3063 1725 3127 1776 ut
3148 1720 3270 1791 jam
3302 1720 3622 1791 inciperent
3650 1718 3853 1773 admi—

2134 1817 2270 1883 rari,
2296 1817 2433 1888 quia
2466 1814 2743 1870 Dominus
2779 1813 2967 1885 potuit
2997 1810 3189 1866 dicere
3214 1816 3532 1876 mortuum,
3566 1809 3718 1880 quod
3738 1823 3849 1863 nec

2132 1910 2353 1965 viderat
2386 1924 2486 1962 nec
2531 1906 2813 1961 audierat.
2844 1902 2967 1973 ,Ubi
3000 1917 3140 1957 sane
3172 1900 3511 1955 meminisse
3562 1899 3848 1955 debemus

2134 1997 2291 2071 quod
2320 1996 2512 2052 adhuc
2543 1994 2715 2050 etiam
2747 1994 3009 2065 ipsorum
3045 1988 3466 2060 discipulorum
3491 1988 3586 2060 qui
3619 1989 3675 2043 in
3706 2004 3848 2043 eum

2128 2087 2251 2157 jam
2277 2085 2661 2151 crediderant,
2687 2080 2986 2137 miraculis
3008 2078 3406 2135 aedificabatur
3431 2078 3571 2133 ﬁdes
3594 2094 3606 2132 :
3633 2093 3746 2133 non
3770 2081 3845 2133 ut

2134 2193 2200 2233 ea
2220 2193 2344 2249 qua:
2370 2192 2481 2230 non
2505 2177 2646 2241 erat,
2670 2187 2797 2229 esse
2824 2170 3124 2241 inciperet,
3147 2170 3247 2224 sed
3269 2173 3414 2224 utea
3436 2167 3689 2238 quaejam
3705 2183 3846 2224 esse

2135 2273 2402 2336 ccsperal,
2424 2264 2741 2331 cresceret;
2769 2258 3036 2331 quamvis
3058 2259 3158 2314 tali
3191 2258 3365 2314 verbo
3389 2274 3531 2313 usus
3554 2257 3648 2326 sit,
3671 2257 3847 2327 quasi

2136 2361 2274 2412 tunc
2306 2356 2539 2412 credere
2572 2354 2913 2425 inciperent.
2944 2350 3067 2406 Non
3117 2349 3274 2405 enim
3324 2348 3428 2418 ait,
3475 2348 3689 2405 Gaudeo
3717 2365 3848 2420 pro-

2133 2454 2254 2518 pter
2275 2461 2385 2511 vos,
2415 2449 2475 2499 ut
2506 2443 2649 2497 ﬁdes
2681 2444 2871 2497 vestra
2899 2446 3200 2511 augeatur,
3253 2437 3372 2493 sive
3403 2438 3702 2496 ﬁrmetur:
3736 2440 3849 2493 sed

2138 2536 2237 2605 ait,
2270 2542 2330 2589 ut
2362 2534 2590 2589 credatis
2621 2549 2641 2584 :
2672 2530 2823 2601 quod
2868 2528 3310 2601 intelligendum
3350 2532 3459 2594 est,
3494 2531 3557 2582 ut
3586 2527 3850 2599 amplius

2138 2625 2549 2694 robustiusque
2589 2620 2857 2678 credatis.

2210 2714 2295 2769 i2.
2328 2711 2430 2768 Sed
2459 2727 2645 2767 eamus
2682 2710 2755 2765 ad
2800 2726 2945 2766 cuin.
2996 2708 3149 2764 Dixit
3198 2724 3326 2779 ergo
3357 2707 3600 2776 Thomas,
3634 2708 3731 2779 qui
3758 2707 3851 2761 di-

2138 2804 2286 2859 citur
2318 2802 2598 2872 Didymus,
2630 2798 2700 2854 ad
2729 2798 3157 2868 condiscipulos:
3192 2798 3389 2852 Eamus
3411 2804 3467 2851 et
3497 2811 3611 2863 nos,
3634 2801 3684 2852 et
3714 2812 3846 2851 mo-

2136 2895 2351 2948 riamur
2376 2907 2499 2945 cum
2525 2887 2647 2944 illo.
2696 2890 2862 2942 Venit
2892 2889 3079 2958 itaque
3122 2888 3298 2953 Iesus,
3359 2892 3411 2941 et
3456 2887 3668 2942 invenit
3716 2901 3853 2942 eum

2134 2986 2366 3054 quatuor
2386 2979 2498 3034 dies
2511 2979 2637 3047 jam
2668 2978 2726 3031 in
2757 2978 3104 3032 monumento
3139 2975 3450 3030 habentem.
3484 2974 3563 3030 De
3589 2978 3854 3045 quatuor

2134 3071 2341 3127 diebus
2374 3068 2551 3123 multa
2596 3066 2827 3138 quidem
2879 3065 2991 3121 dici
3050 3068 3314 3136 possunt,
3347 3063 3497 3119 sicut
3526 3079 3588 3120 se
3627 3062 3854 3120 habent

2132 3160 2374 3215 obscura
2405 3156 2861 3227 Scripturarum,
2886 3170 3011 3225 quae
3031 3169 3129 3225 pro
3151 3152 3485 3208 diversitate
3505 3152 3852 3226 intelligen—

2128 3249 2300 3313 tium,
2334 3245 2543 3302 multos
2573 3261 2780 3301 sensus
2804 3242 3057 3315 pariunt.
3086 3241 3358 3298 Dicamus
3388 3246 3559 3299 etnos
3580 3242 3720 3314 quid
3745 3260 3854 3299 no-

2130 3334 2218 3389 bis
2251 3332 2509 3388 videatur
2539 3329 2865 3401 signiﬁcare
2899 3332 3160 3383 mortuus
3206 3326 3643 3399 quatriduanus.
3678 3328 3848 3391 Quo-

2128 3422 2299 3479 modo
2330 3422 2483 3475 enim
2526 3420 2584 3474 in
2624 3418 2721 3474 illo
2771 3432 2918 3473 careo
2965 3415 3349 3487 intelligimus
3404 3416 3849 3487 quodammodo

2126 3513 2452 3567 humanum
2494 3524 2699 3579 genus,
2732 3507 2816 3565 sic
2849 3507 2992 3562 forte
3022 3510 3079 3561 et
3112 3506 3170 3560 in
3202 3505 3315 3560 isto
3348 3509 3575 3562 mortuo
3616 3508 3851 3563 multos

2124 3599 2476 3657 intellecturi
2521 3614 2753 3655 sumus:
2787 3595 3033 3652 diversis
3071 3593 3227 3650 enim
3260 3594 3448 3651 modis
3484 3611 3595 3649 una
3625 3611 3717 3651 res
3750 3597 3848 3650 si-

2126 3691 2387 3764 gnificari
2434 3694 2639 3760 potest.
2693 3687 2876 3744 Homo
2934 3686 3166 3758 quando
3217 3685 3497 3754 nascitur,
3534 3686 3657 3755 jam
3699 3701 3848 3742 cum

2124 3787 2312 3837 morte
2345 3780 2627 3843 nascitur;
2657 3778 2883 3851 quiade
2904 3777 3087 3832 Adam
3115 3780 3416 3848 peccatum
3443 3775 3639 3830 trahit.
3672 3776 3848 3834 Unde

2122 3872 2262 3927 dicit
2289 3869 2597 3941 Apostolus
2623 3886 2634 3923 :
2668 3870 2774 3923 Per
2802 3881 2973 3922 unum
2999 3865 3275 3921 hominem
3295 3872 3578 3937 peccatum
3599 3867 3850 3923 intravit

2122 3964 2180 4015 in
2206 3962 2494 4024 mundum,
2526 3967 2576 4014 et
2602 3974 2699 4029 per
2716 3964 2995 4028 peceatum
3027 3970 3168 4010 mors
3199 3971 3218 4017 ;
3250 3963 3301 4010 et
3331 3955 3407 4008 ita
3432 3955 3490 4007 in
3511 3970 3695 4010 omnes
3728 3955 3844 4011 ho-

2121 4051 2293 4104 mines
2321 4049 2663 4119 pertransiit,
2696 4046 2755 4101 in
2793 4061 2896 4117 quo
2935 4059 3119 4101 omnes
3166 4048 3523 4115 peccaverunt
3567 4047 3750 4113 (Rom.
3790 4063 3846 4101 ν,

2130 4140 2231 4207 t2).
2267 4139 2408 4195 Ecce
2440 4137 2619 4192 habes
2646 4150 2823 4192 unum
2847 4134 3002 4191 diem
3026 4134 3249 4202 mortis,
3273 4135 3421 4205 quod
3446 4134 3621 4191 homo
3652 4136 3849 4192 trahit

2124 4228 2192 4283 de
2226 4228 2423 4283 mortis
2455 4225 2789 4298 prepagine.
2819 4222 3038 4280 Deinde
3068 4223 3294 4293 crescit,
3330 4223 3532 4295 incipit
3560 4225 3846 4281 accedere

2125 4318 2195 4373 ad
2223 4316 2530 4372 rationales
2554 4331 2761 4380 annos,
2788 4313 3043 4385 utlegem
3063 4313 3254 4384 sapiat
3277 4312 3625 4379 naturalem,
3649 4330 3841 4384 quam

2123 4421 2323 4461 omnes
2355 4405 2573 4459 habent
2629 4403 2687 4458 in
2732 4402 2903 4457 corde
2952 4400 3124 4455 fixam
3163 4417 3175 4455 :
3210 4401 3373 4466 Quod
3422 4401 3527 4456 tibi
3578 4418 3693 4457 non
3748 4403 3843 4459 vis

2126 4495 2268 4560 ﬁeri,
2301 4494 2397 4550 alii
2431 4510 2503 4549 ne
2535 4491 2759 4550 feceris.
2815 4490 3111 4560 Numquid
3146 4489 3255 4545 hoc
3286 4490 3355 4547 de
3388 4490 3617 4563 paginis
3649 4491 3836 4548 disci-

2124 4590 2221 4641 tur
2255 4588 2292 4652 ί,
2326 4589 2382 4639 et
2421 4601 2532 4639 non
2568 4583 2627 4639 in
2668 4585 2874 4638 natura
2917 4580 3042 4652 ipsa
3087 4580 3515 4651 quodammodo
3569 4580 3842 4653 legitur?

2124 4676 2366 4731 Furtum
2400 4675 2480 4730 vis
2509 4672 2676 4745 pati?
2713 4671 2924 4744 Utique
2964 4686 3077 4726 non
3108 4669 3213 4726 vis.
3247 4671 3391 4726 Ecce
3430 4670 3517 4726 lex
3550 4671 3609 4727 in
3659 4674 3847 4732 corde

2123 4770 2260 4820 tuo:
2311 4763 2470 4827 Quod
2504 4778 2617 4818 non
2668 4762 2750 4817 vis
2779 4759 2919 4832 pati,
2955 4760 3140 4816 facere
3188 4758 3327 4815 noli.
3360 4760 3429 4814 Et
3458 4758 3611 4815 hanc
3642 4760 3840 4832 legem

2120 4852 2622 4924 transgrediuntur
2673 4849 2977 4907 homines:
3042 4865 3173 4906 ecce
3219 4848 3368 4906 alter
3417 4849 3542 4905 dies
3598 4851 3845 4909 mortis.

2121 4941 2266 4998 Data
2327 4944 2417 4997 est
2474 4940 2589 4996 Lex
2642 4938 2819 4996 etiam
2895 4937 3174 4994 divinitus
3233 4954 3333 5011 per
3391 4937 3676 4994 famulum
3731 4939 3854 4999 Dei

2119 5031 2389 5103 Moysen:
2424 5030 2643 5085 dictum
2674 5032 2765 5086 est
2804 5027 2941 5095 illic,
2973 5028 3088 5084 Non
3138 5027 3383 5093 occides;
3429 5028 3546 5084 Non
3580 5030 3849 5086 macha—

2120 5122 2301 5182 beris;
2333 5121 2447 5176 Non
2468 5120 2673 5190 falsum
2704 5117 3079 5174 testimonium
3116 5117 3306 5182 dices;
3352 5122 3579 5175 [Ionam
3614 5123 3851 5190 patrem

2118 5218 2171 5267 et
2202 5213 2472 5277 matrem;
2494 5212 2609 5266 Non
2629 5210 2975 5280 concupisces
3003 5225 3122 5263 rem
3141 5207 3387 5279 proximi
3407 5209 3523 5275 tui;
3556 5210 3670 5264 Non
3693 5226 3841 5268 eon-

2116 5302 2351 5373 eupisces
2385 5317 2609 5357 uxorem
2658 5299 2910 5371 proximi
2956 5300 3043 5355 iui
3071 5298 3262 5371 (Exod.
3315 5315 3408 5365 xx,
3453 5299 3650 5370 12-17).
3683 5301 3851 5360 Ecce

2122 5443 2429 5517 aliirecenti
2460 5446 2707 5506 tempore,
2732 5445 2926 5493 omisso
2948 5457 3040 5492 nec
3059 5459 3077 5502 ;
3098 5455 3193 5505 pro
3224 5456 3333 5505 quo
3364 5442 3567 5505 aliquot
3587 5440 3716 5489 Mss.
3744 5443 3849 5491 ha-

2413 5570 2506 5682 Eni:
2557 5570 2719 5634 Lugd.
2771 5574 2823 5621 et
2869 5570 3035 5621 Ven.:
3070 5567 3341 5632 Numquid
3382 5568 3472 5618 hoc
3498 5566 3564 5617 de
3593 5567 3847 5631 Paeonis
