4178 6192
378 237 535 297 1753

374 371 483 426 Lex
514 370 732 443 scripta
782 374 886 442 est,
939 376 993 429 et
1040 374 1164 445 ipsa
1214 374 1607 429 contemnitur
1651 391 1663 428 :
1700 390 1829 430 ecce
1882 376 2087 431 tertius

372 460 502 516 dies
526 463 750 516 mortis.
785 462 929 527 Quid
964 463 1189 518 restat?
1219 463 1390 518 Venit
1419 468 1475 518 et
1507 464 1902 536 Evangelium,
1937 480 2085 534 prae-

372 548 599 604 dicatur
619 566 862 621 regnum
887 550 1186 619 caelorum,
1211 552 1537 607 dilfamatur
1558 554 1771 625 ubique
1792 552 2082 622 Christus,

370 638 625 694 minatur
647 639 1001 711 gehennam,
1028 640 1202 696 vitam
1230 640 1521 712 promittit
1554 650 1846 707 internum,
1870 646 1926 696 et
1955 644 2084 713 ipsa

369 728 784 783 contemnitur.
809 729 1348 801 Transgrediuntur
1371 730 1637 785 homines
1658 729 2028 803 Evangellum
2065 747 2078 785 :

368 831 499 872 ecce
531 822 776 889 quartus
797 819 920 874 dies
948 820 1173 875 mortis.
1201 819 1544 889 Meritojam
1571 824 1755 889 putet.
1783 820 2078 891 Numquid

368 910 423 961 et
462 906 687 962 talibus
717 912 808 961 est
866 909 1133 978 neganda
1181 907 1625 963 misericordia?
1653 908 1813 963 Absit
1847 924 1863 965 :
1912 912 2079 964 etiam

368 997 437 1052 ad
462 997 609 1053 tales
632 997 915 1053 Dominus
935 997 1270 1053 excitandos
1296 1016 1407 1053 non
1432 1000 2077 1070 dedignaturaccedere.

450 1089 531 1140 t3.
568 1088 724 1141 Multi
751 1096 937 1142 autem
966 1104 1036 1143 ea:
1062 1087 1266 1143 Induis
1304 1096 1568 1144 venerant
1614 1088 1684 1143 ad
1734 1088 2001 1143 Martham
2031 1104 2085 1158 ei

371 1178 631 1247 Mariam,
661 1187 724 1231 ut
752 1177 1165 1233 consolarentur
1217 1194 1309 1232 eas
1361 1177 1425 1232 de
1474 1180 1651 1248 fratre
1705 1194 1819 1233 suo.
1872 1178 2087 1233 Martha

367 1283 496 1337 ergo
528 1275 586 1321 ut
622 1266 833 1322 audivit
864 1269 994 1339 quia
1050 1268 1200 1322 Iesus
1238 1269 1405 1330 venit,
1440 1269 1677 1323 occurrit
1730 1268 1818 1322 illi
1850 1284 1868 1322 .°
1915 1267 2087 1322 Maria

371 1362 556 1412 autem
576 1356 721 1413 domi
738 1357 975 1413 sedebat.
1003 1358 1153 1413 Dixit
1174 1373 1300 1429 ergo
1330 1358 1552 1412 Martha
1598 1358 1677 1413 ad
1720 1358 1901 1413 Iesum
1930 1375 1948 1411 :
1982 1358 2086 1413 Do-

370 1452 540 1508 mine.
557 1448 608 1504 si
624 1452 823 1517 fuisses
854 1448 957 1515 hic,
979 1450 1157 1518 frater
1178 1464 1329 1503 meus
1349 1465 1459 1505 non
1480 1451 1673 1518 fuisset
1694 1460 1972 1510 mortuus;
1992 1448 2083 1504 sed

367 1540 419 1591 et
440 1552 591 1592 nunc
608 1538 716 1591 scio
737 1537 869 1606 quia
886 1551 1232 1606 quaecumque
1252 1539 1555 1605 poposceris
1581 1553 1615 1590 a
1640 1537 1763 1604 Deo,
1796 1536 1947 1592 dabit
1978 1536 2081 1591 tibi

369 1623 527 1680 Deus.
553 1625 677 1680 Non
702 1624 863 1686 dixit,
886 1622 996 1679 Sed
1017 1624 1266 1678 etmodo
1290 1640 1426 1695 rogo
1449 1632 1500 1679 te
1524 1630 1588 1679 ut
1628 1626 1936 1681 resuscites
1974 1625 2082 1679 fra-

366 1716 517 1768 trem
550 1729 762 1769 meum.
789 1712 950 1767 Unde
971 1713 1127 1767 enim
1151 1713 1389 1781 sciebat,
1420 1714 1469 1769 si
1512 1714 1671 1769 fratri
1714 1714 1843 1784 ejus
1888 1729 2076 1769 resur-

365 1817 504 1873 gere
527 1801 669 1857 utile
687 1802 862 1857 fuerit
881 1801 909 1856 ν
934 1801 1048 1856 Hoc
1080 1806 1302 1858 tantum
1320 1802 1486 1868 dixit,
1534 1803 1661 1859 Scio
1717 1804 1850 1875 quia
1895 1808 2074 1874 potes,

364 1890 409 1945 si
438 1890 527 1945 vis
560 1891 701 1947 lacis
735 1908 747 1945 :
776 1896 969 1945 utrum
1012 1892 1167 1946 enim
1213 1892 1409 1956 facias,
1444 1891 1652 1963 judicii
1695 1892 1777 1947 tui
1820 1897 1930 1958 est,
1962 1908 2076 1947 non

366 1979 847 2052 praesumptionis
870 1995 1030 2036 mea.
1056 1979 1157 2035 Sed
1177 1989 1227 2035 et
1251 1997 1396 2035 nunc
1425 1984 1531 2036 scio
1562 1982 1691 2052 quia
1724 1995 2079 2052 quaecumque

361 2069 668 2140 poposceris
698 2087 731 2123 a
759 2071 886 2134 Deo,
918 2068 1067 2125 dabit
1103 2070 1203 2124 tibi
1243 2072 1399 2126 Deus.

446 2161 532 2213 lli.
558 2160 698 2213 Dicit
728 2160 819 2213 illi
836 2161 987 2215 Iesus
1020 2177 1038 2212 :
1073 2160 1327 2227 Resurget
1367 2162 1551 2227 frater
1607 2167 1750 2216 tuus.
1786 2160 1900 2217 Hoc
1958 2178 2076 2217 am-

368 2249 612 2322 biguum
647 2250 770 2305 fuit.
808 2250 931 2305 Non
964 2250 1118 2305 enim
1149 2252 1253 2317 ait,
1286 2251 1453 2307 Modo
1504 2252 1793 2307 resuscito
1839 2254 2075 2307 fratrem

369 2347 574 2409 tuum;
607 2341 729 2408 sed,
756 2342 1009 2409 Resurget
1039 2342 1216 2406 frater
1244 2349 1391 2396 tuus.
1419 2341 1568 2396 Dicit
1592 2344 1644 2396 ei
1662 2342 1873 2397 Martha
1904 2362 1921 2397 :
1952 2342 2076 2398 Scio

368 2433 499 2502 quia
529 2434 776 2500 resurget
805 2431 866 2484 iu
900 2432 1310 2496 resurrectione,
1335 2429 1393 2484 in
1416 2432 1715 2487 novissima
1743 2432 1851 2486 die.
1878 2430 1954 2487 De
1976 2432 2075 2487 illa

368 2518 800 2576 resurrectione
831 2535 1033 2575 secura
1057 2535 1213 2586 sum,
1244 2521 1315 2575 de
1346 2520 1454 2575 hac
1486 2521 1706 2578 incerta
1753 2538 1903 2577 sum.
1939 2522 2076 2577 Dicit

364 2610 421 2665 ei
450 2612 604 2666 Iesus
636 2628 655 2665 .°
689 2614 801 2681 Ego
831 2627 950 2664 sum
983 2613 1325 2665 resurrectio.
1352 2611 1531 2682 Dicis,
1573 2613 1851 2683 Resurget
1900 2613 2077 2668 frater

367 2714 535 2754 meus
565 2699 624 2752 in
660 2698 975 2753 novissima
1006 2699 1100 2753 die
1135 2716 1147 2753 :
1187 2714 1383 2754 verum
1437 2705 1565 2770 est;
1598 2701 1697 2755 sed
1750 2717 1851 2772 per
1898 2717 2073 2772 quem

365 2794 505 2845 tunc
530 2794 811 2861 resurget,
836 2794 1023 2859 potest
1045 2794 1099 2843 et
1123 2791 1316 2857 modo,
1359 2790 1491 2860 quia
1539 2791 1643 2860 Ego
1689 2808 1830 2857 sum,
1865 2791 2070 2863 inquit,

364 2880 702 2934 resurrectio
730 2883 779 2933 et
810 2879 941 2932 vita.
976 2879 1206 2945 Audite,
1241 2880 1465 2945 fratres,
1503 2880 1698 2934 audite
1729 2881 1863 2950 quid
1898 2882 2071 2936 dicat.

359 2976 523 3027 Certe
542 2976 663 3025 tota
685 2969 1036 3039 exspectatio
1059 2974 1181 3023 erat
1201 2969 1711 3024 circumstantium
1756 2974 1819 3024 ut
1868 2970 2073 3024 revivi-

358 3065 549 3119 sceret
571 3061 843 3127 Lazarus,
866 3074 1018 3113 unus
1039 3066 1304 3114 mortuus
1354 3060 1805 3130 quatriduamus
1832 3075 1844 3113 :
1870 3058 2074 3114 audia-

359 3168 519 3217 mus,
544 3154 601 3204 et
622 3164 1022 3215 rcsurgamus.
1047 3149 1229 3211 Quam
1258 3149 1428 3204 multi
1451 3148 1664 3203 suntin
1692 3148 1799 3203 hoc
1839 3148 2091 3227 populo.

357 3258 511 3313 quos
543 3240 760 3312 premit
790 3237 1226 3294 consuetudinis
1260 3238 1443 3295 moles
1476 3238 1487 3292 !
1517 3238 1681 3292 Forte
1703 3239 1954 3295 audiunt
1987 3256 2076 3297 me

357 3330 626 3402 quidam,
661 3328 872 3399 quibus
905 3326 1132 3393 dicitur,
1165 3326 1353 3383 Nolite
1382 3327 1656 3382 inebriari
1686 3330 1811 3385 vino
1863 3332 1921 3383 in
1972 3342 2077 3401 quo

356 3427 439 3474 est
471 3418 704 3472 luxuria
724 3415 943 3486 (Ephes.
976 3431 1033 3483 ν,
1087 3414 1225 3485 l8):
1279 3414 1508 3482 dicunt,
1556 3415 1679 3471 Non
1734 3432 2074 3486 possumus,

358 3508 531 3563 Forte
551 3503 798 3559 audiunt
820 3518 910 3558 me
934 3502 1114 3573 aliqui
1140 3503 1456 3567 immundi,
1481 3503 1733 3560 lasciviis
1765 3510 1820 3559 et
1841 3507 2075 3577 ﬂagitiis

357 3592 680 3665 inquinati,
706 3591 920 3661 quibus
942 3591 1175 3657 dicitur,
1198 3590 1387 3645 Nolite
1409 3590 1519 3646 hoc
1562 3592 1847 3659 facere,ne
1886 3610 2076 3664 perea-

361 3684 441 3739 tis
474 3699 489 3735 :
518 3686 577 3736 et
608 3681 976 3752 respondent,
1010 3679 1133 3734 Non
1166 3696 1479 3752 possumus
1508 3680 1633 3735 tolli
1674 3699 1707 3736 a
1753 3686 2072 3737 consuetu-

358 3774 500 3828 dine
560 3777 777 3825 nostra.
834 3774 880 3825 Ο
941 3770 1200 3829 Domine.
1256 3770 1399 3825 istos
1464 3772 2069 3840 resuscita.Egosum,

349 3863 571 3933 inquit,
604 3859 928 3918 resurrectio
954 3868 1003 3915 et
1032 3863 1160 3915 vita.
1194 3859 1329 3915 ldeo
1361 3861 1730 3931 resurrectio,
1763 3862 1901 3933 quia
1930 3863 2070 3921 vita.

433 3952 516 4006 15.
555 3952 663 4020 Qui
691 3950 862 4005 credit
891 3951 952 4005 in
981 3966 1088 4016 me,
1121 3949 1345 4006 etiamsi
1370 3958 1619 4005 mortuus
1656 3951 1846 4020 fuerit,
1880 3954 2020 4007 vivet
2049 3964 2070 4005 :

353 4046 409 4097 et
432 4039 610 4095 omnis
622 4041 720 4112 qui
738 4039 872 4095 vivit
892 4048 944 4094 et
963 4038 1136 4095 credit
1159 4041 1217 4093 in
1246 4053 1351 4105 me,
1383 4054 1493 4093 non
1523 4040 1792 4095 morietur
1820 4041 1878 4095 in
1906 4048 2069 4096 aeter-

357 4148 517 4188 num.
554 4131 699 4198 Quid
726 4135 817 4186 est
837 4130 947 4185 hoc
967 4129 995 4184 τ
1016 4130 1120 4199 Qui
1149 4129 1319 4185 credit
1350 4132 1408 4184 in
1436 4145 1543 4189 me.
1574 4132 1795 4185 etiamsi
1821 4140 2069 4186 mortuus

350 4224 550 4295 fuerit,
582 4222 732 4277 sicut
756 4222 1007 4277 Lazarus
1026 4225 1291 4276 mortuus
1311 4224 1419 4283 est,
1447 4220 1591 4275 vivet
1609 4238 1631 4286 ;
1660 4220 1798 4291 quia
1834 4237 1951 4277 non
1982 4226 2068 4276 est

351 4312 511 4367 Deus
546 4314 933 4379 mortuorum,
967 4310 1070 4366 sed
1099 4310 1381 4365 vivorum.
1416 4309 1493 4365 De
1522 4309 1658 4366 olim
1691 4311 1938 4365 mortuis
1965 4328 2067 4381 pa-

349 4402 562 4465 tribus,
602 4402 708 4457 hoc
731 4407 818 4456 est
849 4401 919 4455 de
947 4399 1263 4466 Abraham,
1298 4406 1352 4453 et
1410 4400 1589 4465 Isaac,
1621 4404 1679 4454 et
1720 4399 1921 4468 Jacob,
1958 4402 2068 4456 tale

353 4505 717 4561 responsum
739 4489 961 4545 Judais
980 4489 1141 4544 dedit
1170 4504 1184 4543 :
1218 4491 1339 4558 Ego
1369 4504 1490 4544 sum
1522 4490 1661 4544 Deus
1686 4488 1987 4555 Abraham,
2018 4501 2071 4547 et

354 4583 495 4636 Deus
549 4583 718 4647 Isaac,
743 4588 793 4633 et
832 4581 964 4635 Deus
1010 4578 1193 4643 Iacob,
1227 4595 1338 4633 non
1387 4583 1467 4635 est
1518 4580 1654 4635 Deus
1699 4583 2068 4649 mortuorum,

349 4672 453 4728 sed
481 4671 731 4728 vivorum
766 4687 784 4725 :
814 4685 999 4726 omnes
1013 4669 1163 4726 enim
1187 4669 1281 4725 illi
1322 4670 1513 4727 vivunt
1550 4672 1758 4743 (Matth.
1809 4690 1946 4739 χχιι,
1980 4674 2068 4740 32,

350 4770 409 4818 et
442 4761 572 4816 Luc.
604 4777 701 4827 xx,
723 4760 812 4829 37,
833 4760 949 4831 38).
976 4760 1156 4816 Crede
1183 4775 1320 4832 ergo
1346 4779 1361 4827 ;
1386 4765 1442 4815 et
1465 4761 1513 4816 si
1556 4768 1827 4819 mortuus
1866 4762 2069 4826 fueris,

351 4852 515 4909 vives
544 4866 561 4906 :
583 4851 631 4905 si
654 4854 838 4906 autem
859 4865 974 4904 non
997 4849 1184 4904 credis
1208 4866 1221 4915 ;
1255 4854 1463 4905 etcum
1506 4851 1672 4915 vivis,
1695 4856 1959 4907 mortuus
1982 4868 2064 4909 es.

352 4942 682 4998 Probemus
701 4938 904 5006 ethoc,
925 4938 1065 5009 quia
1086 4937 1134 4991 si
1169 4954 1285 4993 non
1322 4940 1534 5007 credis,
1564 4940 1672 4995 etsi
1711 4941 1875 5007 vivis,
1901 4957 2066 4998 mor-

350 5039 497 5088 tuus
518 5044 601 5084 es.
627 5028 871 5084 Cuidam
894 5026 1178 5083 Dominus
1200 5027 1484 5082 diﬂerenti
1513 5031 1679 5100 sequi
1704 5046 1861 5095 eum,
1891 5034 1949 5085 et
1977 5032 2066 5086 di-

354 5120 537 5185 centi,
560 5120 694 5173 liam
722 5118 878 5188 prius
896 5116 1126 5187 sepelire
1153 5119 1366 5187 patrem
1413 5134 1593 5173 meum
1624 5136 1643 5173 :
1675 5120 1819 5184 Sine,
1855 5121 2064 5189 inquit,

354 5217 606 5265 mortuos
644 5206 873 5278 sepelire
914 5214 1155 5262 mortuos
1191 5222 1317 5263 suos
1337 5225 1357 5273 ;
1404 5214 1465 5263 tu
1512 5211 1663 5274 veni,
1703 5224 1927 5280 sequere
1980 5226 2068 5266 me

352 5297 717 5373 (Hatthwrit,
749 5298 842 5360 2t,
891 5296 1007 5367 22).
1050 5297 1188 5351 Erat
1242 5296 1321 5351 ibi
1368 5302 1636 5353 mortuus
1675 5297 2063 5369 sepeliendus,

350 5387 626 5447 'erantibi
649 5390 708 5442 et
728 5387 937 5442 mortui
960 5390 1253 5441 mortuum
1294 5386 1617 5458 sepulturi:
1654 5388 1751 5442 ille
1802 5397 2066 5444 mortuus

354 5480 415 5535 in
437 5494 630 5543 carne,
654 5476 738 5531 illi
764 5476 823 5531 in
845 5476 1059 5532 anima.
1084 5475 1246 5531 Unde
1268 5491 1424 5532 mors
1449 5477 1506 5532 in
1530 5478 1767 5534 anima?
1782 5479 1926 5546 Quia
1948 5496 2063 5535 non

354 5571 447 5623 est
474 5565 642 5623 ﬁdes.
676 5564 840 5623 Unde
872 5565 1112 5622 morsin
1160 5566 1448 5637 corpore?
1496 5566 1643 5634 Quia
1689 5584 1804 5625 non
1852 5575 1938 5627 est
1984 5569 2066 5627 ibi

1545 235 2011 299 TRACTATUS
2056 233 2266 298 XLIX.
2316 240 2577 301 CAPUT
2624 234 2726 296 XI.

3742 222 3894 282 1754

2193 377 2405 431 animi.
2432 378 2574 445 Ergo
2597 378 2937 435 animantum
2959 375 3164 432 animae
3198 372 3340 427 ﬁdes
3362 373 3468 425 est.
3495 368 3598 434 Qui
3625 364 3802 421 credit
3835 367 3891 417 in

2191 482 2298 535 me,
2327 466 2541 538 inquit,
2579 469 2800 523 etiamsi
2837 469 3082 523 mortuus
3127 462 3299 535 fuerit
3345 459 3406 514 in
3455 472 3648 523 carne,
3671 454 3893 511 vivetin

2192 555 2424 624 anima;
2457 557 2640 613 donec
2662 561 2928 627 resurgat
2944 560 3001 609 et
3022 570 3155 611 caro
3178 561 3482 621 nunquam
3525 547 3729 616 postea
3760 560 3890 598 mo-

2191 643 2391 700 ritura.
2419 645 2535 701 Hoc
2557 651 2666 713 est,
2692 646 2797 715 Qui
2816 645 2985 701 credit
3008 646 3065 699 in
3100 658 3206 708 me,
3234 639 3370 694 licet
3395 634 3694 702 moriatur,
3727 634 3891 688 vivet.

2190 735 2260 790 Et
2278 736 2457 790 omnis
2478 738 2573 806 qui
2595 738 2727 791 vivit
2756 736 2813 790 in
2849 750 3023 791 carne
3054 738 3103 788 et
3123 728 3298 788 credit
3328 730 3387 782 in
3419 741 3525 790 me,
3548 722 3659 780 etsi
3694 721 3897 778 morie-

2189 828 2281 877 tur
2303 824 2373 877 ad
2396 828 2629 896 tempus
2654 829 2885 896 prepter
2904 826 3145 878 mortem
3170 817 3383 883 carnis,
3404 829 3514 870 non
3542 814 3807 868 morietur
3827 812 3887 864 in

2187 915 2456 966 aeternum
2486 918 2717 984 propter
2732 912 2908 968 vitam
2929 909 3189 980 spiritus,
3214 911 3270 962 et
3291 900 3782 959 immortalitatem
3817 914 3900 953 re-

2188 1000 2589 1055 surrectionis.
2624 1001 2738 1057 Hoc
2767 1005 2855 1056 est
2884 999 3036 1069 quod
3069 997 3171 1065 ait,
3206 995 3268 1049 Et
3299 996 3477 1050 omnis
3519 990 3617 1060 qui
3662 989 3797 1043 vivit
3843 993 3898 1042 et

2192 1092 2366 1146 credit
2394 1091 2454 1146 in
2475 1107 2581 1158 me,
2604 1107 2713 1146 non
2735 1092 3001 1147 morietur
3028 1092 3086 1143 in
3105 1094 3396 1144 xternum.
3433 1079 3616 1136 Credis
3646 1079 3743 1133 hoc
3761 1080 3789 1131 7
3809 1077 3896 1131 Ait

2195 1181 2326 1235 illi:
2363 1183 2572 1251 Utique,
2607 1182 2851 1244 Domine,
2882 1194 2976 1249 ego
3013 1174 3239 1244 credidi,
3270 1174 3403 1246 quia
3445 1182 3507 1226 tu
3552 1185 3606 1225 es
3650 1168 3895 1223 Christus

2191 1270 2370 1328 Filius
2403 1272 2515 1339 Dei,
2547 1274 2639 1341 qui
2670 1272 2727 1325 in
2758 1268 3021 1323 mundum
3062 1265 3279 1321 venisti.
3330 1260 3567 1327 Quando
3615 1258 3723 1312 hoc
3772 1270 3893 1309 cre-

2193 1360 2333 1428 didi,
2366 1360 2585 1415 credidi
2616 1359 2752 1428 quia
2780 1363 2842 1414 tu
2874 1374 2935 1413 es
2967 1353 3331 1417 resurrectio,
3365 1347 3582 1406 credidi
3632 1345 3771 1417 quia
3828 1348 3885 1397 tu

2192 1463 2253 1504 es
2282 1448 2434 1515 vita;
2469 1449 2680 1503 credidi
2716 1447 2853 1519 quia
2883 1446 2977 1516 qui
3012 1442 3198 1501 credit
3238 1444 3295 1495 in
3325 1444 3400 1508 te,
3434 1437 3543 1493 etsi
3588 1434 3890 1498 moriatur,

2190 1538 2368 1603 vivet;
2404 1543 2459 1595 et
2488 1538 2589 1611 qui
2619 1539 2758 1593 vivit
2796 1541 2853 1593 et
2908 1535 3091 1591 credit
3148 1533 3209 1588 in
3259 1539 3331 1598 te,
3367 1544 3478 1585 non
3528 1524 3803 1581 morietur
3828 1522 3888 1577 in

2185 1635 2485 1685 aeternum.

2261 1718 2347 1772 16.
2380 1720 2445 1774 Et
2469 1734 2593 1773 eum
2622 1720 2736 1775 hac
2756 1718 3006 1783 dixisset,
3028 1714 3188 1779 abiit,
3215 1716 3266 1768 et
3286 1709 3496 1766 vocavit
3536 1706 3772 1762 Mariam
3799 1719 3888 1757 so-

2186 1823 2364 1865 rorem
2386 1825 2544 1865 suam
2572 1809 2816 1873 silentio,
2841 1808 3024 1863 dicens
3041 1824 3061 1859 :
3085 1804 3340 1872 Magister
3354 1799 3527 1865 adest,
3558 1801 3611 1851 et
3638 1797 3795 1850 vocat
3815 1802 3889 1848 te.

2187 1899 2621 1955 Advertandum
2653 1908 2737 1955 est
2760 1896 3257 1969 quemadmodum
3288 1903 3665 1963 suppressam
3695 1899 3890 1941 vocem

2187 1987 2478 2043 silentium
2505 1987 2880 2059 nuncupavit.
2897 1990 3037 2042 Nam
3061 1982 3352 2056 quomodo
3374 1978 3555 2043 siluit,
3572 1991 3699 2047 qua
3723 1971 3887 2037 dixit,

2184 2077 2454 2148 Magister
2472 2079 2646 2145 adest,
2668 2086 2719 2133 et
2741 2081 2895 2132 vocat
2914 2080 2964 2131 te
2983 2080 3010 2129 ?
3032 2070 3463 2128 Advertendum
3486 2066 3665 2123 etiam
3683 2078 3888 2133 quem-

2186 2167 2496 2223 admodum
2541 2166 2905 2239 Evangelista
2948 2180 3062 2219 non
3112 2160 3322 2217 dixerit
3367 2157 3463 2213 ubi
3514 2154 3601 2211 vel
3652 2152 3887 2239 quando

2185 2255 2270 2311 vel
2302 2256 2594 2327 quomodo
2627 2255 2866 2310 Mariam
2908 2252 3188 2309 Dominus
3240 2245 3541 2304 vocaverit.
3586 2250 3644 2298 ut
3692 2241 3802 2296 hoc
3832 2238 3890 2293 in

2185 2346 2377 2402 verbis
2408 2345 2641 2401 Martha!
2673 2345 2866 2415 potius
2907 2341 3348 2412 intelligeretur,
3381 2329 3735 2390 narrationis
3764 2328 3893 2384 bre-

2186 2434 2361 2490 vitate
2392 2440 2638 2491 servata.

2258 2524 2342 2579 l7.
2386 2524 2493 2579 Illa
2523 2528 2583 2578 ut
2608 2524 2841 2591 audivit,
2866 2522 3043 2592 surgit
3061 2519 3196 2584 cito,
3219 2522 3270 2573 et
3298 2514 3446 2571 venit
3475 2511 3547 2567 ad
3581 2526 3726 2566 eum.
3751 2506 3886 2563 Non-

2182 2612 2313 2668 dum
2332 2616 2480 2669 enim
2500 2619 2721 2668 venerat
2741 2614 2895 2669 Iesus
2913 2614 2974 2664 in
3001 2608 3305 2674 castellum,
3328 2604 3421 2661 sed
3456 2608 3576 2657 erat
3610 2597 3788 2654 adhuc
3826 2597 3888 2650 in

2185 2700 2286 2757 ille
2306 2705 2419 2758 loco
2441 2703 2536 2756 ubi
2554 2706 2861 2758 occurrerat
2883 2700 2934 2755 ei
2955 2697 3194 2754 Martha.
3211 2693 3398 2751 Iudasi
3418 2692 3595 2760 igitur
3614 2688 3711 2758 qui
3729 2687 3897 2741 erant

2182 2809 2306 2849 eum
2328 2793 2429 2848 illa
2459 2792 2520 2847 in
2549 2792 2725 2857 domo,
2755 2799 2804 2846 et
2832 2788 3257 2844 consolabantur
3292 2798 3441 2849 eam,
3472 2796 3595 2836 cum
3627 2778 3885 2835 vidissent

2182 2884 2443 2949 Mariam,
2472 2884 2601 2952 quia
2629 2881 2736 2937 cito
2766 2881 3014 2936 surrexit
3041 2881 3093 2932 et
3128 2876 3286 2941 exiit,
3308 2873 3477 2929 secuti
3494 2872 3622 2927 sunt
3642 2885 3765 2925 eam
3792 2869 3883 2923 di-

2182 2974 2360 3027 centes
2378 2987 2399 3025 :
2420 2970 2554 3041 quia
2576 2968 2817 3024 vaditad
2836 2969 3275 3027 monumentum,
3296 2970 3354 3016 ut
3386 2961 3559 3031 ploret
3579 2958 3677 3013 ibi.
3701 2957 3887 3021 Quare

2184 3062 2465 3138 pertinuit
2496 3061 2602 3116 hoc
2660 3059 2729 3112 ad
2772 3055 3194 3128 Evangelistam
3244 3050 3524 3107 narrare?
3574 3046 3644 3103 Ut
3692 3047 3885 3138 videa-

2186 3136 2317 3209 mus
2346 3167 2470 3223 qua
2501 3148 2727 3205 occasio
2761 3146 2956 3201 iecerit
2986 3150 3050 3199 ut
3080 3143 3273 3211 plures
3304 3140 3384 3197 ibi
3422 3143 3620 3195 essent
3649 3136 3883 3208 quando

2186 3244 2436 3300 Lazarus
2462 3238 2838 3296 resuscitatus
2857 3240 2962 3289 est.
2997 3234 3271 3289 Putantes
3311 3230 3468 3286 enim
3514 3226 3697 3284 Judaei
3749 3242 3882 3297 pro-

2184 3337 2380 3406 pterea
2411 3331 2569 3386 illam
2602 3328 2889 3392 festinare,
2924 3329 2989 3380 ut
3017 3319 3238 3378 doloris
3269 3320 3361 3375 sui
3401 3318 3675 3376 solatium
3706 3316 3887 3385 lacry-

2185 3424 2292 3480 mis
2318 3425 2616 3495 quaereret,
2646 3416 2827 3475 secuti
2856 3418 2997 3471 sunt
3026 3428 3155 3469 eam
3180 3428 3197 3480 ;
3229 3414 3295 3465 ut
3323 3414 3440 3466 tam
3470 3408 3685 3479 grande
3708 3406 3887 3461 mira-

2181 3513 2381 3572 culum
2401 3506 2772 3584 quatriduani
2796 3503 3006 3562 mortui
3029 3519 3158 3558 resu
3170 3500 3589 3571 rgentis,testes
3604 3496 3881 3569 plurimos

2179 3603 2483 3660 inveniret.

2251 3693 2339 3751 48.
2372 3690 2545 3746 Maria
2568 3694 2749 3745 autem
2779 3701 2900 3743 cum
2942 3684 3172 3740 venisset
3212 3682 3307 3735 ubi
3342 3686 3464 3735 erat
3491 3680 3664 3745 Iesus,
3688 3677 3882 3735 videns

2178 3797 2299 3839 eum
2322 3779 2514 3838 cecidit
2528 3780 2598 3834 ad
2618 3777 2774 3850 pedes
2795 3778 2934 3849 ejus,
2954 3782 3008 3831 et
3027 3773 3174 3828 dixit
3208 3774 3299 3827 ei:
3322 3771 3569 3838 Domine,
3595 3769 3645 3823 si
3681 3769 3880 3838 fuisses

2179 3875 2285 3938 hic,
2308 3874 2483 3941 frater
2498 3884 2649 3925 meus
2664 3884 2779 3923 non
2815 3870 2950 3923 esset
2996 3871 3265 3919 mortuus.
3300 3862 3455 3918 Iesus
3492 3875 3620 3928 ergo
3655 3867 3710 3914 ut
3747 3856 3883 3913 vidit

2175 3981 2299 4022 eam
2317 3963 2645 4034 plorantem,
2670 3965 2722 4017 et
2750 3958 2965 4016 Iudaeos
2994 3957 3229 4028 quicum
3248 3954 3349 4009 illa
3386 3954 3542 4009 erant
3580 3951 3876 4018 plorantes,

2171 4053 2403 4127 fremuit
2422 4051 2650 4122 spiritu,
2674 4058 2723 4106 et
2746 4045 2999 4105 turbavit
3018 4046 3394 4116 semetipsum,
3410 4042 3655 4098 etdixit:
3676 4041 3775 4098 Ubi
3791 4057 3881 4112 po-

2175 4144 2358 4199 suistis
2387 4157 2513 4197 eum
2533 4143 2561 4194 7
2592 4138 2792 4194 Nescio
2822 4136 2963 4207 quid
3002 4135 3167 4190 nobis
3211 4131 3531 4187 insinuavit
3580 4130 3875 4185 tremendo

2174 4231 2403 4303 spiritu,
2435 4234 2492 4286 et
2520 4227 2811 4284 turbando
2841 4225 3121 4295 seipsum.
3152 4220 3287 4284 Quis
3316 4221 3470 4275 enim
3510 4234 3646 4274 eum
3665 4222 3884 4288 posset,

2174 4321 2287 4377 nisi
2319 4336 2382 4375 se
2410 4319 2558 4390 ipse,
2594 4315 2874 4372 turbare?
2903 4319 3128 4384 Itaque,
3161 4313 3365 4366 fratres
3407 4308 3540 4375 mei,
3575 4307 3759 4377 primo
3782 4305 3876 4361 hic

2174 4410 2454 4466 attendite
2477 4410 2844 4479 potestatem,
2859 4408 2917 4458 et
2937 4402 3022 4457 sic
3049 4398 3344 4471 inquirite,
3364 4396 3873 4469 signiﬁcationem.

2174 4498 2455 4555 Turbaris
2476 4500 2541 4550 tu
2560 4493 2798 4559 nolens;
2823 4491 3086 4547 turbatus
3105 4492 3194 4544 est
3214 4486 3503 4553 Christus,
3526 4486 3659 4557 quia
3670 4485 3873 4544 voluit.

2179 4586 2429 4647 Esurivit
2456 4586 2651 4648 Jesus,
2686 4598 2883 4639 verum
2916 4586 3024 4646 est,
3057 4580 3156 4635 sed
3186 4579 3320 4649 quia
3352 4576 3567 4645 voluit;
3607 4576 3884 4634 dormivit

2176 4680 2370 4743 Jesus,
2392 4690 2593 4730 verum
2618 4677 2727 4739 est,
2751 4671 2853 4727 sed
2877 4670 3014 4741 quia
3035 4668 3219 4725 voluit
3243 4686 3256 4735 ;
3282 4666 3658 4724 contristatus
3684 4670 3773 4725 est
3793 4666 3880 4723 Je-

2178 4784 2295 4834 sus,
2328 4782 2527 4821 verum
2560 4763 2786 4831 est,sed
2818 4761 2956 4832 quia
2986 4758 3194 4827 voluit;
3238 4763 3504 4816 mortuus
3552 4762 3642 4815 est
3683 4758 3883 4824 Jesus,

2174 4872 2375 4914 verum
2396 4858 2507 4923 est,
2531 4853 2628 4909 sed
2651 4851 2789 4923 quia
2810 4848 3025 4907 voluit:
3049 4847 3109 4904 in
3134 4847 3291 4904 illius
3314 4852 3598 4921 potestate
3636 4852 3757 4902 erat
3796 4846 3882 4902 sic

2174 4945 2265 5002 vel
2286 4946 2369 5002 sic
2391 4943 2564 5012 afﬁci,
2587 4941 2675 4998 vel
2699 4959 2813 4997 non
2839 4939 3011 4996 allici.
3030 4940 3279 4994 Verbum
3300 4938 3456 4993 enim
3480 4936 3738 4991 animam
3752 4950 3877 4989 sus-

2176 5035 2332 5108 cepit
2359 5039 2417 5090 et
2445 5049 2702 5101 carnem,
2726 5031 2902 5087 totius
2924 5029 3182 5086 hominis
3204 5028 3317 5084 sibi
3338 5028 3619 5097 coeptans
3652 5024 3707 5077 in
3752 5039 3890 5095 per—

2175 5141 2330 5182 sonis
2355 5124 2573 5180 unitate
2595 5127 2888 5177 naturam.
2913 5121 3059 5173 Nam
3081 5124 3140 5172 et
3180 5116 3377 5171 anima
3409 5111 3662 5183 Apostoli
3699 5112 3878 5168 Verbo

2174 5210 2798 5271 illustrataest,anima
2817 5208 2967 5263 Petri
2993 5206 3175 5262 Verbo
3200 5204 3492 5258 illustrata
3532 5206 3641 5269 est,
3683 5203 3882 5257 anima

2173 5304 2357 5369 Pauli,
2380 5302 2626 5357 aliorum
2640 5297 3071 5371 Apostolorum,
3091 5302 3425 5351 sanctorum
3456 5288 3878 5360 Prophetarum

2175 5392 2361 5446 Verbo
2384 5389 2682 5444 illustratus
2697 5389 2835 5441 sunt
2855 5386 3064 5440 anima:
3090 5400 3102 5439 :
3129 5384 3229 5440 sed
3253 5384 3321 5437 de
3347 5379 3508 5437 nulla
3530 5381 3750 5436 dictum
3773 5388 3879 5447 est,

2180 5481 2409 5535 Verbum
2429 5493 2555 5533 caro
2574 5479 2789 5545 factum
2804 5482 2881 5531 est
2919 5473 3095 5544 (Ioan.
3122 5490 3161 5540 ι,
3208 5473 3330 5544 14);
3356 5472 3427 5528 de
3454 5469 3618 5528 nulla
3665 5471 3884 5527 dictum

2173 5576 2280 5639 est,
2310 5569 2419 5638 Ego
2447 5571 2501 5624 et
2530 5568 2709 5624 Pater.
2743 5582 2917 5623 unum
2954 5579 3142 5620 sumus
3173 5562 3270 5635 (Id.
3318 5578 3374 5629 ι,
3422 5562 3536 5631 30).
3589 5560 3797 5618 Anima
3830 5564 3887 5615 et
