4148 6190
250 245 402 303 1755

245 403 377 443 caro
409 382 620 442 Christi
652 397 785 438 cum
817 380 1006 437 Verbo
1041 377 1140 436 Dei
1192 393 1310 434 una
1357 391 1606 449 persona
1647 375 1754 441 est,
1806 385 1958 426 unus

245 476 512 533 Christus
546 479 654 531 est.
703 475 780 530 Ac
812 489 914 545 per
943 471 1054 528 hoc
1076 469 1170 525 ubi
1196 484 1424 525 summa
1456 470 1712 540 potestas
1735 471 1841 530 est,
1875 476 1956 516 se-

247 568 508 624 cundum
541 564 865 622 voluntatis
899 567 1110 618 nutum
1130 554 1781 616 tractaturinﬁrmitas‘
1812 570 1825 609 :
1851 551 1958 608 hoc

241 663 348 723 est,
377 656 624 713 turbavit
648 654 1016 725 semetipsum.

317 749 401 802 19.
431 746 558 803 Dixi
584 749 950 817 potestatem,
982 739 1258 798 attendite
1294 737 1800 809 signiﬁcationem.
1836 736 1959 788 Ma—

245 855 396 910 gnus
421 853 550 894 reus
563 841 671 902 est,
688 851 862 906 quem
879 832 1084 890 mortis
1099 829 1474 902 quatriduum
1493 837 1544 884 et
1562 826 1656 882 illa
1669 823 1958 896 signiﬁcat

249 924 573 998 sepultura.
608 923 754 988 Quid
805 926 894 978 est
948 937 1079 990 ergo
1130 919 1281 991 quod
1331 916 1528 973 turbat
1571 912 1954 985 semetipsum

245 1015 529 1080 Christus,
555 1012 743 1068 nisiut
765 1011 1059 1083 signiﬁcet
1080 1009 1186 1064 tibi
1209 1007 1499 1080 quomodo
1523 1003 1715 1061 tubari
1748 1007 1810 1058 tu
1852 1001 1956 1058 dc-

245 1107 400 1165 beas,
435 1121 568 1160 cum
604 1107 762 1158 tanta
795 1101 945 1158 mole
981 1099 1200 1173 peccati
1224 1097 1481 1172 gravaris
1512 1104 1568 1153 et
1625 1091 1956 1168 premeris?

247 1194 552 1252 Attendisti
586 1194 744 1250 enim
777 1197 851 1260 te,
885 1191 1079 1249 vidisti
1114 1199 1165 1248 te
1196 1206 1383 1256 rcum,
1417 1185 1767 1259 computasti
1802 1182 1902 1238 tibi
1940 1197 1953 1237 :

245 1283 392 1338 lllud
426 1283 556 1352 feci,
589 1287 645 1338 et
675 1281 930 1354 pepercit
973 1279 1117 1336 mihi
1161 1284 1348 1347 Deus;
1394 1276 1539 1332 illud
1583 1272 1869 1339 commisi,
1902 1275 1958 1327 et

247 1373 474 1429 distulit
489 1389 576 1429 me
594 1389 606 1438 ;
626 1371 1004 1443 Evangelium
1019 1369 1233 1436 audivi,
1249 1375 1302 1424 et
1328 1365 1682 1437 contempsi;
1707 1364 1958 1435 baptiza-

247 1467 484 1519 tussum
499 1507 512 1532 ,
529 1464 808 1518 etiterum
822 1462 888 1516 ad
903 1461 1104 1518 eadem
1119 1457 1421 1514 revolutus
1437 1471 1568 1513 sum
1587 1473 1600 1511 :
1618 1455 1753 1525 quid
1771 1453 1955 1510 facio?

247 1570 364 1625 quo
383 1568 448 1609 eo
464 1553 491 1607 ‘l
504 1553 658 1608 unde
669 1552 844 1608 evado
860 1550 1137 1615 ?Quando
1154 1548 1266 1605 ista
1280 1547 1448 1613 dicis,
1461 1548 1582 1618 jam
1599 1543 1958 1602 fremitChri-

244 1647 371 1698 stus
395 1660 406 1709 ;
433 1642 571 1714 quia
595 1641 738 1698 ﬁdes
759 1639 969 1696 fremit.
993 1641 1056 1696 In
1073 1654 1211 1696 voce
1236 1638 1536 1694 frementis
1562 1639 1798 1707 apparet
1819 1650 1955 1708 spes

246 1732 628 1804 resurgentis.
663 1731 722 1787 Si
755 1731 776 1765 π
809 1731 937 1802 ipsa
969 1730 1112 1787 fides
1135 1729 1316 1798 intus,
1340 1726 1419 1784 ibi
1451 1731 1540 1784 est
1559 1725 1828 1782 Christus
1848 1725 1956 1781 {rev

246 1837 410 1876 mens
445 1838 458 1876 :
491 1821 542 1877 si
575 1820 718 1877 ﬁdes
741 1820 799 1876 in
824 1820 1013 1891 nobis,
1033 1819 1302 1876 Christus
1322 1819 1380 1874 in
1405 1817 1602 1875 nobis.
1624 1815 1770 1882 Quid
1795 1815 1954 1871 enim

244 1911 405 1966 aliud
438 1911 519 1967 ait
549 1912 900 1982 Apostolus:
934 1912 1191 1966 Habitare
1221 1909 1498 1967 Christum
1547 1923 1646 1980 per
1691 1907 1853 1978 ﬁdem
1896 1907 1957 1960 in

246 2001 501 2059 cordibus
532 2005 718 2058 vestris
750 2002 963 2075 (Ephes.
979 2019 1065 2068 ιιι,
1093 2002 1222 2074 17)?
1245 2002 1387 2072 Ergo
1412 2001 1556 2058 fides
1577 2005 1679 2056 tua
1700 2000 1770 2057 de
1785 1998 1956 2056 Chri-

251 2096 364 2159 sto,
385 2093 656 2150 Christus
677 2109 763 2149 esr.
785 2093 844 2148 in
865 2094 1038 2150 corde
1060 2096 1177 2150 tuo.
1207 2092 1350 2149 llinc
1371 2095 1462 2148 est
1488 2090 1631 2147 illud
1654 2092 1805 2163 quod
1831 2091 1960 2146 dor-

268 2183 486 2240 miebat
513 2184 573 2239 in
598 2183 726 2239 navi
747 2199 762 2239 :
783 2187 840 2239 et
863 2199 994 2239 cum
1027 2183 1493 2254 periclitarcntur
1513 2180 1807 2252 discipuli,
1834 2183 1957 2252 jam

253 2275 598 2332 imminente
629 2274 934 2346 naufragio
959 2280 1325 2332 accesserunt
1354 2274 1422 2330 ad
1472 2287 1628 2342 eum,
1663 2276 1720 2328 et
1742 2273 1957 2330 excita-

248 2369 460 2421 verunt.
488 2379 615 2422 eum
651 2382 663 2420 :
709 2366 958 2421 surrexit
1003 2365 1286 2433 Christus,
1318 2362 1626 2436 imperavit
1671 2364 1856 2420 ventis
1903 2370 1957 2420 et

247 2455 542 2522 ﬂuctibus,
569 2460 626 2513 et
657 2457 805 2512 facta
835 2461 920 2513 est
951 2456 1343 2527 tranquillitas
1366 2455 1811 2528 magna(Matth.
1834 2469 1952 2521 vm,

245 2544 466 2617 21-26).
492 2545 583 2601 Sic
610 2553 665 2602 et
696 2549 756 2600 tu
790 2561 804 2600 :
841 2546 1064 2601 intrant
1093 2545 1247 2602 venti
1279 2562 1378 2600 cor
1411 2553 1596 2612 tuum,
1621 2544 1821 2616 utique
1855 2542 1952 2597 ubi

249 2635 512 2705 navigas,
533 2635 630 2690 ubi
656 2634 806 2689 hanc
829 2635 1003 2689 vitam
1027 2639 1310 2704 tanquam
1332 2633 1720 2705 procellosum
1740 2638 1796 2688 et
1815 2633 1952 2704 ρει-ί·

248 2722 513 2777 calceum
529 2721 765 2793 pelagus
781 2721 996 2777 transis
1013 2738 1026 2788 ;
1046 2721 1270 2776 intrant
1294 2721 1705 2788 venti,movent
1719 2722 1948 2790 ﬂuctus,

249 2813 488 2868 turbant
518 2812 732 2867 navim.
766 2811 873 2878 Qui
904 2816 1044 2867 sunt
1086 2811 1288 2868 venti?
1334 2812 1562 2869 Audisti
1606 2812 1951 2882 convicium,

243 2900 511 2958 irasceris
533 2919 545 2968 ;
570 2900 896 2956 convicium
915 2903 1117 2956 ventus
1139 2904 1248 2970 est,
1271 2900 1572 2957 iracundia
1594 2902 1807 2960 ﬂuctus
1835 2907 1950 2960 est:

243 2991 611 3062 pericliteris,
626 2991 886 3063 disponis
905 2992 1274 3064 respondere,
1290 2992 1555 3063 disponis
1581 2992 1953 3051 maledictum

245 3081 555 3137 maledicto
586 3082 850 3149 reddere,
871 3081 992 3152 jam
1024 3080 1192 3138 navis
1223 3082 1574 3154 propinquat
1605 3083 1912 3157 naufragio
1938 3100 1952 3153 ;

245 3171 431 3227 excita
451 3170 742 3228 Christum
777 3171 1184 3228 dormientem.
1221 3171 1353 3228 Ideo
1402 3172 1560 3229 enim
1611 3174 1877 3244 fluctuas,
1901 3178 1958 3230 et

249 3260 400 3317 mala
429 3276 533 3332 pro
568 3259 738 3317 malis
772 3261 1013 3317 reddere
1034 3276 1347 3334 praeparati,
1383 3263 1522 3336 quia
1537 3262 1802 3320 Christus
1822 3263 1954 3320 dor-

250 3349 352 3404 mit
384 3349 443 3405 in
477 3351 626 3407 navl.
660 3350 723 3407 1n
755 3351 928 3407 corde
955 3349 1112 3406 enim
1141 3354 1242 3407 tuo
1272 3366 1514 3408 somnus
1543 3352 1781 3422 Christi,
1805 3353 1954 3411 obli-

244 3441 335 3496 vio
367 3439 522 3497 fidei.
558 3445 706 3498 Nam
739 3443 788 3497 si
814 3441 1030 3498 excites
1061 3439 1389 3505 Christum.
1419 3441 1480 3498 id
1499 3446 1590 3499 est
1639 3441 1854 3499 recolas
1885 3443 1957 3497 fi-

240 3530 394 3600 dem,
418 3529 558 3602 quid
577 3530 682 3587 tibi
704 3530 847 3587 dicit
867 3535 1138 3606 tanquam
1158 3532 1407 3605 vigilans
1427 3531 1694 3589 Christus
1711 3531 1772 3588 in
1785 3532 1958 3590 corde

243 3625 341 3678 tuo
363 3623 390 3677 ?
418 3623 534 3695 Ego
564 3622 783 3694 audivi,
816 3625 1164 3682 Dzemonium
1185 3625 1346 3682 habes
1398 3625 1579 3696 (Joan.
1616 3642 1716 3691 v11,
1758 3625 1870 3697 20),
1903 3631 1957 3682 et

241 3726 340 3782 pro
362 3709 446 3768 eis
465 3713 662 3768 oravi:
704 3714 868 3769 audit
917 3715 1210 3784 Dominus,
1248 3721 1305 3773 et
1353 3715 1611 3788 patitur;
1639 3715 1804 3772 audit
1846 3730 1956 3772 ser-

246 3817 376 3865 vus,
395 3805 450 3856 et
481 3802 858 3874 indignatur!
885 3805 995 3859 Sed
1021 3806 1302 3862 vindicari
1324 3806 1432 3862 vis.
1458 3805 1602 3871 Quid
1624 3805 1781 3863 enim
1803 3805 1830 3861 ‘l
1851 3822 1956 3877 ego

238 3890 367 3959 jam
391 3905 522 3945 sum
547 3891 872 3948 vindicatus
893 3891 920 3947 τ
941 3897 1084 3949 Cum
1107 3895 1211 3950 tibi
1234 3895 1353 3950 hac
1381 3895 1642 3967 loquitur
1669 3896 1811 3952 ﬁdes
1832 3899 1955 3963 tua,

250 3977 414 4048 quasi
447 3977 769 4048 imperatur
789 3981 977 4038 ventis
1006 3987 1062 4038 et
1083 3983 1374 4051 ﬂuctibus,
1398 3987 1455 4040 et
1479 3984 1543 4040 ﬁt
1559 3983 1955 4056 tranquillitas

251 4083 477 4138 magna.
510 4066 809 4131 Quomodo
831 4085 968 4142 ergo
989 4070 1098 4128 hoc
1123 4075 1213 4128 est
1259 4071 1512 4128 excitare
1551 4072 1845 4130 Christum
1894 4074 1952 4130 in

246 4156 395 4219 navi,
421 4156 672 4214 excitare
693 4158 902 4227 ﬁdem;
939 4158 1021 4216 sic
1055 4160 1114 4216 in
1138 4161 1310 4218 corde
1343 4160 1596 4218 hominis
1627 4178 1800 4232 quem
1825 4178 1953 4233 pre.

246 4246 349 4304 mit
374 4262 588 4320 magna
604 4248 788 4306 moles
805 4253 862 4306 et
873 4251 1239 4307 consuetudo
1254 4252 1494 4324 peccati,
1510 4253 1570 4308 in
1587 4252 1754 4309 corde
1775 4251 1953 4308 homi-

246 4339 337 4395 nis
363 4339 812 4411 transgressoris
834 4340 1010 4396 etiam
1033 4341 1218 4398 sancti
1248 4342 1563 4415 Evangelii,
1596 4346 1955 4414 contempto-

246 4429 326 4485 ris
368 4445 670 4502 pmnarum
715 4434 1082 4500 internarum,
1119 4432 1328 4488 fremat
1375 4432 1662 4501 Christus,
1696 4432 1955 4505 increpet

249 4535 315 4574 se
345 4519 536 4577 homo.
570 4520 724 4577 Audi
747 4521 938 4578 adhuc
961 4537 975 4578 :
1002 4521 1155 4578 ﬂevit
1183 4523 1470 4587 Christus,
1500 4522 1635 4580 ﬂeat
1663 4538 1722 4580 se
1753 4522 1950 4580 homo.

246 4609 432 4674 Quare
459 4610 617 4667 enim
650 4610 807 4668 ﬂevit
827 4612 1111 4678 Christus,
1144 4613 1257 4670 nisi
1297 4612 1436 4684 quia
1475 4613 1611 4670 ﬂere
1660 4613 1952 4670 hominem

249 4697 494 4754 docuit?
514 4701 700 4762 Quare
731 4701 968 4757 fremuit
1005 4705 1061 4758 et
1100 4701 1354 4758 turbavit
1401 4702 1805 4774 semetipsum,
1837 4703 1952 4761 nisi

246 4789 385 4863 quia
415 4789 561 4846 ﬁdes
592 4788 841 4846 hominis
876 4791 990 4848 sibi
1039 4792 1248 4848 merito
1298 4792 1658 4866 displicentia
1707 4796 1953 4854 fremere

245 4881 676 4954 quodammodo
698 4881 869 4937 debet
889 4882 947 4937 in
981 4883 1352 4940 accusatione
1377 4883 1660 4942 malorum
1682 4901 1951 4957 operum,

245 4976 310 5028 ut
335 4970 618 5029 violentia
649 4971 964 5046 pcenitendi
997 4973 1162 5029 cedat
1190 4976 1554 5031 consuetudo
1593 4976 1870 5046 peccandi
1890 4977 1918 5032 ?

317 5063 407 5117 20.
434 5065 496 5118 Et
519 5061 665 5119 dixit
692 5079 714 5121 :
743 5062 841 5121 Ubi
868 5063 1128 5131 posuistis
1149 5078 1273 5119 eum
1295 5067 1320 5118 γ
1337 5063 1508 5120 Scisti
1527 5065 1664 5137 quia
1687 5068 1954 5124 mortuus

255 5154 348 5220 sit,
381 5157 440 5210 et
469 5155 568 5210 ubi
591 5153 666 5212 sit
688 5155 1189 5227 sepultusignoras
1208 5155 1236 5211 ?
1259 5154 1324 5211 Et
1341 5154 1456 5211 ista
1475 5155 1824 5226 signiﬁcatio
1845 5161 1952 5224 est,

256 5242 391 5311 quia
413 5244 498 5300 sic
519 5246 811 5316 perditum
845 5245 1142 5301 hominem
1176 5243 1340 5317 quasi
1375 5245 1560 5300 nescit
1609 5247 1778 5302 Deus.
1830 5245 1955 5303 Non

257 5344 435 5385 ausus
457 5348 585 5389 sum
605 5333 812 5402 dicere,
837 5333 1066 5391 Nescit:
1093 5333 1229 5405 quid
1260 5332 1417 5389 enim
1456 5332 1555 5390 ille
1596 5332 1951 5390 nescit?Sed

255 5419 416 5491 quasi
439 5421 638 5478 nescit.
665 5424 821 5481 Unde
845 5424 949 5482 hoc
972 5424 1286 5496 probamus
1308 5424 1333 5480 ‘l
1354 5423 1668 5481 Dominum
1699 5424 1832 5480 audi
1874 5423 1953 5480 di-

322 5545 420 5615 ξῃ)
452 5557 557 5615 uno
582 5546 682 5615 .Ms.
713 5553 771 5615 et
801 5551 944 5615 apud
974 5551 1275 5614 Alcuinum,
1311 5551 1558 5602 turbatur
1587 5550 1886 5615 inﬁrmitas.

317 5603 650 5674 FParticula,
678 5611 740 5672 si,
775 5603 925 5663 ab'est
953 5627 985 5664 a
1016 5616 1138 5666 Mes.
1175 5603 1462 5680 plerisque.

1209 233 1284 293 IN
1332 230 1657 294 JOANNIS
1701 226 2228 300 EVANGELIUM,
2277 229 2339 289 S.
2389 227 2812 292 AUGUSTINI

3634 229 3790 289 1756

2069 369 2300 423 cturum
2326 366 2383 420 in
2402 367 2644 437 judicio,
2677 366 2792 423 Non
2821 370 2946 425 novi
2977 384 3095 432 vos;
3118 367 3387 426 discedite
3413 385 3447 423 a
3467 383 3552 423 me
3572 365 3785 436 (Matth.

2067 472 2168 524 vn,
2199 457 2310 526 22).
2343 457 2488 521 Quid
2518 461 2628 526 est,
2662 458 2782 513 Non
2813 460 2940 514 novi
2969 475 3059 515 vos
3085 463 3109 512 .’
3158 461 3279 515 Non
3342 474 3442 514 vos
3499 456 3666 512 video
3727 455 3787 510 in

2069 545 2199 601 luce
2224 561 2367 612 mea,
2404 563 2516 602 non
2552 563 2652 603 vos
2684 546 2848 604 video
2879 547 2937 603 in
2972 547 3076 603 illa
3126 547 3354 619 iustitia
3400 563 3577 619 quam
3630 547 3788 601 novi.

2066 634 2157 689 Sic
2181 640 2235 690 et
2255 635 2348 691 hic
2368 641 2651 709 tanquam
2676 637 2941 694 nesciens
2975 637 3149 694 talem
3195 641 3579 710 peccatorem,
3615 637 3788 705 dixit,

2069 727 2166 784 Ubi
2191 729 2448 799 posuistis
2472 744 2596 784 eum
2626 731 2653 782 ?
2678 727 2832 784 Talis
2854 733 2943 784 cst
2965 745 3070 785 vox
3095 729 3193 785 Dei
3215 729 3277 786 in
3300 729 3571 801 paradiso
3618 733 3790 799 post-

2065 833 2312 889 eaquam
2346 817 2519 874 homo
2573 818 2854 890 peccavit,
2906 819 3100 886 Adam,
3132 819 3228 874 ubi
3272 835 3324 875 es
3375 819 3529 890 (Gen.
3564 836 3650 888 111,
3680 819 3792 885 9)?

2066 908 2263 962 Dicunt
2286 909 2342 975 ei,
2367 926 2384 962 :
2417 909 2663 978 Domine,
2689 909 2831 976 veni,
2855 916 2904 964 et
2926 909 3063 965 vitle.
3089 909 3238 972 Quid
3261 914 3371 977 est,
3416 908 3534 965 vide
3553 917 3578 963 Ρ
3610 908 3788 965 Mise-

2066 1014 2206 1055 rere.
2244 994 2411 1054 Videt
2433 999 2589 1055 enim
2638 1000 2949 1066 Dominus,
2997 1000 3227 1071 quando
3275 1001 3596 1056 miseretur.
3625 999 3788 1055 Unde

2066 1088 2149 1143 illi
2183 1088 2416 1156 dicitur,
2453 1088 2578 1144 Vide
2609 1089 2979 1145 humilitatem
3002 1105 3200 1159 meam,
3226 1097 3279 1145 et
3305 1091 3542 1146 laborem
3573 1106 3781 1156 meum,

2063 1183 2115 1234 et
2137 1179 2351 1234 dimitte
2379 1179 2564 1233 omnia
2593 1188 2812 1250 peccata
2843 1195 2962 1233 mea
2994 1178 3162 1250 (Psal.
3196 1196 3347 1247 xxw,
3386 1179 3491 1249 18).

2135 1269 2223 1322 21.
2253 1269 2603 1340 Lacrymatus
2627 1274 2704 1324 est
2725 1269 2898 1324 Iesus.
2923 1271 3204 1324 Dixerunt
3230 1285 3362 1339 ergo
3401 1269 3582 1325 Judwi
3614 1286 3631 1325 :
3656 1271 3790 1332 Ecca

2066 1358 2337 1430 quomodo
2367 1359 2589 1413 amabat
2617 1374 2761 1414 eum.
2789 1358 2937 1424 Quid
2959 1362 3070 1427 est,
3094 1359 3312 1414 amabat
3331 1375 3450 1415 eum
3479 1363 3503 1410 .9
3522 1360 3634 1414 Non
3660 1357 3789 1415 veni

2064 1448 2475 1516 vocarejustos,
2500 1448 2594 1504 sed
2611 1455 2916 1519 peccatores
2941 1447 2998 1503 in
3024 1447 3419 1520 paenitentiam
3457 1447 3667 1519 (illatlh.
3708 1465 3786 1517 ιιι,

2069 1538 2177 1606 13).
2215 1537 2449 1606 Quidam
2472 1544 2654 1594 autem
2674 1553 2742 1592 ex
2771 1539 2902 1610 ipsis
2939 1536 3238 1594 dixerunt:
3286 1539 3398 1594 Non
3446 1542 3659 1609 poterat
3700 1537 3790 1592 hic

2065 1629 2160 1698 qui
2187 1631 2397 1699 aperuit
2419 1628 2604 1686 oculos
2624 1629 2784 1695 caeci,
2809 1630 2988 1699 facere
3019 1637 3076 1684 ut
3100 1633 3150 1685 et
3181 1626 3269 1683 hic
3298 1644 3406 1684 non
3435 1633 3740 1685 moreretur
3761 1628 3790 1682 Ρ

2066 1716 2174 1782 Qui
2198 1717 2385 1774 noluit
2406 1718 2592 1775 facere
2625 1723 2689 1772 ut
2715 1734 2832 1773 non
2855 1721 3200 1787 moreretur,
3221 1717 3354 1790 plus
3375 1722 3463 1776 est
3501 1718 3656 1791 quod
3700 1718 3785 1773 fa-

2066 1813 2264 1862 cturus
2296 1811 2401 1876 est,
2437 1811 2501 1863 ut
2532 1813 2806 1864 mortuus
2828 1807 3164 1865 suscitetur.

2138 1900 2224 1951 22.
2257 1901 2415 1954 Jesus
2446 1913 2574 1966 ergo
2605 1913 2798 1953 rursus
2825 1901 3066 1969 fremens
3099 1899 3155 1953 in
3197 1897 3507 1969 semetipso,
3541 1900 3684 1954 venit
3715 1898 3786 1952 ad

2066 1991 2498 2044 monumentum.
2532 1990 2759 2044 Fremat
2779 1991 2836 2043 et
2858 1988 2915 2042 in
2939 1990 3018 2054 te,
3041 1987 3089 2045 si
3111 1986 3374 2060 disponis
3421 1985 3780 2044 reviviscere.

2068 2075 2236 2132 Omni
2264 2075 2479 2133 homini
2503 2074 2736 2132 dicitur.
2761 2075 2863 2147 qui
2886 2077 3170 2149 premitur
3189 2077 3448 2148 pessima
3470 2081 3782 2133 consuetu-

2068 2172 2202 2228 dine
2239 2190 2252 2229 :
2292 2175 2456 2229 Venit
2482 2173 2552 2229 ad
2585 2179 3019 2230 monumentum.
3046 2176 3184 2231 Erat
3205 2181 3390 2230 autem
3419 2174 3692 2246 spelunca,
3723 2181 3779 2231 et

2072 2255 2219 2330 lapis
2248 2260 2616 2332 superpositus
2635 2269 2751 2316 erat
2778 2259 2849 2316 ei.
2877 2259 3140 2317 Mortuus
3162 2262 3272 2317 sub
3294 2259 3507 2332 lapide,
3521 2277 3653 2317 reus
3667 2261 3779 2317 sub

2067 2347 2212 2420 lege.
2245 2349 2420 2405 Scitis
2452 2349 2606 2404 enim
2641 2349 2778 2421 quia
2806 2350 2919 2406 Lex
2949 2367 3080 2422 quae
3131 2351 3263 2406 data
3312 2355 3400 2407 est
3444 2350 3687 2421 Judaais,
3722 2350 3785 2407 in

2070 2436 2260 2510 lapide
2292 2437 2508 2510 scripta
2538 2441 2629 2494 est
2657 2439 2868 2510 (Exod.
2900 2456 3060 2505 xxxx,
3096 2440 3204 2511 18).
3230 2439 3446 2496 Omnes
3479 2445 3677 2497 autem
3702 2439 3785 2498 rei

2069 2526 2504 2599 sublegesunt:
2525 2528 2672 2585 bene
2688 2528 2947 2587 viventes
2969 2546 3104 2586 cum
3145 2531 3270 2603 lege
3295 2533 3452 2589 sunt.
3491 2531 3660 2588 Justo
3692 2530 3787 2587 lex

2068 2617 2255 2689 posita
2290 2633 2402 2673 non
2433 2621 2521 2674 est
2553 2619 2600 2689 (l
2632 2619 2762 2675 Tim.
2798 2634 2836 2686 1,
2880 2622 2955 2690 9).
2999 2620 3148 2686 Quid
3190 2623 3276 2676 est
3319 2636 3477 2693 ergo,
3526 2619 3786 2693 Lapidem

2065 2711 2331 2764 removete
2350 2711 2375 2762 .9
2405 2709 2664 2765 Gratiam
2689 2709 3018 2782 praedicata.
3047 2709 3361 2783 Apostolus
3383 2711 3540 2768 enim
3564 2711 3784 2768 Paulus

2067 2799 2397 2856 ministrum
2420 2815 2483 2855 se
2504 2800 2645 2856 dicit
2679 2800 2825 2858 Novi
2853 2802 3230 2870 Testamenti,
3258 2820 3371 2860 non
3421 2803 3644 2872 litteras,
3677 2806 3783 2861 sed

2065 2887 2349 2961 spiritus‘
2381 2904 2393 2943 :
2419 2906 2549 2944 nam
2583 2891 2788 2959 littera,
2821 2891 3032 2964 inquit,
3057 2892 3270 2962 occidit,
3294 2895 3520 2966 spiritus
3535 2895 3787 2966 vivi/icat

2065 2980 2136 3051 (ll
2169 2979 2296 3035 Cor.
2332 2995 2416 3039 ιιι,
2449 2979 2528 3051 6).
2563 2979 2778 3036 Littera
2807 2981 3098 3049 occidens,
3133 2983 3304 3054 quasi
3336 2983 3480 3056 lapis
3519 2990 3606 3042 est
3651 3000 3788 3055 pre—

2068 3085 2254 3125 mens.
2288 3070 2596 3136 Removete,
2618 3070 2828 3143 inquit,
2845 3072 3101 3144 lapidem.
3124 3072 3433 3130 Removete
3451 3074 3615 3147 Legis
3637 3090 3786 3147 pon-

2068 3159 2179 3216 dus
2206 3185 2220 3230 ;
2247 3161 2501 3234 gratiam
2534 3162 2864 3234 prmdicate.
2897 3163 2960 3220 Si
2987 3166 3136 3220 enim
3173 3166 3311 3221 data
3335 3173 3474 3222 esset
3521 3166 3630 3233 lex,
3663 3182 3788 3238 quae

2065 3245 2242 3322 posset
2267 3249 2566 3321 viviﬁcare,
2589 3251 2818 3308 omnino
2840 3267 2909 3310 ea:
2931 3257 3073 3326 Lege
3091 3264 3227 3312 esset
3244 3255 3494 3326 justitia.
3515 3254 3622 3312 Sed
3648 3271 3785 3313 con—

2065 3340 2228 3395 clusit
2249 3341 2436 3395 omnia
2455 3340 2744 3413 Scriptura
2763 3343 2863 3398 sub
2892 3351 3130 3415 peccato,
3153 3350 3214 3400 ut
3231 3344 3527 3416 promissio
3566 3361 3635 3400 ea:
3672 3345 3787 3416 ﬁde

2066 3430 2194 3485 Iesu
2218 3428 2419 3484 Christi
2445 3429 2671 3487 daretur
2698 3431 3039 3490 credentibus
3085 3433 3287 3505 (Galat.
3337 3435 3512 3503 111,21
3564 3439 3619 3491 et
3666 3435 3785 3508 22).

2065 3518 2214 3590 Ergo
2245 3529 2515 3576 removete
2543 3521 2805 3592 lapidem.

2136 3609 2226 3664 23.
2258 3609 2403 3665 Dicit
2431 3611 2483 3666 ei
2502 3611 2741 3678 Martha,
2773 3627 2928 3669 soror
2955 3615 3077 3683 eius
3126 3615 3224 3685 qui
3257 3618 3506 3671 mortuus
3542 3618 3728 3686 fuerat
3759 3637 3780 3672 :

2066 3697 2313 3770 Domine,
2337 3700 2459 3770 jam
2486 3702 2655 3771 fetet;
2690 3703 3099 3773 quatriduanus
3129 3707 3278 3761 enim
3315 3714 3413 3761 est.
3449 3705 3588 3762 Dicit
3608 3707 3661 3763 ei
3690 3710 3785 3764 Je-

2065 3805 2154 3845 sus
2178 3809 2195 3844 :
2217 3791 2408 3847 Nonne
2427 3790 2550 3848 dixi
2579 3793 2684 3848 tibi
2703 3796 2966 3866 quoniam
2995 3796 3045 3851 si
3074 3795 3393 3862 credideris,
3419 3797 3619 3854 videbis
3666 3801 3788 3868 glo-

2067 3882 2216 3938 riam
2240 3883 2339 3938 Dei
2359 3890 2386 3938 .’
2416 3884 2560 3950 Quid
2584 3889 2694 3953 est,
2725 3885 2930 3942 videbis
2947 3885 3186 3958 gloriam
3212 3889 3349 3943 Dei?
3378 3889 3522 3954 Quia
3559 3894 3616 3944 et
3667 3906 3784 3962 pu-

2065 3976 2291 4030 tentem
2328 3981 2383 4029 et
2412 3976 2874 4045 quatriduanum
2904 3977 3238 4036 resuscitat.
3272 3979 3462 4036 Omnes
3491 3981 3637 4036 enim
3657 3997 3786 4052 pec-

2064 4069 2344 4129 caverunt,
2372 4077 2423 4118 et
2450 4071 2616 4135 egent
2663 4065 2850 4133 gloria
2890 4064 2988 4122 Dei
3039 4066 3213 4137 (Rom.
3264 4084 3349 4136 ιιι,
3378 4069 3470 4139 23)
3506 4084 3517 4123 :
3547 4074 3624 4136 et,
3679 4071 3786 4127 Ubi

2064 4149 2364 4204 abundavit
2426 4155 2728 4222 peccatum,
2793 4154 3258 4222 superabundavit
3325 4161 3376 4211 et
3440 4155 3624 4227 gratia
3674 4157 3780 4230 (td.

2063 4256 2118 4308 v,
2146 4241 2262 4314 20).

2132 4330 2223 4388 24.
2259 4331 2516 4388 Tulerunt
2533 4348 2657 4405 ergo
2688 4333 2954 4406 lapidem.
2977 4341 3133 4396 Iesus
3164 4343 3349 4395 autem
3385 4338 3606 4398 elevatis
3656 4357 3785 4396 sur-

2062 4437 2181 4477 sum
2203 4422 2395 4491 oculis,
2425 4422 2569 4480 dixit
2600 4441 2618 4480 :
2651 4425 2832 4493 Pater,
2861 4429 3072 4499 gratias
3092 4445 3192 4500 ago
3215 4428 3340 4496 tibi,
3369 4431 3630 4500 quoniam
3671 4447 3781 4487 au-

2062 4513 2195 4569 disti
2213 4529 2299 4570 me
2323 4531 2339 4570 :
2361 4530 2456 4586 ego
2476 4522 2662 4573 autem
2682 4517 2920 4574 sciebam
2938 4520 3070 4592 quia
3089 4533 3307 4590 semper
3326 4536 3415 4575 me
3443 4520 3642 4584 audis;
3683 4523 3784 4579 sed

2060 4607 2279 4674 propter
2295 4604 2555 4676 populum
2577 4607 2675 4678 qui
2692 4609 3032 4679 circumstat,
3050 4609 3190 4677 dixi,
3227 4619 3283 4666 ut
3312 4611 3536 4667 credant
3560 4615 3690 4684 quia
3713 4620 3782 4670 tu

2065 4707 2147 4748 me
2173 4693 2390 4749 misisti.
2415 4696 2541 4752 Haec
2568 4711 2696 4752 cum
2757 4697 3006 4768 dixisset,
3055 4716 3257 4771 magna
3307 4717 3431 4759 voce
3484 4702 3777 4760 clamavit.

2063 4783 2342 4849 Fremuit,
2368 4785 2726 4857 lacrymavit.
2750 4804 2885 4845 voce
2909 4805 3116 4864 magna
3137 4792 3432 4850 clamavit.
3455 4793 3637 4860 Quam
3659 4794 3780 4850 dif-

2063 4872 2214 4930 ﬁcile
2237 4875 2448 4947 surgit,
2471 4878 2850 4948 quemmoles
2869 4880 3038 4938 male
3057 4881 3503 4939 consuetudinis
3524 4883 3738 4953 premit
3760 4885 3775 4939 t

2061 4962 2172 5019 Sed
2205 4968 2398 5020 tamen
2431 4965 2622 5037 surgit
2653 4983 2667 5023 :
2700 4970 2925 5026 occulta
2954 4970 3144 5043 gratia
3181 4971 3342 5028 intus
3399 4972 3726 5028 viviﬁcatur
3757 4994 3774 5042 ;

2063 5052 2244 5123 surgit
2273 5057 2406 5124 post
2433 5069 2633 5113 vocem
2665 5074 2961 5131 magnam.
3002 5061 3151 5127 Quid
3200 5068 3289 5117 est
3337 5061 3557 5118 factum
3578 5062 3605 5117 Ἰ
3643 5062 3778 5122 l’occ

2063 5159 2265 5214 magna
2290 5144 2551 5202 clamavit
2581 5162 2602 5202 :
2634 5148 2858 5218 Lazare,
2894 5151 3015 5207 veni
3042 5153 3213 5222 foras.
3248 5151 3314 5206 Et
3343 5154 3530 5208 statim
3562 5153 3777 5221 prodiit

2063 5237 2157 5307 qui
2175 5235 2364 5307 fuerat
2379 5242 2647 5302 mortuus,
2672 5239 2872 5312 ligatus
2901 5257 3100 5299 manus
3118 5251 3171 5299 et
3202 5245 3364 5316 pedes
3405 5243 3683 5310 institisti;
3718 5253 3778 5301 et

2063 5326 2228 5394 facies
2252 5325 2406 5383 illius
2421 5327 2648 5385 sudario
2668 5334 2790 5387 erat
2805 5331 3006 5404 ligata.
3037 5334 3338 5401 Quomodo
3388 5334 3666 5405 processit
3697 5335 3775 5390 li-

2126 5427 2143 5496 ξ
2165 5426 2322 5496 Editi,
2355 5427 2690 5496 nonlittera,
2723 5431 2818 5496 sed
2836 5433 3042 5496 spiritu.
3079 5436 3145 5486 At
3168 5434 3310 5492 Msa,
3332 5448 3431 5484 non
3455 5433 3652 5483 littere
3679 5439 3782 5487 sed

2060 5489 2302 5601 spié'ilus;
2321 5491 2559 5554 genitivo
2589 5489 2734 5553 casu,
2751 5489 2905 5560 juxta
2935 5511 3267 5563 grmcum,ou
3294 5489 3632 5563 grammati”.
3658 5501 3776 5550 alla

2061 5567 2128 5601 tm
2162 5567 2278 5600 urna
2305 5567 2380 5601 οε.

2059 5567 2380 5616 pneumatos.

2121 5614 2144 5651 ³
2164 5615 2326 5668 Abest
2355 5627 2387 5668 a
2419 5616 2564 5682 Mss"
2597 5619 2816 5675 institis.
