4148 6190
325 247 454 306 175Ἲ

320 384 452 457 gatis
504 383 751 456 pedibus
787 382 1036 448 miraris,
1071 386 1127 437 et
1175 398 1292 437 non
1326 380 1560 437 miraris
1583 379 1722 452 quia
1760 381 2012 436 surrexit.

322 474 730 546 quatriduanus
752 474 781 528 ‘t
813 475 878 530 In
911 480 1159 545 utroque
1186 471 1446 545 potentia
1469 471 1701 528 Domini
1724 479 1867 541 erat,
1893 488 2008 528 non

322 562 456 618 vires
486 561 723 618 mortui.
759 560 1066 629 Processit,
1102 564 1160 616 et
1189 561 1381 617 adhuc
1413 559 1629 632 ligatus
1664 565 1755 616 est
1778 577 1791 615 :
1816 559 2009 616 adhuc

320 651 620 718 involutus,
640 656 835 707 tamen
863 651 982 720 jam
1009 651 1162 706 foras
1188 651 1490 721 processit.
1515 649 1664 715 Quid
1685 648 2009 721 significat?

319 741 540 806 Quando
563 741 911 805 contemnis,
932 741 1380 810 mortuusjaces
1405 756 1417 806 ;
1451 743 1508 795 et
1537 739 1588 796 si
1609 744 1766 796 tanta
1789 743 2010 811 quanta

318 831 419 886 dixi
467 830 817 894 contemnis,
851 828 1111 900 sepultus
1149 829 1311 900 jaces
1345 845 1359 886 :
1411 829 1646 900 quando
1687 829 2005 897 confiteris,

317 920 582 994 procedis.
618 920 764 984 Quid
815 924 900 976 est
948 921 1102 976 enim
1137 921 1466 991 procedere,
1508 918 1622 975 nisi
1658 920 1731 975 ab
1765 918 2006 976 occultis

318 1011 458 1068 velut
496 1010 758 1067 exeundo
795 1008 1147 1066 manifestari
1171 1010 1198 1064 ?
1229 1009 1338 1064 Sed
1375 1015 1439 1065 ut
1467 1009 1821 1079 confitearis,
1858 1011 2007 1066 Deus

316 1100 434 1156 facit
463 1116 674 1172 magna
705 1114 844 1155 voce
875 1097 1205 1167 clamando,
1237 1098 1294 1154 id
1326 1101 1434 1168 est,
1462 1114 1672 1170 magna
1700 1099 1884 1170 gratia
1914 1116 2008 1155 vo-

316 1191 506 1246 cando.
536 1191 669 1246 Ideo
691 1206 824 1245 cum
851 1188 1234 1261 processisset
1255 1192 1524 1244 mortuus
1548 1188 1738 1245 adhuc
1763 1188 2002 1260 ligatus,

315 1280 586 1336 conﬁtens
618 1283 675 1335 et
705 1280 896 1335 adhuc
929 1295 1064 1334 reus
1090 1295 1102 1345 ;
1124 1283 1188 1334 ut
1217 1277 1576 1335 solverentur
1605 1281 1839 1348 peccata
1859 1282 2004 1349 ejus,

313 1369 583 1426 ministris
614 1370 722 1425 hoc
753 1368 898 1424 dixit
929 1368 1200 1424 Dominus
1238 1384 1251 1422 :
1293 1367 1495 1424 Solvite
1547 1368 1726 1436 illum,
1759 1376 1807 1424 et
1836 1368 2007 1424 sinite

309 1461 469 1515 abire.
503 1459 652 1524 Quid
684 1463 790 1524 est,
815 1459 1042 1523 Solvite,
1065 1467 1119 1515 et
1147 1458 1322 1514 sinite
1343 1458 1500 1513 abire
1520 1461 1695 1523 ?Quea
1719 1459 2006 1515 solveritis

312 1550 365 1604 in
397 1557 562 1618 terra,
595 1548 788 1605 soluta
818 1553 992 1605 erunt
1023 1553 1077 1604 et
1107 1549 1166 1604 in
1199 1547 1341 1604 coelo
1368 1549 1584 1618 (Matth.
1616 1566 1730 1613 xvr,
1771 1549 1878 1620 t9).

372 1640 457 1694 25.
482 1638 644 1694 Multi
668 1654 793 1710 ergo
822 1655 893 1695 ea:
920 1639 1125 1695 Judwis
1154 1638 1252 1711 qui
1290 1643 1550 1695 venerant
1589 1639 1663 1694 ad
1691 1638 1924 1696 Mariam
1954 1649 2004 1696 et

308 1730 542 1786 viderant
588 1746 706 1801 quae
735 1730 866 1800 fecit
905 1731 1078 1800 Iesus,
1103 1730 1452 1786 crediderunt
1496 1728 1556 1785 in
1584 1745 1706 1786 eum
1738 1747 1757 1785 :
1778 1730 2004 1802 quidam

307 1825 480 1878 autem
509 1836 582 1876 ea:
611 1820 742 1891 ipsis
779 1820 1033 1876 abierunt
1081 1819 1150 1875 ad
1178 1821 1503 1886 Pharisaeos,
1527 1826 1580 1875 et
1626 1819 1893 1875 dixerunt
1924 1822 2004 1877 eis

305 1926 422 1983 qua
456 1911 587 1980 fecit
622 1913 796 1968 Iesus.
832 1910 956 1966 Non
992 1925 1198 1967 omnes
1229 1926 1295 1966 ex
1328 1909 1546 1966 Judmis
1589 1912 1688 1982 qui
1719 1925 2004 1966 convene-

307 2005 431 2057 rant
481 2001 552 2057 ad
615 2000 881 2067 Mariam,
936 2000 1329 2069 crediderunt,
1380 2000 1477 2056 sed
1548 2003 1744 2056 tamen
1813 2000 2000 2055 multi.

305 2091 543 2160 Quidam
576 2107 697 2148 vero
726 2107 796 2148 ea:
823 2091 922 2158 eis,
955 2091 1072 2146 sive
1103 2106 1172 2147 ex
1201 2089 1416 2146 Judszis
1447 2089 1545 2162 qui
1592 2094 2002 2158 convenerant,

304 2181 419 2238 sive
447 2196 514 2237 ex
543 2181 628 2237 eis
658 2180 752 2251 qui
785 2181 1174 2246 crediderant,
1204 2181 1464 2236 abierunt
1494 2180 1565 2235 ad
1596 2180 1930 2246 Pharisaeos,
1953 2187 2004 2235 et

306 2270 566 2326 dixerunt
594 2272 671 2326 eis
698 2284 824 2341 quae
851 2271 980 2339 fecit
1017 2271 1172 2326 Jesus
1200 2285 1220 2324 :
1251 2268 1370 2324 sive
1399 2267 1823 2335 annuntiando,
1856 2272 1921 2323 ut
1945 2271 2005 2324 et

305 2360 412 2432 ipsi
461 2361 796 2428 crederent;
852 2359 970 2416 sive
1011 2359 1204 2431 potius
1244 2358 1561 2430 prodendo,
1603 2361 1668 2413 ut
1712 2357 1999 2414 saevirent.

301 2450 405 2506 Sed
443 2448 884 2522 quomodolibet
903 2451 959 2506 et
985 2465 1019 2506 a
1051 2447 1432 2521 quibuslibet,
1450 2448 1522 2504 ad
1553 2447 1870 2505 Pbarismos
1894 2449 2004 2506 ista

302 2541 518 2613 perlata
548 2543 706 2596 sunt.

371 2632 458 2686 26.
495 2631 844 2702 Collegerunt
889 2631 1170 2702 pontiﬁces
1203 2637 1252 2686 et
1283 2631 1556 2688 Pharisaei
1595 2632 1918 2697 concilium,
1951 2640 2005 2687 et

307 2720 552 2776 dicebant
582 2737 602 2776 :
633 2720 772 2789 Quid
798 2720 1035 2792 facimus
1055 2729 1081 2774 .’
1110 2721 1223 2776 Nec
1254 2724 1450 2776 tamen
1483 2720 1772 2788 dicebant,
1796 2721 2004 2778 Creda-

304 2828 458 2867 mus.
493 2811 634 2868 Plus
653 2810 806 2868 enim
832 2811 1042 2883 perditi
1065 2810 1333 2868 homines
1355 2811 1687 2883 cogitabant
1709 2814 2004 2884 quomodo

300 2905 574 2959 nocerent
605 2906 670 2958 nt
710 2902 1031 2972 perderent,
1065 2917 1242 2973 quam
1274 2902 1566 2971 quomodo
1594 2901 1706 2958 sibi
1739 2901 2007 2959 consule-

308 2995 434 3049 rent
457 3008 526 3048 ne
556 2991 813 3064 perirent
845 3009 857 3047 :
891 2995 946 3048 et
977 2999 1168 3048 tamen
1194 2991 1495 3059 timebant,
1527 2994 1584 3046 et
1615 2992 1773 3062 quasi
1796 3008 2009 3048 consu-

302 3083 520 3139 lebant.
556 3082 816 3137 Dicebant
845 3081 1000 3138 enim
1036 3096 1049 3136 :
1084 3080 1227 3144 Quid
1254 3081 1491 3151 facimus
1512 3081 1702 3148 ?Quia
1734 3081 1823 3137 hic
1852 3083 2007 3141 homo

300 3173 477 3229 multa
506 3176 664 3242 signa
694 3173 830 3241 facit
855 3189 867 3226 :
891 3174 942 3228 si
963 3171 1299 3228 dimittimus
1317 3187 1443 3227 eum
1463 3173 1564 3236 sic,
1588 3187 1770 3229 omnes
1790 3173 2009 3231 credent

293 3266 354 3318 in
384 3279 513 3318 eum
537 3278 560 3328 ;
588 3270 638 3318 et
664 3264 886 3318 venient
918 3263 1171 3331 Romani,
1197 3265 1248 3317 et
1288 3260 1495 3318 tollent
1540 3269 1794 3318 nostrum
1829 3263 2007 3321 locum

294 3357 347 3407 et
394 3355 634 3422 gentem.
667 3350 1030 3423 Temporalia
1080 3351 1321 3424 perdere
1352 3350 1696 3421 timuerunt,
1739 3356 1797 3408 et
1825 3355 2004 3411 vitam

293 3447 574 3499 sternam
610 3459 723 3498 non
756 3443 1195 3514 cogitaverunt;
1231 3457 1299 3498 ac
1328 3441 1412 3497 sic
1455 3449 1760 3514 utrumque
1791 3446 2006 3504 amise-

291 3537 440 3588 runt.
473 3533 620 3590 Nam
640 3537 698 3590 et
716 3533 963 3589 Romani
987 3539 1114 3605 post
1134 3531 1366 3589 Domini
1392 3533 1724 3604 passionem
1748 3538 1806 3591 et
1829 3535 2005 3607 glori-

293 3623 650 3687 ﬁcationem,
685 3621 946 3679 tulerunt
992 3622 1075 3679 eis
1106 3626 1164 3678 et
1207 3621 1398 3678 locum
1432 3627 1489 3679 et
1537 3627 1795 3696 gentem,
1827 3641 2003 3696 expu-

295 3712 529 3783 gnando
562 3715 620 3766 et
667 3711 1072 3767 transferendo
1108 3726 1124 3767 :
1155 3713 1212 3767 et
1240 3710 1384 3767 illud
1418 3727 1515 3768 eos
1549 3713 1816 3785 sequitur
1847 3717 2000 3785 quod

295 3799 428 3855 alibi
463 3798 685 3855 dictum
709 3803 817 3867 est,
841 3798 974 3855 Filii
1001 3806 1192 3856 autem
1223 3803 1376 3872 regni
1405 3800 1570 3872 hujus
1602 3802 1754 3858 ibunt
1777 3803 1834 3857 in
1855 3812 2002 3860 tene-

295 3888 414 3943 bras
443 3890 743 3945 exteriores
791 3887 897 3959 (Id.
950 3905 1069 3959 VIII,
1102 3888 1213 3960 l2).
1248 3889 1365 3946 Hoc
1415 3894 1608 3946 autem
1657 3891 2001 3961 timuerunt,

296 3994 364 4033 ne
393 3978 440 4033 si
468 3994 674 4035 omnes
705 3977 764 4034 in
795 3978 1093 4036 Christum
1126 3979 1444 4048 crederent,
1480 3996 1650 4038 nemo
1679 3989 2004 4040 remaneret

292 4069 390 4139 qui
422 4069 704 4126 adversus
727 4071 1016 4128 Romanos
1038 4070 1330 4128 civitatem
1356 4071 1455 4128 Dei
1481 4073 1882 4146 templumque
1902 4075 2003 4130 dc-

291 4158 591 4225 fenderet;
625 4159 898 4230 quoniam
933 4164 1133 4217 contra
1153 4161 1349 4232 ipsum
1381 4161 1690 4233 templum,
1724 4167 2003 4220 etcontra

288 4265 426 4304 snas
453 4252 726 4320 paternas
743 4248 899 4320 leges
917 4251 1240 4308 doctrinam
1267 4251 1480 4308 Christi
1502 4268 1630 4308 esse
1650 4252 1996 4310 sentiebant.

356 4341 448 4394 27.
499 4340 648 4396 Unus
677 4341 862 4395 autem
891 4355 962 4395 ex
991 4339 1123 4410 ipsis
1154 4341 1407 4413 Caiphas,
1440 4359 1561 4398 cum
1591 4351 1725 4399 esset
1751 4345 2000 4414 pontifex

288 4431 433 4483 anni
466 4429 646 4496 illius,
677 4428 822 4484 dixit
864 4431 942 4485 eis
972 4446 990 4484 :
1019 4429 1110 4484 Vos
1139 4433 1362 4487 nescitis
1386 4432 1702 4504 quidquam,
1726 4449 1824 4489 nec
1857 4433 2001 4504 cogi-

291 4519 415 4574 tatis
448 4520 586 4590 quia
627 4518 847 4590 expedit
875 4519 1032 4575 nobis
1066 4522 1080 4555 ¹
1116 4525 1177 4575 ut
1231 4537 1378 4578 unus
1408 4524 1679 4578 moriatur
1719 4528 1874 4580 homo
1901 4539 2001 4596 pro

287 4608 520 4679 populo,
551 4615 606 4664 et
639 4623 752 4664 non
781 4615 892 4664 tota
919 4625 1050 4681 gens
1078 4617 1288 4682 pereat.
1312 4612 1418 4667 Hoc
1436 4617 1624 4668 autem
1655 4629 1688 4667 α
1717 4614 2000 4686 semetipso

291 4713 402 4754 non
433 4697 602 4766 dixit,
634 4698 729 4754 sed
757 4715 884 4754 cum
925 4707 1062 4756 esset
1098 4700 1350 4772 ponti/ea:
1398 4702 1538 4758 anni
1573 4703 1746 4771 illius,
1770 4705 2001 4776 prophe-

286 4791 444 4844 tavit.
470 4788 574 4846 Hic
593 4790 864 4847 docemur
881 4790 1055 4846 etiam
1083 4807 1184 4862 per
1199 4790 1460 4848 homines
1475 4792 1661 4850 malos
1683 4794 2002 4866 prophetiae

287 4878 573 4950 Spiritum
606 4882 796 4937 futura
827 4882 1138 4953 pradicere
1171 4898 1184 4937 :
1219 4884 1375 4956 quod
1407 4887 1598 4939 tamen
1640 4885 2002 4957 Evangelista

284 4968 489 5028 divino
518 4970 730 5028 tribuit
759 4976 1147 5039 sacramento,
1181 4972 1314 5045 quia
1354 4972 1610 5046 pontifex
1641 4975 1773 5044 fuit,
1804 4975 1859 5032 id
1891 4979 1999 5044 est,

283 5077 565 5118 summus
622 5063 917 5119 sacerdos.
951 5065 1153 5120 Potest
1207 5067 1402 5121 autem
1451 5080 1678 5121 movere
1709 5068 2001 5138 quomodo

281 5153 522 5210 dicatur
553 5152 814 5225 pontifex
843 5153 985 5209 anni
1015 5152 1198 5222 illius,
1232 5169 1365 5210 cum
1397 5156 1549 5211 Deus
1572 5171 1754 5212 unum
1788 5157 2000 5213 consti-

284 5243 465 5299 tuerit
496 5259 802 5300 summum
835 5243 1216 5311 sacerdotem,
1250 5245 1343 5301 cui
1377 5248 1602 5302 mortuo
1624 5262 1776 5302 unus
1802 5262 2002 5303 succe-

283 5331 470 5389 deret.
505 5334 619 5390 Sed
653 5333 1104 5406 intelligendum
1147 5337 1254 5403 est,
1279 5350 1379 5407 per
1408 5335 1757 5393 ambitiones
1787 5339 1845 5392 et
1876 5353 2006 5393 con-

295 5421 593 5480 tentiones
627 5422 778 5478 inter
801 5422 1034 5480 Judrcos
1066 5427 1268 5495 postea
1297 5425 1685 5500 constitutum
1718 5428 1782 5482 ut
1812 5426 2004 5498 plures

293 5518 515 5576 essent,
546 5516 606 5569 et
637 5528 741 5584 per
797 5529 980 5569 annos
1030 5514 1295 5586 singulos
1327 5515 1554 5572 vicibus
1586 5515 2000 5575 ministrarent.

363 5640 377 5675 ι
405 5641 564 5699 Editi.
601 5641 756 5692 vobis.
780 5641 905 5693 Mss.
938 5656 1086 5705 vero,
1104 5643 1281 5709 nobis;
1300 5645 1516 5698 favente
1541 5659 1731 5710 graeco,
1755 5645 1912 5699 dmin.

1402 241 1862 304 TRACTATUS
1911 245 1975 302 L.
2023 243 2246 304 CAPP.
2295 243 2364 302 ΧΙ
2415 244 2514 304 ET
2563 242 2693 304 XII.

3669 247 3821 305 1758

2123 381 2268 438 Nam
2301 388 2358 438 et
2389 385 2458 439 de
2489 384 2762 440 Zacharia
2803 384 2907 439 hoc
2939 383 3151 439 dicitur
3182 385 3447 439 :Factum
3502 393 3581 441 est
3618 394 3822 454 autem,

2118 488 2243 528 cum
2298 475 2596 531 sacerdotio
2649 476 2975 546 fungeretur
3028 475 3086 529 in
3116 473 3310 530 ordine
3359 475 3489 531 vicis
3537 491 3655 533 sua?
3692 486 3821 532 ante

2117 565 2311 630 Deum,
2343 565 2639 620 secundum
2659 563 3105 620 consuetudinem
3151 563 3472 630 sacerdotii,
3505 572 3654 619 sorte
3681 568 3822 622 exiit

2117 656 2176 707 ut
2235 654 2520 709 incensum
2573 657 2817 724 poneret,
2851 657 3124 723 ingressus
3183 653 3240 707 in
3299 655 3567 725 templum
3599 655 3822 711 Domini

2117 741 2271 811 (Luc.
2306 760 2345 807 1,
2369 743 2503 810 8,9).
2542 742 2682 798 llinc
2714 748 2953 813 apparet
2985 740 3183 813 plures
3215 756 3315 796 eos
3350 740 3552 812 fuisse,
3584 745 3638 800 et
3672 742 3821 799 vices

2117 847 2253 887 suas
2302 830 2616 888 habuisse:
2671 847 2806 886 nam
2857 831 3160 886 incensum
3210 847 3326 886 non
3359 830 3570 887 licebat
3608 849 3819 903 ponere

2117 920 2230 976 nisi
2261 936 2492 977 summo
2541 921 2827 977 sacerdoti
2857 920 3060 991 (Exod.
3098 936 3229 986 xxx,
3260 920 3338 990 7).
3372 919 3441 975 Et
3471 921 3613 977 forte
3643 921 3816 977 etiam

2117 1026 2297 1067 unum
2318 1028 2537 1066 annum
2563 1011 2755 1081 plures
2779 1008 3285 1076 administrabant,
3302 1009 3520 1080 quibus
3535 1010 3648 1066 alio
3663 1027 3814 1067 anno

2117 1100 2212 1156 alii
2247 1101 2659 1168 succedebant,
2692 1117 2758 1156 ex
2781 1100 2996 1172 quibus
3028 1102 3181 1155 sorte
3221 1099 3415 1155 exibat
3447 1099 3601 1171 quis,
3635 1104 3700 1155 ut
3731 1101 3820 1156 in-

2117 1207 2358 1247 censum
2417 1195 2677 1260 poneret.
2737 1189 2883 1254 Quid
2947 1193 3036 1244 est
3091 1204 3227 1259 ergo
3261 1189 3412 1261 quod
3455 1190 3819 1262 prophetavit

2115 1281 2412 1352 Caiphae?
2443 1280 2584 1349 Quia
2614 1283 2762 1336 Iesus
2795 1282 3092 1336 moriturus
3127 1283 3244 1334 erat
3273 1296 3371 1350 pro
3399 1286 3595 1352 gente;
3626 1289 3678 1337 et
3705 1299 3815 1338 non

2118 1374 2330 1427 tantum
2359 1387 2458 1443 pro
2488 1375 2668 1441 gente,
2708 1370 2800 1424 sed
2831 1374 2890 1424 ut
2930 1371 3070 1438 ﬁlios
3104 1372 3206 1425 Dei
3238 1371 3335 1440 qui
3363 1375 3517 1426 erant
3566 1371 3815 1443 dispersi,

2115 1469 2464 1532 congregaret
2492 1462 2552 1515 in
2585 1476 2775 1514 unum.
2810 1459 2927 1515 Hoc
2972 1458 3343 1528 Evangelista
3373 1460 3594 1515 addidit
3627 1477 3639 1515 :
3683 1477 3817 1517 nam

2113 1551 2361 1622 Caiphas
2389 1551 2457 1606 de
2489 1551 2615 1607 sola
2644 1553 2816 1622 gente
2846 1550 3180 1606 Judmorum
3213 1549 3600 1620 prophetavit,
3620 1551 3678 1604 in
3704 1567 3820 1622 qua

2113 1646 2277 1699 erant
2307 1657 2438 1698 oves
2479 1642 2548 1698 de
2607 1640 2823 1714 quibus
2881 1641 2961 1696 ait
3017 1639 3144 1711 ipse
3193 1638 3495 1708 Dominus,
3526 1639 3643 1695 Non
3697 1657 3818 1695 sum

2114 1732 2312 1788 missus
2343 1733 2458 1788 nisi
2485 1731 2556 1788 ad
2586 1747 2704 1787 oves
2736 1748 2854 1803 quae
2881 1733 3166 1803 perierunt
3198 1730 3386 1786 domus
3417 1731 3585 1787 lsrael
3608 1729 3819 1803 (Matth.

2113 1840 2206 1893 xv,
2235 1822 2348 1895 24).
2383 1821 2492 1878 Sed
2525 1829 2762 1876 noverat
2793 1820 3158 1892 Evangelista
3188 1836 3314 1876 esse
3337 1819 3480 1876 alias
3510 1836 3665 1887 oves,
3693 1838 3821 1892 quae

2114 1928 2229 1970 non
2279 1915 2446 1969 erant
2497 1911 2566 1967 de
2606 1910 2712 1966 hoc
2757 1909 2914 1976 ovili,
2957 1926 3104 1981 quas
3156 1909 3463 1980 oportebat
3492 1909 3724 1974 adduci,
3759 1915 3823 1966 ut

2111 2009 2264 2059 esset
2313 2017 2497 2056 unum
2544 1999 2692 2056 ovile
2740 2002 2796 2055 et
2827 2015 2981 2054 unus
3014 2001 3212 2070 pastor
3242 1999 3423 2069 (Joan.
3457 2015 3513 2066 x,
3547 1999 3654 2069 16).
3690 2000 3821 2055 Haec

2113 2099 2307 2149 autem
2332 2090 2656 2147 secundum
2679 2088 3252 2162 praedestinationem
3289 2089 3444 2144 dicta
3475 2092 3615 2143 sunt
3642 2106 3656 2143 :
3682 2105 3817 2144 nam

2113 2198 2303 2255 neque
2342 2197 2473 2237 oves
2521 2181 2672 2251 ejus,
2707 2195 2812 2236 nec
2842 2178 2945 2234 lilii
2974 2177 3074 2236 Dei
3108 2176 3300 2234 adhuc
3330 2185 3516 2246 erant,
3548 2177 3649 2248 qui
3681 2194 3818 2234 non-

2112 2273 2253 2329 dum
2287 2270 2675 2327 crediderant.

2181 2363 2271 2416 28.
2297 2362 2373 2416 Ab
2396 2361 2491 2417 illo
2518 2375 2645 2430 ergo
2666 2358 2756 2416 die
2782 2362 3156 2431 cogitaverunt
3192 2365 3250 2413 ut
3271 2358 3650 2426 interﬁcerent
3671 2372 3816 2413 eum.

2111 2455 2263 2510 Iesus
2292 2466 2416 2523 ergo
2438 2451 2560 2520 jam
2582 2467 2694 2505 non
2725 2447 2915 2520 palam
2944 2447 3270 2504 ambulabat
3291 2445 3435 2517 apud
3456 2446 3696 2514 Iudaeos,
3718 2447 3810 2502 sed

2112 2543 2257 2598 abiit
2288 2541 2347 2596 in
2380 2542 2658 2610 regionem
2679 2541 2846 2611 juxta
2874 2539 3164 2606 desertum,
3188 2538 3246 2591 in
3274 2537 3554 2592 civitatem
3585 2553 3704 2608 qum
3735 2536 3817 2591 di-

2110 2633 2265 2688 citur
2317 2630 2579 2703 Ephrem,
2609 2635 2660 2685 et
2706 2629 2786 2685 ibi
2815 2631 3138 2685 morabatur
3182 2642 3306 2682 cum
3339 2626 3627 2697 discipulis
3683 2626 3817 2680 suis.

2114 2723 2236 2780 Non
2258 2722 2398 2794 quia
2420 2719 2680 2793 potentia
2703 2720 2830 2791 ejus
2852 2718 3162 2786 defecerat,
3181 2717 3241 2772 in
3263 2733 3379 2788 qua
3403 2716 3610 2789 utique
3631 2715 3679 2772 si
3701 2716 3823 2771 vet-

2116 2814 2216 2881 let,
2249 2817 2307 2870 et
2338 2812 2530 2885 palam
2561 2810 2782 2868 Judazis
2824 2811 3281 2876 conversaretur,
3314 2812 3371 2864 et
3403 2807 3547 2864 nihil
3582 2808 3631 2863 ei
3667 2808 3818 2864 face-

2118 2908 2248 2961 rent
2288 2922 2302 2973 ;
2332 2904 2432 2958 sed
2467 2902 2525 2956 in
2567 2900 2825 2958 hominis
2857 2899 3199 2955 inﬁrmitate
3229 2896 3454 2954 vivendi
3488 2898 3818 2972 exemplum

2116 2992 2418 3064 discipulis
2465 2991 2920 3057 demonstrabat,
2955 2991 3013 3044 in
3048 3005 3159 3061 quo
3191 2991 3488 3060 appareret
3527 3005 3642 3045 non
3691 3006 3820 3045 esse

2119 3085 2444 3156 peccatum,
2468 3080 2512 3137 si
2538 3080 2742 3136 ﬁdeles
2759 3080 2887 3150 ejus
2909 3079 3009 3151 qui
3031 3082 3167 3135 sunt
3187 3078 3449 3134 membra
3469 3078 3615 3148 ejus,
3636 3079 3820 3134 oculis

2118 3169 2596 3244 persequentium
2629 3184 2692 3226 se
2724 3166 3156 3234 subtraherent,
3190 3170 3247 3222 et
3277 3165 3532 3222 furorem
3565 3165 3817 3224 scelera-

2117 3265 2309 3318 torum
2343 3259 2575 3316 latendo
2625 3257 2818 3330 potius
2843 3255 3183 3323 devitarent,
3215 3270 3390 3327 quam
3424 3270 3483 3312 se
3524 3255 3817 3312 offerendo

2116 3349 2304 3423 magis
2336 3348 2738 3408 accenderent.

2710 3490 3134 3548 TBACTATUS
3166 3490 3225 3546 L.

2114 3594 2189 3650 Ab
2220 3609 2281 3651 eo
2305 3593 2437 3661 loco,
2473 3591 2803 3648 Proximum
2836 3593 2960 3646 crat
2989 3589 3209 3646 Pascha
3246 3589 3583 3645 Judseorum
3608 3604 3620 3656 ;
3646 3603 3816 3661 usque

2185 3684 2254 3740 ad
2286 3684 2369 3751 id,
2397 3682 2562 3738 Multi
2593 3686 2823 3754 propter
2846 3680 3010 3736 illum
3044 3679 3300 3749 abibant,
3333 3681 3390 3735 et
3420 3678 3728 3734 credebant
3757 3679 3814 3734 in

2182 3775 2404 3831 Jesum.
2461 3772 2589 3844 Cap.
2623 3789 2701 3843 xx,
2737 3773 2768 3841 ᾗ
2813 3772 2868 3840 ᾗ.
2898 3771 2990 3841 55,
3020 3769 3109 3837 56,
3143 3776 3194 3826 et
3233 3784 3356 3838 cap.
3405 3784 3507 3836 xu,
3554 3769 3608 3838 Ῡ.
3661 3768 3814 3825 1-11.

2184 3919 2234 3973 1.
2268 3917 2606 3973 Hesternam
2655 3914 2960 3972 lectionem
3009 3912 3193 3970 sancti
3232 3911 3548 3984 Evangelii,
3582 3912 3652 3968 de
3701 3929 3816 3986 qua

2111 4006 2290 4064 locuti
2314 4020 2518 4063 sumus
2543 4004 2697 4076 quod
2725 4003 3002 4060 Dominus
3024 4002 3204 4072 dedit,
3226 4001 3511 4059 hodierna
3532 4002 3813 4073 sequitur,

2114 4100 2186 4156 de
2209 4114 2321 4170 qua
2349 4095 2598 4153 locuturi
2620 4111 2828 4152 sumus
2850 4094 3002 4167 quod
3031 4093 3312 4150 Dominus
3334 4093 3515 4150 dabit.
3540 4094 3812 4160 Quaedam

2111 4185 2169 4243 in
2190 4185 2510 4258 Scripturis
2526 4192 2646 4243 tam
2678 4183 2984 4242 manifesta
3002 4188 3160 4251 sunt,
3177 4187 3239 4239 ut
3261 4183 3455 4255 potius
3487 4185 3812 4239 auditorem

2112 4293 2288 4348 quam
2324 4277 2711 4350 expositorem
2743 4275 3107 4332 desiderent:
3151 4274 3210 4328 in
3241 4273 3325 4329 eis
3376 4287 3480 4329 nos
3512 4272 3811 4328 immorari

2112 4383 2225 4424 non
2261 4371 2504 4440 oportet,
2541 4371 2603 4421 ut
2652 4364 2998 4422 necessariis
3028 4364 3086 4420 in
3136 4363 3345 4434 quibus
3377 4362 3810 4419 immorandum

2110 4462 2219 4529 est,
2253 4465 2482 4530 tempus
2512 4471 2574 4513 su
2585 4455 2778 4511 fficiat.

2178 4549 2233 4604 2.
2292 4547 2622 4602 Proximum
2671 4559 2796 4616 ergo
2845 4550 2964 4599 erat
3010 4541 3221 4598 Pascha
3269 4541 3600 4598 Iudaeorum.
3645 4541 3812 4599 Illum

2111 4641 2263 4698 diem
2289 4640 2496 4695 festum
2518 4637 2705 4693 Judaei
2725 4638 3016 4692 cruentam
3043 4633 3256 4691 habere
3268 4632 3498 4691 Domini
3523 4634 3812 4707 sanguine

2109 4729 2436 4787 voluerunt.
2471 4726 2574 4783 Illo
2602 4725 2696 4783 die
2727 4726 2872 4782 festo
2891 4723 3120 4782 occisus
3150 4727 3239 4781 est
3266 4726 3490 4797 Agnus,
3523 4723 3622 4796 qui
3644 4724 3812 4781 nobis

2111 4820 2382 4878 eumdem
2407 4818 2559 4874 diem
2585 4817 2791 4874 festum
2817 4832 2920 4872 suo
2951 4815 3240 4887 sanguine
3269 4815 3646 4872 consecravit.
3671 4816 3812 4872 Con-

2111 4909 2304 4966 silium
2340 4912 2460 4965 erat
2488 4909 2645 4966 inter
2671 4907 2900 4966 Judseos
2931 4908 3001 4964 de
3025 4906 3343 4964 occidendo
3374 4906 3508 4963 Jesu
3543 4923 3556 4962 :
3590 4904 3684 4961 ille
3710 4905 3810 4976 qui

2111 5000 2181 5056 de
2229 4999 2370 5056 cmlo
2420 5002 2655 5056 venerat
2686 4999 2821 5071 pali,
2865 4999 3251 5070 propinquare
3294 4996 3478 5052 voluit
3523 4995 3645 5051 loco
3677 5010 3815 5064 pns-

2112 5088 2317 5160 sionis,
2342 5089 2480 5161 quia
2529 5088 2875 5145 imminebat
2907 5087 3049 5144 hora
3086 5085 3398 5158 passionis.
3440 5082 3808 5140 Ascenderunt

2109 5197 2239 5250 ergo
2296 5182 2462 5237 multi
2517 5180 2914 5252 Jerosolymam
2958 5179 3025 5235 de
3052 5177 3276 5246 regione
3327 5177 3454 5231 ante
3498 5174 3726 5242 Pascha,
3750 5181 3811 5228 ut

2111 5271 2521 5345 sanctiﬁcarent
2551 5272 2774 5343 seipsos.
2809 5271 2924 5326 Hoc
2955 5267 3242 5325 faciebant
3272 5265 3456 5324 ,ἰυάωί
3487 5264 3809 5322 secundum

2112 5368 2464 5435 praeceptum
2516 5359 2770 5428 Domini,
2815 5376 2916 5431 per
2963 5362 3231 5415 sanctum
3283 5356 3520 5428 Moysen
3564 5355 3622 5410 in
3663 5355 3812 5427 Lege

2114 5453 2479 5518 mandatum,
2514 5455 2578 5505 ut
2626 5450 2718 5506 die
2768 5450 2911 5505 festo
2961 5449 3112 5521 quod
3168 5447 3390 5503 Pascha
3432 5448 3577 5516 erat,
3608 5462 3809 5503 omnes

2115 5540 2375 5614 undique
2394 5541 2787 5611 convenirent,
2805 5545 2860 5596 et
2881 5537 3035 5595 illius
3055 5537 3167 5595 diei
3199 5535 3585 5594 celebratione
3605 5537 3812 5592 sancti-

2117 5635 2446 5695 ﬁcarentur.
2475 5632 2587 5693 Sed
2610 5631 2709 5690 illa
2731 5629 3040 5690 celebratio
3063 5629 3273 5690 umbra
3297 5631 3420 5689 erat
3445 5625 3645 5688 futuri.
3670 5626 3827 5694 Quid-
