  <div class='ocr_page' id='page_1' title='image "/cluster/home/n/w/nwhite01/storage/ocr_20150623/35/hvd.32044054170956/229.png"; bbox 0 0 4178 6192; ppageno 0'>
   <div class='ocr_carea' id='block_1_1' title="bbox 394 295 545 355">
    <p class='ocr_par' dir='ltr' id='par_1_1' title="bbox 394 295 545 355">
     <span class='ocr_line' id='line_1_1' title="bbox 394 295 545 355; baseline -0.02 0"><span class='ocrx_word' id='word_1_1' title='bbox 394 295 545 355; x_wconf 78' lang='grc'><strong>1759</strong></span> 
     </span>
    </p>
   </div>
   <div class='ocr_carea' id='block_1_2' title="bbox 391 419 2101 507">
    <p class='ocr_par' dir='ltr' id='par_1_2' title="bbox 391 419 2101 507">
     <span class='ocr_line' id='line_1_2' title="bbox 391 419 2101 507; baseline -0.013 -12"><span class='ocrx_word' id='word_1_2' title='bbox 391 442 503 507; x_wconf 88' lang='lat' dir='ltr'><strong>est,</strong></span> <span class='ocrx_word' id='word_1_3' title='bbox 538 437 753 493; x_wconf 90' lang='lat' dir='ltr'><strong>umbra</strong></span> <span class='ocrx_word' id='word_1_4' title='bbox 801 430 1036 489; x_wconf 84' lang='lat' dir='ltr'><strong>futuri?</strong></span> <span class='ocrx_word' id='word_1_5' title='bbox 1083 426 1390 499; x_wconf 89' lang='lat' dir='ltr'><strong>Prophetia</strong></span> <span class='ocrx_word' id='word_1_6' title='bbox 1436 424 1642 481; x_wconf 90' lang='lat' dir='ltr'><strong>Christi</strong></span> <span class='ocrx_word' id='word_1_7' title='bbox 1686 419 1936 483; x_wconf 88' lang='lat' dir='ltr'><strong>venturi,</strong></span> <span class='ocrx_word' id='word_1_8' title='bbox 1968 434 2101 490; x_wconf 77' lang='lat' dir='ltr'><strong>pro-</strong></span> 
     </span>
    </p>
   </div>
   <div class='ocr_carea' id='block_1_3' title="bbox 393 510 2109 600">
    <p class='ocr_par' dir='ltr' id='par_1_3' title="bbox 393 510 2109 600">
     <span class='ocr_line' id='line_1_3' title="bbox 393 510 2109 600; baseline -0.012 -15"><span class='ocrx_word' id='word_1_9' title='bbox 393 528 591 600; x_wconf 88' lang='lat' dir='ltr'><strong>pbetia</strong></span> <span class='ocrx_word' id='word_1_10' title='bbox 622 542 725 600; x_wconf 89' lang='lat' dir='ltr'><strong>pro</strong></span> <span class='ocrx_word' id='word_1_11' title='bbox 750 522 916 580; x_wconf 86' lang='lat' dir='ltr'><strong>nobis</strong></span> <span class='ocrx_word' id='word_1_12' title='bbox 949 520 1050 577; x_wconf 90' lang='lat' dir='ltr'><strong>illo</strong></span> <span class='ocrx_word' id='word_1_13' title='bbox 1074 520 1166 575; x_wconf 90' lang='lat' dir='ltr'><strong>die</strong></span> <span class='ocrx_word' id='word_1_14' title='bbox 1193 518 1427 591; x_wconf 80' lang='lat' dir='ltr'><strong>passuri</strong></span> <span class='ocrx_word' id='word_1_15' title='bbox 1454 533 1468 574; x_wconf 90' lang='lat'><strong>:</strong></span> <span class='ocrx_word' id='word_1_16' title='bbox 1496 520 1559 572; x_wconf 91' lang='lat' dir='ltr'><strong>ut</strong></span> <span class='ocrx_word' id='word_1_17' title='bbox 1581 515 1860 571; x_wconf 81' lang='lat' dir='ltr'><strong>transiret</strong></span> <span class='ocrx_word' id='word_1_18' title='bbox 1879 510 2109 600; x_wconf 88' lang='lat' dir='ltr'><strong>umbra,</strong></span> 
     </span>
    </p>
   </div>
   <div class='ocr_carea' id='block_1_4' title="bbox 393 598 2109 681">
    <p class='ocr_par' dir='ltr' id='par_1_4' title="bbox 393 598 2109 681">
     <span class='ocr_line' id='line_1_4' title="bbox 393 598 2109 681; baseline -0.014 -6"><span class='ocrx_word' id='word_1_19' title='bbox 393 598 450 675; x_wconf 78' lang='lat' dir='ltr'><strong>et</strong></span> <span class='ocrx_word' id='word_1_20' title='bbox 497 616 596 673; x_wconf 82' lang='lat' dir='ltr'><strong>lux</strong></span> <span class='ocrx_word' id='word_1_21' title='bbox 626 598 900 681; x_wconf 65' lang='lat' dir='ltr'><strong>veniret;</strong></span> <span class='ocrx_word' id='word_1_22' title='bbox 949 618 1011 666; x_wconf 91' lang='lat' dir='ltr'><strong>ut</strong></span> <span class='ocrx_word' id='word_1_23' title='bbox 1061 608 1333 666; x_wconf 90' lang='lat' dir='ltr'><strong>transiret</strong></span> <span class='ocrx_word' id='word_1_24' title='bbox 1387 604 1766 679; x_wconf 78' lang='lat' dir='ltr'><strong>significatio,</strong></span> <span class='ocrx_word' id='word_1_25' title='bbox 1799 605 1856 658; x_wconf 91' lang='lat' dir='ltr'><strong>et</strong></span> <span class='ocrx_word' id='word_1_26' title='bbox 1900 598 2109 656; x_wconf 81' lang='lat' dir='ltr'><strong>veritas</strong></span> 
     </span>
    </p>
   </div>
   <div class='ocr_carea' id='block_1_5' title="bbox 394 689 2105 771">
    <p class='ocr_par' dir='ltr' id='par_1_5' title="bbox 394 689 2105 771">
     <span class='ocr_line' id='line_1_5' title="bbox 394 689 2105 771; baseline -0.013 -6"><span class='ocrx_word' id='word_1_27' title='bbox 394 710 708 765; x_wconf 81' lang='lat' dir='ltr'><strong>teneretur.</strong></span> <span class='ocrx_word' id='word_1_28' title='bbox 760 701 1063 758; x_wconf 73' lang='lat' dir='ltr'><strong>Habebunt</strong></span> <span class='ocrx_word' id='word_1_29' title='bbox 1111 714 1246 771; x_wconf 89' lang='lat' dir='ltr'><strong>ergo</strong></span> <span class='ocrx_word' id='word_1_30' title='bbox 1278 697 1463 753; x_wconf 72' lang='lat' dir='ltr'><strong>Judaei</strong></span> <span class='ocrx_word' id='word_1_31' title='bbox 1499 694 1721 751; x_wconf 84' lang='lat' dir='ltr'><strong>Pascha</strong></span> <span class='ocrx_word' id='word_1_32' title='bbox 1765 692 1826 748; x_wconf 89' lang='lat' dir='ltr'><strong>in</strong></span> <span class='ocrx_word' id='word_1_33' title='bbox 1876 689 2105 754; x_wconf 89' lang='lat' dir='ltr'><strong>umbra,</strong></span> 
     </span>
    </p>
   </div>
   <div class='ocr_carea' id='block_1_6' title="bbox 396 774 2107 859">
    <p class='ocr_par' dir='ltr' id='par_1_6' title="bbox 396 774 2107 859">
     <span class='ocr_line' id='line_1_6' title="bbox 396 774 2107 859; baseline -0.014 -5"><span class='ocrx_word' id='word_1_34' title='bbox 396 814 502 854; x_wconf 84' lang='lat' dir='ltr'><strong>nos</strong></span> <span class='ocrx_word' id='word_1_35' title='bbox 526 797 584 851; x_wconf 91' lang='lat' dir='ltr'><strong>in</strong></span> <span class='ocrx_word' id='word_1_36' title='bbox 608 794 757 850; x_wconf 89' lang='lat' dir='ltr'><strong>luce.</strong></span> <span class='ocrx_word' id='word_1_37' title='bbox 783 789 933 855; x_wconf 87' lang='lat' dir='ltr'><strong>Quid</strong></span> <span class='ocrx_word' id='word_1_38' title='bbox 956 789 1112 844; x_wconf 88' lang='lat' dir='ltr'><strong>enim</strong></span> <span class='ocrx_word' id='word_1_39' title='bbox 1137 804 1285 859; x_wconf 90' lang='lat' dir='ltr'><strong>opus</strong></span> <span class='ocrx_word' id='word_1_40' title='bbox 1309 790 1433 841; x_wconf 89' lang='lat' dir='ltr'><strong>erat</strong></span> <span class='ocrx_word' id='word_1_41' title='bbox 1456 792 1516 839; x_wconf 92' lang='lat' dir='ltr'><strong>ut</strong></span> <span class='ocrx_word' id='word_1_42' title='bbox 1544 785 1625 840; x_wconf 90' lang='lat' dir='ltr'><strong>eis</strong></span> <span class='ocrx_word' id='word_1_43' title='bbox 1651 781 1936 837; x_wconf 87' lang='lat' dir='ltr'><strong>Dominus</strong></span> <span class='ocrx_word' id='word_1_44' title='bbox 1959 774 2107 850; x_wconf 71' lang='lat' dir='ltr'><strong>prai-</strong></span> 
     </span>
    </p>
   </div>
   <div class='ocr_carea' id='block_1_7' title="bbox 390 865 2101 959">
    <p class='ocr_par' dir='ltr' id='par_1_7' title="bbox 390 865 2101 959">
     <span class='ocr_line' id='line_1_7' title="bbox 390 865 2101 959; baseline -0.012 -17"><span class='ocrx_word' id='word_1_45' title='bbox 390 886 582 959; x_wconf 87' lang='lat' dir='ltr'><strong>cipere</strong></span> <span class='ocrx_word' id='word_1_46' title='bbox 632 898 731 954; x_wconf 88' lang='lat' dir='ltr'><strong>per</strong></span> <span class='ocrx_word' id='word_1_47' title='bbox 759 881 956 951; x_wconf 89' lang='lat' dir='ltr'><strong>ipsum</strong></span> <span class='ocrx_word' id='word_1_48' title='bbox 1010 878 1222 933; x_wconf 84' lang='lat' dir='ltr'><strong>festum</strong></span> <span class='ocrx_word' id='word_1_49' title='bbox 1282 875 1436 930; x_wconf 90' lang='lat' dir='ltr'><strong>diem</strong></span> <span class='ocrx_word' id='word_1_50' title='bbox 1472 888 1636 929; x_wconf 91' lang='lat' dir='ltr'><strong>ovem</strong></span> <span class='ocrx_word' id='word_1_51' title='bbox 1674 865 2101 959; x_wconf 60' lang='lat' dir='ltr'><strong>occidere,_nisi</strong></span> 
     </span>
    </p>
   </div>
   <div class='ocr_carea' id='block_1_8' title="bbox 390 955 2105 1049">
    <p class='ocr_par' dir='ltr' id='par_1_8' title="bbox 390 955 2105 1049">
     <span class='ocr_line' id='line_1_8' title="bbox 390 955 2105 1049; baseline -0.012 -19"><span class='ocrx_word' id='word_1_52' title='bbox 390 955 524 1049; x_wconf 76' lang='lat' dir='ltr'><strong>quia</strong></span> <span class='ocrx_word' id='word_1_53' title='bbox 557 972 654 1028; x_wconf 91' lang='lat' dir='ltr'><strong>ille</strong></span> <span class='ocrx_word' id='word_1_54' title='bbox 684 974 808 1028; x_wconf 89' lang='lat' dir='ltr'><strong>erat</strong></span> <span class='ocrx_word' id='word_1_55' title='bbox 859 969 929 1023; x_wconf 91' lang='lat' dir='ltr'><strong>de</strong></span> <span class='ocrx_word' id='word_1_56' title='bbox 962 982 1077 1039; x_wconf 91' lang='lat' dir='ltr'><strong>quo</strong></span> <span class='ocrx_word' id='word_1_57' title='bbox 1124 966 1539 1037; x_wconf 85' lang='lat' dir='ltr'><strong>prophetatum</strong></span> <span class='ocrx_word' id='word_1_58' title='bbox 1572 964 1682 1029; x_wconf 89' lang='lat' dir='ltr'><strong>est,</strong></span> <span class='ocrx_word' id='word_1_59' title='bbox 1718 959 1870 1015; x_wconf 81' lang='lat' dir='ltr'><strong>Sicut</strong></span> <span class='ocrx_word' id='word_1_60' title='bbox 1892 956 2006 1014; x_wconf 88' lang='lat' dir='ltr'><strong>ovis</strong></span> <span class='ocrx_word' id='word_1_61' title='bbox 2033 955 2105 1049; x_wconf 82' lang='lat' dir='ltr'><strong>ad</strong></span> 
     </span>
    </p>
   </div>
   <div class='ocr_carea' id='block_1_9' title="bbox 391 1047 2103 1128">
    <p class='ocr_par' dir='ltr' id='par_1_9' title="bbox 391 1047 2103 1128">
     <span class='ocr_line' id='line_1_9' title="bbox 391 1047 2103 1128; baseline -0.012 -6"><span class='ocrx_word' id='word_1_62' title='bbox 391 1047 791 1121; x_wconf 78' lang='lat' dir='ltr'><strong>immolandum</strong></span> <span class='ocrx_word' id='word_1_63' title='bbox 813 1058 1008 1114; x_wconf 85' lang='lat' dir='ltr'><strong>ductus</strong></span> <span class='ocrx_word' id='word_1_64' title='bbox 1039 1064 1117 1113; x_wconf 85' lang='lat' dir='ltr'><strong>est</strong></span> <span class='ocrx_word' id='word_1_65' title='bbox 1147 1056 1299 1128; x_wconf 88' lang='lat' dir='ltr'><strong>(lsai.</strong></span> <span class='ocrx_word' id='word_1_66' title='bbox 1334 1071 1452 1119; x_wconf 85' lang='lat' dir='ltr'><strong>Lm,</strong></span> <span class='ocrx_word' id='word_1_67' title='bbox 1483 1054 1562 1124; x_wconf 88' lang='lat'><strong>&#39;7).</strong></span> <span class='ocrx_word' id='word_1_68' title='bbox 1596 1049 1891 1124; x_wconf 81' lang='lat' dir='ltr'><strong>Sanguine</strong></span> <span class='ocrx_word' id='word_1_69' title='bbox 1928 1047 2103 1104; x_wconf 83' lang='lat' dir='ltr'><strong>occisi</strong></span> 
     </span>
    </p>
   </div>
   <div class='ocr_carea' id='block_1_10' title="bbox 394 1137 2103 1228">
    <p class='ocr_par' dir='ltr' id='par_1_10' title="bbox 394 1137 2103 1228">
     <span class='ocr_line' id='line_1_10' title="bbox 394 1137 2103 1228; baseline -0.012 -16"><span class='ocrx_word' id='word_1_70' title='bbox 394 1142 617 1228; x_wconf 72' lang='lat' dir='ltr'><strong>pecoris</strong></span> <span class='ocrx_word' id='word_1_71' title='bbox 630 1152 962 1207; x_wconf 70' lang='lat' dir='ltr'><strong>Judaaorum</strong></span> <span class='ocrx_word' id='word_1_72' title='bbox 975 1151 1165 1220; x_wconf 92' lang='lat' dir='ltr'><strong>postes</strong></span> <span class='ocrx_word' id='word_1_73' title='bbox 1179 1146 1390 1216; x_wconf 80' lang='lat' dir='ltr'><strong>signati</strong></span> <span class='ocrx_word' id='word_1_74' title='bbox 1407 1148 1565 1211; x_wconf 88' lang='lat' dir='ltr'><strong>sunt;</strong></span> <span class='ocrx_word' id='word_1_75' title='bbox 1583 1142 1865 1215; x_wconf 82' lang='lat' dir='ltr'><strong>sanguine</strong></span> <span class='ocrx_word' id='word_1_76' title='bbox 1890 1137 2103 1228; x_wconf 85' lang='lat' dir='ltr'><strong>Christi</strong></span> 
     </span>
    </p>
   </div>
   <div class='ocr_carea' id='block_1_11' title="bbox 397 1226 2105 1308">
    <p class='ocr_par' dir='ltr' id='par_1_11' title="bbox 397 1226 2105 1308">
     <span class='ocr_line' id='line_1_11' title="bbox 397 1226 2105 1308; baseline -0.01 -13"><span class='ocrx_word' id='word_1_77' title='bbox 397 1226 614 1297; x_wconf 69' lang='lat' dir='ltr'><strong>irontes</strong></span> <span class='ocrx_word' id='word_1_78' title='bbox 664 1242 875 1294; x_wconf 65' lang='lat' dir='ltr'><strong>nostrai</strong></span> <span class='ocrx_word' id='word_1_79' title='bbox 911 1236 1243 1308; x_wconf 85' lang='lat' dir='ltr'><strong>signantur.</strong></span> <span class='ocrx_word' id='word_1_80' title='bbox 1281 1233 1345 1287; x_wconf 85' lang='lat' dir='ltr'><strong>Et</strong></span> <span class='ocrx_word' id='word_1_81' title='bbox 1377 1231 1477 1286; x_wconf 88' lang='lat' dir='ltr'><strong>illa</strong></span> <span class='ocrx_word' id='word_1_82' title='bbox 1507 1230 1780 1302; x_wconf 85' lang='lat' dir='ltr'><strong>signatio,</strong></span> <span class='ocrx_word' id='word_1_83' title='bbox 1814 1226 1950 1298; x_wconf 85' lang='lat' dir='ltr'><strong>quia</strong></span> <span class='ocrx_word' id='word_1_84' title='bbox 1983 1228 2105 1280; x_wconf 89' lang='lat' dir='ltr'><strong>erat</strong></span> 
     </span>
    </p>
   </div>
   <div class='ocr_carea' id='block_1_12' title="bbox 394 1314 2103 1401">
    <p class='ocr_par' dir='ltr' id='par_1_12' title="bbox 394 1314 2103 1401">
     <span class='ocr_line' id='line_1_12' title="bbox 394 1314 2103 1401; baseline -0.011 -15"><span class='ocrx_word' id='word_1_85' title='bbox 394 1327 768 1401; x_wconf 84' lang='lat' dir='ltr'><strong>signiﬁcatio,</strong></span> <span class='ocrx_word' id='word_1_86' title='bbox 802 1326 956 1381; x_wconf 88' lang='lat' dir='ltr'><strong>dicta</strong></span> <span class='ocrx_word' id='word_1_87' title='bbox 986 1327 1071 1379; x_wconf 85' lang='lat' dir='ltr'><strong>est</strong></span> <span class='ocrx_word' id='word_1_88' title='bbox 1099 1340 1133 1378; x_wconf 90' lang='lat' dir='ltr'><strong>a</strong></span> <span class='ocrx_word' id='word_1_89' title='bbox 1164 1320 1441 1376; x_wconf 89' lang='lat' dir='ltr'><strong>domibus</strong></span> <span class='ocrx_word' id='word_1_90' title='bbox 1473 1320 1720 1391; x_wconf 82' lang='lat' dir='ltr'><strong>signatis</strong></span> <span class='ocrx_word' id='word_1_91' title='bbox 1751 1314 2103 1372; x_wconf 86' lang='lat' dir='ltr'><strong>extermina-</strong></span> 
     </span>
    </p>
   </div>
   <div class='ocr_carea' id='block_1_13' title="bbox 391 1403 2105 1487">
    <p class='ocr_par' dir='ltr' id='par_1_13' title="bbox 391 1403 2105 1487">
     <span class='ocr_line' id='line_1_13' title="bbox 391 1403 2105 1487; baseline -0.009 -14"><span class='ocrx_word' id='word_1_92' title='bbox 391 1422 575 1475; x_wconf 87' lang='lat' dir='ltr'><strong>torem</strong></span> <span class='ocrx_word' id='word_1_93' title='bbox 628 1415 931 1487; x_wconf 91' lang='lat' dir='ltr'><strong>prohibere</strong></span> <span class='ocrx_word' id='word_1_94' title='bbox 965 1412 1161 1482; x_wconf 75' lang='lat' dir='ltr'><strong>(Exod.</strong></span> <span class='ocrx_word' id='word_1_95' title='bbox 1195 1426 1297 1475; x_wconf 87' lang='lat' dir='ltr'><strong>xu,</strong></span> <span class='ocrx_word' id='word_1_96' title='bbox 1320 1411 1410 1478; x_wconf 82' lang='lat'><strong>22,</strong></span> <span class='ocrx_word' id='word_1_97' title='bbox 1434 1409 1526 1481; x_wconf 89' lang='lat'><strong>23)</strong></span> <span class='ocrx_word' id='word_1_98' title='bbox 1561 1408 1832 1479; x_wconf 89' lang='lat' dir='ltr'><strong>:signum</strong></span> <span class='ocrx_word' id='word_1_99' title='bbox 1892 1403 2105 1459; x_wconf 86' lang='lat' dir='ltr'><strong>Christi</strong></span> 
     </span>
    </p>
   </div>
   <div class='ocr_carea' id='block_1_14' title="bbox 394 1498 2109 1576">
    <p class='ocr_par' dir='ltr' id='par_1_14' title="bbox 394 1498 2109 1576">
     <span class='ocr_line' id='line_1_14' title="bbox 394 1498 2109 1576; baseline -0.01 -11"><span class='ocrx_word' id='word_1_100' title='bbox 394 1526 427 1565; x_wconf 91' lang='lat' dir='ltr'><strong>a</strong></span> <span class='ocrx_word' id='word_1_101' title='bbox 451 1506 616 1564; x_wconf 90' lang='lat' dir='ltr'><strong>nobis</strong></span> <span class='ocrx_word' id='word_1_102' title='bbox 666 1503 898 1576; x_wconf 88' lang='lat' dir='ltr'><strong>repellit</strong></span> <span class='ocrx_word' id='word_1_103' title='bbox 945 1500 1483 1567; x_wconf 85' lang='lat' dir='ltr'><strong>exterminatorem,</strong></span> <span class='ocrx_word' id='word_1_104' title='bbox 1518 1498 1567 1553; x_wconf 87' lang='lat' dir='ltr'><strong>si</strong></span> <span class='ocrx_word' id='word_1_105' title='bbox 1600 1513 1700 1553; x_wconf 90' lang='lat' dir='ltr'><strong>cor</strong></span> <span class='ocrx_word' id='word_1_106' title='bbox 1729 1499 1993 1551; x_wconf 89' lang='lat' dir='ltr'><strong>nostrum</strong></span> <span class='ocrx_word' id='word_1_107' title='bbox 2017 1509 2109 1548; x_wconf 90' lang='lat' dir='ltr'><strong>re-</strong></span> 
     </span>
    </p>
   </div>
   <div class='ocr_carea' id='block_1_15' title="bbox 397 1584 2109 1669">
    <p class='ocr_par' dir='ltr' id='par_1_15' title="bbox 397 1584 2109 1669">
     <span class='ocr_line' id='line_1_15' title="bbox 397 1584 2109 1669; baseline -0.009 -16"><span class='ocrx_word' id='word_1_108' title='bbox 397 1596 578 1669; x_wconf 89' lang='lat' dir='ltr'><strong>cipiat</strong></span> <span class='ocrx_word' id='word_1_109' title='bbox 606 1592 983 1651; x_wconf 89' lang='lat' dir='ltr'><strong>Salvatorem.</strong></span> <span class='ocrx_word' id='word_1_110' title='bbox 1016 1594 1205 1657; x_wconf 85' lang='lat' dir='ltr'><strong>Quare</strong></span> <span class='ocrx_word' id='word_1_111' title='bbox 1237 1589 1345 1647; x_wconf 92' lang='lat' dir='ltr'><strong>hoc</strong></span> <span class='ocrx_word' id='word_1_112' title='bbox 1374 1588 1491 1645; x_wconf 84' lang='lat' dir='ltr'><strong>dixi</strong></span> <span class='ocrx_word' id='word_1_113' title='bbox 1512 1585 1691 1652; x_wconf 82' lang='lat' dir='ltr'><strong>&#39;tQuia</strong></span> <span class='ocrx_word' id='word_1_114' title='bbox 1722 1584 1888 1644; x_wconf 88' lang='lat' dir='ltr'><strong>multi</strong></span> <span class='ocrx_word' id='word_1_115' title='bbox 1912 1587 2109 1657; x_wconf 88' lang='lat' dir='ltr'><strong>postes</strong></span> 
     </span>
    </p>
   </div>
   <div class='ocr_carea' id='block_1_16' title="bbox 399 1673 2109 1756">
    <p class='ocr_par' dir='ltr' id='par_1_16' title="bbox 399 1673 2109 1756">
     <span class='ocr_line' id='line_1_16' title="bbox 399 1673 2109 1756; baseline -0.007 -14"><span class='ocrx_word' id='word_1_116' title='bbox 399 1686 619 1742; x_wconf 87' lang='lat' dir='ltr'><strong>habent</strong></span> <span class='ocrx_word' id='word_1_117' title='bbox 649 1683 997 1756; x_wconf 85' lang='lat' dir='ltr'><strong>signatos,et</strong></span> <span class='ocrx_word' id='word_1_118' title='bbox 1026 1683 1187 1737; x_wconf 88' lang='lat' dir='ltr'><strong>intus</strong></span> <span class='ocrx_word' id='word_1_119' title='bbox 1219 1696 1333 1737; x_wconf 90' lang='lat' dir='ltr'><strong>non</strong></span> <span class='ocrx_word' id='word_1_120' title='bbox 1365 1684 1560 1736; x_wconf 88' lang='lat' dir='ltr'><strong>manet</strong></span> <span class='ocrx_word' id='word_1_121' title='bbox 1581 1678 1875 1734; x_wconf 84' lang='lat' dir='ltr'><strong>habitator</strong></span> <span class='ocrx_word' id='word_1_122' title='bbox 1898 1691 1918 1731; x_wconf 89' lang='lat'><strong><em>:</em></strong></span> <span class='ocrx_word' id='word_1_123' title='bbox 1943 1673 2109 1731; x_wconf 80' lang='lat' dir='ltr'><strong>facile</strong></span> 
     </span>
    </p>
   </div>
   <div class='ocr_carea' id='block_1_17' title="bbox 402 1764 2111 1844">
    <p class='ocr_par' dir='ltr' id='par_1_17' title="bbox 402 1764 2111 1844">
     <span class='ocr_line' id='line_1_17' title="bbox 402 1764 2111 1844; baseline -0.008 -11"><span class='ocrx_word' id='word_1_124' title='bbox 402 1777 623 1833; x_wconf 87' lang='lat' dir='ltr'><strong>habent</strong></span> <span class='ocrx_word' id='word_1_125' title='bbox 670 1775 730 1830; x_wconf 91' lang='lat' dir='ltr'><strong>in</strong></span> <span class='ocrx_word' id='word_1_126' title='bbox 779 1774 968 1829; x_wconf 87' lang='lat' dir='ltr'><strong>fronte</strong></span> <span class='ocrx_word' id='word_1_127' title='bbox 1000 1772 1236 1844; x_wconf 89' lang='lat' dir='ltr'><strong>signum</strong></span> <span class='ocrx_word' id='word_1_128' title='bbox 1270 1769 1501 1837; x_wconf 86' lang='lat' dir='ltr'><strong>Christi,</strong></span> <span class='ocrx_word' id='word_1_129' title='bbox 1534 1774 1591 1825; x_wconf 92' lang='lat' dir='ltr'><strong>et</strong></span> <span class='ocrx_word' id='word_1_130' title='bbox 1620 1768 1792 1824; x_wconf 91' lang='lat' dir='ltr'><strong>corde</strong></span> <span class='ocrx_word' id='word_1_131' title='bbox 1823 1782 1939 1823; x_wconf 90' lang='lat' dir='ltr'><strong>non</strong></span> <span class='ocrx_word' id='word_1_132' title='bbox 1970 1764 2111 1822; x_wconf 89' lang='lat' dir='ltr'><strong>reci-</strong></span> 
     </span>
    </p>
   </div>
   <div class='ocr_carea' id='block_1_18' title="bbox 402 1856 2107 1938">
    <p class='ocr_par' dir='ltr' id='par_1_18' title="bbox 402 1856 2107 1938">
     <span class='ocr_line' id='line_1_18' title="bbox 402 1856 2107 1938; baseline -0.008 -16"><span class='ocrx_word' id='word_1_133' title='bbox 402 1866 570 1938; x_wconf 90' lang='lat' dir='ltr'><strong>piunt</strong></span> <span class='ocrx_word' id='word_1_134' title='bbox 596 1868 839 1921; x_wconf 87' lang='lat' dir='ltr'><strong>verbum</strong></span> <span class='ocrx_word' id='word_1_135' title='bbox 871 1860 1105 1918; x_wconf 88' lang='lat' dir='ltr'><strong>Christi.</strong></span> <span class='ocrx_word' id='word_1_136' title='bbox 1142 1861 1276 1917; x_wconf 85' lang='lat' dir='ltr'><strong>Ideo</strong></span> <span class='ocrx_word' id='word_1_137' title='bbox 1299 1859 1436 1929; x_wconf 86' lang='lat' dir='ltr'><strong>dixi,</strong></span> <span class='ocrx_word' id='word_1_138' title='bbox 1463 1859 1687 1925; x_wconf 77' lang='lat' dir='ltr'><strong>fratres,</strong></span> <span class='ocrx_word' id='word_1_139' title='bbox 1714 1856 1862 1929; x_wconf 90' lang='lat' dir='ltr'><strong>quod</strong></span> <span class='ocrx_word' id='word_1_140' title='bbox 1892 1862 2107 1926; x_wconf 88' lang='lat' dir='ltr'><strong>repeto,</strong></span> 
     </span>
    </p>
   </div>
   <div class='ocr_carea' id='block_1_19' title="bbox 400 1943 2110 2028">
    <p class='ocr_par' dir='ltr' id='par_1_19' title="bbox 400 1943 2110 2028">
     <span class='ocr_line' id='line_1_19' title="bbox 400 1943 2110 2028; baseline -0.007 -17"><span class='ocrx_word' id='word_1_141' title='bbox 400 1956 634 2028; x_wconf 84' lang='lat' dir='ltr'><strong>signum</strong></span> <span class='ocrx_word' id='word_1_142' title='bbox 687 1951 897 2008; x_wconf 89' lang='lat' dir='ltr'><strong>Christi</strong></span> <span class='ocrx_word' id='word_1_143' title='bbox 931 1969 963 2007; x_wconf 92' lang='lat' dir='ltr'><strong>a</strong></span> <span class='ocrx_word' id='word_1_144' title='bbox 1014 1950 1182 2007; x_wconf 90' lang='lat' dir='ltr'><strong>nobis</strong></span> <span class='ocrx_word' id='word_1_145' title='bbox 1233 1948 1462 2022; x_wconf 88' lang='lat' dir='ltr'><strong>repellit</strong></span> <span class='ocrx_word' id='word_1_146' title='bbox 1491 1946 2025 2013; x_wconf 87' lang='lat' dir='ltr'><strong>exterminatorem,</strong></span> <span class='ocrx_word' id='word_1_147' title='bbox 2057 1943 2110 2000; x_wconf 84' lang='lat' dir='ltr'><strong>si</strong></span> 
     </span>
    </p>
   </div>
   <div class='ocr_carea' id='block_1_20' title="bbox 406 2036 2107 2104">
    <p class='ocr_par' dir='ltr' id='par_1_20' title="bbox 406 2036 2107 2104">
     <span class='ocr_line' id='line_1_20' title="bbox 406 2036 2107 2104; baseline -0.008 -1"><span class='ocrx_word' id='word_1_148' title='bbox 406 2063 501 2102; x_wconf 89' lang='lat' dir='ltr'><strong>cor</strong></span> <span class='ocrx_word' id='word_1_149' title='bbox 532 2051 801 2102; x_wconf 90' lang='lat' dir='ltr'><strong>nostrum</strong></span> <span class='ocrx_word' id='word_1_150' title='bbox 839 2043 1047 2098; x_wconf 90' lang='lat' dir='ltr'><strong>habeat</strong></span> <span class='ocrx_word' id='word_1_151' title='bbox 1077 2041 1366 2098; x_wconf 79' lang='lat' dir='ltr'><strong>Christum</strong></span> <span class='ocrx_word' id='word_1_152' title='bbox 1392 2039 1792 2095; x_wconf 84' lang='lat' dir='ltr'><strong>habitatorem.</strong></span> <span class='ocrx_word' id='word_1_153' title='bbox 1819 2037 1948 2093; x_wconf 75' lang='lat' dir='ltr'><strong>Haac</strong></span> <span class='ocrx_word' id='word_1_154' title='bbox 1968 2036 2107 2104; x_wconf 88' lang='lat' dir='ltr'><strong>dixi,</strong></span> 
     </span>
    </p>
   </div>
   <div class='ocr_carea' id='block_1_21' title="bbox 396 2126 2110 2207">
    <p class='ocr_par' dir='ltr' id='par_1_21' title="bbox 396 2126 2110 2207">
     <span class='ocr_line' id='line_1_21' title="bbox 396 2126 2110 2207; baseline -0.007 -14"><span class='ocrx_word' id='word_1_155' title='bbox 396 2154 469 2194; x_wconf 86' lang='lat' dir='ltr'><strong>ne</strong></span> <span class='ocrx_word' id='word_1_156' title='bbox 500 2134 634 2207; x_wconf 86' lang='lat' dir='ltr'><strong>quis</strong></span> <span class='ocrx_word' id='word_1_157' title='bbox 666 2135 813 2190; x_wconf 80' lang='lat' dir='ltr'><strong>forte</strong></span> <span class='ocrx_word' id='word_1_158' title='bbox 845 2132 1122 2205; x_wconf 88' lang='lat' dir='ltr'><strong>cogitaret</strong></span> <span class='ocrx_word' id='word_1_159' title='bbox 1154 2130 1293 2203; x_wconf 92' lang='lat' dir='ltr'><strong>quid</strong></span> <span class='ocrx_word' id='word_1_160' title='bbox 1327 2128 1437 2186; x_wconf 89' lang='lat' dir='ltr'><strong>sibi</strong></span> <span class='ocrx_word' id='word_1_161' title='bbox 1468 2128 1681 2185; x_wconf 85' lang='lat' dir='ltr'><strong>vellent</strong></span> <span class='ocrx_word' id='word_1_162' title='bbox 1711 2128 1823 2183; x_wconf 88' lang='lat' dir='ltr'><strong>ista</strong></span> <span class='ocrx_word' id='word_1_163' title='bbox 1846 2126 1990 2183; x_wconf 81' lang='lat' dir='ltr'><strong>testa</strong></span> <span class='ocrx_word' id='word_1_164' title='bbox 2009 2126 2110 2183; x_wconf 86' lang='lat' dir='ltr'><strong>Ju-</strong></span> 
     </span>
    </p>
   </div>
   <div class='ocr_carea' id='block_1_22' title="bbox 399 2216 2108 2294">
    <p class='ocr_par' dir='ltr' id='par_1_22' title="bbox 399 2216 2108 2294">
     <span class='ocr_line' id='line_1_22' title="bbox 399 2216 2108 2294; baseline -0.007 -12"><span class='ocrx_word' id='word_1_165' title='bbox 399 2222 674 2282; x_wconf 75' lang='lat' dir='ltr'><strong>dazorum.</strong></span> <span class='ocrx_word' id='word_1_166' title='bbox 700 2222 868 2283; x_wconf 79' lang='lat' dir='ltr'><strong>Venit</strong></span> <span class='ocrx_word' id='word_1_167' title='bbox 898 2236 1034 2294; x_wconf 89' lang='lat' dir='ltr'><strong>ergo</strong></span> <span class='ocrx_word' id='word_1_168' title='bbox 1058 2219 1343 2277; x_wconf 87' lang='lat' dir='ltr'><strong>Dominus</strong></span> <span class='ocrx_word' id='word_1_169' title='bbox 1377 2222 1651 2290; x_wconf 88' lang='lat' dir='ltr'><strong>tanquam</strong></span> <span class='ocrx_word' id='word_1_170' title='bbox 1684 2217 1754 2272; x_wconf 86' lang='lat' dir='ltr'><strong>ad</strong></span> <span class='ocrx_word' id='word_1_171' title='bbox 1788 2216 2108 2286; x_wconf 88' lang='lat' dir='ltr'><strong>victimam,</strong></span> 
     </span>
    </p>
   </div>
   <div class='ocr_carea' id='block_1_23' title="bbox 401 2310 2107 2381">
    <p class='ocr_par' dir='ltr' id='par_1_23' title="bbox 401 2310 2107 2381">
     <span class='ocr_line' id='line_1_23' title="bbox 401 2310 2107 2381; baseline -0.005 -10"><span class='ocrx_word' id='word_1_172' title='bbox 401 2319 465 2373; x_wconf 88' lang='lat' dir='ltr'><strong>ut</strong></span> <span class='ocrx_word' id='word_1_173' title='bbox 481 2329 679 2371; x_wconf 89' lang='lat' dir='ltr'><strong>verum</strong></span> <span class='ocrx_word' id='word_1_174' title='bbox 703 2313 924 2369; x_wconf 84' lang='lat' dir='ltr'><strong>Pascha</strong></span> <span class='ocrx_word' id='word_1_175' title='bbox 947 2329 1053 2368; x_wconf 89' lang='lat' dir='ltr'><strong>nos</strong></span> <span class='ocrx_word' id='word_1_176' title='bbox 1079 2312 1451 2381; x_wconf 86' lang='lat' dir='ltr'><strong>haberemus,</strong></span> <span class='ocrx_word' id='word_1_177' title='bbox 1470 2327 1602 2366; x_wconf 90' lang='lat' dir='ltr'><strong>cum</strong></span> <span class='ocrx_word' id='word_1_178' title='bbox 1626 2310 1754 2381; x_wconf 87' lang='lat' dir='ltr'><strong>ejus</strong></span> <span class='ocrx_word' id='word_1_179' title='bbox 1777 2311 2107 2381; x_wconf 84' lang='lat' dir='ltr'><strong>passionem</strong></span> 
     </span>
    </p>
   </div>
   <div class='ocr_carea' id='block_1_24' title="bbox 403 2399 1814 2477">
    <p class='ocr_par' dir='ltr' id='par_1_24' title="bbox 403 2399 1814 2477">
     <span class='ocr_line' id='line_1_24' title="bbox 403 2399 1814 2477; baseline -0.006 -16"><span class='ocrx_word' id='word_1_180' title='bbox 403 2408 689 2477; x_wconf 87' lang='lat' dir='ltr'><strong>tanquam</strong></span> <span class='ocrx_word' id='word_1_181' title='bbox 722 2402 844 2459; x_wconf 86' lang='lat' dir='ltr'><strong>ovis</strong></span> <span class='ocrx_word' id='word_1_182' title='bbox 871 2402 1331 2457; x_wconf 89' lang='lat' dir='ltr'><strong>immolationem</strong></span> <span class='ocrx_word' id='word_1_183' title='bbox 1366 2399 1814 2457; x_wconf 87' lang='lat' dir='ltr'><strong>celebraremus.</strong></span> 
     </span>
    </p>
   </div>
   <div class='ocr_carea' id='block_1_25' title="bbox 474 2489 2109 2564">
    <p class='ocr_par' dir='ltr' id='par_1_25' title="bbox 474 2489 2109 2564">
     <span class='ocr_line' id='line_1_25' title="bbox 474 2489 2109 2564; baseline -0.004 -15"><span class='ocrx_word' id='word_1_184' title='bbox 474 2495 526 2549; x_wconf 92' lang='lat'><strong>3.</strong></span> <span class='ocrx_word' id='word_1_185' title='bbox 564 2493 892 2562; x_wconf 73' lang='lat' dir='ltr'><strong>Quaerebam</strong></span> <span class='ocrx_word' id='word_1_186' title='bbox 937 2508 1062 2564; x_wconf 87' lang='lat' dir='ltr'><strong>ergo</strong></span> <span class='ocrx_word' id='word_1_187' title='bbox 1110 2492 1293 2548; x_wconf 77' lang='lat' dir='ltr'><strong>Iesum</strong></span> <span class='ocrx_word' id='word_1_188' title='bbox 1329 2508 1347 2546; x_wconf 87' lang='lat'><strong><em>:</em></strong></span> <span class='ocrx_word' id='word_1_189' title='bbox 1378 2492 1475 2546; x_wconf 91' lang='lat' dir='ltr'><strong>sed</strong></span> <span class='ocrx_word' id='word_1_190' title='bbox 1530 2489 1701 2545; x_wconf 91' lang='lat' dir='ltr'><strong>male.</strong></span> <span class='ocrx_word' id='word_1_191' title='bbox 1738 2489 1894 2546; x_wconf 86' lang='lat' dir='ltr'><strong>Beati</strong></span> <span class='ocrx_word' id='word_1_192' title='bbox 1953 2489 2109 2545; x_wconf 91' lang='lat' dir='ltr'><strong>enim</strong></span> 
     </span>
    </p>
   </div>
   <div class='ocr_carea' id='block_1_26' title="bbox 402 2577 2110 2655">
    <p class='ocr_par' dir='ltr' id='par_1_26' title="bbox 402 2577 2110 2655">
     <span class='ocr_line' id='line_1_26' title="bbox 402 2577 2110 2655; baseline -0.003 -18"><span class='ocrx_word' id='word_1_193' title='bbox 402 2583 505 2655; x_wconf 89' lang='lat' dir='ltr'><strong>qui</strong></span> <span class='ocrx_word' id='word_1_194' title='bbox 532 2584 795 2653; x_wconf 66' lang='lat' dir='ltr'><strong>quaerunt</strong></span> <span class='ocrx_word' id='word_1_195' title='bbox 823 2582 1048 2649; x_wconf 87' lang='lat' dir='ltr'><strong>Jesum,</strong></span> <span class='ocrx_word' id='word_1_196' title='bbox 1074 2581 1172 2636; x_wconf 89' lang='lat' dir='ltr'><strong>sed</strong></span> <span class='ocrx_word' id='word_1_197' title='bbox 1205 2580 1369 2635; x_wconf 89' lang='lat' dir='ltr'><strong>bene.</strong></span> <span class='ocrx_word' id='word_1_198' title='bbox 1398 2578 1486 2635; x_wconf 91' lang='lat' dir='ltr'><strong>Illi</strong></span> <span class='ocrx_word' id='word_1_199' title='bbox 1519 2578 1851 2651; x_wconf 76' lang='lat' dir='ltr'><strong>quaerebant</strong></span> <span class='ocrx_word' id='word_1_200' title='bbox 1881 2577 2110 2644; x_wconf 84' lang='lat' dir='ltr'><strong>Jesum,</strong></span> 
     </span>
    </p>
   </div>
   <div class='ocr_carea' id='block_1_27' title="bbox 401 2666 2113 2739">
    <p class='ocr_par' dir='ltr' id='par_1_27' title="bbox 401 2666 2113 2739">
     <span class='ocr_line' id='line_1_27' title="bbox 401 2666 2113 2739; baseline -0.001 -14"><span class='ocrx_word' id='word_1_201' title='bbox 401 2675 467 2726; x_wconf 86' lang='lat' dir='ltr'><strong>ut</strong></span> <span class='ocrx_word' id='word_1_202' title='bbox 522 2686 625 2725; x_wconf 90' lang='lat' dir='ltr'><strong>nec</strong></span> <span class='ocrx_word' id='word_1_203' title='bbox 677 2670 789 2737; x_wconf 88' lang='lat' dir='ltr'><strong>ipsi</strong></span> <span class='ocrx_word' id='word_1_204' title='bbox 841 2669 1125 2724; x_wconf 87' lang='lat' dir='ltr'><strong>haberent</strong></span> <span class='ocrx_word' id='word_1_205' title='bbox 1174 2684 1331 2734; x_wconf 90' lang='lat' dir='ltr'><strong>eum,</strong></span> <span class='ocrx_word' id='word_1_206' title='bbox 1366 2683 1470 2723; x_wconf 90' lang='lat' dir='ltr'><strong>nec</strong></span> <span class='ocrx_word' id='word_1_207' title='bbox 1517 2682 1672 2723; x_wconf 88' lang='lat' dir='ltr'><strong>nos:</strong></span> <span class='ocrx_word' id='word_1_208' title='bbox 1707 2668 1804 2722; x_wconf 87' lang='lat' dir='ltr'><strong>sed</strong></span> <span class='ocrx_word' id='word_1_209' title='bbox 1857 2668 1927 2721; x_wconf 88' lang='lat' dir='ltr'><strong>ab</strong></span> <span class='ocrx_word' id='word_1_210' title='bbox 1970 2666 2113 2739; x_wconf 85' lang='lat' dir='ltr'><strong>ipsis</strong></span> 
     </span>
    </p>
   </div>
   <div class='ocr_carea' id='block_1_28' title="bbox 404 2756 2111 2831">
    <p class='ocr_par' dir='ltr' id='par_1_28' title="bbox 404 2756 2111 2831">
     <span class='ocr_line' id='line_1_28' title="bbox 404 2756 2111 2831; baseline -0.002 -16"><span class='ocrx_word' id='word_1_211' title='bbox 404 2759 813 2816; x_wconf 87' lang='lat' dir='ltr'><strong>abscedentem</strong></span> <span class='ocrx_word' id='word_1_212' title='bbox 862 2758 1228 2831; x_wconf 88' lang='lat' dir='ltr'><strong>suscepimus</strong></span> <span class='ocrx_word' id='word_1_213' title='bbox 1277 2773 1402 2812; x_wconf 90' lang='lat' dir='ltr'><strong>nos.</strong></span> <span class='ocrx_word' id='word_1_214' title='bbox 1454 2756 1983 2827; x_wconf 81' lang='lat' dir='ltr'><strong>Reprehenduntur</strong></span> <span class='ocrx_word' id='word_1_215' title='bbox 2012 2758 2111 2831; x_wconf 89' lang='lat' dir='ltr'><strong>qui</strong></span> 
     </span>
    </p>
   </div>
   <div class='ocr_carea' id='block_1_29' title="bbox 398 2846 2112 2920">
    <p class='ocr_par' dir='ltr' id='par_1_29' title="bbox 398 2846 2112 2920">
     <span class='ocr_line' id='line_1_29' title="bbox 398 2846 2112 2920; baseline 0 -17"><span class='ocrx_word' id='word_1_216' title='bbox 398 2851 695 2920; x_wconf 76' lang='lat' dir='ltr'><strong>quaerunt,</strong></span> <span class='ocrx_word' id='word_1_217' title='bbox 726 2847 1044 2905; x_wconf 87' lang='lat' dir='ltr'><strong>laudantur</strong></span> <span class='ocrx_word' id='word_1_218' title='bbox 1063 2846 1161 2918; x_wconf 88' lang='lat' dir='ltr'><strong>qui</strong></span> <span class='ocrx_word' id='word_1_219' title='bbox 1189 2854 1455 2919; x_wconf 68' lang='lat' dir='ltr'><strong>quaerunt</strong></span> <span class='ocrx_word' id='word_1_220' title='bbox 1487 2862 1502 2901; x_wconf 91' lang='lat'><strong>:</strong></span> <span class='ocrx_word' id='word_1_221' title='bbox 1534 2847 1765 2903; x_wconf 89' lang='lat' dir='ltr'><strong>animus</strong></span> <span class='ocrx_word' id='word_1_222' title='bbox 1786 2846 1939 2903; x_wconf 91' lang='lat' dir='ltr'><strong>enim</strong></span> <span class='ocrx_word' id='word_1_223' title='bbox 1966 2864 2112 2919; x_wconf 67' lang='lat' dir='ltr'><strong>quie-</strong></span> 
     </span>
    </p>
   </div>
   <div class='ocr_carea' id='block_1_30' title="bbox 402 2935 2112 3004">
    <p class='ocr_par' dir='ltr' id='par_1_30' title="bbox 402 2935 2112 3004">
     <span class='ocr_line' id='line_1_30' title="bbox 402 2935 2112 3004; baseline 0.001 -9"><span class='ocrx_word' id='word_1_224' title='bbox 402 2939 588 2995; x_wconf 86' lang='lat' dir='ltr'><strong>rentis</strong></span> <span class='ocrx_word' id='word_1_225' title='bbox 617 2942 718 2995; x_wconf 91' lang='lat' dir='ltr'><strong>aut</strong></span> <span class='ocrx_word' id='word_1_226' title='bbox 763 2938 997 2994; x_wconf 91' lang='lat' dir='ltr'><strong>laudem</strong></span> <span class='ocrx_word' id='word_1_227' title='bbox 1030 2935 1274 3004; x_wconf 87' lang='lat' dir='ltr'><strong>invenit,</strong></span> <span class='ocrx_word' id='word_1_228' title='bbox 1308 2942 1408 2992; x_wconf 88' lang='lat' dir='ltr'><strong>aut</strong></span> <span class='ocrx_word' id='word_1_229' title='bbox 1436 2937 1889 2994; x_wconf 88' lang='lat' dir='ltr'><strong>damnationem.</strong></span> <span class='ocrx_word' id='word_1_230' title='bbox 1924 2937 2112 2996; x_wconf 85' lang='lat' dir='ltr'><strong>Habes</strong></span> 
     </span>
    </p>
   </div>
   <div class='ocr_carea' id='block_1_31' title="bbox 402 3024 2113 3101">
    <p class='ocr_par' dir='ltr' id='par_1_31' title="bbox 402 3024 2113 3101">
     <span class='ocr_line' id='line_1_31' title="bbox 402 3024 2113 3101; baseline -0.002 -16"><span class='ocrx_word' id='word_1_231' title='bbox 402 3029 561 3085; x_wconf 88' lang='lat' dir='ltr'><strong>enim</strong></span> <span class='ocrx_word' id='word_1_232' title='bbox 591 3031 648 3085; x_wconf 90' lang='lat' dir='ltr'><strong>et</strong></span> <span class='ocrx_word' id='word_1_233' title='bbox 678 3027 738 3082; x_wconf 92' lang='lat' dir='ltr'><strong>in</strong></span> <span class='ocrx_word' id='word_1_234' title='bbox 790 3026 1054 3096; x_wconf 82' lang='lat' dir='ltr'><strong>Psalmis,</strong></span> <span class='ocrx_word' id='word_1_235' title='bbox 1092 3024 1517 3097; x_wconf 76' lang='lat' dir='ltr'><strong>Con/nudantur</strong></span> <span class='ocrx_word' id='word_1_236' title='bbox 1556 3034 1607 3082; x_wconf 90' lang='lat' dir='ltr'><strong>et</strong></span> <span class='ocrx_word' id='word_1_237' title='bbox 1648 3034 1987 3095; x_wconf 78' lang='lat' dir='ltr'><strong>reverentur,</strong></span> <span class='ocrx_word' id='word_1_238' title='bbox 2020 3031 2113 3101; x_wconf 89' lang='lat' dir='ltr'><strong>qui</strong></span> 
     </span>
    </p>
   </div>
   <div class='ocr_carea' id='block_1_32' title="bbox 405 3114 2114 3191">
    <p class='ocr_par' dir='ltr' id='par_1_32' title="bbox 405 3114 2114 3191">
     <span class='ocr_line' id='line_1_32' title="bbox 405 3114 2114 3191; baseline 0 -18"><span class='ocrx_word' id='word_1_239' title='bbox 405 3123 671 3191; x_wconf 70' lang='lat' dir='ltr'><strong>quaerunt</strong></span> <span class='ocrx_word' id='word_1_240' title='bbox 717 3118 964 3172; x_wconf 86' lang='lat' dir='ltr'><strong>animam</strong></span> <span class='ocrx_word' id='word_1_241' title='bbox 1009 3131 1189 3171; x_wconf 88' lang='lat' dir='ltr'><strong>meam</strong></span> <span class='ocrx_word' id='word_1_242' title='bbox 1219 3114 1400 3185; x_wconf 88' lang='lat' dir='ltr'><strong>(Psal.</strong></span> <span class='ocrx_word' id='word_1_243' title='bbox 1435 3131 1626 3179; x_wconf 77' lang='lat' dir='ltr'><strong>XXXIX,</strong></span> <span class='ocrx_word' id='word_1_244' title='bbox 1662 3114 1750 3187; x_wconf 83' lang='grc'><strong>15)</strong></span> <span class='ocrx_word' id='word_1_245' title='bbox 1782 3134 1796 3173; x_wconf 89' lang='lat'><strong>:</strong></span> <span class='ocrx_word' id='word_1_246' title='bbox 1848 3116 1945 3172; x_wconf 90' lang='lat' dir='ltr'><strong>isti</strong></span> <span class='ocrx_word' id='word_1_247' title='bbox 1977 3121 2114 3173; x_wconf 86' lang='lat' dir='ltr'><strong>sunt</strong></span> 
     </span>
    </p>
   </div>
   <div class='ocr_carea' id='block_1_33' title="bbox 403 3203 2112 3280">
    <p class='ocr_par' dir='ltr' id='par_1_33' title="bbox 403 3203 2112 3280">
     <span class='ocr_line' id='line_1_33' title="bbox 403 3203 2112 3280; baseline -0.001 -17"><span class='ocrx_word' id='word_1_248' title='bbox 403 3206 504 3280; x_wconf 88' lang='lat' dir='ltr'><strong>qui</strong></span> <span class='ocrx_word' id='word_1_249' title='bbox 539 3204 689 3263; x_wconf 89' lang='lat' dir='ltr'><strong>male</strong></span> <span class='ocrx_word' id='word_1_250' title='bbox 740 3205 1097 3277; x_wconf 70' lang='lat' dir='ltr'><strong>quaerebant.</strong></span> <span class='ocrx_word' id='word_1_251' title='bbox 1152 3203 1276 3261; x_wconf 87' lang='lat' dir='ltr'><strong>Alio</strong></span> <span class='ocrx_word' id='word_1_252' title='bbox 1310 3209 1503 3260; x_wconf 89' lang='lat' dir='ltr'><strong>autem</strong></span> <span class='ocrx_word' id='word_1_253' title='bbox 1551 3204 1677 3261; x_wconf 91' lang='lat' dir='ltr'><strong>loco</strong></span> <span class='ocrx_word' id='word_1_254' title='bbox 1707 3204 1845 3261; x_wconf 87' lang='lat' dir='ltr'><strong>dicit</strong></span> <span class='ocrx_word' id='word_1_255' title='bbox 1882 3221 1895 3262; x_wconf 90' lang='lat'><strong>:</strong></span> <span class='ocrx_word' id='word_1_256' title='bbox 1936 3208 2112 3263; x_wconf 79' lang='lat' dir='ltr'><strong>Periit</strong></span> 
     </span>
    </p>
   </div>
   <div class='ocr_carea' id='block_1_34' title="bbox 397 3296 2110 3369">
    <p class='ocr_par' dir='ltr' id='par_1_34' title="bbox 397 3296 2110 3369">
     <span class='ocr_line' id='line_1_34' title="bbox 397 3296 2110 3369; baseline 0.002 -20"><span class='ocrx_word' id='word_1_257' title='bbox 397 3299 531 3368; x_wconf 84' lang='lat' dir='ltr'><strong>fuga</strong></span> <span class='ocrx_word' id='word_1_258' title='bbox 566 3312 599 3350; x_wconf 88' lang='lat' dir='ltr'><strong>a</strong></span> <span class='ocrx_word' id='word_1_259' title='bbox 629 3311 732 3363; x_wconf 84' lang='lat' dir='ltr'><strong>me,</strong></span> <span class='ocrx_word' id='word_1_260' title='bbox 756 3301 809 3351; x_wconf 88' lang='lat' dir='ltr'><strong>et</strong></span> <span class='ocrx_word' id='word_1_261' title='bbox 839 3310 947 3351; x_wconf 88' lang='lat' dir='ltr'><strong>non</strong></span> <span class='ocrx_word' id='word_1_262' title='bbox 970 3301 1048 3350; x_wconf 88' lang='lat' dir='ltr'><strong>est</strong></span> <span class='ocrx_word' id='word_1_263' title='bbox 1069 3296 1166 3366; x_wconf 88' lang='lat' dir='ltr'><strong>qui</strong></span> <span class='ocrx_word' id='word_1_264' title='bbox 1196 3296 1445 3366; x_wconf 83' lang='lat' dir='ltr'><strong>requirat</strong></span> <span class='ocrx_word' id='word_1_265' title='bbox 1464 3296 1713 3350; x_wconf 88' lang='lat' dir='ltr'><strong>animam</strong></span> <span class='ocrx_word' id='word_1_266' title='bbox 1733 3311 1911 3351; x_wconf 87' lang='lat' dir='ltr'><strong>meam</strong></span> <span class='ocrx_word' id='word_1_267' title='bbox 1938 3296 2110 3369; x_wconf 84' lang='lat' dir='ltr'><strong>(Psal.</strong></span> 
     </span>
    </p>
   </div>
   <div class='ocr_carea' id='block_1_35' title="bbox 400 3382 2113 3457">
    <p class='ocr_par' dir='ltr' id='par_1_35' title="bbox 400 3382 2113 3457">
     <span class='ocr_line' id='line_1_35' title="bbox 400 3382 2113 3457; baseline 0 -16"><span class='ocrx_word' id='word_1_268' title='bbox 400 3402 554 3454; x_wconf 80' lang='lat' dir='ltr'><strong>cxu,</strong></span> <span class='ocrx_word' id='word_1_269' title='bbox 576 3384 653 3455; x_wconf 90' lang='grc'><strong>5).</strong></span> <span class='ocrx_word' id='word_1_270' title='bbox 678 3383 1004 3455; x_wconf 88' lang='lat' dir='ltr'><strong>Culpantur</strong></span> <span class='ocrx_word' id='word_1_271' title='bbox 1029 3382 1126 3453; x_wconf 92' lang='lat' dir='ltr'><strong>qui</strong></span> <span class='ocrx_word' id='word_1_272' title='bbox 1149 3383 1513 3455; x_wconf 64' lang='lat' dir='ltr'><strong>quaerebant,</strong></span> <span class='ocrx_word' id='word_1_273' title='bbox 1539 3382 1856 3454; x_wconf 87' lang='lat' dir='ltr'><strong>culpantur</strong></span> <span class='ocrx_word' id='word_1_274' title='bbox 1875 3384 1972 3457; x_wconf 92' lang='lat' dir='ltr'><strong>qui</strong></span> <span class='ocrx_word' id='word_1_275' title='bbox 1997 3402 2113 3442; x_wconf 91' lang='lat' dir='ltr'><strong>non</strong></span> 
     </span>
    </p>
   </div>
   <div class='ocr_carea' id='block_1_36' title="bbox 410 3471 2111 3545">
    <p class='ocr_par' dir='ltr' id='par_1_36' title="bbox 410 3471 2111 3545">
     <span class='ocr_line' id='line_1_36' title="bbox 410 3471 2111 3545; baseline 0.001 -17"><span class='ocrx_word' id='word_1_276' title='bbox 410 3472 765 3545; x_wconf 72' lang='lat' dir='ltr'><strong>quaerebant.</strong></span> <span class='ocrx_word' id='word_1_277' title='bbox 804 3471 947 3544; x_wconf 86' lang='lat' dir='ltr'><strong>Ergo</strong></span> <span class='ocrx_word' id='word_1_278' title='bbox 969 3487 1300 3543; x_wconf 69' lang='lat' dir='ltr'><strong>quaeramus</strong></span> <span class='ocrx_word' id='word_1_279' title='bbox 1328 3471 1623 3527; x_wconf 90' lang='lat' dir='ltr'><strong>Christum</strong></span> <span class='ocrx_word' id='word_1_280' title='bbox 1662 3476 1728 3528; x_wconf 90' lang='lat' dir='ltr'><strong>ut</strong></span> <span class='ocrx_word' id='word_1_281' title='bbox 1756 3472 2073 3530; x_wconf 85' lang='lat' dir='ltr'><strong>habeamus</strong></span> <span class='ocrx_word' id='word_1_282' title='bbox 2098 3492 2111 3542; x_wconf 89' lang='lat'>;</span> 
     </span>
    </p>
   </div>
   <div class='ocr_carea' id='block_1_37' title="bbox 403 3562 2113 3635">
    <p class='ocr_par' dir='ltr' id='par_1_37' title="bbox 403 3562 2113 3635">
     <span class='ocr_line' id='line_1_37' title="bbox 403 3562 2113 3635; baseline 0.001 -16"><span class='ocrx_word' id='word_1_283' title='bbox 403 3579 732 3635; x_wconf 68' lang='lat' dir='ltr'><strong>queremus</strong></span> <span class='ocrx_word' id='word_1_284' title='bbox 762 3567 825 3619; x_wconf 94' lang='lat' dir='ltr'><strong>ut</strong></span> <span class='ocrx_word' id='word_1_285' title='bbox 854 3565 1183 3630; x_wconf 87' lang='lat' dir='ltr'><strong>teneamus,</strong></span> <span class='ocrx_word' id='word_1_286' title='bbox 1206 3563 1306 3619; x_wconf 89' lang='lat' dir='ltr'><strong>sed</strong></span> <span class='ocrx_word' id='word_1_287' title='bbox 1330 3578 1447 3618; x_wconf 89' lang='lat' dir='ltr'><strong>non</strong></span> <span class='ocrx_word' id='word_1_288' title='bbox 1472 3566 1536 3618; x_wconf 89' lang='lat' dir='ltr'><strong>ut</strong></span> <span class='ocrx_word' id='word_1_289' title='bbox 1578 3562 1951 3621; x_wconf 87' lang='lat' dir='ltr'><strong>occidamus:</strong></span> <span class='ocrx_word' id='word_1_290' title='bbox 1979 3581 2113 3621; x_wconf 88' lang='lat' dir='ltr'><strong>nam</strong></span> 
     </span>
    </p>
   </div>
   <div class='ocr_carea' id='block_1_38' title="bbox 408 3651 2115 3725">
    <p class='ocr_par' dir='ltr' id='par_1_38' title="bbox 408 3651 2115 3725">
     <span class='ocr_line' id='line_1_38' title="bbox 408 3651 2115 3725; baseline 0.001 -15"><span class='ocrx_word' id='word_1_291' title='bbox 408 3657 465 3711; x_wconf 88' lang='lat' dir='ltr'><strong>et</strong></span> <span class='ocrx_word' id='word_1_292' title='bbox 495 3652 576 3709; x_wconf 88' lang='lat' dir='ltr'><strong>illi</strong></span> <span class='ocrx_word' id='word_1_293' title='bbox 609 3653 739 3709; x_wconf 93' lang='lat' dir='ltr'><strong>ideo</strong></span> <span class='ocrx_word' id='word_1_294' title='bbox 771 3654 1107 3725; x_wconf 73' lang='lat' dir='ltr'><strong>quaerebant</strong></span> <span class='ocrx_word' id='word_1_295' title='bbox 1137 3651 1155 3687; x_wconf 73' lang='grc' dir='ltr'>ί</span> <span class='ocrx_word' id='word_1_296' title='bbox 1189 3658 1253 3708; x_wconf 91' lang='lat' dir='ltr'><strong>ut</strong></span> <span class='ocrx_word' id='word_1_297' title='bbox 1282 3656 1566 3718; x_wconf 88' lang='lat' dir='ltr'><strong>tenerent,</strong></span> <span class='ocrx_word' id='word_1_298' title='bbox 1600 3654 1698 3709; x_wconf 91' lang='lat' dir='ltr'><strong>sed</strong></span> <span class='ocrx_word' id='word_1_299' title='bbox 1751 3658 1816 3710; x_wconf 90' lang='lat' dir='ltr'><strong>ut</strong></span> <span class='ocrx_word' id='word_1_300' title='bbox 1859 3655 1969 3711; x_wconf 91' lang='lat' dir='ltr'><strong>cito</strong></span> <span class='ocrx_word' id='word_1_301' title='bbox 2001 3672 2115 3712; x_wconf 91' lang='lat' dir='ltr'><strong>non</strong></span> 
     </span>
    </p>
   </div>
   <div class='ocr_carea' id='block_1_39' title="bbox 407 3741 2113 3816">
    <p class='ocr_par' dir='ltr' id='par_1_39' title="bbox 407 3741 2113 3816">
     <span class='ocr_line' id='line_1_39' title="bbox 407 3741 2113 3816; baseline 0.002 -19"><span class='ocrx_word' id='word_1_302' title='bbox 407 3741 705 3798; x_wconf 89' lang='lat' dir='ltr'><strong>haberent.</strong></span> <span class='ocrx_word' id='word_1_303' title='bbox 766 3742 1093 3812; x_wconf 64' lang='lat' dir='ltr'><strong>Quzrcbant</strong></span> <span class='ocrx_word' id='word_1_304' title='bbox 1133 3758 1278 3813; x_wconf 83' lang='lat' dir='ltr'><strong>ergo,</strong></span> <span class='ocrx_word' id='word_1_305' title='bbox 1320 3746 1371 3799; x_wconf 88' lang='lat' dir='ltr'><strong>et</strong></span> <span class='ocrx_word' id='word_1_306' title='bbox 1430 3742 1788 3816; x_wconf 83' lang='lat' dir='ltr'><strong>loquebantur</strong></span> <span class='ocrx_word' id='word_1_307' title='bbox 1817 3746 1966 3800; x_wconf 88' lang='lat' dir='ltr'><strong>inter</strong></span> <span class='ocrx_word' id='word_1_308' title='bbox 2010 3760 2113 3800; x_wconf 88' lang='lat' dir='ltr'><strong>se:</strong></span> 
     </span>
    </p>
   </div>
   <div class='ocr_carea' id='block_1_40' title="bbox 402 3826 1832 3905">
    <p class='ocr_par' dir='ltr' id='par_1_40' title="bbox 402 3826 1832 3905">
     <span class='ocr_line' id='line_1_40' title="bbox 402 3826 1832 3905; baseline 0.001 -19"><span class='ocrx_word' id='word_1_309' title='bbox 402 3826 541 3901; x_wconf 68' lang='lat' dir='ltr'><strong>Quid</strong></span> <span class='ocrx_word' id='word_1_310' title='bbox 559 3835 791 3903; x_wconf 76' lang='lat' dir='ltr'><strong>putatis,</strong></span> <span class='ocrx_word' id='word_1_311' title='bbox 826 3833 956 3905; x_wconf 84' lang='lat' dir='ltr'><strong>quia</strong></span> <span class='ocrx_word' id='word_1_312' title='bbox 988 3849 1098 3889; x_wconf 83' lang='lat' dir='ltr'><strong>nan.</strong></span> <span class='ocrx_word' id='word_1_313' title='bbox 1130 3835 1279 3888; x_wconf 86' lang='lat' dir='ltr'><strong>venit</strong></span> <span class='ocrx_word' id='word_1_314' title='bbox 1308 3834 1382 3888; x_wconf 83' lang='lat' dir='ltr'><strong>ad</strong></span> <span class='ocrx_word' id='word_1_315' title='bbox 1412 3833 1553 3890; x_wconf 85' lang='lat' dir='ltr'><strong>diem</strong></span> <span class='ocrx_word' id='word_1_316' title='bbox 1582 3837 1783 3904; x_wconf 79' lang='lat' dir='ltr'><strong>festum</strong></span> <span class='ocrx_word' id='word_1_317' title='bbox 1807 3838 1832 3887; x_wconf 81' lang='lat'><strong>.&#39;</strong></span> 
     </span>
    </p>
   </div>
   <div class='ocr_carea' id='block_1_41' title="bbox 475 3920 2110 3994">
    <p class='ocr_par' dir='ltr' id='par_1_41' title="bbox 475 3920 2110 3994">
     <span class='ocr_line' id='line_1_41' title="bbox 475 3920 2110 3994; baseline 0.002 -18"><span class='ocrx_word' id='word_1_318' title='bbox 475 3920 524 3979; x_wconf 79' lang='grc'><strong>4.</strong></span> <span class='ocrx_word' id='word_1_319' title='bbox 557 3922 831 3978; x_wconf 86' lang='lat' dir='ltr'><strong>Dederant</strong></span> <span class='ocrx_word' id='word_1_320' title='bbox 861 3930 1049 3977; x_wconf 90' lang='lat' dir='ltr'><strong>autem</strong></span> <span class='ocrx_word' id='word_1_321' title='bbox 1067 3921 1356 3993; x_wconf 69' lang='lat' dir='ltr'><strong>pontiﬁces</strong></span> <span class='ocrx_word' id='word_1_322' title='bbox 1384 3926 1435 3978; x_wconf 87' lang='lat' dir='ltr'><strong>et</strong></span> <span class='ocrx_word' id='word_1_323' title='bbox 1465 3924 1740 3981; x_wconf 61' lang='lat' dir='ltr'><strong>Phariszi</strong></span> <span class='ocrx_word' id='word_1_324' title='bbox 1758 3922 2110 3994; x_wconf 84' lang='lat' dir='ltr'><strong>mandatum,</strong></span> 
     </span>
    </p>
   </div>
   <div class='ocr_carea' id='block_1_42' title="bbox 398 4012 2111 4084">
    <p class='ocr_par' dir='ltr' id='par_1_42' title="bbox 398 4012 2111 4084">
     <span class='ocr_line' id='line_1_42' title="bbox 398 4012 2111 4084; baseline 0.002 -18"><span class='ocrx_word' id='word_1_325' title='bbox 398 4017 458 4067; x_wconf 87' lang='lat' dir='ltr'><strong>ut</strong></span> <span class='ocrx_word' id='word_1_326' title='bbox 488 4014 537 4067; x_wconf 92' lang='lat' dir='ltr'><strong>si</strong></span> <span class='ocrx_word' id='word_1_327' title='bbox 568 4016 687 4084; x_wconf 87' lang='lat' dir='ltr'><strong>quis</strong></span> <span class='ocrx_word' id='word_1_328' title='bbox 716 4014 1034 4083; x_wconf 83' lang='lat' dir='ltr'><strong>cognoverit</strong></span> <span class='ocrx_word' id='word_1_329' title='bbox 1066 4012 1162 4067; x_wconf 84' lang='lat' dir='ltr'><strong>ubi</strong></span> <span class='ocrx_word' id='word_1_330' title='bbox 1191 4013 1286 4080; x_wconf 89' lang='lat' dir='ltr'><strong>sit,</strong></span> <span class='ocrx_word' id='word_1_331' title='bbox 1319 4014 1553 4080; x_wconf 82' lang='lat' dir='ltr'><strong>indicet,</strong></span> <span class='ocrx_word' id='word_1_332' title='bbox 1588 4019 1651 4068; x_wconf 90' lang='lat' dir='ltr'><strong>ut</strong></span> <span class='ocrx_word' id='word_1_333' title='bbox 1701 4014 2111 4084; x_wconf 85' lang='lat' dir='ltr'><strong>apprehendant</strong></span> 
     </span>
    </p>
   </div>
   <div class='ocr_carea' id='block_1_43' title="bbox 397 4096 2104 4168">
    <p class='ocr_par' dir='ltr' id='par_1_43' title="bbox 397 4096 2104 4168">
     <span class='ocr_line' id='line_1_43' title="bbox 397 4096 2104 4168; baseline 0.004 -17"><span class='ocrx_word' id='word_1_334' title='bbox 397 4112 540 4153; x_wconf 85' lang='lat' dir='ltr'><strong>eum.</strong></span> <span class='ocrx_word' id='word_1_335' title='bbox 574 4096 688 4154; x_wconf 85' lang='lat' dir='ltr'><strong>Nos</strong></span> <span class='ocrx_word' id='word_1_336' title='bbox 734 4098 1067 4154; x_wconf 89' lang='lat' dir='ltr'><strong>indicemus</strong></span> <span class='ocrx_word' id='word_1_337' title='bbox 1100 4099 1273 4155; x_wconf 93' lang='lat' dir='ltr'><strong>modo</strong></span> <span class='ocrx_word' id='word_1_338' title='bbox 1304 4099 1545 4168; x_wconf 67' lang='lat' dir='ltr'><strong>Judmis,</strong></span> <span class='ocrx_word' id='word_1_339' title='bbox 1581 4100 1679 4156; x_wconf 92' lang='lat' dir='ltr'><strong>ubi</strong></span> <span class='ocrx_word' id='word_1_340' title='bbox 1713 4101 1790 4156; x_wconf 89' lang='lat' dir='ltr'><strong>sit</strong></span> <span class='ocrx_word' id='word_1_341' title='bbox 1820 4099 2104 4158; x_wconf 86' lang='lat' dir='ltr'><strong>Christus.</strong></span> 
     </span>
    </p>
   </div>
   <div class='ocr_carea' id='block_1_44' title="bbox 402 4186 2107 4263">
    <p class='ocr_par' dir='ltr' id='par_1_44' title="bbox 402 4186 2107 4263">
     <span class='ocr_line' id='line_1_44' title="bbox 402 4186 2107 4263; baseline 0.002 -19"><span class='ocrx_word' id='word_1_342' title='bbox 402 4187 631 4244; x_wconf 86' lang='lat' dir='ltr'><strong>Utinam</strong></span> <span class='ocrx_word' id='word_1_343' title='bbox 680 4186 856 4243; x_wconf 84' lang='lat' dir='ltr'><strong>velint</strong></span> <span class='ocrx_word' id='word_1_344' title='bbox 907 4187 1111 4244; x_wconf 90' lang='lat' dir='ltr'><strong>audire</strong></span> <span class='ocrx_word' id='word_1_345' title='bbox 1160 4196 1213 4245; x_wconf 90' lang='lat' dir='ltr'><strong>et</strong></span> <span class='ocrx_word' id='word_1_346' title='bbox 1262 4189 1699 4261; x_wconf 88' lang='lat' dir='ltr'><strong>apprehendere</strong></span> <span class='ocrx_word' id='word_1_347' title='bbox 1746 4190 2107 4263; x_wconf 88' lang='lat' dir='ltr'><strong>quicumque</strong></span> 
     </span>
    </p>
   </div>
   <div class='ocr_carea' id='block_1_45' title="bbox 400 4277 2105 4353">
    <p class='ocr_par' dir='ltr' id='par_1_45' title="bbox 400 4277 2105 4353">
     <span class='ocr_line' id='line_1_45' title="bbox 400 4277 2105 4353; baseline 0.004 -21"><span class='ocrx_word' id='word_1_348' title='bbox 400 4281 540 4332; x_wconf 88' lang='lat' dir='ltr'><strong>sunt</strong></span> <span class='ocrx_word' id='word_1_349' title='bbox 570 4293 638 4332; x_wconf 93' lang='lat' dir='ltr'><strong>ex</strong></span> <span class='ocrx_word' id='word_1_350' title='bbox 668 4277 888 4334; x_wconf 88' lang='lat' dir='ltr'><strong>semine</strong></span> <span class='ocrx_word' id='word_1_351' title='bbox 916 4277 1172 4348; x_wconf 88' lang='lat' dir='ltr'><strong>illorum,</strong></span> <span class='ocrx_word' id='word_1_352' title='bbox 1205 4280 1306 4353; x_wconf 88' lang='lat' dir='ltr'><strong>qui</strong></span> <span class='ocrx_word' id='word_1_353' title='bbox 1350 4280 1630 4336; x_wconf 89' lang='lat' dir='ltr'><strong>dederant</strong></span> <span class='ocrx_word' id='word_1_354' title='bbox 1661 4281 2006 4337; x_wconf 82' lang='lat' dir='ltr'><strong>mandatum</strong></span> <span class='ocrx_word' id='word_1_355' title='bbox 2040 4286 2105 4338; x_wconf 91' lang='lat' dir='ltr'><strong>ut</strong></span> 
     </span>
    </p>
   </div>
   <div class='ocr_carea' id='block_1_46' title="bbox 398 4366 2100 4427">
    <p class='ocr_par' dir='ltr' id='par_1_46' title="bbox 398 4366 2100 4427">
     <span class='ocr_line' id='line_1_46' title="bbox 398 4366 2100 4427; baseline 0.004 -6"><span class='ocrx_word' id='word_1_356' title='bbox 398 4366 754 4423; x_wconf 87' lang='lat' dir='ltr'><strong>indicaretur</strong></span> <span class='ocrx_word' id='word_1_357' title='bbox 779 4368 865 4424; x_wconf 90' lang='lat' dir='ltr'><strong>eis</strong></span> <span class='ocrx_word' id='word_1_358' title='bbox 898 4368 993 4424; x_wconf 92' lang='lat' dir='ltr'><strong>ubi</strong></span> <span class='ocrx_word' id='word_1_359' title='bbox 1020 4377 1168 4425; x_wconf 85' lang='lat' dir='ltr'><strong>esset</strong></span> <span class='ocrx_word' id='word_1_360' title='bbox 1200 4368 1484 4425; x_wconf 87' lang='lat' dir='ltr'><strong>Christus.</strong></span> <span class='ocrx_word' id='word_1_361' title='bbox 1519 4370 1773 4426; x_wconf 87' lang='lat' dir='ltr'><strong>Veniant</strong></span> <span class='ocrx_word' id='word_1_362' title='bbox 1804 4371 1874 4426; x_wconf 89' lang='lat' dir='ltr'><strong>ad</strong></span> <span class='ocrx_word' id='word_1_363' title='bbox 1908 4370 2100 4427; x_wconf 88' lang='lat' dir='ltr'><strong>Eccle-</strong></span> 
     </span>
    </p>
   </div>
   <div class='ocr_carea' id='block_1_47' title="bbox 394 4456 2098 4531">
    <p class='ocr_par' dir='ltr' id='par_1_47' title="bbox 394 4456 2098 4531">
     <span class='ocr_line' id='line_1_47' title="bbox 394 4456 2098 4531; baseline 0.004 -20"><span class='ocrx_word' id='word_1_364' title='bbox 394 4456 569 4525; x_wconf 89' lang='lat' dir='ltr'><strong>siam,</strong></span> <span class='ocrx_word' id='word_1_365' title='bbox 602 4456 847 4513; x_wconf 90' lang='lat' dir='ltr'><strong>audiant</strong></span> <span class='ocrx_word' id='word_1_366' title='bbox 878 4457 976 4513; x_wconf 90' lang='lat' dir='ltr'><strong>ubi</strong></span> <span class='ocrx_word' id='word_1_367' title='bbox 1000 4458 1069 4513; x_wconf 90' lang='lat' dir='ltr'><strong>sit</strong></span> <span class='ocrx_word' id='word_1_368' title='bbox 1093 4458 1376 4526; x_wconf 88' lang='lat' dir='ltr'><strong>Christus,</strong></span> <span class='ocrx_word' id='word_1_369' title='bbox 1399 4464 1455 4515; x_wconf 93' lang='lat' dir='ltr'><strong>et</strong></span> <span class='ocrx_word' id='word_1_370' title='bbox 1487 4460 1919 4531; x_wconf 87' lang='lat' dir='ltr'><strong>apprehendant</strong></span> <span class='ocrx_word' id='word_1_371' title='bbox 1943 4476 2098 4518; x_wconf 89' lang='lat' dir='ltr'><strong>eum.</strong></span> 
     </span>
    </p>
   </div>
   <div class='ocr_carea' id='block_1_48' title="bbox 393 4545 2101 4621">
    <p class='ocr_par' dir='ltr' id='par_1_48' title="bbox 393 4545 2101 4621">
     <span class='ocr_line' id='line_1_48' title="bbox 393 4545 2101 4621; baseline 0.005 -21"><span class='ocrx_word' id='word_1_372' title='bbox 393 4548 435 4600; x_wconf 74' lang='grc' dir='ltr'><strong>Α</strong></span> <span class='ocrx_word' id='word_1_373' title='bbox 476 4545 647 4602; x_wconf 88' lang='lat' dir='ltr'><strong>nobis</strong></span> <span class='ocrx_word' id='word_1_374' title='bbox 679 4546 939 4611; x_wconf 81' lang='lat' dir='ltr'><strong>audiant,</strong></span> <span class='ocrx_word' id='word_1_375' title='bbox 972 4564 1040 4603; x_wconf 91' lang='lat' dir='ltr'><strong>ex</strong></span> <span class='ocrx_word' id='word_1_376' title='bbox 1062 4548 1374 4621; x_wconf 84' lang='lat' dir='ltr'><strong>Evangelia</strong></span> <span class='ocrx_word' id='word_1_377' title='bbox 1405 4550 1666 4606; x_wconf 87' lang='lat' dir='ltr'><strong>audiant.</strong></span> <span class='ocrx_word' id='word_1_378' title='bbox 1699 4550 1941 4607; x_wconf 87' lang='lat' dir='ltr'><strong>Occisus</strong></span> <span class='ocrx_word' id='word_1_379' title='bbox 1963 4560 2046 4608; x_wconf 90' lang='lat' dir='ltr'><strong>est</strong></span> <span class='ocrx_word' id='word_1_380' title='bbox 2068 4569 2101 4608; x_wconf 90' lang='lat' dir='ltr'><strong>a</strong></span> 
     </span>
    </p>
   </div>
   <div class='ocr_carea' id='block_1_49' title="bbox 393 4634 2096 4710">
    <p class='ocr_par' dir='ltr' id='par_1_49' title="bbox 393 4634 2096 4710">
     <span class='ocr_line' id='line_1_49' title="bbox 393 4634 2096 4710; baseline 0.004 -19"><span class='ocrx_word' id='word_1_381' title='bbox 393 4634 739 4707; x_wconf 88' lang='lat' dir='ltr'><strong>parentibus</strong></span> <span class='ocrx_word' id='word_1_382' title='bbox 788 4654 1012 4707; x_wconf 89' lang='lat' dir='ltr'><strong>eorum,</strong></span> <span class='ocrx_word' id='word_1_383' title='bbox 1045 4637 1309 4710; x_wconf 88' lang='lat' dir='ltr'><strong>sepultus</strong></span> <span class='ocrx_word' id='word_1_384' title='bbox 1343 4642 1453 4704; x_wconf 87' lang='lat' dir='ltr'><strong>est,</strong></span> <span class='ocrx_word' id='word_1_385' title='bbox 1488 4640 1823 4708; x_wconf 86' lang='lat' dir='ltr'><strong>resurrexit,</strong></span> <span class='ocrx_word' id='word_1_386' title='bbox 1857 4656 1891 4697; x_wconf 94' lang='lat' dir='ltr'><strong>a</strong></span> <span class='ocrx_word' id='word_1_387' title='bbox 1924 4641 2096 4698; x_wconf 91' lang='lat' dir='ltr'><strong>disci-</strong></span> 
     </span>
    </p>
   </div>
   <div class='ocr_carea' id='block_1_50' title="bbox 396 4722 2096 4798">
    <p class='ocr_par' dir='ltr' id='par_1_50' title="bbox 396 4722 2096 4798">
     <span class='ocr_line' id='line_1_50' title="bbox 396 4722 2096 4798; baseline 0.008 -22"><span class='ocrx_word' id='word_1_388' title='bbox 396 4722 551 4794; x_wconf 88' lang='lat' dir='ltr'><strong>pulis</strong></span> <span class='ocrx_word' id='word_1_389' title='bbox 580 4723 842 4795; x_wconf 87' lang='lat' dir='ltr'><strong>agnitus,</strong></span> <span class='ocrx_word' id='word_1_390' title='bbox 872 4731 1006 4782; x_wconf 90' lang='lat' dir='ltr'><strong>ante</strong></span> <span class='ocrx_word' id='word_1_391' title='bbox 1037 4726 1237 4783; x_wconf 90' lang='lat' dir='ltr'><strong>oculos</strong></span> <span class='ocrx_word' id='word_1_392' title='bbox 1270 4743 1469 4783; x_wconf 91' lang='lat' dir='ltr'><strong>eorum</strong></span> <span class='ocrx_word' id='word_1_393' title='bbox 1497 4730 1762 4785; x_wconf 89' lang='lat' dir='ltr'><strong>ascendit</strong></span> <span class='ocrx_word' id='word_1_394' title='bbox 1783 4730 1842 4786; x_wconf 90' lang='lat' dir='ltr'><strong>in</strong></span> <span class='ocrx_word' id='word_1_395' title='bbox 1864 4730 2096 4798; x_wconf 65' lang='lat' dir='ltr'><strong>calum,</strong></span> 
     </span>
    </p>
   </div>
   <div class='ocr_carea' id='block_1_51' title="bbox 394 4810 2097 4889">
    <p class='ocr_par' dir='ltr' id='par_1_51' title="bbox 394 4810 2097 4889">
     <span class='ocr_line' id='line_1_51' title="bbox 394 4810 2097 4889; baseline 0.007 -23"><span class='ocrx_word' id='word_1_396' title='bbox 394 4810 477 4866; x_wconf 88' lang='lat' dir='ltr'><strong>ibi</strong></span> <span class='ocrx_word' id='word_1_397' title='bbox 508 4811 671 4868; x_wconf 86' lang='lat' dir='ltr'><strong>sedet</strong></span> <span class='ocrx_word' id='word_1_398' title='bbox 701 4814 773 4869; x_wconf 89' lang='lat' dir='ltr'><strong>ad</strong></span> <span class='ocrx_word' id='word_1_399' title='bbox 797 4814 1085 4871; x_wconf 88' lang='lat' dir='ltr'><strong>dexteram</strong></span> <span class='ocrx_word' id='word_1_400' title='bbox 1120 4815 1337 4886; x_wconf 91' lang='lat' dir='ltr'><strong>Patris;</strong></span> <span class='ocrx_word' id='word_1_401' title='bbox 1377 4816 1476 4889; x_wconf 89' lang='lat' dir='ltr'><strong>qui</strong></span> <span class='ocrx_word' id='word_1_402' title='bbox 1499 4817 1803 4888; x_wconf 81' lang='lat' dir='ltr'><strong>judicatus</strong></span> <span class='ocrx_word' id='word_1_403' title='bbox 1826 4827 1932 4889; x_wconf 89' lang='lat' dir='ltr'><strong>est,</strong></span> <span class='ocrx_word' id='word_1_404' title='bbox 1956 4837 2097 4878; x_wconf 90' lang='lat' dir='ltr'><strong>ven-</strong></span> 
     </span>
    </p>
   </div>
   <div class='ocr_carea' id='block_1_52' title="bbox 395 4903 2093 4980">
    <p class='ocr_par' dir='ltr' id='par_1_52' title="bbox 395 4903 2093 4980">
     <span class='ocr_line' id='line_1_52' title="bbox 395 4903 2093 4980; baseline 0.008 -25"><span class='ocrx_word' id='word_1_405' title='bbox 395 4903 564 4956; x_wconf 90' lang='lat' dir='ltr'><strong>turus</strong></span> <span class='ocrx_word' id='word_1_406' title='bbox 611 4908 697 4957; x_wconf 87' lang='lat' dir='ltr'><strong>est</strong></span> <span class='ocrx_word' id='word_1_407' title='bbox 748 4903 922 4973; x_wconf 81' lang='lat' dir='ltr'><strong>iudex</strong></span> <span class='ocrx_word' id='word_1_408' title='bbox 954 4919 967 4958; x_wconf 91' lang='lat'><strong>:</strong></span> <span class='ocrx_word' id='word_1_409' title='bbox 1002 4905 1265 4977; x_wconf 88' lang='lat' dir='ltr'><strong>audiant,</strong></span> <span class='ocrx_word' id='word_1_410' title='bbox 1299 4912 1353 4962; x_wconf 91' lang='lat' dir='ltr'><strong>et</strong></span> <span class='ocrx_word' id='word_1_411' title='bbox 1383 4910 1638 4963; x_wconf 86' lang='lat' dir='ltr'><strong>teneant.</strong></span> <span class='ocrx_word' id='word_1_412' title='bbox 1673 4908 2047 4980; x_wconf 85' lang='lat' dir='ltr'><strong>Respondent</strong></span> <span class='ocrx_word' id='word_1_413' title='bbox 2077 4928 2093 4968; x_wconf 88' lang='lat'><strong>:</strong></span> 
     </span>
    </p>
   </div>
   <div class='ocr_carea' id='block_1_53' title="bbox 392 4990 2092 5067">
    <p class='ocr_par' dir='ltr' id='par_1_53' title="bbox 392 4990 2092 5067">
     <span class='ocr_line' id='line_1_53' title="bbox 392 4990 2092 5067; baseline 0.006 -19"><span class='ocrx_word' id='word_1_414' title='bbox 392 4990 695 5057; x_wconf 87' lang='lat' dir='ltr'><strong>Quomodo</strong></span> <span class='ocrx_word' id='word_1_415' title='bbox 742 4992 951 5050; x_wconf 87' lang='lat' dir='ltr'><strong>tenebo</strong></span> <span class='ocrx_word' id='word_1_416' title='bbox 999 4992 1295 5051; x_wconf 88' lang='lat' dir='ltr'><strong>absentem</strong></span> <span class='ocrx_word' id='word_1_417' title='bbox 1328 4995 1387 5065; x_wconf 66' lang='grc' dir='ltr'><strong>’ς</strong></span> <span class='ocrx_word' id='word_1_418' title='bbox 1439 4996 1731 5067; x_wconf 88' lang='lat' dir='ltr'><strong>quomodo</strong></span> <span class='ocrx_word' id='word_1_419' title='bbox 1779 4997 1838 5053; x_wconf 92' lang='lat' dir='ltr'><strong>in</strong></span> <span class='ocrx_word' id='word_1_420' title='bbox 1886 4999 2092 5059; x_wconf 83' lang='lat' dir='ltr'><strong>ccslum</strong></span> 
     </span>
    </p>
   </div>
   <div class='ocr_carea' id='block_1_54' title="bbox 391 5082 2092 5155">
    <p class='ocr_par' dir='ltr' id='par_1_54' title="bbox 391 5082 2092 5155">
     <span class='ocr_line' id='line_1_54' title="bbox 391 5082 2092 5155; baseline 0.006 -18"><span class='ocrx_word' id='word_1_421' title='bbox 391 5097 635 5138; x_wconf 89' lang='lat' dir='ltr'><strong>manum</strong></span> <span class='ocrx_word' id='word_1_422' title='bbox 693 5082 946 5155; x_wconf 86' lang='lat' dir='ltr'><strong>mittam,</strong></span> <span class='ocrx_word' id='word_1_423' title='bbox 991 5088 1055 5140; x_wconf 90' lang='lat' dir='ltr'><strong>ut</strong></span> <span class='ocrx_word' id='word_1_424' title='bbox 1086 5083 1162 5141; x_wconf 89' lang='lat' dir='ltr'><strong>ibi</strong></span> <span class='ocrx_word' id='word_1_425' title='bbox 1222 5086 1517 5143; x_wconf 88' lang='lat' dir='ltr'><strong>sedentem</strong></span> <span class='ocrx_word' id='word_1_426' title='bbox 1571 5088 1848 5144; x_wconf 86' lang='lat' dir='ltr'><strong>teneam?</strong></span> <span class='ocrx_word' id='word_1_427' title='bbox 1896 5090 2092 5148; x_wconf 90' lang='lat' dir='ltr'><strong>Fidem</strong></span> 
     </span>
    </p>
   </div>
   <div class='ocr_carea' id='block_1_55' title="bbox 396 5171 2089 5248">
    <p class='ocr_par' dir='ltr' id='par_1_55' title="bbox 396 5171 2089 5248">
     <span class='ocr_line' id='line_1_55' title="bbox 396 5171 2089 5248; baseline 0.006 -21"><span class='ocrx_word' id='word_1_428' title='bbox 396 5171 583 5234; x_wconf 90' lang='lat' dir='ltr'><strong>mitte.</strong></span> <span class='ocrx_word' id='word_1_429' title='bbox 618 5176 675 5229; x_wconf 91' lang='lat' dir='ltr'><strong>et</strong></span> <span class='ocrx_word' id='word_1_430' title='bbox 722 5174 982 5231; x_wconf 88' lang='lat' dir='ltr'><strong>tenuisti.</strong></span> <span class='ocrx_word' id='word_1_431' title='bbox 1018 5176 1294 5232; x_wconf 87' lang='lat' dir='ltr'><strong>Parentes</strong></span> <span class='ocrx_word' id='word_1_432' title='bbox 1340 5175 1421 5231; x_wconf 91' lang='lat' dir='ltr'><strong>tui</strong></span> <span class='ocrx_word' id='word_1_433' title='bbox 1457 5179 1767 5233; x_wconf 87' lang='lat' dir='ltr'><strong>tenuerunt</strong></span> <span class='ocrx_word' id='word_1_434' title='bbox 1808 5194 1998 5248; x_wconf 89' lang='lat' dir='ltr'><strong>carne,</strong></span> <span class='ocrx_word' id='word_1_435' title='bbox 2030 5184 2089 5237; x_wconf 92' lang='lat' dir='ltr'><strong>tu</strong></span> 
     </span>
    </p>
   </div>
   <div class='ocr_carea' id='block_1_56' title="bbox 391 5264 2093 5342">
    <p class='ocr_par' dir='ltr' id='par_1_56' title="bbox 391 5264 2093 5342">
     <span class='ocr_line' id='line_1_56' title="bbox 391 5264 2093 5342; baseline 0.008 -26"><span class='ocrx_word' id='word_1_436' title='bbox 391 5265 524 5316; x_wconf 87' lang='lat' dir='ltr'><strong>tene</strong></span> <span class='ocrx_word' id='word_1_437' title='bbox 556 5264 725 5319; x_wconf 88' lang='lat' dir='ltr'><strong>corde</strong></span> <span class='ocrx_word' id='word_1_438' title='bbox 750 5285 763 5334; x_wconf 89' lang='lat'><strong>;</strong></span> <span class='ocrx_word' id='word_1_439' title='bbox 798 5264 1071 5337; x_wconf 88' lang='lat' dir='ltr'><strong>quoniam</strong></span> <span class='ocrx_word' id='word_1_440' title='bbox 1105 5264 1373 5323; x_wconf 88' lang='lat' dir='ltr'><strong>Christus</strong></span> <span class='ocrx_word' id='word_1_441' title='bbox 1397 5266 1608 5323; x_wconf 86' lang='lat' dir='ltr'><strong>absens</strong></span> <span class='ocrx_word' id='word_1_442' title='bbox 1633 5267 1807 5324; x_wconf 89' lang='lat' dir='ltr'><strong>etiam</strong></span> <span class='ocrx_word' id='word_1_443' title='bbox 1832 5285 2093 5342; x_wconf 68' lang='lat' dir='ltr'><strong>praesens</strong></span> 
     </span>
    </p>
   </div>
   <div class='ocr_carea' id='block_1_57' title="bbox 392 5351 2093 5433">
    <p class='ocr_par' dir='ltr' id='par_1_57' title="bbox 392 5351 2093 5433">
     <span class='ocr_line' id='line_1_57' title="bbox 392 5351 2093 5433; baseline 0.009 -29"><span class='ocrx_word' id='word_1_444' title='bbox 392 5354 497 5404; x_wconf 88' lang='lat' dir='ltr'><strong>est.</strong></span> <span class='ocrx_word' id='word_1_445' title='bbox 537 5351 657 5409; x_wconf 88' lang='lat' dir='ltr'><strong>Nisi</strong></span> <span class='ocrx_word' id='word_1_446' title='bbox 689 5370 949 5426; x_wconf 69' lang='lat' dir='ltr'><strong>prmeens</strong></span> <span class='ocrx_word' id='word_1_447' title='bbox 978 5357 1153 5422; x_wconf 87' lang='lat' dir='ltr'><strong>esset,</strong></span> <span class='ocrx_word' id='word_1_448' title='bbox 1188 5372 1221 5413; x_wconf 90' lang='lat' dir='ltr'><strong>a</strong></span> <span class='ocrx_word' id='word_1_449' title='bbox 1252 5355 1421 5413; x_wconf 89' lang='lat' dir='ltr'><strong>nobis</strong></span> <span class='ocrx_word' id='word_1_450' title='bbox 1444 5355 1590 5428; x_wconf 89' lang='lat' dir='ltr'><strong>ipsis</strong></span> <span class='ocrx_word' id='word_1_451' title='bbox 1622 5358 1801 5415; x_wconf 89' lang='lat' dir='ltr'><strong>teneri</strong></span> <span class='ocrx_word' id='word_1_452' title='bbox 1829 5376 1943 5417; x_wconf 87' lang='lat' dir='ltr'><strong>non</strong></span> <span class='ocrx_word' id='word_1_453' title='bbox 1965 5378 2093 5433; x_wconf 88' lang='lat' dir='ltr'><strong>pos-</strong></span> 
     </span>
    </p>
   </div>
   <div class='ocr_carea' id='block_1_58' title="bbox 458 5508 1601 5584">
    <p class='ocr_par' dir='ltr' id='par_1_58' title="bbox 458 5508 1601 5584">
     <span class='ocr_line' id='line_1_58' title="bbox 458 5508 1601 5584; baseline -0.002 -16"><span class='ocrx_word' id='word_1_454' title='bbox 458 5508 583 5584; x_wconf 66' lang='grc' dir='ltr'>ξ</span> <span class='ocrx_word' id='word_1_455' title='bbox 594 5510 738 5584; x_wconf 46' lang='lat' dir='ltr'><strong>Elea;</strong></span> <span class='ocrx_word' id='word_1_456' title='bbox 754 5513 822 5564; x_wconf 80' lang='lat' dir='ltr'><strong>At</strong></span> <span class='ocrx_word' id='word_1_457' title='bbox 850 5516 1000 5584; x_wconf 85' lang='lat' dir='ltr'><strong>editi,</strong></span> <span class='ocrx_word' id='word_1_458' title='bbox 1012 5529 1136 5584; x_wconf 67' lang='lat' dir='ltr'><strong>non</strong></span> <span class='ocrx_word' id='word_1_459' title='bbox 1147 5517 1264 5567; x_wconf 89' lang='lat' dir='ltr'><strong>ideo</strong></span> <span class='ocrx_word' id='word_1_460' title='bbox 1284 5519 1601 5584; x_wconf 61' lang='lat' dir='ltr'><strong>quaerebant.</strong></span> 
     </span>
    </p>
   </div>
   <div class='ocr_carea' id='block_1_59' title="bbox 393 5569 2092 5687">
    <p class='ocr_par' dir='ltr' id='par_1_59' title="bbox 393 5569 2092 5687">
     <span class='ocr_line' id='line_1_59' title="bbox 393 5569 2092 5687; baseline 0.009 -68"><span class='ocrx_word' id='word_1_461' title='bbox 393 5569 627 5687; x_wconf 41' lang='lat' dir='ltr'><strong>“ﬁgat?</strong></span> <span class='ocrx_word' id='word_1_462' title='bbox 651 5584 665 5623; x_wconf 85' lang='lat'><strong>:</strong></span> <span class='ocrx_word' id='word_1_463' title='bbox 700 5575 857 5630; x_wconf 76' lang='lat' dir='ltr'><strong>Quom</strong></span> <span class='ocrx_word' id='word_1_464' title='bbox 884 5569 1061 5629; x_wconf 79' lang='lat' dir='ltr'><strong>tenebo</strong></span> <span class='ocrx_word' id='word_1_465' title='bbox 1080 5569 1348 5631; x_wconf 63' lang='lat' dir='ltr'><strong>absentem</strong></span> <span class='ocrx_word' id='word_1_466' title='bbox 1368 5582 1392 5629; x_wconf 70' lang='grc' dir='ltr'><em>Ι</em></span> <span class='ocrx_word' id='word_1_467' title='bbox 1410 5582 1624 5645; x_wconf 75' lang='lat' dir='ltr'><strong>Aliquot</strong></span> <span class='ocrx_word' id='word_1_468' title='bbox 1643 5583 1765 5634; x_wconf 73' lang='lat' dir='ltr'><strong>Mss.</strong></span> <span class='ocrx_word' id='word_1_469' title='bbox 1794 5596 1805 5633; x_wconf 88' lang='lat'><strong>:</strong></span> <span class='ocrx_word' id='word_1_470' title='bbox 1827 5583 2092 5637; x_wconf 79' lang='lat' dir='ltr'><strong>Quomodo</strong></span> 
     </span>
    </p>
   </div>
   <div class='ocr_carea' id='block_1_60' title="bbox 1355 275 2963 349">
    <p class='ocr_par' dir='ltr' id='par_1_60' title="bbox 1355 275 2963 349">
     <span class='ocr_line' id='line_1_60' title="bbox 1355 275 2963 349; baseline -0.002 -7"><span class='ocrx_word' id='word_1_471' title='bbox 1355 284 1429 345; x_wconf 77' lang='lat' dir='ltr'><strong>IN</strong></span> <span class='ocrx_word' id='word_1_472' title='bbox 1475 282 1806 345; x_wconf 81' lang='lat' dir='ltr'><strong>JOANNIS</strong></span> <span class='ocrx_word' id='word_1_473' title='bbox 1853 275 2365 349; x_wconf 80' lang='lat' dir='ltr'><strong>EVANGILIUM,</strong></span> <span class='ocrx_word' id='word_1_474' title='bbox 2418 279 2483 340; x_wconf 89' lang='lat' dir='ltr'><strong>S.</strong></span> <span class='ocrx_word' id='word_1_475' title='bbox 2530 278 2963 340; x_wconf 83' lang='lat' dir='ltr'><strong>AUGUSTINI</strong></span> 
     </span>
    </p>
   </div>
   <div class='ocr_carea' id='block_1_61' title="bbox 3763 278 3919 340">
    <p class='ocr_par' dir='ltr' id='par_1_61' title="bbox 3763 278 3919 340">
     <span class='ocr_line' id='line_1_61' title="bbox 3763 278 3919 340; baseline -0.019 0"><span class='ocrx_word' id='word_1_476' title='bbox 3763 278 3919 340; x_wconf 84' lang='grc'><strong>1760</strong></span> 
     </span>
    </p>
   </div>
   <div class='ocr_carea' id='block_1_62' title="bbox 2214 416 3924 491">
    <p class='ocr_par' dir='ltr' id='par_1_62' title="bbox 2214 416 3924 491">
     <span class='ocr_line' id='line_1_62' title="bbox 2214 416 3924 491; baseline 0.002 -19"><span class='ocrx_word' id='word_1_477' title='bbox 2214 424 2318 472; x_wconf 87' lang='lat' dir='ltr'><strong>set.</strong></span> <span class='ocrx_word' id='word_1_478' title='bbox 2351 418 2460 473; x_wconf 89' lang='lat' dir='ltr'><strong>Sed</strong></span> <span class='ocrx_word' id='word_1_479' title='bbox 2512 416 2788 490; x_wconf 87' lang='lat' dir='ltr'><strong>quoniam</strong></span> <span class='ocrx_word' id='word_1_480' title='bbox 2835 431 3038 472; x_wconf 89' lang='lat' dir='ltr'><strong>verum</strong></span> <span class='ocrx_word' id='word_1_481' title='bbox 3089 422 3198 485; x_wconf 90' lang='lat' dir='ltr'><strong>est,</strong></span> <span class='ocrx_word' id='word_1_482' title='bbox 3233 421 3385 490; x_wconf 88' lang='lat' dir='ltr'><strong>quod</strong></span> <span class='ocrx_word' id='word_1_483' title='bbox 3418 420 3517 488; x_wconf 87' lang='lat' dir='ltr'><strong>ait,</strong></span> <span class='ocrx_word' id='word_1_484' title='bbox 3552 422 3683 477; x_wconf 82' lang='lat' dir='ltr'><strong>Ecce</strong></span> <span class='ocrx_word' id='word_1_485' title='bbox 3712 436 3807 491; x_wconf 89' lang='lat' dir='ltr'><strong>ego</strong></span> <span class='ocrx_word' id='word_1_486' title='bbox 3840 437 3924 476; x_wconf 86' lang='lat' dir='ltr'><strong>vo-</strong></span> 
     </span>
    </p>
   </div>
   <div class='ocr_carea' id='block_1_63' title="bbox 2221 506 3922 584">
    <p class='ocr_par' dir='ltr' id='par_1_63' title="bbox 2221 506 3922 584">
     <span class='ocr_line' id='line_1_63' title="bbox 2221 506 3922 584; baseline 0.004 -23"><span class='ocrx_word' id='word_1_487' title='bbox 2221 506 2426 562; x_wconf 87' lang='lat' dir='ltr'><strong>biscum</strong></span> <span class='ocrx_word' id='word_1_488' title='bbox 2456 525 2577 564; x_wconf 89' lang='lat' dir='ltr'><strong>sum</strong></span> <span class='ocrx_word' id='word_1_489' title='bbox 2605 524 2775 579; x_wconf 85' lang='lat' dir='ltr'><strong>usque</strong></span> <span class='ocrx_word' id='word_1_490' title='bbox 2806 507 2875 562; x_wconf 88' lang='lat' dir='ltr'><strong>ad</strong></span> <span class='ocrx_word' id='word_1_491' title='bbox 2922 513 3450 566; x_wconf 79' lang='lat' dir='ltr'><strong>consummationem</strong></span> <span class='ocrx_word' id='word_1_492' title='bbox 3480 512 3666 567; x_wconf 74' lang='lat' dir='ltr'><strong>saeculi</strong></span> <span class='ocrx_word' id='word_1_493' title='bbox 3694 512 3922 584; x_wconf 77' lang='lat' dir='ltr'><strong>(Matth.</strong></span> 
     </span>
    </p>
   </div>
   <div class='ocr_carea' id='block_1_64' title="bbox 2219 594 3926 665">
    <p class='ocr_par' dir='ltr' id='par_1_64' title="bbox 2219 594 3926 665">
     <span class='ocr_line' id='line_1_64' title="bbox 2219 594 3926 665; baseline 0.003 -17"><span class='ocrx_word' id='word_1_494' title='bbox 2219 610 2419 661; x_wconf 85' lang='lat' dir='ltr'><strong>xxvm,</strong></span> <span class='ocrx_word' id='word_1_495' title='bbox 2453 596 2541 664; x_wconf 83' lang='lat'><strong>20)</strong></span> <span class='ocrx_word' id='word_1_496' title='bbox 2569 613 2582 662; x_wconf 93' lang='lat'>;</span> <span class='ocrx_word' id='word_1_497' title='bbox 2617 603 2667 650; x_wconf 88' lang='lat' dir='ltr'><strong>et</strong></span> <span class='ocrx_word' id='word_1_498' title='bbox 2700 594 2864 661; x_wconf 92' lang='lat' dir='ltr'><strong>abiit,</strong></span> <span class='ocrx_word' id='word_1_499' title='bbox 2898 599 2954 649; x_wconf 86' lang='lat' dir='ltr'><strong>et</strong></span> <span class='ocrx_word' id='word_1_500' title='bbox 2987 595 3079 649; x_wconf 92' lang='lat' dir='ltr'><strong>hic</strong></span> <span class='ocrx_word' id='word_1_501' title='bbox 3109 600 3235 665; x_wconf 86' lang='lat' dir='ltr'><strong>est;</strong></span> <span class='ocrx_word' id='word_1_502' title='bbox 3269 601 3326 651; x_wconf 92' lang='lat' dir='ltr'><strong>et</strong></span> <span class='ocrx_word' id='word_1_503' title='bbox 3356 598 3550 665; x_wconf 90' lang='lat' dir='ltr'><strong>rediit,</strong></span> <span class='ocrx_word' id='word_1_504' title='bbox 3583 603 3640 653; x_wconf 91' lang='lat' dir='ltr'><strong>et</strong></span> <span class='ocrx_word' id='word_1_505' title='bbox 3671 615 3775 653; x_wconf 89' lang='lat' dir='ltr'><strong>nos</strong></span> <span class='ocrx_word' id='word_1_506' title='bbox 3808 614 3926 653; x_wconf 90' lang='lat' dir='ltr'><strong>non</strong></span> 
     </span>
    </p>
   </div>
   <div class='ocr_carea' id='block_1_65' title="bbox 2220 684 3925 758">
    <p class='ocr_par' dir='ltr' id='par_1_65' title="bbox 2220 684 3925 758">
     <span class='ocr_line' id='line_1_65' title="bbox 2220 684 3925 758; baseline 0.004 -21"><span class='ocrx_word' id='word_1_507' title='bbox 2220 684 2434 739; x_wconf 89' lang='lat' dir='ltr'><strong>deserit</strong></span> <span class='ocrx_word' id='word_1_508' title='bbox 2462 701 2473 738; x_wconf 92' lang='lat'>:</span> <span class='ocrx_word' id='word_1_509' title='bbox 2498 700 2710 755; x_wconf 88' lang='lat' dir='ltr'><strong>corpus</strong></span> <span class='ocrx_word' id='word_1_510' title='bbox 2741 684 2897 739; x_wconf 91' lang='lat' dir='ltr'><strong>enim</strong></span> <span class='ocrx_word' id='word_1_511' title='bbox 2934 700 3105 739; x_wconf 88' lang='lat' dir='ltr'><strong>suum</strong></span> <span class='ocrx_word' id='word_1_512' title='bbox 3141 684 3335 742; x_wconf 87' lang='lat' dir='ltr'><strong>intulit</strong></span> <span class='ocrx_word' id='word_1_513' title='bbox 3363 687 3529 752; x_wconf 74' lang='lat' dir='ltr'><strong>cmlo,</strong></span> <span class='ocrx_word' id='word_1_514' title='bbox 3553 688 3925 758; x_wconf 86' lang='lat' dir='ltr'><strong>majestatem</strong></span> 
     </span>
    </p>
   </div>
   <div class='ocr_carea' id='block_1_66' title="bbox 2221 773 2880 829">
    <p class='ocr_par' dir='ltr' id='par_1_66' title="bbox 2221 773 2880 829">
     <span class='ocr_line' id='line_1_66' title="bbox 2221 773 2880 829; baseline 0.002 -1"><span class='ocrx_word' id='word_1_515' title='bbox 2221 790 2333 829; x_wconf 88' lang='lat' dir='ltr'><strong>non</strong></span> <span class='ocrx_word' id='word_1_516' title='bbox 2368 773 2607 828; x_wconf 87' lang='lat' dir='ltr'><strong>abstulit</strong></span> <span class='ocrx_word' id='word_1_517' title='bbox 2639 774 2880 829; x_wconf 91' lang='lat' dir='ltr'><strong>mundo.</strong></span> 
     </span>
    </p>
   </div>
   <div class='ocr_carea' id='block_1_67' title="bbox 2288 864 3924 932">
    <p class='ocr_par' dir='ltr' id='par_1_67' title="bbox 2288 864 3924 932">
     <span class='ocr_line' id='line_1_67' title="bbox 2288 864 3924 932; baseline 0.003 -14"><span class='ocrx_word' id='word_1_518' title='bbox 2288 864 2341 918; x_wconf 84' lang='lat'><strong>5.</strong></span> <span class='ocrx_word' id='word_1_519' title='bbox 2373 866 2528 919; x_wconf 72' lang='lat' dir='ltr'><strong>Iesus</strong></span> <span class='ocrx_word' id='word_1_520' title='bbox 2558 880 2684 932; x_wconf 80' lang='lat' dir='ltr'><strong>ergo</strong></span> <span class='ocrx_word' id='word_1_521' title='bbox 2723 868 2850 919; x_wconf 86' lang='lat' dir='ltr'><strong>ante</strong></span> <span class='ocrx_word' id='word_1_522' title='bbox 2881 880 2977 919; x_wconf 74' lang='lat' dir='ltr'><strong>sea:</strong></span> <span class='ocrx_word' id='word_1_523' title='bbox 3005 864 3115 920; x_wconf 87' lang='lat' dir='ltr'><strong>dies</strong></span> <span class='ocrx_word' id='word_1_524' title='bbox 3147 867 3371 923; x_wconf 68' lang='lat' dir='ltr'><strong>Paschae</strong></span> <span class='ocrx_word' id='word_1_525' title='bbox 3404 870 3547 923; x_wconf 82' lang='lat' dir='ltr'><strong>venit</strong></span> <span class='ocrx_word' id='word_1_526' title='bbox 3580 867 3924 929; x_wconf 81' lang='lat' dir='ltr'><strong>Belhaniam,</strong></span> 
     </span>
    </p>
   </div>
   <div class='ocr_carea' id='block_1_68' title="bbox 2219 952 3924 1025">
    <p class='ocr_par' dir='ltr' id='par_1_68' title="bbox 2219 952 3924 1025">
     <span class='ocr_line' id='line_1_68' title="bbox 2219 952 3924 1025; baseline 0.004 -17"><span class='ocrx_word' id='word_1_527' title='bbox 2219 952 2314 1008; x_wconf 83' lang='lat' dir='ltr'><strong>ubi</strong></span> <span class='ocrx_word' id='word_1_528' title='bbox 2341 956 2527 1023; x_wconf 80' lang='lat' dir='ltr'><strong>fuerat</strong></span> <span class='ocrx_word' id='word_1_529' title='bbox 2549 953 2790 1009; x_wconf 73' lang='lat' dir='ltr'><strong>Lazarus</strong></span> <span class='ocrx_word' id='word_1_530' title='bbox 2819 959 3088 1022; x_wconf 80' lang='lat' dir='ltr'><strong>mortuus,</strong></span> <span class='ocrx_word' id='word_1_531' title='bbox 3113 970 3269 1025; x_wconf 86' lang='lat' dir='ltr'><strong>quem</strong></span> <span class='ocrx_word' id='word_1_532' title='bbox 3301 957 3591 1013; x_wconf 80' lang='lat' dir='ltr'><strong>suscitavit</strong></span> <span class='ocrx_word' id='word_1_533' title='bbox 3616 959 3787 1013; x_wconf 78' lang='lat' dir='ltr'><strong>Iesus.</strong></span> <span class='ocrx_word' id='word_1_534' title='bbox 3817 962 3924 1015; x_wconf 80' lang='lat' dir='ltr'><strong>Fe-</strong></span> 
     </span>
    </p>
   </div>
   <div class='ocr_carea' id='block_1_69' title="bbox 2218 1044 3925 1111">
    <p class='ocr_par' dir='ltr' id='par_1_69' title="bbox 2218 1044 3925 1111">
     <span class='ocr_line' id='line_1_69' title="bbox 2218 1044 3925 1111; baseline 0.003 -13"><span class='ocrx_word' id='word_1_535' title='bbox 2218 1048 2407 1098; x_wconf 87' lang='lat' dir='ltr'><strong>cerunt</strong></span> <span class='ocrx_word' id='word_1_536' title='bbox 2434 1047 2614 1098; x_wconf 86' lang='lat' dir='ltr'><strong>autem</strong></span> <span class='ocrx_word' id='word_1_537' title='bbox 2643 1045 2700 1098; x_wconf 88' lang='lat' dir='ltr'><strong>ei</strong></span> <span class='ocrx_word' id='word_1_538' title='bbox 2728 1044 2808 1097; x_wconf 87' lang='lat' dir='ltr'><strong>ibi</strong></span> <span class='ocrx_word' id='word_1_539' title='bbox 2835 1059 3068 1111; x_wconf 66' lang='lat' dir='ltr'><strong>ecetram,</strong></span> <span class='ocrx_word' id='word_1_540' title='bbox 3102 1049 3151 1099; x_wconf 89' lang='lat' dir='ltr'><strong>et</strong></span> <span class='ocrx_word' id='word_1_541' title='bbox 3183 1045 3395 1100; x_wconf 79' lang='lat' dir='ltr'><strong>Martha</strong></span> <span class='ocrx_word' id='word_1_542' title='bbox 3414 1048 3796 1103; x_wconf 82' lang='lat' dir='ltr'><strong>ministrabat:</strong></span> <span class='ocrx_word' id='word_1_543' title='bbox 3820 1051 3925 1103; x_wconf 86' lang='lat' dir='ltr'><strong>La-</strong></span> 
     </span>
    </p>
   </div>
   <div class='ocr_carea' id='block_1_70' title="bbox 2218 1133 3927 1208">
    <p class='ocr_par' dir='ltr' id='par_1_70' title="bbox 2218 1133 3927 1208">
     <span class='ocr_line' id='line_1_70' title="bbox 2218 1133 3927 1208; baseline 0.003 -21"><span class='ocrx_word' id='word_1_544' title='bbox 2218 1148 2382 1187; x_wconf 70' lang='lat' dir='ltr'><strong>zarus</strong></span> <span class='ocrx_word' id='word_1_545' title='bbox 2416 1147 2535 1188; x_wconf 87' lang='lat' dir='ltr'><strong>vero</strong></span> <span class='ocrx_word' id='word_1_546' title='bbox 2566 1148 2709 1187; x_wconf 83' lang='lat' dir='ltr'><strong>unus</strong></span> <span class='ocrx_word' id='word_1_547' title='bbox 2738 1140 2857 1188; x_wconf 87' lang='lat' dir='ltr'><strong>erat</strong></span> <span class='ocrx_word' id='word_1_548' title='bbox 2901 1149 2971 1187; x_wconf 77' lang='lat' dir='ltr'><strong>ea:</strong></span> <span class='ocrx_word' id='word_1_549' title='bbox 3025 1133 3507 1192; x_wconf 83' lang='lat' dir='ltr'><strong>discumbentibus.</strong></span> <span class='ocrx_word' id='word_1_550' title='bbox 3541 1136 3617 1191; x_wconf 88' lang='lat' dir='ltr'><strong>Ne</strong></span> <span class='ocrx_word' id='word_1_551' title='bbox 3647 1142 3927 1208; x_wconf 89' lang='lat' dir='ltr'><strong>putarent</strong></span> 
     </span>
    </p>
   </div>
   <div class='ocr_carea' id='block_1_71' title="bbox 2218 1221 3925 1297">
    <p class='ocr_par' dir='ltr' id='par_1_71' title="bbox 2218 1221 3925 1297">
     <span class='ocr_line' id='line_1_71' title="bbox 2218 1221 3925 1297; baseline 0.004 -21"><span class='ocrx_word' id='word_1_552' title='bbox 2218 1221 2480 1278; x_wconf 89' lang='lat' dir='ltr'><strong>homines</strong></span> <span class='ocrx_word' id='word_1_553' title='bbox 2512 1222 2861 1292; x_wconf 87' lang='lat' dir='ltr'><strong>phantasma</strong></span> <span class='ocrx_word' id='word_1_554' title='bbox 2903 1239 3031 1278; x_wconf 91' lang='lat' dir='ltr'><strong>esse</strong></span> <span class='ocrx_word' id='word_1_555' title='bbox 3071 1224 3311 1291; x_wconf 85' lang='lat' dir='ltr'><strong>factum,</strong></span> <span class='ocrx_word' id='word_1_556' title='bbox 3344 1225 3482 1297; x_wconf 86' lang='lat' dir='ltr'><strong>quia</strong></span> <span class='ocrx_word' id='word_1_557' title='bbox 3539 1231 3800 1281; x_wconf 87' lang='lat' dir='ltr'><strong>mortuus</strong></span> <span class='ocrx_word' id='word_1_558' title='bbox 3830 1243 3925 1283; x_wconf 86' lang='lat' dir='ltr'><strong>re-</strong></span> 
     </span>
    </p>
   </div>
   <div class='ocr_carea' id='block_1_72' title="bbox 2220 1311 3928 1381">
    <p class='ocr_par' dir='ltr' id='par_1_72' title="bbox 2220 1311 3928 1381">
     <span class='ocr_line' id='line_1_72' title="bbox 2220 1311 3928 1381; baseline 0.003 -16"><span class='ocrx_word' id='word_1_559' title='bbox 2220 1311 2489 1379; x_wconf 84' lang='lat' dir='ltr'><strong>surrexit,</strong></span> <span class='ocrx_word' id='word_1_560' title='bbox 2523 1327 2675 1366; x_wconf 89' lang='lat' dir='ltr'><strong>unus</strong></span> <span class='ocrx_word' id='word_1_561' title='bbox 2726 1318 2848 1367; x_wconf 90' lang='lat' dir='ltr'><strong>erat</strong></span> <span class='ocrx_word' id='word_1_562' title='bbox 2877 1328 2945 1368; x_wconf 89' lang='lat' dir='ltr'><strong>ex</strong></span> <span class='ocrx_word' id='word_1_563' title='bbox 2996 1313 3514 1379; x_wconf 84' lang='lat' dir='ltr'><strong>recumbentibus;</strong></span> <span class='ocrx_word' id='word_1_564' title='bbox 3559 1315 3807 1381; x_wconf 84' lang='lat' dir='ltr'><strong>vivebat,</strong></span> <span class='ocrx_word' id='word_1_565' title='bbox 3840 1315 3928 1371; x_wconf 89' lang='lat' dir='ltr'><strong>lo-</strong></span> 
     </span>
    </p>
   </div>
   <div class='ocr_carea' id='block_1_73' title="bbox 2219 1401 3925 1473">
    <p class='ocr_par' dir='ltr' id='par_1_73' title="bbox 2219 1401 3925 1473">
     <span class='ocr_line' id='line_1_73' title="bbox 2219 1401 3925 1473; baseline 0.003 -17"><span class='ocrx_word' id='word_1_566' title='bbox 2219 1402 2527 1472; x_wconf 88' lang='lat' dir='ltr'><strong>quebatur,</strong></span> <span class='ocrx_word' id='word_1_567' title='bbox 2582 1401 2929 1473; x_wconf 85' lang='lat' dir='ltr'><strong>epulabatur</strong></span> <span class='ocrx_word' id='word_1_568' title='bbox 2959 1419 2971 1456; x_wconf 91' lang='lat'><strong>:</strong></span> <span class='ocrx_word' id='word_1_569' title='bbox 3013 1403 3220 1459; x_wconf 82' lang='lat' dir='ltr'><strong>veritas</strong></span> <span class='ocrx_word' id='word_1_570' title='bbox 3248 1405 3680 1470; x_wconf 89' lang='lat' dir='ltr'><strong>ostendebatur,</strong></span> <span class='ocrx_word' id='word_1_571' title='bbox 3712 1404 3925 1461; x_wconf 85' lang='lat' dir='ltr'><strong>intide-</strong></span> 
     </span>
    </p>
   </div>
   <div class='ocr_carea' id='block_1_74' title="bbox 2222 1489 3927 1566">
    <p class='ocr_par' dir='ltr' id='par_1_74' title="bbox 2222 1489 3927 1566">
     <span class='ocr_line' id='line_1_74' title="bbox 2222 1489 3927 1566; baseline 0.002 -20"><span class='ocrx_word' id='word_1_572' title='bbox 2222 1489 2357 1546; x_wconf 89' lang='lat' dir='ltr'><strong>litas</strong></span> <span class='ocrx_word' id='word_1_573' title='bbox 2404 1491 2733 1547; x_wconf 74' lang='lat' dir='ltr'><strong>Judaeorum</strong></span> <span class='ocrx_word' id='word_1_574' title='bbox 2787 1492 3276 1549; x_wconf 81' lang='lat' dir='ltr'><strong>confundebatur.</strong></span> <span class='ocrx_word' id='word_1_575' title='bbox 3327 1493 3743 1550; x_wconf 88' lang='lat' dir='ltr'><strong>Discumbebat</strong></span> <span class='ocrx_word' id='word_1_576' title='bbox 3789 1510 3927 1566; x_wconf 90' lang='lat' dir='ltr'><strong>ergo</strong></span> 
     </span>
    </p>
   </div>
   <div class='ocr_carea' id='block_1_75' title="bbox 2222 1579 3928 1642">
    <p class='ocr_par' dir='ltr' id='par_1_75' title="bbox 2222 1579 3928 1642">
     <span class='ocr_line' id='line_1_75' title="bbox 2222 1579 3928 1642; baseline 0.003 -9"><span class='ocrx_word' id='word_1_577' title='bbox 2222 1579 2499 1635; x_wconf 87' lang='lat' dir='ltr'><strong>Dominus</strong></span> <span class='ocrx_word' id='word_1_578' title='bbox 2530 1595 2663 1635; x_wconf 91' lang='lat' dir='ltr'><strong>cum</strong></span> <span class='ocrx_word' id='word_1_579' title='bbox 2702 1581 2905 1636; x_wconf 86' lang='lat' dir='ltr'><strong>Lazaro</strong></span> <span class='ocrx_word' id='word_1_580' title='bbox 2936 1585 2993 1636; x_wconf 87' lang='lat' dir='ltr'><strong>et</strong></span> <span class='ocrx_word' id='word_1_581' title='bbox 3020 1581 3260 1642; x_wconf 68' lang='lat' dir='ltr'><strong>caeteris.</strong></span> <span class='ocrx_word' id='word_1_582' title='bbox 3296 1581 3670 1638; x_wconf 87' lang='lat' dir='ltr'><strong>ministrabat</strong></span> <span class='ocrx_word' id='word_1_583' title='bbox 3701 1583 3928 1639; x_wconf 82' lang='lat' dir='ltr'><strong>Martha</strong></span> 
     </span>
    </p>
   </div>
   <div class='ocr_carea' id='block_1_76' title="bbox 2222 1668 3004 1725">
    <p class='ocr_par' dir='ltr' id='par_1_76' title="bbox 2222 1668 3004 1725">
     <span class='ocr_line' id='line_1_76' title="bbox 2222 1668 3004 1725; baseline 0.003 -2"><span class='ocrx_word' id='word_1_584' title='bbox 2222 1686 2338 1723; x_wconf 85' lang='lat' dir='ltr'><strong>una</strong></span> <span class='ocrx_word' id='word_1_585' title='bbox 2368 1684 2436 1724; x_wconf 82' lang='lat' dir='ltr'><strong>ex</strong></span> <span class='ocrx_word' id='word_1_586' title='bbox 2463 1668 2757 1725; x_wconf 87' lang='lat' dir='ltr'><strong>sororibus</strong></span> <span class='ocrx_word' id='word_1_587' title='bbox 2787 1670 3004 1725; x_wconf 81' lang='lat' dir='ltr'><strong>Lezari.</strong></span> 
     </span>
    </p>
   </div>
   <div class='ocr_carea' id='block_1_77' title="bbox 2289 1760 3926 1833">
    <p class='ocr_par' dir='ltr' id='par_1_77' title="bbox 2289 1760 3926 1833">
     <span class='ocr_line' id='line_1_77' title="bbox 2289 1760 3926 1833; baseline 0.002 -20"><span class='ocrx_word' id='word_1_588' title='bbox 2289 1760 2344 1813; x_wconf 88' lang='grc'><strong>6.</strong></span> <span class='ocrx_word' id='word_1_589' title='bbox 2380 1760 2559 1815; x_wconf 77' lang='lat' dir='ltr'><strong>Maria</strong></span> <span class='ocrx_word' id='word_1_590' title='bbox 2588 1774 2744 1827; x_wconf 91' lang='lat' dir='ltr'><strong>vero,</strong></span> <span class='ocrx_word' id='word_1_591' title='bbox 2798 1760 2981 1816; x_wconf 85' lang='lat' dir='ltr'><strong>altera</strong></span> <span class='ocrx_word' id='word_1_592' title='bbox 3030 1776 3194 1818; x_wconf 88' lang='lat' dir='ltr'><strong>soror</strong></span> <span class='ocrx_word' id='word_1_593' title='bbox 3224 1760 3440 1832; x_wconf 79' lang='lat' dir='ltr'><strong>Lazari,</strong></span> <span class='ocrx_word' id='word_1_594' title='bbox 3472 1760 3681 1833; x_wconf 82' lang='lat' dir='ltr'><strong>accepit</strong></span> <span class='ocrx_word' id='word_1_595' title='bbox 3714 1761 3926 1818; x_wconf 85' lang='lat' dir='ltr'><strong>libram</strong></span> 
     </span>
    </p>
   </div>
   <div class='ocr_carea' id='block_1_78' title="bbox 2221 1847 3926 1923">
    <p class='ocr_par' dir='ltr' id='par_1_78' title="bbox 2221 1847 3926 1923">
     <span class='ocr_line' id='line_1_78' title="bbox 2221 1847 3926 1923; baseline 0.003 -20"><span class='ocrx_word' id='word_1_596' title='bbox 2221 1847 2491 1920; x_wconf 81' lang='lat' dir='ltr'><strong>unguenti</strong></span> <span class='ocrx_word' id='word_1_597' title='bbox 2516 1847 2684 1905; x_wconf 87' lang='lat' dir='ltr'><strong>nardi</strong></span> <span class='ocrx_word' id='word_1_598' title='bbox 2710 1848 2898 1920; x_wconf 85' lang='lat' dir='ltr'><strong>pistici</strong></span> <span class='ocrx_word' id='word_1_599' title='bbox 2921 1850 3176 1921; x_wconf 82' lang='lat' dir='ltr'><strong>pretiosi,</strong></span> <span class='ocrx_word' id='word_1_600' title='bbox 3206 1853 3365 1907; x_wconf 71' lang='lat' dir='ltr'><strong>unxit</strong></span> <span class='ocrx_word' id='word_1_601' title='bbox 3397 1851 3556 1923; x_wconf 84' lang='lat' dir='ltr'><strong>pedes</strong></span> <span class='ocrx_word' id='word_1_602' title='bbox 3578 1852 3793 1918; x_wconf 83' lang='lat' dir='ltr'><strong>Jesu,et</strong></span> <span class='ocrx_word' id='word_1_603' title='bbox 3821 1868 3926 1908; x_wconf 73' lang='lat' dir='ltr'><strong>ex-</strong></span> 
     </span>
    </p>
   </div>
   <div class='ocr_carea' id='block_1_79' title="bbox 2220 1936 3926 2013">
    <p class='ocr_par' dir='ltr' id='par_1_79' title="bbox 2220 1936 3926 2013">
     <span class='ocr_line' id='line_1_79' title="bbox 2220 1936 3926 2013; baseline 0.004 -22"><span class='ocrx_word' id='word_1_604' title='bbox 2220 1939 2381 1994; x_wconf 81' lang='lat' dir='ltr'><strong>tersit</strong></span> <span class='ocrx_word' id='word_1_605' title='bbox 2410 1936 2632 2009; x_wconf 85' lang='lat' dir='ltr'><strong>capillis</strong></span> <span class='ocrx_word' id='word_1_606' title='bbox 2661 1942 2773 1995; x_wconf 83' lang='lat' dir='ltr'><strong>suis</strong></span> <span class='ocrx_word' id='word_1_607' title='bbox 2806 1939 2966 2011; x_wconf 82' lang='lat' dir='ltr'><strong>pedes</strong></span> <span class='ocrx_word' id='word_1_608' title='bbox 3012 1942 3157 2011; x_wconf 86' lang='lat' dir='ltr'><strong>ejus,</strong></span> <span class='ocrx_word' id='word_1_609' title='bbox 3185 1947 3235 1997; x_wconf 89' lang='lat' dir='ltr'><strong>et</strong></span> <span class='ocrx_word' id='word_1_610' title='bbox 3263 1940 3452 1998; x_wconf 87' lang='lat' dir='ltr'><strong>domus</strong></span> <span class='ocrx_word' id='word_1_611' title='bbox 3484 1942 3711 2013; x_wconf 83' lang='lat' dir='ltr'><strong>impleta</strong></span> <span class='ocrx_word' id='word_1_612' title='bbox 3740 1946 3819 1997; x_wconf 88' lang='lat' dir='ltr'><strong>est</strong></span> <span class='ocrx_word' id='word_1_613' title='bbox 3853 1957 3926 1997; x_wconf 75' lang='lat' dir='ltr'><strong>ex</strong></span> 
     </span>
    </p>
   </div>
   <div class='ocr_carea' id='block_1_80' title="bbox 2221 2027 3929 2104">
    <p class='ocr_par' dir='ltr' id='par_1_80' title="bbox 2221 2027 3929 2104">
     <span class='ocr_line' id='line_1_80' title="bbox 2221 2027 3929 2104; baseline 0.001 -21"><span class='ocrx_word' id='word_1_614' title='bbox 2221 2027 2380 2084; x_wconf 87' lang='lat' dir='ltr'><strong>odore</strong></span> <span class='ocrx_word' id='word_1_615' title='bbox 2410 2030 2698 2098; x_wconf 84' lang='lat' dir='ltr'><strong>unguenti.</strong></span> <span class='ocrx_word' id='word_1_616' title='bbox 2726 2030 2962 2086; x_wconf 86' lang='lat' dir='ltr'><strong>Factum</strong></span> <span class='ocrx_word' id='word_1_617' title='bbox 2997 2030 3350 2101; x_wconf 83' lang='lat' dir='ltr'><strong>audivimus,</strong></span> <span class='ocrx_word' id='word_1_618' title='bbox 3372 2032 3710 2104; x_wconf 87' lang='lat' dir='ltr'><strong>mysterium</strong></span> <span class='ocrx_word' id='word_1_619' title='bbox 3735 2032 3929 2103; x_wconf 81' lang='lat' dir='ltr'><strong>requi-</strong></span> 
     </span>
    </p>
   </div>
   <div class='ocr_carea' id='block_1_81' title="bbox 2222 2118 3929 2190">
    <p class='ocr_par' dir='ltr' id='par_1_81' title="bbox 2222 2118 3929 2190">
     <span class='ocr_line' id='line_1_81' title="bbox 2222 2118 3929 2190; baseline 0.002 -19"><span class='ocrx_word' id='word_1_620' title='bbox 2222 2132 2445 2173; x_wconf 88' lang='lat' dir='ltr'><strong>ramus.</strong></span> <span class='ocrx_word' id='word_1_621' title='bbox 2471 2120 2860 2190; x_wconf 67' lang='lat' dir='ltr'><strong>Quaecumque</strong></span> <span class='ocrx_word' id='word_1_622' title='bbox 2882 2118 3077 2174; x_wconf 89' lang='lat' dir='ltr'><strong>anima</strong></span> <span class='ocrx_word' id='word_1_623' title='bbox 3099 2119 3287 2176; x_wconf 84' lang='lat' dir='ltr'><strong>fidelis</strong></span> <span class='ocrx_word' id='word_1_624' title='bbox 3308 2121 3393 2176; x_wconf 89' lang='lat' dir='ltr'><strong>vis</strong></span> <span class='ocrx_word' id='word_1_625' title='bbox 3414 2136 3560 2189; x_wconf 89' lang='lat' dir='ltr'><strong>esse,</strong></span> <span class='ocrx_word' id='word_1_626' title='bbox 3584 2137 3715 2176; x_wconf 90' lang='lat' dir='ltr'><strong>cum</strong></span> <span class='ocrx_word' id='word_1_627' title='bbox 3739 2120 3929 2176; x_wconf 87' lang='lat' dir='ltr'><strong>Maria</strong></span> 
     </span>
    </p>
   </div>
   <div class='ocr_carea' id='block_1_82' title="bbox 2223 2206 3929 2281">
    <p class='ocr_par' dir='ltr' id='par_1_82' title="bbox 2223 2206 3929 2281">
     <span class='ocr_line' id='line_1_82' title="bbox 2223 2206 3929 2281; baseline 0.003 -22"><span class='ocrx_word' id='word_1_628' title='bbox 2223 2222 2376 2278; x_wconf 85' lang='lat' dir='ltr'><strong>unge</strong></span> <span class='ocrx_word' id='word_1_629' title='bbox 2420 2206 2595 2279; x_wconf 82' lang='lat' dir='ltr'><strong>pedes</strong></span> <span class='ocrx_word' id='word_1_630' title='bbox 2645 2207 2873 2262; x_wconf 89' lang='lat' dir='ltr'><strong>Domini</strong></span> <span class='ocrx_word' id='word_1_631' title='bbox 2927 2208 3176 2279; x_wconf 81' lang='lat' dir='ltr'><strong>pretioso</strong></span> <span class='ocrx_word' id='word_1_632' title='bbox 3208 2213 3521 2280; x_wconf 89' lang='lat' dir='ltr'><strong>unguento.</strong></span> <span class='ocrx_word' id='word_1_633' title='bbox 3555 2208 3929 2281; x_wconf 87' lang='lat' dir='ltr'><strong>Unguentum</strong></span> 
     </span>
    </p>
   </div>
   <div class='ocr_carea' id='block_1_83' title="bbox 2222 2295 3931 2371">
    <p class='ocr_par' dir='ltr' id='par_1_83' title="bbox 2222 2295 3931 2371">
     <span class='ocr_line' id='line_1_83' title="bbox 2222 2295 3931 2371; baseline 0.004 -22"><span class='ocrx_word' id='word_1_634' title='bbox 2222 2295 2364 2350; x_wconf 88' lang='lat' dir='ltr'><strong>illud</strong></span> <span class='ocrx_word' id='word_1_635' title='bbox 2390 2297 2617 2367; x_wconf 85' lang='lat' dir='ltr'><strong>justitia</strong></span> <span class='ocrx_word' id='word_1_636' title='bbox 2642 2298 2767 2365; x_wconf 81' lang='lat' dir='ltr'><strong>fuit,</strong></span> <span class='ocrx_word' id='word_1_637' title='bbox 2793 2298 2923 2354; x_wconf 88' lang='lat' dir='ltr'><strong>ideo</strong></span> <span class='ocrx_word' id='word_1_638' title='bbox 2952 2298 3101 2354; x_wconf 88' lang='lat' dir='ltr'><strong>libra</strong></span> <span class='ocrx_word' id='word_1_639' title='bbox 3124 2299 3269 2354; x_wconf 88' lang='lat' dir='ltr'><strong>fuit:</strong></span> <span class='ocrx_word' id='word_1_640' title='bbox 3296 2304 3421 2355; x_wconf 89' lang='lat' dir='ltr'><strong>erat</strong></span> <span class='ocrx_word' id='word_1_641' title='bbox 3447 2303 3639 2355; x_wconf 89' lang='lat' dir='ltr'><strong>autem</strong></span> <span class='ocrx_word' id='word_1_642' title='bbox 3664 2314 3931 2371; x_wconf 86' lang='lat' dir='ltr'><strong>unguen-</strong></span> 
     </span>
    </p>
   </div>
   <div class='ocr_carea' id='block_1_84' title="bbox 2226 2385 3928 2462">
    <p class='ocr_par' dir='ltr' id='par_1_84' title="bbox 2226 2385 3928 2462">
     <span class='ocr_line' id='line_1_84' title="bbox 2226 2385 3928 2462; baseline 0.002 -21"><span class='ocrx_word' id='word_1_643' title='bbox 2226 2390 2349 2441; x_wconf 92' lang='lat' dir='ltr'><strong>tum</strong></span> <span class='ocrx_word' id='word_1_644' title='bbox 2396 2385 2562 2441; x_wconf 87' lang='lat' dir='ltr'><strong>nardi</strong></span> <span class='ocrx_word' id='word_1_645' title='bbox 2618 2386 2810 2459; x_wconf 87' lang='lat' dir='ltr'><strong>pistici</strong></span> <span class='ocrx_word' id='word_1_646' title='bbox 2860 2388 3118 2459; x_wconf 88' lang='lat' dir='ltr'><strong>pretiosi.</strong></span> <span class='ocrx_word' id='word_1_647' title='bbox 3172 2390 3332 2455; x_wconf 86' lang='lat' dir='ltr'><strong>Quod</strong></span> <span class='ocrx_word' id='word_1_648' title='bbox 3365 2389 3699 2462; x_wconf 85' lang='lat' dir='ltr'><strong>ait,pistici,</strong></span> <span class='ocrx_word' id='word_1_649' title='bbox 3730 2389 3928 2444; x_wconf 89' lang='lat' dir='ltr'><strong>locum</strong></span> 
     </span>
    </p>
   </div>
   <div class='ocr_carea' id='block_1_85' title="bbox 2224 2474 3930 2548">
    <p class='ocr_par' dir='ltr' id='par_1_85' title="bbox 2224 2474 3930 2548">
     <span class='ocr_line' id='line_1_85' title="bbox 2224 2474 3930 2548; baseline 0.002 -19"><span class='ocrx_word' id='word_1_650' title='bbox 2224 2474 2479 2546; x_wconf 88' lang='lat' dir='ltr'><strong>aliquem</strong></span> <span class='ocrx_word' id='word_1_651' title='bbox 2511 2475 2745 2530; x_wconf 90' lang='lat' dir='ltr'><strong>credere</strong></span> <span class='ocrx_word' id='word_1_652' title='bbox 2775 2476 3077 2544; x_wconf 86' lang='lat' dir='ltr'><strong>debemus,</strong></span> <span class='ocrx_word' id='word_1_653' title='bbox 3111 2477 3261 2533; x_wconf 89' lang='lat' dir='ltr'><strong>unde</strong></span> <span class='ocrx_word' id='word_1_654' title='bbox 3293 2477 3400 2534; x_wconf 90' lang='lat' dir='ltr'><strong>hoc</strong></span> <span class='ocrx_word' id='word_1_655' title='bbox 3421 2481 3546 2534; x_wconf 89' lang='lat' dir='ltr'><strong>erat</strong></span> <span class='ocrx_word' id='word_1_656' title='bbox 3567 2482 3930 2548; x_wconf 86' lang='lat' dir='ltr'><strong>unguentum</strong></span> 
     </span>
    </p>
   </div>
   <div class='ocr_carea' id='block_1_86' title="bbox 2225 2566 3932 2637">
    <p class='ocr_par' dir='ltr' id='par_1_86' title="bbox 2225 2566 3932 2637">
     <span class='ocr_line' id='line_1_86' title="bbox 2225 2566 3932 2637; baseline 0.002 -18"><span class='ocrx_word' id='word_1_657' title='bbox 2225 2566 2595 2637; x_wconf 89' lang='lat' dir='ltr'><strong>pretiosum:</strong></span> <span class='ocrx_word' id='word_1_658' title='bbox 2647 2582 2752 2621; x_wconf 85' lang='lat' dir='ltr'><strong>nec</strong></span> <span class='ocrx_word' id='word_1_659' title='bbox 2810 2571 2997 2621; x_wconf 89' lang='lat' dir='ltr'><strong>tamen</strong></span> <span class='ocrx_word' id='word_1_660' title='bbox 3060 2567 3167 2623; x_wconf 89' lang='lat' dir='ltr'><strong>hoc</strong></span> <span class='ocrx_word' id='word_1_661' title='bbox 3228 2574 3411 2634; x_wconf 86' lang='lat' dir='ltr'><strong>vacat,</strong></span> <span class='ocrx_word' id='word_1_662' title='bbox 3452 2573 3508 2624; x_wconf 93' lang='lat' dir='ltr'><strong>et</strong></span> <span class='ocrx_word' id='word_1_663' title='bbox 3559 2572 3932 2624; x_wconf 87' lang='lat' dir='ltr'><strong>sacramento</strong></span> 
     </span>
    </p>
   </div>
   <div class='ocr_carea' id='block_1_87' title="bbox 2222 2655 3930 2729">
    <p class='ocr_par' dir='ltr' id='par_1_87' title="bbox 2222 2655 3930 2729">
     <span class='ocr_line' id='line_1_87' title="bbox 2222 2655 3930 2729; baseline 0.001 -17"><span class='ocrx_word' id='word_1_664' title='bbox 2222 2655 2441 2727; x_wconf 89' lang='lat' dir='ltr'><strong>optimc</strong></span> <span class='ocrx_word' id='word_1_665' title='bbox 2471 2658 2775 2713; x_wconf 86' lang='lat' dir='ltr'><strong>consonat.</strong></span> <span class='ocrx_word' id='word_1_666' title='bbox 2812 2655 2996 2716; x_wconf 80' lang='grc' dir='ltr'><strong>Πίστις</strong></span> <span class='ocrx_word' id='word_1_667' title='bbox 3026 2673 3228 2729; x_wconf 67' lang='lat' dir='ltr'><strong>graec,</strong></span> <span class='ocrx_word' id='word_1_668' title='bbox 3259 2658 3400 2715; x_wconf 83' lang='lat' dir='ltr'><strong>fides</strong></span> <span class='ocrx_word' id='word_1_669' title='bbox 3429 2657 3662 2714; x_wconf 90' lang='lat' dir='ltr'><strong>dicitur.</strong></span> <span class='ocrx_word' id='word_1_670' title='bbox 3696 2660 3930 2724; x_wconf 67' lang='lat' dir='ltr'><strong>Quare-</strong></span> 
     </span>
    </p>
   </div>
   <div class='ocr_carea' id='block_1_88' title="bbox 2224 2744 3928 2820">
    <p class='ocr_par' dir='ltr' id='par_1_88' title="bbox 2224 2744 3928 2820">
     <span class='ocr_line' id='line_1_88' title="bbox 2224 2744 3928 2820; baseline 0.002 -20"><span class='ocrx_word' id='word_1_671' title='bbox 2224 2745 2327 2800; x_wconf 88' lang='lat' dir='ltr'><strong>bas</strong></span> <span class='ocrx_word' id='word_1_672' title='bbox 2349 2744 2571 2816; x_wconf 90' lang='lat' dir='ltr'><strong>operari</strong></span> <span class='ocrx_word' id='word_1_673' title='bbox 2587 2744 2881 2817; x_wconf 89' lang='lat' dir='ltr'><strong>justitiam</strong></span> <span class='ocrx_word' id='word_1_674' title='bbox 2912 2762 2925 2801; x_wconf 90' lang='lat'><strong>:</strong></span> <span class='ocrx_word' id='word_1_675' title='bbox 2949 2748 3145 2816; x_wconf 88' lang='lat' dir='ltr'><strong>justus</strong></span> <span class='ocrx_word' id='word_1_676' title='bbox 3166 2763 3233 2803; x_wconf 87' lang='lat' dir='ltr'><strong>ex</strong></span> <span class='ocrx_word' id='word_1_677' title='bbox 3256 2747 3369 2803; x_wconf 86' lang='lat' dir='ltr'><strong>fide</strong></span> <span class='ocrx_word' id='word_1_678' title='bbox 3390 2746 3522 2802; x_wconf 88' lang='lat' dir='ltr'><strong>vivit</strong></span> <span class='ocrx_word' id='word_1_679' title='bbox 3544 2748 3723 2818; x_wconf 82' lang='lat' dir='ltr'><strong>(Rom.</strong></span> <span class='ocrx_word' id='word_1_680' title='bbox 3752 2748 3928 2820; x_wconf 70' lang='lat'><strong>1,17).</strong></span> 
     </span>
    </p>
   </div>
   <div class='ocr_carea' id='block_1_89' title="bbox 2223 2831 3932 2904">
    <p class='ocr_par' dir='ltr' id='par_1_89' title="bbox 2223 2831 3932 2904">
     <span class='ocr_line' id='line_1_89' title="bbox 2223 2831 3932 2904; baseline 0.004 -17"><span class='ocrx_word' id='word_1_681' title='bbox 2223 2831 2384 2904; x_wconf 89' lang='lat' dir='ltr'><strong>Unge</strong></span> <span class='ocrx_word' id='word_1_682' title='bbox 2444 2832 2618 2902; x_wconf 90' lang='lat' dir='ltr'><strong>pedes</strong></span> <span class='ocrx_word' id='word_1_683' title='bbox 2672 2836 2812 2889; x_wconf 84' lang='lat' dir='ltr'><strong>Jesu</strong></span> <span class='ocrx_word' id='word_1_684' title='bbox 2848 2850 2859 2888; x_wconf 93' lang='lat'><strong>:</strong></span> <span class='ocrx_word' id='word_1_685' title='bbox 2894 2834 3037 2890; x_wconf 93' lang='lat' dir='ltr'><strong>bene</strong></span> <span class='ocrx_word' id='word_1_686' title='bbox 3067 2834 3313 2891; x_wconf 77' lang='lat' dir='ltr'><strong>vivendo</strong></span> <span class='ocrx_word' id='word_1_687' title='bbox 3370 2835 3663 2891; x_wconf 90' lang='lat' dir='ltr'><strong>dominica</strong></span> <span class='ocrx_word' id='word_1_688' title='bbox 3705 2840 3932 2893; x_wconf 88' lang='lat' dir='ltr'><strong>sectare</strong></span> 
     </span>
    </p>
   </div>
   <div class='ocr_carea' id='block_1_90' title="bbox 2221 2921 3931 3000">
    <p class='ocr_par' dir='ltr' id='par_1_90' title="bbox 2221 2921 3931 3000">
     <span class='ocr_line' id='line_1_90' title="bbox 2221 2921 3931 3000; baseline 0.006 -25"><span class='ocrx_word' id='word_1_689' title='bbox 2221 2921 2479 2995; x_wconf 84' lang='lat' dir='ltr'><strong>vestigia.</strong></span> <span class='ocrx_word' id='word_1_690' title='bbox 2510 2922 2751 2994; x_wconf 89' lang='lat' dir='ltr'><strong>Capillis</strong></span> <span class='ocrx_word' id='word_1_691' title='bbox 2784 2929 2946 2997; x_wconf 89' lang='lat' dir='ltr'><strong>terge</strong></span> <span class='ocrx_word' id='word_1_692' title='bbox 2978 2941 2991 2980; x_wconf 88' lang='lat'><strong>:</strong></span> <span class='ocrx_word' id='word_1_693' title='bbox 3029 2926 3076 2980; x_wconf 91' lang='lat' dir='ltr'><strong>ei</strong></span> <span class='ocrx_word' id='word_1_694' title='bbox 3111 2925 3292 2982; x_wconf 90' lang='lat' dir='ltr'><strong>habes</strong></span> <span class='ocrx_word' id='word_1_695' title='bbox 3324 2927 3643 2998; x_wconf 76' lang='lat' dir='ltr'><strong>superflua,</strong></span> <span class='ocrx_word' id='word_1_696' title='bbox 3677 2928 3747 2983; x_wconf 89' lang='lat' dir='ltr'><strong>da</strong></span> <span class='ocrx_word' id='word_1_697' title='bbox 3776 2945 3931 3000; x_wconf 88' lang='lat' dir='ltr'><strong>pau-</strong></span> 
     </span>
    </p>
   </div>
   <div class='ocr_carea' id='block_1_91' title="bbox 2224 3009 3933 3087">
    <p class='ocr_par' dir='ltr' id='par_1_91' title="bbox 2224 3009 3933 3087">
     <span class='ocr_line' id='line_1_91' title="bbox 2224 3009 3933 3087; baseline 0.005 -22"><span class='ocrx_word' id='word_1_698' title='bbox 2224 3009 2480 3081; x_wconf 89' lang='lat' dir='ltr'><strong>peribus,</strong></span> <span class='ocrx_word' id='word_1_699' title='bbox 2503 3014 2561 3065; x_wconf 91' lang='lat' dir='ltr'><strong>et</strong></span> <span class='ocrx_word' id='word_1_700' title='bbox 2594 3012 2819 3068; x_wconf 88' lang='lat' dir='ltr'><strong>Domini</strong></span> <span class='ocrx_word' id='word_1_701' title='bbox 2842 3014 3016 3084; x_wconf 89' lang='lat' dir='ltr'><strong>pedes</strong></span> <span class='ocrx_word' id='word_1_702' title='bbox 3051 3014 3267 3070; x_wconf 88' lang='lat' dir='ltr'><strong>tersisti</strong></span> <span class='ocrx_word' id='word_1_703' title='bbox 3292 3034 3306 3082; x_wconf 84' lang='lat'><strong>;</strong></span> <span class='ocrx_word' id='word_1_704' title='bbox 3332 3015 3524 3087; x_wconf 86' lang='lat' dir='ltr'><strong>capilli</strong></span> <span class='ocrx_word' id='word_1_705' title='bbox 3556 3014 3711 3073; x_wconf 89' lang='lat' dir='ltr'><strong>enim</strong></span> <span class='ocrx_word' id='word_1_706' title='bbox 3731 3033 3933 3087; x_wconf 85' lang='lat' dir='ltr'><strong>super-</strong></span> 
     </span>
    </p>
   </div>
   <div class='ocr_carea' id='block_1_92' title="bbox 2224 3099 3932 3180">
    <p class='ocr_par' dir='ltr' id='par_1_92' title="bbox 2224 3099 3932 3180">
     <span class='ocr_line' id='line_1_92' title="bbox 2224 3099 3932 3180; baseline 0.006 -26"><span class='ocrx_word' id='word_1_707' title='bbox 2224 3099 2339 3155; x_wconf 83' lang='lat' dir='ltr'><strong>flua</strong></span> <span class='ocrx_word' id='word_1_708' title='bbox 2361 3101 2618 3171; x_wconf 88' lang='lat' dir='ltr'><strong>corporis</strong></span> <span class='ocrx_word' id='word_1_709' title='bbox 2638 3102 2925 3158; x_wconf 87' lang='lat' dir='ltr'><strong>videntur.</strong></span> <span class='ocrx_word' id='word_1_710' title='bbox 2958 3102 3148 3161; x_wconf 87' lang='lat' dir='ltr'><strong>Habes</strong></span> <span class='ocrx_word' id='word_1_711' title='bbox 3186 3106 3340 3178; x_wconf 80' lang='lat' dir='ltr'><strong>quod</strong></span> <span class='ocrx_word' id='word_1_712' title='bbox 3365 3121 3503 3179; x_wconf 80' lang='lat' dir='ltr'><strong>agas</strong></span> <span class='ocrx_word' id='word_1_713' title='bbox 3520 3107 3590 3162; x_wconf 91' lang='lat' dir='ltr'><strong>de</strong></span> <span class='ocrx_word' id='word_1_714' title='bbox 3614 3108 3932 3180; x_wconf 83' lang='lat' dir='ltr'><strong>superﬂuis</strong></span> 
     </span>
    </p>
   </div>
   <div class='ocr_carea' id='block_1_93' title="bbox 2223 3190 3931 3269">
    <p class='ocr_par' dir='ltr' id='par_1_93' title="bbox 2223 3190 3931 3269">
     <span class='ocr_line' id='line_1_93' title="bbox 2223 3190 3931 3269; baseline 0.005 -22"><span class='ocrx_word' id='word_1_715' title='bbox 2223 3190 2379 3247; x_wconf 89' lang='lat' dir='ltr'><strong>tuis:</strong></span> <span class='ocrx_word' id='word_1_716' title='bbox 2413 3192 2517 3249; x_wconf 91' lang='lat' dir='ltr'><strong>tibi</strong></span> <span class='ocrx_word' id='word_1_717' title='bbox 2557 3194 2856 3264; x_wconf 79' lang='lat' dir='ltr'><strong>superflua</strong></span> <span class='ocrx_word' id='word_1_718' title='bbox 2885 3195 3157 3260; x_wconf 89' lang='lat' dir='ltr'><strong>sunt,eed</strong></span> <span class='ocrx_word' id='word_1_719' title='bbox 3192 3195 3422 3252; x_wconf 85' lang='lat' dir='ltr'><strong>Domini</strong></span> <span class='ocrx_word' id='word_1_720' title='bbox 3448 3198 3695 3269; x_wconf 87' lang='lat' dir='ltr'><strong>pedibus</strong></span> <span class='ocrx_word' id='word_1_721' title='bbox 3726 3214 3931 3255; x_wconf 85' lang='lat' dir='ltr'><strong>neces-</strong></span> 
     </span>
    </p>
   </div>
   <div class='ocr_carea' id='block_1_94' title="bbox 2224 3280 3933 3359">
    <p class='ocr_par' dir='ltr' id='par_1_94' title="bbox 2224 3280 3933 3359">
     <span class='ocr_line' id='line_1_94' title="bbox 2224 3280 3933 3359; baseline 0.005 -23"><span class='ocrx_word' id='word_1_722' title='bbox 2224 3280 2401 3336; x_wconf 89' lang='lat' dir='ltr'><strong>saria.</strong></span> <span class='ocrx_word' id='word_1_723' title='bbox 2427 3281 2593 3338; x_wconf 86' lang='lat' dir='ltr'><strong>Forte</strong></span> <span class='ocrx_word' id='word_1_724' title='bbox 2618 3282 2678 3337; x_wconf 89' lang='lat' dir='ltr'><strong>in</strong></span> <span class='ocrx_word' id='word_1_725' title='bbox 2702 3287 2857 3339; x_wconf 90' lang='lat' dir='ltr'><strong>terra</strong></span> <span class='ocrx_word' id='word_1_726' title='bbox 2873 3283 3104 3340; x_wconf 89' lang='lat' dir='ltr'><strong>Domini</strong></span> <span class='ocrx_word' id='word_1_727' title='bbox 3130 3285 3308 3356; x_wconf 88' lang='lat' dir='ltr'><strong>pedes</strong></span> <span class='ocrx_word' id='word_1_728' title='bbox 3328 3286 3611 3359; x_wconf 89' lang='lat' dir='ltr'><strong>indigent.</strong></span> <span class='ocrx_word' id='word_1_729' title='bbox 3630 3287 3708 3343; x_wconf 88' lang='lat' dir='ltr'><strong>De</strong></span> <span class='ocrx_word' id='word_1_730' title='bbox 3720 3289 3933 3359; x_wconf 78' lang='lat' dir='ltr'><strong>quibus</strong></span> 
     </span>
    </p>
   </div>
   <div class='ocr_carea' id='block_1_95' title="bbox 2225 3371 3934 3445">
    <p class='ocr_par' dir='ltr' id='par_1_95' title="bbox 2225 3371 3934 3445">
     <span class='ocr_line' id='line_1_95' title="bbox 2225 3371 3934 3445; baseline 0.004 -19"><span class='ocrx_word' id='word_1_731' title='bbox 2225 3371 2379 3427; x_wconf 90' lang='lat' dir='ltr'><strong>enim</strong></span> <span class='ocrx_word' id='word_1_732' title='bbox 2415 3372 2527 3427; x_wconf 87' lang='lat' dir='ltr'><strong>nisi</strong></span> <span class='ocrx_word' id='word_1_733' title='bbox 2561 3374 2630 3428; x_wconf 91' lang='lat' dir='ltr'><strong>de</strong></span> <span class='ocrx_word' id='word_1_734' title='bbox 2662 3373 2939 3431; x_wconf 87' lang='lat' dir='ltr'><strong>membris</strong></span> <span class='ocrx_word' id='word_1_735' title='bbox 2988 3373 3106 3430; x_wconf 88' lang='lat' dir='ltr'><strong>suis</strong></span> <span class='ocrx_word' id='word_1_736' title='bbox 3137 3374 3195 3430; x_wconf 92' lang='lat' dir='ltr'><strong>in</strong></span> <span class='ocrx_word' id='word_1_737' title='bbox 3231 3376 3343 3432; x_wconf 80' lang='lat' dir='ltr'><strong>ﬁne</strong></span> <span class='ocrx_word' id='word_1_738' title='bbox 3373 3376 3634 3433; x_wconf 88' lang='lat' dir='ltr'><strong>dicturus</strong></span> <span class='ocrx_word' id='word_1_739' title='bbox 3654 3382 3765 3445; x_wconf 89' lang='lat' dir='ltr'><strong>est,</strong></span> <span class='ocrx_word' id='word_1_740' title='bbox 3795 3379 3934 3433; x_wconf 85' lang='lat' dir='ltr'><strong>Cum</strong></span> 
     </span>
    </p>
   </div>
   <div class='ocr_carea' id='block_1_96' title="bbox 2226 3464 3933 3538">
    <p class='ocr_par' dir='ltr' id='par_1_96' title="bbox 2226 3464 3933 3538">
     <span class='ocr_line' id='line_1_96' title="bbox 2226 3464 3933 3538; baseline 0.004 -23"><span class='ocrx_word' id='word_1_741' title='bbox 2226 3464 2327 3516; x_wconf 83' lang='lat' dir='ltr'><strong>uni</strong></span> <span class='ocrx_word' id='word_1_742' title='bbox 2357 3478 2426 3517; x_wconf 75' lang='lat' dir='ltr'><strong>ea:</strong></span> <span class='ocrx_word' id='word_1_743' title='bbox 2460 3464 2708 3519; x_wconf 86' lang='lat' dir='ltr'><strong>minimis</strong></span> <span class='ocrx_word' id='word_1_744' title='bbox 2739 3467 2871 3520; x_wconf 86' lang='lat' dir='ltr'><strong>meis</strong></span> <span class='ocrx_word' id='word_1_745' title='bbox 2900 3466 3126 3535; x_wconf 79' lang='lat' dir='ltr'><strong>fecistis,</strong></span> <span class='ocrx_word' id='word_1_746' title='bbox 3158 3466 3300 3521; x_wconf 86' lang='lat' dir='ltr'><strong>mihi</strong></span> <span class='ocrx_word' id='word_1_747' title='bbox 3325 3467 3767 3538; x_wconf 65' lang='lat' dir='ltr'><strong>fecistisﬂtatth.</strong></span> <span class='ocrx_word' id='word_1_748' title='bbox 3796 3484 3933 3529; x_wconf 81' lang='lat' dir='ltr'><strong>xxv.</strong></span> 
     </span>
    </p>
   </div>
   <div class='ocr_carea' id='block_1_97' title="bbox 2228 3551 3935 3629">
    <p class='ocr_par' dir='ltr' id='par_1_97' title="bbox 2228 3551 3935 3629">
     <span class='ocr_line' id='line_1_97' title="bbox 2228 3551 3935 3629; baseline 0.005 -23"><span class='ocrx_word' id='word_1_749' title='bbox 2228 3551 2319 3622; x_wconf 67' lang='grc'><strong>40)</strong></span> <span class='ocrx_word' id='word_1_750' title='bbox 2347 3551 2374 3606; x_wconf 85' lang='lat'><strong>?</strong></span> <span class='ocrx_word' id='word_1_751' title='bbox 2404 3551 2711 3624; x_wconf 88' lang='lat' dir='ltr'><strong>Supertlua</strong></span> <span class='ocrx_word' id='word_1_752' title='bbox 2741 3558 2933 3611; x_wconf 82' lang='lat' dir='ltr'><strong>vestra</strong></span> <span class='ocrx_word' id='word_1_753' title='bbox 2955 3554 3346 3626; x_wconf 86' lang='lat' dir='ltr'><strong>impendistis,</strong></span> <span class='ocrx_word' id='word_1_754' title='bbox 3369 3556 3470 3613; x_wconf 87' lang='lat' dir='ltr'><strong>sed</strong></span> <span class='ocrx_word' id='word_1_755' title='bbox 3508 3558 3754 3629; x_wconf 89' lang='lat' dir='ltr'><strong>pedibus</strong></span> <span class='ocrx_word' id='word_1_756' title='bbox 3785 3558 3935 3616; x_wconf 83' lang='lat' dir='ltr'><strong>meis</strong></span> 
     </span>
    </p>
   </div>
   <div class='ocr_carea' id='block_1_98' title="bbox 2229 3639 2678 3697">
    <p class='ocr_par' dir='ltr' id='par_1_98' title="bbox 2229 3639 2678 3697">
     <span class='ocr_line' id='line_1_98' title="bbox 2229 3639 2678 3697; baseline 0.002 -1"><span class='ocrx_word' id='word_1_757' title='bbox 2229 3639 2488 3696; x_wconf 86' lang='lat' dir='ltr'><strong>obsecuti</strong></span> <span class='ocrx_word' id='word_1_758' title='bbox 2520 3641 2678 3697; x_wconf 90' lang='lat' dir='ltr'><strong>estis.</strong></span> 
     </span>
    </p>
   </div>
   <div class='ocr_carea' id='block_1_99' title="bbox 2295 3730 3935 3807">
    <p class='ocr_par' dir='ltr' id='par_1_99' title="bbox 2295 3730 3935 3807">
     <span class='ocr_line' id='line_1_99' title="bbox 2295 3730 3935 3807; baseline 0.008 -27"><span class='ocrx_word' id='word_1_759' title='bbox 2295 3730 2348 3781; x_wconf 89' lang='lat'><strong>7.</strong></span> <span class='ocrx_word' id='word_1_760' title='bbox 2368 3731 2567 3786; x_wconf 90' lang='lat' dir='ltr'><strong>Domus</strong></span> <span class='ocrx_word' id='word_1_761' title='bbox 2594 3736 2789 3788; x_wconf 89' lang='lat' dir='ltr'><strong>autem</strong></span> <span class='ocrx_word' id='word_1_762' title='bbox 2814 3732 3037 3801; x_wconf 83' lang='lat' dir='ltr'><strong>impleta</strong></span> <span class='ocrx_word' id='word_1_763' title='bbox 3058 3740 3140 3788; x_wconf 86' lang='lat' dir='ltr'><strong>est</strong></span> <span class='ocrx_word' id='word_1_764' title='bbox 3159 3733 3353 3799; x_wconf 86' lang='lat' dir='ltr'><strong>odore;</strong></span> <span class='ocrx_word' id='word_1_765' title='bbox 3378 3735 3632 3791; x_wconf 88' lang='lat' dir='ltr'><strong>mundus</strong></span> <span class='ocrx_word' id='word_1_766' title='bbox 3656 3735 3935 3807; x_wconf 87' lang='lat' dir='ltr'><strong>impletus</strong></span> 
     </span>
    </p>
   </div>
   <div class='ocr_carea' id='block_1_100' title="bbox 2224 3820 3932 3889">
    <p class='ocr_par' dir='ltr' id='par_1_100' title="bbox 2224 3820 3932 3889">
     <span class='ocr_line' id='line_1_100' title="bbox 2224 3820 3932 3889; baseline 0.004 -15"><span class='ocrx_word' id='word_1_767' title='bbox 2224 3824 2313 3877; x_wconf 84' lang='lat' dir='ltr'><strong>est</strong></span> <span class='ocrx_word' id='word_1_768' title='bbox 2345 3821 2497 3875; x_wconf 80' lang='lat' dir='ltr'><strong>fama</strong></span> <span class='ocrx_word' id='word_1_769' title='bbox 2530 3820 2706 3876; x_wconf 91' lang='lat' dir='ltr'><strong>bona:</strong></span> <span class='ocrx_word' id='word_1_770' title='bbox 2742 3838 2873 3876; x_wconf 91' lang='lat' dir='ltr'><strong>nam</strong></span> <span class='ocrx_word' id='word_1_771' title='bbox 2906 3822 3049 3878; x_wconf 89' lang='lat' dir='ltr'><strong>odor</strong></span> <span class='ocrx_word' id='word_1_772' title='bbox 3079 3822 3292 3889; x_wconf 88' lang='lat' dir='ltr'><strong>bonus,</strong></span> <span class='ocrx_word' id='word_1_773' title='bbox 3326 3824 3475 3878; x_wconf 81' lang='lat' dir='ltr'><strong>fama</strong></span> <span class='ocrx_word' id='word_1_774' title='bbox 3497 3824 3649 3879; x_wconf 89' lang='lat' dir='ltr'><strong>bona</strong></span> <span class='ocrx_word' id='word_1_775' title='bbox 3691 3830 3796 3879; x_wconf 89' lang='lat' dir='ltr'><strong>est.</strong></span> <span class='ocrx_word' id='word_1_776' title='bbox 3818 3826 3932 3888; x_wconf 89' lang='lat' dir='ltr'><strong>Qui</strong></span> 
     </span>
    </p>
   </div>
   <div class='ocr_carea' id='block_1_101' title="bbox 2223 3911 3932 3986">
    <p class='ocr_par' dir='ltr' id='par_1_101' title="bbox 2223 3911 3932 3986">
     <span class='ocr_line' id='line_1_101' title="bbox 2223 3911 3932 3986; baseline 0.003 -21"><span class='ocrx_word' id='word_1_777' title='bbox 2223 3911 2372 3967; x_wconf 83' lang='lat' dir='ltr'><strong>male</strong></span> <span class='ocrx_word' id='word_1_778' title='bbox 2402 3912 2590 3967; x_wconf 89' lang='lat' dir='ltr'><strong>vivunt</strong></span> <span class='ocrx_word' id='word_1_779' title='bbox 2620 3916 2677 3968; x_wconf 88' lang='lat' dir='ltr'><strong>et</strong></span> <span class='ocrx_word' id='word_1_780' title='bbox 2704 3912 3016 3969; x_wconf 87' lang='lat' dir='ltr'><strong>Christiani</strong></span> <span class='ocrx_word' id='word_1_781' title='bbox 3050 3924 3349 3985; x_wconf 73' lang='lat' dir='ltr'><strong>vocantur,</strong></span> <span class='ocrx_word' id='word_1_782' title='bbox 3387 3916 3665 3986; x_wconf 85' lang='lat' dir='ltr'><strong>injuriam</strong></span> <span class='ocrx_word' id='word_1_783' title='bbox 3698 3915 3932 3970; x_wconf 80' lang='lat' dir='ltr'><strong>Christo</strong></span> 
     </span>
    </p>
   </div>
   <div class='ocr_carea' id='block_1_102' title="bbox 2220 4000 3925 4077">
    <p class='ocr_par' dir='ltr' id='par_1_102' title="bbox 2220 4000 3925 4077">
     <span class='ocr_line' id='line_1_102' title="bbox 2220 4000 3925 4077; baseline 0.001 -20"><span class='ocrx_word' id='word_1_784' title='bbox 2220 4000 2441 4057; x_wconf 75' lang='lat' dir='ltr'><strong>faciunt</strong></span> <span class='ocrx_word' id='word_1_785' title='bbox 2474 4017 2488 4057; x_wconf 88' lang='lat'><strong>:</strong></span> <span class='ocrx_word' id='word_1_786' title='bbox 2522 4003 2591 4056; x_wconf 85' lang='lat' dir='ltr'><strong>de</strong></span> <span class='ocrx_word' id='word_1_787' title='bbox 2623 4001 2900 4074; x_wconf 89' lang='lat' dir='ltr'><strong>qualibus</strong></span> <span class='ocrx_word' id='word_1_788' title='bbox 2925 4003 3146 4060; x_wconf 90' lang='lat' dir='ltr'><strong>dictum</strong></span> <span class='ocrx_word' id='word_1_789' title='bbox 3169 4009 3254 4060; x_wconf 89' lang='lat' dir='ltr'><strong>est</strong></span> <span class='ocrx_word' id='word_1_790' title='bbox 3284 4006 3435 4077; x_wconf 89' lang='lat' dir='ltr'><strong>quod</strong></span> <span class='ocrx_word' id='word_1_791' title='bbox 3473 4021 3573 4077; x_wconf 90' lang='lat' dir='ltr'><strong>per</strong></span> <span class='ocrx_word' id='word_1_792' title='bbox 3592 4021 3691 4059; x_wconf 90' lang='lat' dir='ltr'><strong>eos</strong></span> <span class='ocrx_word' id='word_1_793' title='bbox 3722 4020 3925 4060; x_wconf 83' lang='lat' dir='ltr'><strong>nomen</strong></span> 
     </span>
    </p>
   </div>
   <div class='ocr_carea' id='block_1_103' title="bbox 2218 4090 3923 4167">
    <p class='ocr_par' dir='ltr' id='par_1_103' title="bbox 2218 4090 3923 4167">
     <span class='ocr_line' id='line_1_103' title="bbox 2218 4090 3923 4167; baseline 0.002 -21"><span class='ocrx_word' id='word_1_794' title='bbox 2218 4090 2438 4149; x_wconf 84' lang='lat' dir='ltr'><strong>Domini</strong></span> <span class='ocrx_word' id='word_1_795' title='bbox 2477 4092 2886 4163; x_wconf 83' lang='lat' dir='ltr'><strong>blasphematur</strong></span> <span class='ocrx_word' id='word_1_796' title='bbox 2932 4094 3107 4167; x_wconf 84' lang='lat' dir='ltr'><strong>(Rom.</strong></span> <span class='ocrx_word' id='word_1_797' title='bbox 3160 4112 3226 4162; x_wconf 83' lang='grc' dir='ltr'><strong>ιι,</strong></span> <span class='ocrx_word' id='word_1_798' title='bbox 3256 4096 3367 4163; x_wconf 71' lang='grc'><strong>24).</strong></span> <span class='ocrx_word' id='word_1_799' title='bbox 3409 4095 3469 4150; x_wconf 88' lang='lat' dir='ltr'><strong>Si</strong></span> <span class='ocrx_word' id='word_1_800' title='bbox 3502 4112 3601 4166; x_wconf 87' lang='lat' dir='ltr'><strong>per</strong></span> <span class='ocrx_word' id='word_1_801' title='bbox 3640 4094 3783 4150; x_wconf 88' lang='lat' dir='ltr'><strong>tales</strong></span> <span class='ocrx_word' id='word_1_802' title='bbox 3814 4113 3923 4150; x_wconf 82' lang='lat' dir='ltr'><strong>no-</strong></span> 
     </span>
    </p>
   </div>
   <div class='ocr_carea' id='block_1_104' title="bbox 2216 4182 3920 4254">
    <p class='ocr_par' dir='ltr' id='par_1_104' title="bbox 2216 4182 3920 4254">
     <span class='ocr_line' id='line_1_104' title="bbox 2216 4182 3920 4254; baseline 0.001 -17"><span class='ocrx_word' id='word_1_803' title='bbox 2216 4198 2350 4237; x_wconf 89' lang='lat' dir='ltr'><strong>men</strong></span> <span class='ocrx_word' id='word_1_804' title='bbox 2397 4182 2492 4238; x_wconf 90' lang='lat' dir='ltr'><strong>Dei</strong></span> <span class='ocrx_word' id='word_1_805' title='bbox 2544 4182 3004 4254; x_wconf 88' lang='lat' dir='ltr'><strong>hlasphematur,</strong></span> <span class='ocrx_word' id='word_1_806' title='bbox 3040 4201 3139 4254; x_wconf 86' lang='lat' dir='ltr'><strong>per</strong></span> <span class='ocrx_word' id='word_1_807' title='bbox 3186 4186 3368 4241; x_wconf 89' lang='lat' dir='ltr'><strong>bonos</strong></span> <span class='ocrx_word' id='word_1_808' title='bbox 3424 4200 3633 4242; x_wconf 88' lang='lat' dir='ltr'><strong>nomen</strong></span> <span class='ocrx_word' id='word_1_809' title='bbox 3686 4185 3920 4241; x_wconf 88' lang='lat' dir='ltr'><strong>Domini</strong></span> 
     </span>
    </p>
   </div>
   <div class='ocr_carea' id='block_1_105' title="bbox 2215 4270 3919 4344">
    <p class='ocr_par' dir='ltr' id='par_1_105' title="bbox 2215 4270 3919 4344">
     <span class='ocr_line' id='line_1_105' title="bbox 2215 4270 3919 4344; baseline 0.002 -17"><span class='ocrx_word' id='word_1_810' title='bbox 2215 4270 2508 4329; x_wconf 85' lang='lat' dir='ltr'><strong>laudatur.</strong></span> <span class='ocrx_word' id='word_1_811' title='bbox 2537 4274 2687 4329; x_wconf 82' lang='lat' dir='ltr'><strong>Audi</strong></span> <span class='ocrx_word' id='word_1_812' title='bbox 2715 4275 3046 4344; x_wconf 83' lang='lat' dir='ltr'><strong>Apostolum</strong></span> <span class='ocrx_word' id='word_1_813' title='bbox 3072 4291 3086 4331; x_wconf 87' lang='lat'><strong>:</strong></span> <span class='ocrx_word' id='word_1_814' title='bbox 3115 4274 3323 4331; x_wconf 87' lang='lat' dir='ltr'><strong>Christi</strong></span> <span class='ocrx_word' id='word_1_815' title='bbox 3351 4277 3521 4332; x_wconf 87' lang='lat' dir='ltr'><strong>bonus</strong></span> <span class='ocrx_word' id='word_1_816' title='bbox 3549 4275 3685 4331; x_wconf 88' lang='lat' dir='ltr'><strong>odor</strong></span> <span class='ocrx_word' id='word_1_817' title='bbox 3702 4292 3919 4344; x_wconf 86' lang='lat' dir='ltr'><strong>sumus,</strong></span> 
     </span>
    </p>
   </div>
   <div class='ocr_carea' id='block_1_106' title="bbox 2214 4360 3917 4433">
    <p class='ocr_par' dir='ltr' id='par_1_106' title="bbox 2214 4360 3917 4433">
     <span class='ocr_line' id='line_1_106' title="bbox 2214 4360 3917 4433; baseline 0.002 -17"><span class='ocrx_word' id='word_1_818' title='bbox 2214 4360 2498 4433; x_wconf 88' lang='lat' dir='ltr'><strong>inquit,in</strong></span> <span class='ocrx_word' id='word_1_819' title='bbox 2525 4365 2676 4418; x_wconf 87' lang='lat' dir='ltr'><strong>omni</strong></span> <span class='ocrx_word' id='word_1_820' title='bbox 2696 4363 2828 4419; x_wconf 88' lang='lat' dir='ltr'><strong>loco.</strong></span> <span class='ocrx_word' id='word_1_821' title='bbox 2849 4363 3073 4419; x_wconf 88' lang='lat' dir='ltr'><strong>Dicitur</strong></span> <span class='ocrx_word' id='word_1_822' title='bbox 3092 4370 3150 4419; x_wconf 90' lang='lat' dir='ltr'><strong>et</strong></span> <span class='ocrx_word' id='word_1_823' title='bbox 3172 4364 3226 4419; x_wconf 90' lang='lat' dir='ltr'><strong>in</strong></span> <span class='ocrx_word' id='word_1_824' title='bbox 3250 4365 3503 4420; x_wconf 88' lang='lat' dir='ltr'><strong>Canticis</strong></span> <span class='ocrx_word' id='word_1_825' title='bbox 3519 4366 3876 4421; x_wconf 88' lang='lat' dir='ltr'><strong>canticorum</strong></span> <span class='ocrx_word' id='word_1_826' title='bbox 3905 4384 3917 4419; x_wconf 90' lang='lat'><strong>:</strong></span> 
     </span>
    </p>
   </div>
   <div class='ocr_carea' id='block_1_107' title="bbox 2217 4451 3920 4527">
    <p class='ocr_par' dir='ltr' id='par_1_107' title="bbox 2217 4451 3920 4527">
     <span class='ocr_line' id='line_1_107' title="bbox 2217 4451 3920 4527; baseline 0.002 -19"><span class='ocrx_word' id='word_1_827' title='bbox 2217 4451 2564 4522; x_wconf 82' lang='lat' dir='ltr'><strong>Unguentum</strong></span> <span class='ocrx_word' id='word_1_828' title='bbox 2584 4452 2820 4523; x_wconf 68' lang='lat' dir='ltr'><strong>effusum</strong></span> <span class='ocrx_word' id='word_1_829' title='bbox 2852 4470 3046 4508; x_wconf 86' lang='lat' dir='ltr'><strong>nomen</strong></span> <span class='ocrx_word' id='word_1_830' title='bbox 3077 4463 3229 4510; x_wconf 85' lang='lat' dir='ltr'><strong>tuum</strong></span> <span class='ocrx_word' id='word_1_831' title='bbox 3260 4455 3436 4527; x_wconf 82' lang='lat' dir='ltr'><strong>(Cant.</strong></span> <span class='ocrx_word' id='word_1_832' title='bbox 3470 4472 3511 4519; x_wconf 81' lang='grc' dir='ltr'><strong>ι,</strong></span> <span class='ocrx_word' id='word_1_833' title='bbox 3531 4454 3607 4527; x_wconf 79' lang='lat'><strong>2).</strong></span> <span class='ocrx_word' id='word_1_834' title='bbox 3646 4457 3726 4508; x_wconf 77' lang='lat' dir='ltr'><strong>Ad</strong></span> <span class='ocrx_word' id='word_1_835' title='bbox 3762 4462 3920 4527; x_wconf 74' lang='lat' dir='ltr'><strong>Apo-</strong></span> 
     </span>
    </p>
   </div>
   <div class='ocr_carea' id='block_1_108' title="bbox 2211 4540 3921 4615">
    <p class='ocr_par' dir='ltr' id='par_1_108' title="bbox 2211 4540 3921 4615">
     <span class='ocr_line' id='line_1_108' title="bbox 2211 4540 3921 4615; baseline 0.002 -19"><span class='ocrx_word' id='word_1_836' title='bbox 2211 4540 2424 4597; x_wconf 86' lang='lat' dir='ltr'><strong>stolum</strong></span> <span class='ocrx_word' id='word_1_837' title='bbox 2481 4558 2686 4599; x_wconf 85' lang='lat' dir='ltr'><strong>revoca</strong></span> <span class='ocrx_word' id='word_1_838' title='bbox 2736 4543 3115 4600; x_wconf 88' lang='lat' dir='ltr'><strong>intentionem</strong></span> <span class='ocrx_word' id='word_1_839' title='bbox 3173 4560 3186 4601; x_wconf 95' lang='lat'>:</span> <span class='ocrx_word' id='word_1_840' title='bbox 3247 4545 3467 4611; x_wconf 75' lang='lat' dir='ltr'><strong>Christi,</strong></span> <span class='ocrx_word' id='word_1_841' title='bbox 3503 4545 3711 4615; x_wconf 87' lang='lat' dir='ltr'><strong>inquit,</strong></span> <span class='ocrx_word' id='word_1_842' title='bbox 3745 4545 3921 4600; x_wconf 85' lang='lat' dir='ltr'><strong>bonus</strong></span> 
     </span>
    </p>
   </div>
   <div class='ocr_carea' id='block_1_109' title="bbox 2208 4632 3917 4705">
    <p class='ocr_par' dir='ltr' id='par_1_109' title="bbox 2208 4632 3917 4705">
     <span class='ocr_line' id='line_1_109' title="bbox 2208 4632 3917 4705; baseline 0.001 -18"><span class='ocrx_word' id='word_1_843' title='bbox 2208 4632 2347 4687; x_wconf 86' lang='lat' dir='ltr'><strong>odor</strong></span> <span class='ocrx_word' id='word_1_844' title='bbox 2372 4648 2561 4688; x_wconf 85' lang='lat' dir='ltr'><strong>sumus</strong></span> <span class='ocrx_word' id='word_1_845' title='bbox 2582 4632 2641 4688; x_wconf 86' lang='lat' dir='ltr'><strong>in</strong></span> <span class='ocrx_word' id='word_1_846' title='bbox 2665 4633 2814 4688; x_wconf 90' lang='lat' dir='ltr'><strong>omni</strong></span> <span class='ocrx_word' id='word_1_847' title='bbox 2848 4633 2986 4701; x_wconf 88' lang='lat' dir='ltr'><strong>loco,</strong></span> <span class='ocrx_word' id='word_1_848' title='bbox 3008 4639 3059 4687; x_wconf 93' lang='lat' dir='ltr'><strong>et</strong></span> <span class='ocrx_word' id='word_1_849' title='bbox 3093 4636 3149 4689; x_wconf 90' lang='lat' dir='ltr'><strong>in</strong></span> <span class='ocrx_word' id='word_1_850' title='bbox 3183 4634 3265 4689; x_wconf 88' lang='lat' dir='ltr'><strong>his</strong></span> <span class='ocrx_word' id='word_1_851' title='bbox 3295 4637 3391 4705; x_wconf 89' lang='lat' dir='ltr'><strong>qui</strong></span> <span class='ocrx_word' id='word_1_852' title='bbox 3417 4633 3561 4689; x_wconf 88' lang='lat' dir='ltr'><strong>salvi</strong></span> <span class='ocrx_word' id='word_1_853' title='bbox 3589 4634 3750 4703; x_wconf 82' lang='lat' dir='ltr'><strong>ﬁunt,</strong></span> <span class='ocrx_word' id='word_1_854' title='bbox 3772 4640 3823 4690; x_wconf 90' lang='lat' dir='ltr'><strong>et</strong></span> <span class='ocrx_word' id='word_1_855' title='bbox 3858 4638 3917 4689; x_wconf 82' lang='lat' dir='ltr'><strong>in</strong></span> 
     </span>
    </p>
   </div>
   <div class='ocr_carea' id='block_1_110' title="bbox 2208 4720 3920 4793">
    <p class='ocr_par' dir='ltr' id='par_1_110' title="bbox 2208 4720 3920 4793">
     <span class='ocr_line' id='line_1_110' title="bbox 2208 4720 3920 4793; baseline 0 -18"><span class='ocrx_word' id='word_1_856' title='bbox 2208 4720 2292 4775; x_wconf 82' lang='lat' dir='ltr'><strong>his</strong></span> <span class='ocrx_word' id='word_1_857' title='bbox 2314 4724 2408 4792; x_wconf 89' lang='lat' dir='ltr'><strong>qui</strong></span> <span class='ocrx_word' id='word_1_858' title='bbox 2435 4730 2661 4793; x_wconf 87' lang='lat' dir='ltr'><strong>pereunt</strong></span> <span class='ocrx_word' id='word_1_859' title='bbox 2681 4739 2703 4786; x_wconf 86' lang='lat'><strong><em>;</em></strong></span> <span class='ocrx_word' id='word_1_860' title='bbox 2732 4723 2863 4777; x_wconf 88' lang='lat' dir='ltr'><strong>aliis</strong></span> <span class='ocrx_word' id='word_1_861' title='bbox 2891 4738 3081 4778; x_wconf 89' lang='lat' dir='ltr'><strong>sumus</strong></span> <span class='ocrx_word' id='word_1_862' title='bbox 3110 4724 3245 4780; x_wconf 81' lang='lat' dir='ltr'><strong>odor</strong></span> <span class='ocrx_word' id='word_1_863' title='bbox 3284 4725 3408 4779; x_wconf 71' lang='lat' dir='ltr'><strong>vita:</strong></span> <span class='ocrx_word' id='word_1_864' title='bbox 3435 4726 3496 4777; x_wconf 87' lang='lat' dir='ltr'><strong>in</strong></span> <span class='ocrx_word' id='word_1_865' title='bbox 3550 4725 3746 4791; x_wconf 87' lang='lat' dir='ltr'><strong>vitam,</strong></span> <span class='ocrx_word' id='word_1_866' title='bbox 3778 4723 3920 4778; x_wconf 80' lang='lat' dir='ltr'><strong>aliis</strong></span> 
     </span>
    </p>
   </div>
   <div class='ocr_carea' id='block_1_111' title="bbox 2206 4810 3913 4886">
    <p class='ocr_par' dir='ltr' id='par_1_111' title="bbox 2206 4810 3913 4886">
     <span class='ocr_line' id='line_1_111' title="bbox 2206 4810 3913 4886; baseline 0.001 -19"><span class='ocrx_word' id='word_1_867' title='bbox 2206 4810 2337 4867; x_wconf 91' lang='lat' dir='ltr'><strong>odor</strong></span> <span class='ocrx_word' id='word_1_868' title='bbox 2364 4813 2558 4867; x_wconf 87' lang='lat' dir='ltr'><strong>mortis</strong></span> <span class='ocrx_word' id='word_1_869' title='bbox 2584 4814 2641 4867; x_wconf 89' lang='lat' dir='ltr'><strong>in</strong></span> <span class='ocrx_word' id='word_1_870' title='bbox 2676 4817 2905 4869; x_wconf 87' lang='lat' dir='ltr'><strong>mortem</strong></span> <span class='ocrx_word' id='word_1_871' title='bbox 2933 4828 2951 4868; x_wconf 89' lang='lat'><strong><em>:</em></strong></span> <span class='ocrx_word' id='word_1_872' title='bbox 2982 4821 3034 4869; x_wconf 90' lang='lat' dir='ltr'><strong>et</strong></span> <span class='ocrx_word' id='word_1_873' title='bbox 3054 4813 3125 4869; x_wconf 87' lang='lat' dir='ltr'><strong>ad</strong></span> <span class='ocrx_word' id='word_1_874' title='bbox 3153 4814 3269 4870; x_wconf 67' lang='lat' dir='ltr'><strong>hare</strong></span> <span class='ocrx_word' id='word_1_875' title='bbox 3287 4815 3409 4886; x_wconf 87' lang='lat' dir='ltr'><strong>quis</strong></span> <span class='ocrx_word' id='word_1_876' title='bbox 3440 4812 3668 4868; x_wconf 88' lang='lat' dir='ltr'><strong>idoneus</strong></span> <span class='ocrx_word' id='word_1_877' title='bbox 3687 4813 3759 4884; x_wconf 94' lang='lat' dir='ltr'><strong>(ll</strong></span> <span class='ocrx_word' id='word_1_878' title='bbox 3787 4812 3913 4869; x_wconf 85' lang='lat' dir='ltr'><strong>Cor.</strong></span> 
     </span>
    </p>
   </div>
   <div class='ocr_carea' id='block_1_112' title="bbox 2207 4900 3917 4976">
    <p class='ocr_par' dir='ltr' id='par_1_112' title="bbox 2207 4900 3917 4976">
     <span class='ocr_line' id='line_1_112' title="bbox 2207 4900 3917 4976; baseline 0.001 -19"><span class='ocrx_word' id='word_1_879' title='bbox 2207 4917 2268 4968; x_wconf 80' lang='grc' dir='ltr'><strong>ιι,</strong></span> <span class='ocrx_word' id='word_1_880' title='bbox 2305 4901 2497 4973; x_wconf 79' lang='grc'><strong>14-16)</strong></span> <span class='ocrx_word' id='word_1_881' title='bbox 2522 4901 2550 4956; x_wconf 87' lang='lat'><strong>?</strong></span> <span class='ocrx_word' id='word_1_882' title='bbox 2577 4900 2952 4959; x_wconf 85' lang='lat' dir='ltr'><strong>Occasionem</strong></span> <span class='ocrx_word' id='word_1_883' title='bbox 2985 4902 3154 4958; x_wconf 89' lang='lat' dir='ltr'><strong>nobis</strong></span> <span class='ocrx_word' id='word_1_884' title='bbox 3196 4903 3414 4976; x_wconf 68' lang='lat' dir='ltr'><strong>praebet</strong></span> <span class='ocrx_word' id='word_1_885' title='bbox 3462 4918 3714 4975; x_wconf 74' lang='lat' dir='ltr'><strong>praesens</strong></span> <span class='ocrx_word' id='word_1_886' title='bbox 3745 4902 3917 4958; x_wconf 84' lang='lat' dir='ltr'><strong>lectio</strong></span> 
     </span>
    </p>
   </div>
   <div class='ocr_carea' id='block_1_113' title="bbox 2205 4991 3919 5065">
    <p class='ocr_par' dir='ltr' id='par_1_113' title="bbox 2205 4991 3919 5065">
     <span class='ocr_line' id='line_1_113' title="bbox 2205 4991 3919 5065; baseline 0.001 -18"><span class='ocrx_word' id='word_1_887' title='bbox 2205 4991 2390 5048; x_wconf 88' lang='lat' dir='ltr'><strong>sancti</strong></span> <span class='ocrx_word' id='word_1_888' title='bbox 2421 4991 2709 5064; x_wconf 76' lang='lat' dir='ltr'><strong>Evangelii</strong></span> <span class='ocrx_word' id='word_1_889' title='bbox 2742 4993 2813 5048; x_wconf 90' lang='lat' dir='ltr'><strong>de</strong></span> <span class='ocrx_word' id='word_1_890' title='bbox 2843 4992 3016 5049; x_wconf 90' lang='lat' dir='ltr'><strong>odore</strong></span> <span class='ocrx_word' id='word_1_891' title='bbox 3039 4992 3152 5048; x_wconf 91' lang='lat' dir='ltr'><strong>isto</strong></span> <span class='ocrx_word' id='word_1_892' title='bbox 3176 4994 3256 5049; x_wconf 88' lang='lat' dir='ltr'><strong>ita</strong></span> <span class='ocrx_word' id='word_1_893' title='bbox 3284 4992 3468 5065; x_wconf 90' lang='lat' dir='ltr'><strong>loqui,</strong></span> <span class='ocrx_word' id='word_1_894' title='bbox 3494 4996 3557 5048; x_wconf 90' lang='lat' dir='ltr'><strong>ut</strong></span> <span class='ocrx_word' id='word_1_895' title='bbox 3584 4997 3641 5049; x_wconf 93' lang='lat' dir='ltr'><strong>et</strong></span> <span class='ocrx_word' id='word_1_896' title='bbox 3679 5009 3712 5047; x_wconf 88' lang='lat' dir='ltr'><strong>a</strong></span> <span class='ocrx_word' id='word_1_897' title='bbox 3742 4992 3919 5049; x_wconf 90' lang='lat' dir='ltr'><strong>nobis</strong></span> 
     </span>
    </p>
   </div>
   <div class='ocr_carea' id='block_1_114' title="bbox 2204 5080 3911 5155">
    <p class='ocr_par' dir='ltr' id='par_1_114' title="bbox 2204 5080 3911 5155">
     <span class='ocr_line' id='line_1_114' title="bbox 2204 5080 3911 5155; baseline 0.001 -19"><span class='ocrx_word' id='word_1_898' title='bbox 2204 5080 2560 5139; x_wconf 79' lang='lat' dir='ltr'><strong>sufﬁcienter</strong></span> <span class='ocrx_word' id='word_1_899' title='bbox 2613 5082 2856 5149; x_wconf 88' lang='lat' dir='ltr'><strong>dicatur,</strong></span> <span class='ocrx_word' id='word_1_900' title='bbox 2890 5086 2947 5138; x_wconf 88' lang='lat' dir='ltr'><strong>et</strong></span> <span class='ocrx_word' id='word_1_901' title='bbox 2977 5099 3009 5138; x_wconf 90' lang='lat' dir='ltr'><strong>a</strong></span> <span class='ocrx_word' id='word_1_902' title='bbox 3062 5082 3227 5139; x_wconf 84' lang='lat' dir='ltr'><strong>vobis</strong></span> <span class='ocrx_word' id='word_1_903' title='bbox 3268 5082 3578 5155; x_wconf 89' lang='lat' dir='ltr'><strong>diligenter</strong></span> <span class='ocrx_word' id='word_1_904' title='bbox 3613 5082 3911 5151; x_wconf 85' lang='lat' dir='ltr'><strong>audiatur,</strong></span> 
     </span>
    </p>
   </div>
   <div class='ocr_carea' id='block_1_115' title="bbox 2204 5172 3916 5245">
    <p class='ocr_par' dir='ltr' id='par_1_115' title="bbox 2204 5172 3916 5245">
     <span class='ocr_line' id='line_1_115' title="bbox 2204 5172 3916 5245; baseline -0.001 -18"><span class='ocrx_word' id='word_1_905' title='bbox 2204 5172 2477 5242; x_wconf 80' lang='lat' dir='ltr'><strong>Apostolo</strong></span> <span class='ocrx_word' id='word_1_906' title='bbox 2526 5172 2650 5243; x_wconf 88' lang='lat' dir='ltr'><strong>ipso</strong></span> <span class='ocrx_word' id='word_1_907' title='bbox 2698 5172 2777 5229; x_wconf 87' lang='lat' dir='ltr'><strong>ita</strong></span> <span class='ocrx_word' id='word_1_908' title='bbox 2825 5173 3072 5241; x_wconf 89' lang='lat' dir='ltr'><strong>dicente,</strong></span> <span class='ocrx_word' id='word_1_909' title='bbox 3116 5176 3179 5229; x_wconf 85' lang='lat' dir='ltr'><strong>Et</strong></span> <span class='ocrx_word' id='word_1_910' title='bbox 3209 5174 3290 5229; x_wconf 82' lang='lat' dir='ltr'><strong>ad</strong></span> <span class='ocrx_word' id='word_1_911' title='bbox 3336 5173 3451 5229; x_wconf 71' lang='lat' dir='ltr'><strong>haec</strong></span> <span class='ocrx_word' id='word_1_912' title='bbox 3479 5176 3596 5245; x_wconf 85' lang='lat' dir='ltr'><strong>quis</strong></span> <span class='ocrx_word' id='word_1_913' title='bbox 3635 5172 3916 5228; x_wconf 73' lang='lat' dir='ltr'><strong>idoneus?</strong></span> 
     </span>
    </p>
   </div>
   <div class='ocr_carea' id='block_1_116' title="bbox 2203 5261 3918 5335">
    <p class='ocr_par' dir='ltr' id='par_1_116' title="bbox 2203 5261 3918 5335">
     <span class='ocr_line' id='line_1_116' title="bbox 2203 5261 3918 5335; baseline -0.001 -17"><span class='ocrx_word' id='word_1_914' title='bbox 2203 5262 2351 5334; x_wconf 88' lang='lat' dir='ltr'><strong>Ergo</strong></span> <span class='ocrx_word' id='word_1_915' title='bbox 2382 5266 2447 5318; x_wconf 89' lang='lat' dir='ltr'><strong>ut</strong></span> <span class='ocrx_word' id='word_1_916' title='bbox 2474 5261 2609 5318; x_wconf 90' lang='lat' dir='ltr'><strong>inde</strong></span> <span class='ocrx_word' id='word_1_917' title='bbox 2642 5278 2746 5318; x_wconf 87' lang='lat' dir='ltr'><strong>nos</strong></span> <span class='ocrx_word' id='word_1_918' title='bbox 2764 5278 3043 5319; x_wconf 90' lang='lat' dir='ltr'><strong>conemur</strong></span> <span class='ocrx_word' id='word_1_919' title='bbox 3072 5261 3252 5335; x_wconf 87' lang='lat' dir='ltr'><strong>loqui,</strong></span> <span class='ocrx_word' id='word_1_920' title='bbox 3278 5262 3565 5335; x_wconf 89' lang='lat' dir='ltr'><strong>numquid</strong></span> <span class='ocrx_word' id='word_1_921' title='bbox 3596 5262 3785 5318; x_wconf 86' lang='lat' dir='ltr'><strong>idonei</strong></span> <span class='ocrx_word' id='word_1_922' title='bbox 3810 5278 3918 5316; x_wconf 84' lang='lat' dir='ltr'><strong>su-</strong></span> 
     </span>
    </p>
   </div>
   <div class='ocr_carea' id='block_1_117' title="bbox 2205 5351 3918 5423">
    <p class='ocr_par' dir='ltr' id='par_1_117' title="bbox 2205 5351 3918 5423">
     <span class='ocr_line' id='line_1_117' title="bbox 2205 5351 3918 5423; baseline 0.001 -16"><span class='ocrx_word' id='word_1_923' title='bbox 2205 5367 2360 5423; x_wconf 81' lang='lat' dir='ltr'><strong>mus,</strong></span> <span class='ocrx_word' id='word_1_924' title='bbox 2392 5356 2494 5409; x_wconf 89' lang='lat' dir='ltr'><strong>aut</strong></span> <span class='ocrx_word' id='word_1_925' title='bbox 2540 5368 2641 5408; x_wconf 90' lang='lat' dir='ltr'><strong>vos</strong></span> <span class='ocrx_word' id='word_1_926' title='bbox 2690 5351 2893 5408; x_wconf 88' lang='lat' dir='ltr'><strong>audire</strong></span> <span class='ocrx_word' id='word_1_927' title='bbox 2924 5352 3044 5409; x_wconf 67' lang='lat' dir='ltr'><strong>haec</strong></span> <span class='ocrx_word' id='word_1_928' title='bbox 3076 5352 3266 5409; x_wconf 89' lang='lat' dir='ltr'><strong>idonei</strong></span> <span class='ocrx_word' id='word_1_929' title='bbox 3307 5353 3448 5410; x_wconf 89' lang='lat' dir='ltr'><strong>estis</strong></span> <span class='ocrx_word' id='word_1_930' title='bbox 3470 5352 3498 5408; x_wconf 83' lang='lat'><strong>?</strong></span> <span class='ocrx_word' id='word_1_931' title='bbox 3532 5352 3649 5408; x_wconf 86' lang='lat' dir='ltr'><strong>Nos</strong></span> <span class='ocrx_word' id='word_1_932' title='bbox 3680 5351 3918 5423; x_wconf 86' lang='lat' dir='ltr'><strong>quidem</strong></span> 
     </span>
    </p>
   </div>
   <div class='ocr_carea' id='block_1_118' title="bbox 2201 5440 3914 5513">
    <p class='ocr_par' dir='ltr' id='par_1_118' title="bbox 2201 5440 3914 5513">
     <span class='ocr_line' id='line_1_118' title="bbox 2201 5440 3914 5513; baseline -0.001 -16"><span class='ocrx_word' id='word_1_933' title='bbox 2201 5440 2398 5498; x_wconf 89' lang='lat' dir='ltr'><strong>idonei</strong></span> <span class='ocrx_word' id='word_1_934' title='bbox 2442 5456 2558 5497; x_wconf 91' lang='lat' dir='ltr'><strong>non</strong></span> <span class='ocrx_word' id='word_1_935' title='bbox 2600 5456 2845 5511; x_wconf 86' lang='lat' dir='ltr'><strong>sumus;</strong></span> <span class='ocrx_word' id='word_1_936' title='bbox 2878 5442 2979 5497; x_wconf 85' lang='lat' dir='ltr'><strong>sed</strong></span> <span class='ocrx_word' id='word_1_937' title='bbox 3012 5442 3259 5498; x_wconf 85' lang='lat' dir='ltr'><strong>idoneus</strong></span> <span class='ocrx_word' id='word_1_938' title='bbox 3295 5446 3387 5497; x_wconf 88' lang='lat' dir='ltr'><strong>est</strong></span> <span class='ocrx_word' id='word_1_939' title='bbox 3417 5440 3511 5496; x_wconf 90' lang='lat' dir='ltr'><strong>ille</strong></span> <span class='ocrx_word' id='word_1_940' title='bbox 3537 5440 3634 5513; x_wconf 90' lang='lat' dir='ltr'><strong>qui</strong></span> <span class='ocrx_word' id='word_1_941' title='bbox 3669 5456 3772 5512; x_wconf 87' lang='lat' dir='ltr'><strong>per</strong></span> <span class='ocrx_word' id='word_1_942' title='bbox 3803 5456 3914 5496; x_wconf 88' lang='lat' dir='ltr'><strong>nos</strong></span> 
     </span>
    </p>
   </div>
   <div class='ocr_carea' id='block_1_119' title="bbox 2202 5529 3911 5604">
    <p class='ocr_par' dir='ltr' id='par_1_119' title="bbox 2202 5529 3911 5604">
     <span class='ocr_line' id='line_1_119' title="bbox 2202 5529 3911 5604; baseline -0.001 -17"><span class='ocrx_word' id='word_1_943' title='bbox 2202 5529 2511 5601; x_wconf 67' lang='lat' dir='ltr'><strong>dignetur‘</strong></span> <span class='ocrx_word' id='word_1_944' title='bbox 2546 5531 2735 5589; x_wconf 88' lang='lat' dir='ltr'><strong>dicere</strong></span> <span class='ocrx_word' id='word_1_945' title='bbox 2756 5531 2912 5604; x_wconf 90' lang='lat' dir='ltr'><strong>quod</strong></span> <span class='ocrx_word' id='word_1_946' title='bbox 2938 5531 3097 5589; x_wconf 88' lang='lat' dir='ltr'><strong>vobis</strong></span> <span class='ocrx_word' id='word_1_947' title='bbox 3131 5531 3317 5604; x_wconf 89' lang='lat' dir='ltr'><strong>prosit</strong></span> <span class='ocrx_word' id='word_1_948' title='bbox 3346 5531 3569 5589; x_wconf 88' lang='lat' dir='ltr'><strong>audire.</strong></span> <span class='ocrx_word' id='word_1_949' title='bbox 3596 5530 3737 5586; x_wconf 86' lang='lat' dir='ltr'><strong>Ecce</strong></span> <span class='ocrx_word' id='word_1_950' title='bbox 3762 5530 3911 5601; x_wconf 78' lang='lat' dir='ltr'><strong>Apo-</strong></span> 
     </span>
    </p>
   </div>
   <div class='ocr_carea' id='block_1_120' title="bbox 2266 5647 3108 5715">
    <p class='ocr_par' dir='ltr' id='par_1_120' title="bbox 2266 5647 3108 5715">
     <span class='ocr_line' id='line_1_120' title="bbox 2266 5647 3108 5715; baseline 0.001 -15"><span class='ocrx_word' id='word_1_951' title='bbox 2266 5648 2289 5687; x_wconf 76' lang='grc' dir='ltr'><strong><em>ι</em></strong></span> <span class='ocrx_word' id='word_1_952' title='bbox 2312 5647 2371 5711; x_wconf 73' lang='grc' dir='ltr'><strong>ιιι</strong></span> <span class='ocrx_word' id='word_1_953' title='bbox 2397 5651 2627 5713; x_wconf 87' lang='lat' dir='ltr'><strong>quatuor</strong></span> <span class='ocrx_word' id='word_1_954' title='bbox 2660 5651 2804 5713; x_wconf 64' lang='lat' dir='ltr'><strong>Mam,</strong></span> <span class='ocrx_word' id='word_1_955' title='bbox 2836 5649 3108 5715; x_wconf 79' lang='lat' dir='ltr'><strong>dignatur.</strong></span> 
     </span>
    </p>
   </div>
  </div>
