4148 6190
314 248 463 306 1761

300 398 487 453 stolas
517 400 690 454 bonus
719 399 851 455 odor
870 402 979 466 est,
1006 396 1159 454 sicut
1189 398 1329 455 dicit
1354 398 1478 471 ipse
1501 416 1513 454 :
1538 401 1643 455 sed
1676 402 1800 472 ipse
1831 400 2020 456 bonus

297 488 444 543 odor
461 486 587 544 aliis
609 494 699 544 est
719 488 850 545 odor
871 488 995 544 vita:
1018 489 1074 545 in
1098 490 1292 556 vitam,
1315 487 1453 545 aliis
1474 496 1657 546 autem
1677 490 1809 546 odor
1828 491 2023 547 mortis

297 582 359 633 in
406 582 679 640 mortem;
712 585 908 635 tamen
942 581 1128 635 bonus
1171 581 1332 635 odor.
1367 578 1662 650 Numquid
1714 581 1872 635 enim
1917 580 2023 647 ait,

300 668 448 724 Aliis
479 685 689 725 sumus
740 671 931 726 bonus
964 672 1108 725 odor
1136 671 1205 725 ad
1250 671 1449 737 vitam,
1484 669 1615 726 aliis
1658 671 1849 726 malus
1881 671 2022 725 odor

297 758 370 813 ad
403 763 651 815 mortem
677 759 706 816 ?
733 760 960 815 Bonum
1012 760 1247 816 odorem
1297 776 1360 815 se
1388 760 1555 826 dixit,
1589 777 1705 816 non
1757 760 1978 815 malum
2007 786 2022 837 ;

298 852 354 903 et
384 850 657 904 eumdem
693 850 913 905 bonum
943 851 1180 906 odorem
1213 848 1342 904 aliis
1375 850 1447 904 ad
1480 850 1658 904 vitam
1693 849 1858 915 dixit,
1890 848 2022 904 aliis

302 937 372 992 ad
409 943 675 994 mortem.
710 939 923 996 Felices
953 940 1051 1010 qui
1084 940 1233 995 bono
1264 938 1440 994 odore
1469 937 1673 993 vivunt
1705 955 1717 992 :
1753 937 1886 1007 quid
1917 954 2022 993 au-

306 1031 425 1082 tem
458 1026 750 1085 infelicius
784 1028 902 1085 illis
932 1030 1030 1100 qui
1064 1030 1214 1085 bono
1245 1029 1420 1084 odore
1453 1029 1779 1084 moriuntur
1801 1027 1828 1082 ‘t

374 1116 430 1171 8.
463 1118 533 1173 Et
563 1118 693 1188 quis
722 1123 834 1187 est,
869 1119 947 1174 ait
978 1118 1217 1191 aliquis,
1249 1134 1423 1190 quem
1462 1118 1643 1173 bonus
1696 1118 1841 1173 odor
1870 1116 2023 1173 occi-

300 1205 388 1259 dit
409 1205 438 1261 ‘t
466 1208 581 1262 Hoc
613 1211 702 1263 est
733 1209 880 1279 quod
914 1208 992 1263 ait
1042 1207 1372 1279 Apostolus,
1407 1208 1469 1262 Et
1499 1207 1568 1262 ad
1612 1206 1728 1264 haec
1754 1208 1875 1277 quis
1905 1205 2024 1262 ido-

296 1310 437 1349 neus
461 1304 489 1348 Ρ
518 1296 815 1361 Quomodo
847 1313 913 1352 ea
946 1298 1085 1352 facit
1118 1298 1270 1352 Deus
1301 1296 1467 1351 miris
1499 1296 1714 1362 modis,
1762 1299 1822 1350 ut
1868 1296 2023 1352 bono

296 1386 476 1442 odore
520 1392 577 1442 et
626 1388 762 1444 boni
812 1389 1026 1455 vivant,
1059 1392 1118 1444 et
1150 1388 1286 1443 mali
1333 1389 1662 1444 moriantur
1689 1406 1702 1452 ;
1734 1389 2022 1457 quomodo

296 1475 393 1542 sit,
419 1481 707 1546 quantum
741 1476 1026 1533 Dominus
1061 1476 1348 1549 inspirare
1379 1478 1654 1549 dignatur
1678 1478 1696 1511 ί
1723 1478 1891 1553 (ηοω,
1913 1479 2023 1533 for-

296 1569 454 1619 tasse
486 1564 565 1620 ibi
599 1564 776 1621 lateat
806 1567 825 1600 ²
856 1565 1024 1622 altior
1055 1565 1411 1635 intellectus,
1445 1566 1546 1637 qui
1581 1585 1612 1621 a
1644 1583 1738 1622 me
1767 1583 1882 1621 non
1917 1584 2018 1637 po-

299 1658 419 1709 test
467 1654 827 1724 penetrari);
876 1659 1073 1711 tamen
1125 1669 1430 1725 quousque
1481 1665 1779 1725 penetrare
1837 1654 2020 1727 potui,

302 1742 469 1798 vobis
503 1758 613 1797 non
651 1743 816 1799 debet
864 1744 1156 1816 denegari.
1198 1745 1445 1800 Paulum
1500 1745 1829 1816 apostolum
1877 1748 2021 1801 bene

300 1838 593 1905 agentem.
626 1834 774 1890 bene
808 1836 1113 1905 viventem,
1137 1836 1434 1905 justitiam
1467 1838 1643 1892 verbo
1695 1836 2018 1909 praedican-

303 1926 445 1989 tem,
495 1938 666 1994 opere
717 1924 1243 1988 demonstrantem,
1296 1924 1593 1981 doctorem
1668 1926 2019 1991 mirabilem,

305 2009 535 2066 fidelem
551 2010 1040 2083 dispensatorem,
1060 2013 1214 2069 fama
1238 2029 1659 2085 usquequaque
1674 2014 2022 2070 dissemina-

302 2101 433 2154 bat:
458 2100 695 2169 quidam
724 2101 1069 2173 diligebant,
1089 2102 1323 2173 quidam
1350 2102 1703 2158 invidebant.
1728 2103 1871 2160 Nam
1896 2104 2021 2174 ipse

303 2188 559 2261 quodam
592 2188 716 2247 loco
743 2191 827 2246 ait
859 2192 929 2246 de
961 2191 1340 2263 quibusdam,
1369 2192 1521 2262 quod
1556 2209 1670 2247 non
1703 2198 1881 2260 caste,
1916 2194 2016 2247 sed

299 2294 404 2347 per
450 2278 728 2335 invidiam
779 2279 1073 2336 Christum
1124 2281 1580 2350 annuntiarent;
1612 2282 2017 2348 existimantes,

298 2367 516 2439 inquit,
551 2368 962 2426 tribulationem
994 2373 1258 2426 suscitare
1291 2371 1528 2428 vinculis
1558 2373 1708 2427 meis.
1736 2372 1846 2427 Sed
1879 2372 2018 2442 quid

301 2458 431 2514 ait?
461 2458 584 2514 Sive
609 2463 912 2527 occasione,
945 2460 1057 2516 sive
1105 2460 1334 2516 veritate
1365 2461 1605 2517 Christus
1653 2465 2024 2517 annuntietur

304 2548 571 2620 (Philipp.
608 2564 646 2615 ι,
684 2548 774 2616 17,
810 2551 917 2621 18).
964 2550 1330 2606 Annuntiant
1376 2551 1475 2621 qui
1526 2568 1616 2606 me
1664 2556 1884 2617 amant,
1918 2568 2025 2607 an-

313 2637 590 2691 nuntiant
619 2638 718 2708 qui
753 2637 895 2693 mihi
946 2638 1241 2709 invident;
1274 2638 1359 2693 illi
1406 2638 1553 2695 bono
1584 2639 1757 2695 odore
1801 2641 2025 2705 vivunt,

310 2733 363 2780 et
392 2724 480 2780 illi
513 2726 664 2781 bono
686 2727 860 2782 odore
882 2726 1211 2783 moriuntur
1241 2744 1255 2783 :
1289 2732 1486 2783 tamen
1516 2728 1782 2799 utrisque
1815 2729 2027 2801 praedi-

314 2815 588 2871 cantibus
636 2832 846 2872 nomen
899 2816 1108 2871 Cbristi
1158 2818 1555 2884 annuntietur,
1589 2818 1762 2872 odore
1806 2817 2026 2887 Optimo

306 2906 566 2960 mundus
589 2903 920 2974 impleatur.
943 2906 1159 2960 Amasti
1184 2905 1330 2961 bene
1352 2911 1642 2977 agentem,
1662 2896 1849 2959 vixisti
1876 2906 2022 2960 bono

300 2994 473 3049 odore
509 3011 521 3049 :
558 2994 811 3049 invidisti
845 2994 990 3050 bene
1020 2997 1230 3064 agenti,
1262 3001 1524 3050 mortuus
1551 3010 1612 3050 es
1644 2995 1796 3050 bono
1826 2994 2018 3049 odore.

298 3081 598 3154 Numquid
632 3083 770 3155 quia
802 3086 943 3138 mori
978 3084 1233 3154 voluisti,
1261 3084 1387 3139 ideo
1419 3085 1656 3139 odorem
1700 3083 1862 3139 illum
1896 3100 2018 3139 ma-

296 3171 419 3228 lum
454 3188 586 3228 esse
620 3172 855 3229 fecisti?
879 3172 1005 3228 Noli
1041 3173 1318 3239 invidere,
1351 3178 1407 3229 et
1438 3190 1551 3229 non
1585 3180 1640 3230 te
1672 3174 1895 3230 occidet
1925 3176 2019 3229 bo-

298 3278 406 3317 nus
439 3262 604 3316 odor.

364 3352 419 3405 9.
450 3350 715 3422 Denique
746 3352 880 3407 audi
913 3356 969 3407 et
996 3351 1088 3407 hic
1120 3368 1189 3407 ex
1221 3356 1516 3423 unguento
1562 3352 1694 3419 isto,
1730 3353 2019 3424 quomodo

301 3440 437 3495 aliis
470 3445 597 3495 erat
637 3440 779 3495 odor
826 3440 1013 3497 bonus
1063 3440 1121 3495 in
1154 3441 1356 3510 vitam,
1388 3439 1516 3495 aliis
1561 3443 1706 3497 odor
1747 3445 1929 3496 bonus
1963 3440 2021 3494 in

305 3531 576 3582 mortem.
602 3525 986 3598 Posteaquam
1020 3528 1127 3583 hoc
1152 3529 1285 3584 fecit
1321 3528 1593 3599 religiosa
1619 3529 1798 3585 Maria
1830 3530 1899 3585 ad
1920 3529 2025 3585 Do-

301 3617 444 3672 mini
495 3616 865 3687 obsequium,
916 3618 1194 3673 continuo
1244 3634 1384 3673 unus
1431 3634 1500 3673 ex
1544 3620 1829 3690 discipulis
1868 3621 2012 3690 ejus,

297 3706 467 3762 ludas
497 3704 812 3771 Iscariotes,
841 3710 939 3778 qui
966 3723 1093 3761 eum
1119 3715 1238 3761 erat
1260 3708 1584 3773 traditurus,
1609 3709 1752 3763 dixit
1786 3727 1802 3762 :
1837 3710 2016 3776 Quare

298 3796 394 3850 hoc
426 3804 776 3866 unguentum
808 3812 914 3851 non
952 3795 1121 3851 veniit
1167 3798 1422 3851 trecentis
1452 3796 1717 3866 denariis,
1751 3803 1800 3852 et
1829 3800 2016 3853 datum

296 3891 375 3941 est
423 3886 659 3955 egenis?
692 3886 782 3938 Vae
825 3885 952 3951 tibi,
989 3884 1204 3939 miseri
1248 3885 1435 3941 bonus
1490 3888 1633 3942 odor
1682 3886 1893 3943 occidit
1940 3894 2015 3950 te.

305 3976 495 4040 Quare
523 3974 683 4029 enim
721 3974 826 4027 boc
856 3974 1086 4029 dixerit.
1115 3973 1474 4043 Evangelista
1506 3980 1743 4032 sanctus
1766 3977 2016 4048 aperuit.

299 4064 647 4119 Putaremus
695 4066 885 4118 autem
938 4070 991 4117 et
1022 4079 1149 4130 nos,
1184 4062 1231 4118 si
1284 4079 1448 4119 mens
1480 4064 1669 4136 ipsius
1710 4066 1879 4121 nobis
1920 4083 2021 4137 per

307 4151 683 4220 Evangelium
718 4168 833 4207 non
868 4153 1224 4222 proderetur,
1260 4170 1582 4224 pauperum
1633 4171 1772 4210 cura
1818 4156 1920 4210 hoc
1952 4155 2020 4209 il-

308 4242 428 4297 lum
465 4243 660 4296 dicere
692 4241 971 4313 potuisse.
1007 4241 1130 4296 Non
1165 4242 1244 4296 ita
1273 4246 1379 4297 est.
1405 4243 1515 4298 Sed
1549 4244 1688 4313 quid
1712 4244 1740 4296 ‘t
1767 4244 1915 4299 Audi
1948 4250 2021 4300 te-

309 4337 454 4388 stem
490 4346 751 4386 veracem
789 4347 801 4384 :
837 4330 991 4386 Dixit
1039 4337 1226 4387 autem
1274 4331 1389 4400 hoc,
1420 4349 1529 4388 non
1577 4335 1704 4404 quia
1736 4334 1800 4388 de
1839 4334 2022 4405 egenis

304 4420 618 4494 pertinebat
667 4420 744 4475 ad
776 4419 935 4476 illum
957 4437 977 4482 ,·
1007 4421 1099 4476 scd
1144 4424 1270 4492 quia
1298 4424 1396 4490 fur
1440 4427 1579 4491 erat,
1610 4426 1661 4478 et
1690 4424 1892 4479 loculos
1922 4424 2026 4480 lia-

308 4513 457 4578 bens,
492 4517 545 4567 et
592 4527 655 4567 ea
705 4527 829 4581 quae
875 4513 1236 4567 mittebantur
1279 4513 1560 4582 portabat.
1614 4514 1903 4581 Portabat,
1946 4530 2022 4570 an

307 4598 698 4671 exportabat?
742 4602 848 4655 Sed
902 4599 1225 4657 ministerio
1276 4602 1563 4671 portabat,
1620 4604 1770 4659 furto
1819 4620 2023 4674 expor-

308 4690 465 4745 tabat
496 4688 600 4758 (α).

382 4780 470 4831 (Ο.
496 4776 641 4832 Ecce
670 4775 867 4833 audite
892 4777 1027 4849 quia
1057 4778 1240 4834 Judas
1261 4778 1371 4834 iste
1403 4796 1519 4836 non
1552 4785 1688 4836 tunc
1722 4798 2026 4853 perversus

312 4869 502 4923 factus
533 4872 642 4934 est,
668 4867 900 4937 quando
925 4884 958 4923 a
985 4867 1205 4923 Judaais
1238 4875 1549 4940 corruptus
1582 4870 1884 4927 Dominum
1916 4876 2030 4927 tra-

314 4954 482 5010 didit.
516 4954 786 5026 Plerique
831 4957 987 5011 enim
1022 4956 1295 5013 incuriosi
1348 4958 1663 5027 Evangelii,
1695 4960 2030 5016 existimant

313 5050 453 5100 tunc
487 5044 734 5116 periisse
763 5045 999 5111 Judam,
1034 5048 1263 5117 quando
1298 5048 1521 5119 accepit
1545 5066 1575 5101 a
1607 5048 1827 5104 Judaais
1864 5067 2031 5119 pecu-

323 5136 481 5189 niam
516 5141 577 5189 ut
607 5132 920 5189 Dominum
956 5136 1223 5191 traderet.
1250 5134 1371 5190 Non
1406 5140 1545 5190 tunc
1576 5135 1905 5207 periit,jam
1943 5137 2032 5193 fur

323 5229 465 5291 erat,
515 5228 575 5279 et
623 5223 933 5279 Dominum
984 5224 1246 5295 perditus
1295 5225 1686 5295 sequebatur;
1734 5225 1873 5295 quia
1920 5244 2034 5282 non

322 5313 517 5381 cordo,
549 5311 649 5368 sed
681 5326 918 5383 corpore
951 5313 1315 5385 sequebatur.
1352 5314 1780 5370 Duodenarium
1830 5331 2038 5373 nume-

388 5481 401 5511 ¹
434 5474 528 5523 Hic
552 5473 606 5523 in
628 5474 801 5539 editis
829 5476 1062 5531 additur,
1094 5477 1398 5537 ostendam;
1428 5473 1567 5539 quod
1601 5476 1754 5527 abest
1785 5491 1813 5527 a
1850 5478 1967 5529 Mss.

388 5539 597 5607 fluitet,
619 5536 769 5607 juxta
793 5540 873 5588 Er.
901 5541 1079 5607 bugd.
1111 5540 1239 5591 Ven.
1269 5536 1394 5591 μοι
1442 5536 1527 5590 “Μ.

393 5600 462 5664 (α)
488 5600 655 5665 Epist.
682 5600 788 5665 108,
822 5617 865 5652 c.
899 5601 947 5660 3,
974 5600 1021 5655 ti.
1054 5606 1100 5654 8.

1391 245 1863 307 TRAC'I‘ATUS
1907 247 1979 306 L.
2024 245 2245 306 CAPP.
2293 248 2389 307 XI.
2443 249 2539 308 ET
2584 248 2715 310 ΧΗ.

3692 257 3849 319 1762

2131 396 2258 436 rum
2305 384 2711 455 Apostolorum
2761 384 3062 456 implebat,
3097 386 3477 458 apostolicam
3530 390 3851 448 beatitudi-

2130 486 2264 525 nem
2298 487 2413 527 non
2448 473 2719 544 habebat,
2751 474 2817 529 ad
2842 473 3165 544 imaginem
3201 476 3382 531 fuerat
3414 477 3800 537 duodecimus
3833 502 3848 540 :

2132 575 2245 630 quo
2289 561 2626 631 decedente,
2680 570 2732 619 et
2781 562 2894 618 alio
2939 564 3311 631 succedente,
3347 570 3404 621 et
3446 567 3718 640 suppleta
3764 574 3853 626 est

2132 648 2448 718 apostolica
2495 651 2726 719 veritas,
2778 656 2835 706 et
2883 651 3109 707 numeri
3161 655 3483 724 permansit
3541 657 3845 729 integritas
3954 668 3957 679 ‘

2130 738 2268 806 (Art.
2305 755 2346 806 1,
2371 740 2484 811 26).
2517 741 2663 804 Quid
2705 758 2837 813 ergo
2871 740 3049 797 voluit
3097 742 3381 800 Dominus
3433 750 3632 802 noster
3676 747 3849 804 Jesus

2135 824 2419 897 Christus,
2472 830 2677 885 fratres
2728 831 2859 899 mei,
2914 832 3228 888 admonere
3285 833 3602 893 Ecclesium
3652 853 3847 905 suam,

2134 918 2365 986 quando
2391 935 2573 974 unum
2599 920 2884 989 perditum
2911 921 3061 977 inter
3082 923 3382 979 duodecim
3408 924 3620 982 habere
3646 926 3847 994 voluit,

2134 1004 2246 1059 nisi
2264 1011 2321 1061 ut
2340 1008 2524 1064 malos
2538 1008 2876 1075 toleremus,
2896 1026 2997 1065 nec
3019 1027 3229 1083 corpus
3245 1012 3451 1068 Christi
3475 1014 3807 1071 dividamus
3821 1014 3849 1069 ?

2135 1091 2275 1148 Ecce
2308 1094 2459 1150 inter
2490 1101 2722 1152 sanctos
2755 1101 2845 1153 est
2872 1097 3078 1167 Judas,
3115 1115 3244 1155 ecce
3276 1100 3367 1155 fur
3403 1104 3490 1156 est
3528 1100 3737 1167 Judas,
3772 1105 3847 1164 et.

2133 1199 2207 1240 ne
2237 1190 2596 1257 contemnas,
2632 1188 2721 1243 fur
2748 1192 2806 1243 et
2854 1191 3197 1261 sacrilegus,
3229 1208 3343 1246 non
3397 1192 3846 1265 qualiscumque

2135 1273 2225 1327 fur
2260 1288 2273 1327 :
2308 1274 2399 1328 fur
2447 1274 2788 1343 loculorum,
2821 1277 2924 1333 sed
2975 1280 3439 1348 dominicorum;
3494 1282 3845 1354 toculorum,

2134 1364 2233 1417 sed
2268 1379 2583 1419 sacrorum.
2620 1365 2679 1420 Si
2710 1366 2956 1421 crimina
2990 1367 3406 1427 discernuntur
3438 1371 3495 1427 in
3528 1371 3671 1440 foro,
3702 1387 3849 1442 qua-

2134 1452 2457 1525 liscumque
2494 1454 2625 1509 furti
2658 1460 2713 1510 et
2748 1455 3084 1527 peculatus;
3120 1458 3417 1529 peculatus
3444 1460 3596 1514 enim
3634 1461 3850 1517 dicitur

2137 1544 2353 1601 furtum
2387 1546 2457 1599 de
2482 1562 2539 1600 re
2567 1546 2833 1615 publica;
2869 1555 2919 1602 et
2954 1564 3066 1602 non
3092 1549 3174 1602 sic
3199 1549 3502 1619 judicatur
3525 1550 3744 1607 furtum
3764 1552 3845 1607 rei

2132 1636 2366 1706 privata:
2395 1636 2685 1705 quomodo
2719 1635 2962 1707 publicae
2987 1654 3000 1691 :
3029 1642 3242 1708 quanto
3272 1638 3666 1695 vehementius
3690 1640 3846 1708 iudi-

2133 1723 2357 1777 candus
2389 1727 2475 1777 est
2501 1723 2593 1777 fur
2624 1723 2964 1794 sacrilegus,
2992 1725 3085 1793 qui
3119 1741 3299 1780 ausus
3323 1725 3498 1781 fuerit
3530 1742 3643 1782 non
3671 1728 3848 1784 unde-

2132 1826 2382 1883 cumque
2416 1809 2636 1881 tollere,
2670 1813 2771 1867 sed
2805 1815 2870 1867 de
2902 1813 3154 1869 Ecclesia
3198 1813 3439 1870 tollere?
3468 1815 3575 1880 Qui
3625 1815 3843 1887 aliquid

2130 1899 2198 1954 de
2229 1897 2484 1952 Ecclesia
2516 1898 2761 1965 iuratur,
2794 1898 2957 1954 Judze
2988 1901 3211 1971 perdito
3260 1906 3651 1973 comparatur.
3685 1902 3843 1960 Talis

2130 1989 2255 2041 erat
2286 1985 2394 2041 iste
2422 1984 2631 2053 Judas,
2664 1991 2720 2043 et
2750 1991 2944 2042 tamen
2977 2004 3110 2043 cum
3142 1989 3359 2044 sanctis
3390 1988 3694 2061 discipulis
3728 2006 3846 2047 un-

2132 2075 2317 2130 decim
2351 2072 2694 2130 intrabat'et
2744 2076 2950 2131 exibat.
2984 2077 3068 2132 Ad
3102 2077 3289 2149 ipsam
3341 2078 3697 2135 dominicam
3730 2096 3848 2137 cce-

2133 2180 2266 2220 nam
2304 2166 2517 2234 pariter
2548 2165 2829 2220 accessit;
2865 2168 3194 2222 conversari
3245 2183 3376 2222 cum
3408 2167 3491 2222 eis
3514 2169 3724 2239 potuit,
3749 2184 3848 2226 eos

2133 2252 2440 2323 inquinare
2464 2269 2575 2308 non
2612 2253 2808 2323 potuit.
2838 2253 2915 2309 De
2948 2270 3062 2310 uno
3086 2271 3231 2325 pane
3262 2262 3316 2309 et
3348 2254 3548 2310 Petrus
3577 2262 3631 2310 et
3660 2258 3846 2314 Judas

2132 2341 2370 2411 accepit,
2405 2346 2459 2396 et
2493 2346 2683 2397 tamen
2737 2359 2863 2413 quae
2896 2360 3023 2415 pars
3076 2342 3228 2397 fideli
3260 2358 3391 2398 cum
3436 2344 3700 2400 infideli?
3728 2348 3841 2401 Pe-

2133 2440 2255 2486 trus
2288 2431 2443 2486 enim
2479 2433 2696 2503 accepit
2727 2430 2798 2485 ad
2846 2431 3045 2497 vitam,
3073 2431 3255 2487 Judas
3290 2433 3356 2486 ad
3390 2438 3653 2488 mortem.
3691 2436 3841 2501 Quo-

2136 2520 2307 2575 modo
2331 2518 2605 2574 enimille
2627 2520 2770 2575 odor
2793 2520 3003 2588 bonus,
3029 2519 3110 2574 sic
3136 2520 3230 2575 ille
3254 2520 3419 2576 cibus
3452 2521 3662 2579 bonus.
3684 2523 3845 2578 Sicut

2135 2624 2269 2679 ergo
2304 2609 2445 2663 odor
2477 2616 2682 2673 bonus,
2718 2608 2797 2662 ita
2829 2613 2885 2662 et
2915 2608 3079 2663 cibus
3111 2609 3323 2675 bonus,
3360 2610 3539 2665 bonos
3570 2611 3843 2672 viviticat.

2138 2699 2322 2753 malos
2356 2697 2683 2769 niortitlcat.
2720 2698 2825 2765 Qui
2853 2699 3001 2751 enim
3041 2698 3450 2753 manducauerit
3475 2699 3718 2767 indigne,
3742 2704 3847 2772 ju-

2136 2789 2336 2842 dicium
2366 2786 2475 2841 sibi
2504 2786 2800 2842 manducet
2828 2796 2883 2841 et
2916 2786 3046 2842 bibit
3071 2786 3115 2860 (Ι
3145 2787 3262 2843 Cor.
3299 2805 3375 2857 xI,
3407 2789 3498 2860 29)
3529 2807 3547 2843 :
3568 2789 3847 2859 judicium

2134 2877 2263 2943 sibi,
2297 2893 2410 2931 non
2446 2876 2574 2930 tibi.
2608 2876 2662 2929 Si
2691 2876 2975 2945 judicium
3011 2877 3142 2943 sibi,
3182 2892 3295 2932 non
3327 2876 3475 2945 tibi;
3511 2877 3691 2934 tolera
3722 2894 3845 2935 ma-

2135 2966 2253 3020 lum
2288 2965 2497 3032 bonus,
2534 2969 2598 3019 ut
2656 2964 2850 3019 venias
2897 2966 2966 3020 ad
3002 2967 3239 3037 praemia
3265 2968 3573 3037 bonorum,
3608 2984 3677 3023 ne
3712 2970 3844 3024 mit-

2132 3057 2268 3111 taris
2301 3056 2355 3110 in
2392 3070 2618 3126 poenam
2653 3055 2960 3110 malorum.

2205 3147 2289 3200 tt.
2342 3144 2687 3215 Exemplum
2753 3145 2977 3199 Domini
3028 3146 3271 3217 accipite
3336 3150 3736 3205 conversantis
3785 3150 3845 3206 in

2130 3240 2301 3291 terra.
2319 3236 2505 3299 Quare
2527 3232 2730 3289 habuit
2755 3232 2973 3288 loculos
2995 3236 3083 3288 cui
3112 3236 3314 3306 Angeli
3342 3236 3843 3301 ministraverunt.

2134 3323 2246 3379 nisi
2278 3322 2413 3394 quia
2444 3322 2699 3377 Ecclesia
2734 3321 2919 3391 ipsius
2942 3320 3167 3377 loculos
3198 3338 3334 3378 suos
3356 3323 3627 3380 habitura
3661 3327 3832 3381 erat?

2133 3412 2321 3475 Quare
2354 3410 2536 3464 furem
2572 3407 2829 3473 admisit,
2867 3408 2975 3461 nisi
3010 3413 3073 3462 ut
3097 3410 3223 3479 ejus
3257 3408 3510 3465 Ecclesia
3552 3411 3708 3465 fures
3740 3428 3848 3482 pa-

2132 3500 2346 3554 tienter
2393 3496 2643 3552 toleret?
2671 3497 2781 3551 Sed
2816 3496 2910 3551 ille
2954 3498 3050 3567 qui
3103 3501 3484 3552 consueverat
3523 3500 3593 3553 de
3642 3499 3847 3555 loculis

2123 3588 2427 3662 pecuniam
2452 3586 2670 3649 tollere,
2688 3602 2800 3641 non
2824 3585 3110 3642 dubitavit
3130 3592 3360 3659 accepta
3383 3588 3627 3659 pecunia
3648 3588 3844 3661 ipsum

2122 3678 2433 3733 Dominum
2468 3675 2734 3730 vendere.
2770 3675 3088 3731 Videamus
3119 3677 3259 3747 quid
3294 3677 3365 3731 ad
3417 3677 3531 3733 ista
3563 3678 3845 3733 Dominus

2127 3767 2493 3838 respondeat.
2549 3766 2771 3833 Videte,
2822 3766 3023 3820 fratres
3074 3781 3088 3819 :
3144 3782 3257 3821 non
3308 3766 3392 3821 illi
3457 3768 3560 3836 ait,
3614 3769 3847 3838 Pmpter

2129 3858 2282 3912 furta
2314 3860 2413 3910 tua
2462 3854 2608 3909 dicis
2658 3854 2789 3909 ista.
2825 3854 3027 3909 Furem
3081 3860 3339 3922 noverat,
3375 3872 3479 3913 nec
3533 3858 3853 3926 prodebat:

2130 3946 2229 4001 sed
2266 3945 2457 4017 potius
2489 3942 2789 4007 tolerabat,
2818 3947 2875 3998 et
2904 3942 2974 3996 ad
3007 3944 3378 4015 perferendos
3424 3944 3611 4001 malos
3644 3946 3699 4000 in
3732 3946 3848 4004 Ec-

2130 4036 2307 4090 clesia
2342 4034 2507 4089 nobis
2532 4033 2861 4104 exemplum
2884 4034 3177 4105 patientiae
3209 4036 3664 4091 demonstrabat.
3692 4036 3844 4091 Dixit

2135 4140 2264 4193 ergo
2294 4125 2346 4180 ei
2372 4125 2525 4179 Jesns
2556 4140 2574 4177 :
2604 4123 2734 4178 Sine
2783 4123 2961 4190 illam,
2995 4130 3055 4178 ut
3085 4124 3142 4178 in
3187 4124 3328 4177 diem
3358 4125 3657 4195 sepultum
3711 4140 3849 4182 mea?

2131 4217 2305 4269 servet
2326 4212 2485 4268 illud.
2518 4212 2861 4267 Moriturum
2898 4228 2957 4267 se
2996 4211 3377 4268 denuntiavit.

2205 4304 2291 4356 12.
2344 4303 2451 4357 Sed
2503 4302 2641 4372 quid
2683 4304 2772 4355 est
2830 4302 2982 4371 quod
3036 4302 3344 4372 sequitur?
3388 4303 3658 4372 Pauperes
3700 4305 3849 4356 enim

2132 4407 2343 4464 semper
2372 4390 2644 4446 habebitis
2671 4390 2972 4455 vobiscum,
2992 4405 3079 4445 me
3107 4393 3298 4445 autem
3321 4405 3431 4445 non
3461 4405 3673 4460 semper
3697 4391 3848 4446 habe-

2137 4483 2286 4537 bitis.
2311 4478 2695 4549 lntelligimus
2727 4478 2987 4548 quidem,
3010 4478 3286 4549 Pauperes
3316 4494 3526 4548 semper
3547 4478 3851 4534 habebitis:

2137 4570 2291 4640 quod
2323 4566 2486 4631 dixit,
2518 4581 2718 4620 verum
2751 4570 2858 4622 est.
2892 4566 3133 4628 Quando
3180 4564 3434 4620 Ecclesia
3466 4566 3592 4621 sine
3633 4583 3853 4639 paupe-

2137 4657 2347 4714 ribus?
2378 4656 2452 4710 Me
2479 4661 2665 4709 autem
2692 4670 2802 4709 non
2824 4670 3037 4724 semper
3065 4655 3352 4723 habebitis,
3377 4655 3516 4725 quid
3551 4657 3663 4712 sibi
3685 4656 3802 4712 vult
3826 4657 3854 4711 ν

2136 4746 2434 4813 Quomodo
2484 4743 2925 4815 intelligendum
2977 4749 3085 4812 est,
3129 4745 3207 4800 Me
3251 4751 3437 4799 autem
3484 4761 3594 4800 non
3642 4762 3855 4818 semper

2138 4835 2405 4891 habebitis
2422 4836 2449 4887 ἶ)
2472 4834 2653 4888 Nolite
2675 4850 3081 4903 expavescere;
3100 4835 3260 4889 Judae
3289 4834 3509 4890 dictum
3532 4840 3641 4889 est.
3669 4834 3853 4897 Quare

2141 4940 2273 4995 ergo
2322 4939 2437 4977 non
2489 4921 2651 4986 dixit,
2705 4920 2984 4989 habebis;
3034 4922 3158 4987 sed,
3183 4921 3500 4977 habebitis?
3542 4920 3687 4983 Quia
3734 4938 3848 4977 non

2144 5030 2300 5069 unus
2325 5015 2410 5068 est
2438 5012 2640 5067 Judas.
2677 5010 2836 5066 Unus
2871 5011 3056 5067 malus
3105 5028 3314 5081 corpus
3346 5011 3629 5065 malorum
3672 5010 3851 5081 signi-

2144 5103 2279 5159 ficat
2306 5120 2320 5170 ;
2353 5102 2644 5174 quomodo
2673 5101 2873 5157 Petrus
2902 5118 3111 5172 corpus
3157 5102 3464 5167 bonorum,
3497 5099 3613 5153 imo
3646 5114 3852 5171 corpus

2147 5192 2433 5259 Ecclesia),
2456 5191 2554 5246 sed
2591 5189 2647 5245 in
2690 5191 2853 5245 bonis
2879 5194 2918 5245 ί.
2946 5190 3090 5247 Nam
3141 5189 3191 5244 si
3220 5188 3279 5243 in
3328 5187 3494 5243 Petro
3534 5203 3650 5244 non
3700 5197 3852 5245 esset

2211 5359 2225 5390 1
2251 5354 2495 5414 Quinque
2528 5351 2710 5414 probae
2743 5355 2880 5414 notas
2913 5351 3256 5414 Mss.,corpus
3280 5350 3739 5414 bonorum,corpus
3757 5352 3850 5401 Ec-

2145 5417 2329 5472 clesiae,
2351 5412 2453 5462 imo
2468 5412 2650 5474 corpus
2672 5413 2972 5471 Ecclesium,
2994 5414 3087 5462 sed
3115 5412 3168 5463 in
3198 5413 3363 5464 bonis.
3398 5412 3600 5462 Favent
3628 5414 3716 5463 alii
3746 5415 3852 5465 duo

2185 5478 2237 5527 ui
2268 5478 2470 5525 habent
2493 5490 2503 5527 ;
2530 5475 2728 5535 Corpus
2748 5474 3008 5539 R_ecl_esie,
3032 5477 3132 5525 imo
3151 5490 3335 5539 corpus
3356 5475 3611 5539 Ecclesia,
3632 5476 3847 5532 sed.elc.

2187 5540 2270 5604 ad.
2305 5543 2355 5588 et
2384 5539 2524 5596 Am.,
2554 5549 2737 5599 corpus
2756 5536 3021 5602 Ecclesia,
3045 5540 3147 5590 imo
3182 5536 3362 5604 corpus
3384 5538 3641 5600 Ecclesiae,
3677 5540 3771 5589 sed
3795 5541 3846 5591 in

2150 5602 2313 5652 benis.
