4148 6190
304 309 333 365 1
346 305 458 365 763

300 440 570 497 Ecclesia:
602 441 1057 507 sacramentum,
1089 454 1207 493 non
1236 438 1288 493 ei
1318 437 1533 493 diceret
1563 436 1867 505 Dominus,
1891 433 2010 491 Tibi

302 532 438 587 dabo
489 533 667 589 claves
713 531 866 603 regni
917 530 1178 586 calorum
1210 544 1229 585 :
1276 544 1625 602 quacumque
1673 527 1903 584 solveris
1950 529 2009 582 in

303 631 470 689 terra,
502 622 682 677 soluta
720 622 880 677 erunt
906 624 953 675 et
986 620 1045 674 in
1074 619 1241 683 creto;
1273 628 1324 673 et
1355 633 1705 689 quascumque
1754 616 2011 688 ligaveris

310 709 367 763 in
400 720 569 775 terra,
600 710 774 783 ligata
803 714 962 766 erunt
984 719 1037 765 et
1071 711 1125 764 in
1150 709 1283 764 coelo
1312 706 1523 779 (Matth.
1547 723 1660 775 xvi,
1688 707 1796 776 19).
1820 705 1879 761 Si
1902 704 2011 758 hoc

303 800 466 855 Petro
497 805 726 856 tantum
771 800 991 855 dictum
1039 802 1148 865 est,
1180 813 1297 852 non
1346 797 1482 852 facit
1511 795 1618 851 hoc
1650 793 1923 850 Ecclesia.
1954 790 2013 847 Si

304 896 499 945 autem
531 894 587 945 et
614 888 674 943 in
708 887 959 945 Ecclesia
989 886 1073 954 ﬁt,
1107 894 1170 941 ut
1199 901 1323 957 qua:
1356 887 1415 941 in
1449 894 1595 942 terra
1644 884 1920 954 ligantur,
1952 879 2012 936 in

306 979 447 1034 ccclo
480 977 758 1051 ligentur,
792 983 848 1034 et
879 993 1006 1048 quas
1052 975 1355 1032 solvuntur
1403 976 1461 1030 in
1513 980 1688 1045 terra,
1720 972 2015 1028 solvantur

302 1067 360 1122 in
395 1067 536 1122 coelo
569 1084 583 1122 :
612 1068 746 1138 quia
779 1083 912 1123 cum
961 1064 1425 1121 excommunicat
1468 1061 1738 1129 Ecclesia,
1770 1062 1828 1117 in
1870 1059 2013 1117 coelo

304 1157 514 1224 ligatur
531 1157 1107 1224 excommunicatus;
1136 1172 1270 1210 cum
1294 1154 1698 1211 reconciliatur
1723 1151 1794 1208 ab
1815 1149 2013 1206 Eccle-

303 1247 406 1314 sia,
442 1247 499 1301 in
549 1246 693 1303 coelo
744 1248 987 1303 solvitur
1037 1245 1492 1303 reconciliatus:
1529 1244 1577 1299 si
1623 1243 1732 1299 hoc
1778 1256 1911 1313 ergo
1949 1240 2011 1296 in

302 1336 558 1392 Ecclesia
589 1335 671 1404 ﬁt,
710 1335 910 1391 Petrus
942 1336 1174 1406 quando
1204 1333 1390 1392 claves
1420 1334 1661 1405 accepit,
1692 1330 2010 1389 Ecclesium

301 1431 563 1482 sanctam
616 1424 981 1496 signiﬁcavit.
1016 1426 1076 1480 Si
1108 1427 1164 1481 in
1215 1422 1368 1479 Petri
1413 1438 1659 1495 persona
1701 1420 2011 1493 signiﬁcati

302 1522 438 1570 sunt
486 1516 545 1570 in
596 1514 845 1570 Ecclesia
892 1514 1048 1581 boni,
1100 1514 1159 1570 in
1208 1514 1365 1570 Judie
1416 1529 1660 1585 persona
1706 1510 2012 1583 signiﬁcati

304 1610 440 1659 sunt
485 1604 545 1659 in
594 1602 846 1659 Ecclesia
897 1602 1073 1671 mali;
1106 1603 1253 1675 ipsis
1302 1601 1522 1658 dictum
1572 1608 1679 1669 est,
1712 1600 1789 1656 Me
1829 1609 2013 1655 autem

301 1710 409 1749 non
442 1708 650 1765 semper
678 1691 967 1749 habebitis.
1001 1693 1149 1758 Quid
1178 1697 1267 1748 est
1296 1692 1473 1752 enim.
1508 1707 1616 1747 non
1666 1704 1876 1761 semper
1896 1690 1921 1742 .9
1950 1687 2013 1743 Et

305 1783 444 1854 quid
477 1792 587 1853 est,
620 1780 899 1854 semper?
930 1783 989 1838 Si
1023 1782 1211 1839 bonus
1256 1799 1338 1847 es,
1372 1784 1419 1838 si
1450 1784 1518 1838 ad
1569 1797 1780 1852 corpus
1832 1778 2011 1850 perti-

306 1889 430 1942 nes,
462 1874 615 1943 quod
666 1871 958 1943 significat
998 1875 1235 1939 Petrus;
1276 1872 1455 1927 habes
1504 1871 1799 1926 Christum
1848 1875 1905 1925 et
1952 1868 2011 1923 in

306 1962 574 2033 praesenti
607 1961 741 2017 etin
776 1963 1009 2017 futuro:
1046 1962 1102 2016 in
1136 1963 1396 2034 praesenti
1422 1977 1521 2032 per
1553 1961 1747 2029 ﬁdem,
1773 1960 1829 2014 in
1866 1976 2011 2031 pra-

305 2052 457 2109 senti
488 2069 589 2124 per
613 2050 867 2122 signum,
902 2052 957 2105 in
992 2052 1257 2124 praesenti
1295 2068 1395 2123 per
1425 2049 1792 2122 Baptismatis
1822 2064 2008 2104 sacra-

307 2148 592 2212 mentum,
630 2143 689 2196 in
730 2143 994 2213 praesenti
1045 2159 1147 2214 per
1188 2142 1386 2197 altaris
1435 2141 1632 2196 cibum
1682 2144 1738 2195 et
1784 2143 2008 2210 potum.

307 2233 493 2289 ilabes
541 2233 833 2288 Christum
885 2231 943 2287 in
994 2231 1289 2304 praesenti,
1323 2230 1422 2287 sed
1474 2230 1712 2286 habebis
1742 2244 2009 2299 semper;

306 2324 445 2395 quia
472 2339 607 2379 cum
640 2322 776 2379 hinc
807 2323 1036 2392 exieris,
1069 2325 1139 2379 ad
1172 2323 1340 2379 illum
1390 2323 1582 2380 venies
1612 2321 1708 2395 qui
1740 2319 1884 2377 dixit
1920 2317 2009 2375 la-

304 2415 480 2479 troni,
511 2412 678 2470 Hodie
725 2430 935 2471 mecum
972 2415 1081 2471 eris
1128 2416 1188 2470 in
1216 2414 1474 2486 paradiso
1521 2412 1676 2483 (Luc.
1708 2426 1866 2478 χχιιι,
1901 2410 2008 2479 43).

306 2506 363 2559 Si
397 2510 592 2562 autem
624 2504 775 2563 male
824 2506 1088 2575 versaris,
1119 2504 1328 2562 videris
1375 2503 1590 2561 habere
1631 2503 1690 2559 in
1740 2499 2012 2575 praesenti

306 2595 622 2664 Christum,
669 2596 807 2667 quia
856 2596 1043 2652 intras
1090 2594 1432 2663 Ecclesium,
1484 2593 1684 2665 signas
1733 2600 1785 2648 te
1846 2590 2010 2662 signo

302 2686 536 2753 Christi,
569 2686 883 2756 baptizaris
916 2686 1203 2756 baptismo
1232 2685 1467 2755 Christi,
1499 2686 1708 2742 misces
1743 2688 1796 2740 te
1827 2698 2010 2738 mem-

304 2775 421 2829 bris
454 2774 687 2842 Christi,
721 2774 949 2831 accedis
978 2774 1050 2829 ad
1098 2772 1281 2830 altare
1328 2772 1542 2829 Christi
1573 2786 1590 2828 :
1632 2772 1690 2829 in
1744 2772 2014 2845 praesenti

306 2863 483 2920 babes
542 2863 860 2930 Christum,
919 2863 1022 2921 sed
1087 2862 1238 2920 male
1297 2862 1539 2921 vivendo
1611 2879 1726 2920 non
1784 2879 2014 2935 semper

306 2952 568 3011 habebis.

378 3047 465 3101 13.
499 3044 696 3101 Potest
724 3049 780 3101 et
818 3044 900 3101 sic
938 3044 1183 3117 intelligi
1216 3060 1231 3102 :
1263 3047 1535 3119 Pauperes
1583 3062 1797 3119 semper
1839 3045 2010 3102 habe-

307 3136 437 3190 bitis
466 3134 762 3203 vobiscum,
794 3152 881 3193 me
902 3144 1084 3193 autem
1112 3151 1223 3192 non
1269 3152 1483 3209 semper
1515 3135 1808 3193 habebitis.
1841 3136 2013 3193 Acci—

305 3228 471 3297 piant
499 3228 609 3283 hoc
640 3233 694 3282 et
725 3228 877 3295 boni,
910 3227 1008 3283 sed
1050 3242 1166 3283 non
1198 3227 1321 3283 sint
1365 3226 1596 3283 solliciti
1625 3244 1637 3283 :
1671 3226 2012 3298 loquebatur

302 3316 461 3372 enim
501 3316 572 3372 de
602 3318 901 3389 praesentia
925 3317 1184 3389 corporis
1215 3316 1327 3373 sui.
1361 3316 1507 3373 Nam
1538 3318 1859 3373 secundum
1893 3335 2011 3374 ma-

296 3406 573 3477 jestatem
620 3423 808 3477 suam,
842 3408 1164 3464 secundum
1205 3406 1650 3480 providentiam,
1682 3406 2008 3464 secundum

303 3496 654 3554 ineﬁabilem
686 3505 739 3553 et
769 3496 1123 3554 invisibilem
1150 3496 1418 3569 gratiam.
1443 3497 1721 3570 impletur
1750 3498 1905 3570 quod
1937 3497 2010 3553 ab

302 3604 368 3645 eo
391 3589 610 3644 dictum
639 3596 746 3659 est,
771 3588 902 3644 Ecce
930 3603 1024 3661 ego
1044 3588 1320 3645 vobiscum
1337 3603 1459 3644 sum
1481 3604 1649 3661 usque
1680 3591 1736 3645 in
1759 3604 2009 3646 consum-

301 3678 603 3736 mationem
649 3680 849 3736 saeculi
888 3680 1095 3751 (Matth.
1128 3696 1325 3749 xsvm,
1354 3680 1468 3752 20).
1502 3679 1834 3735 Secundum
1879 3694 2007 3734 car-

304 3783 436 3824 nem
460 3783 592 3824 vero
614 3784 793 3839 quam
812 3767 1061 3825 Verbum
1077 3768 1751 3841 assumpsit,secundum
1775 3767 1833 3823 id
1856 3768 2010 3839 quod

272 3855 373 3909 Vde
422 3855 660 3925 Virgine
708 3860 881 3911 natus
930 3864 1035 3923 est,
1069 3858 1395 3913 secundum
1446 3857 1503 3913 id
1543 3857 1699 3929 quod
1733 3872 1766 3911 a
1801 3853 2013 3912 Judteis

304 3942 627 4013 prehensus
676 3946 785 4010 est,
817 3945 974 4014 quod
1021 3945 1180 4017 ligno
1228 3946 1513 4015 conﬁxus,
1545 3946 1701 4018 quod
1732 3947 1803 4003 de
1846 3960 2013 4002 cruce

303 4032 623 4103 depositus,
657 4034 807 4105 quod
860 4033 1054 4090 linteis
1103 4034 1415 4102 involutus,
1446 4039 1598 4108 quod
1640 4038 1700 4092 in
1746 4036 2012 4108 sepulcro

304 4125 593 4196 conditus,
646 4125 801 4198 quod
845 4124 906 4181 in
948 4127 1371 4184 resurrectione
1421 4128 1847 4196 manifestatus,
1903 4122 2012 4185 n'on

300 4231 515 4288 semper
532 4216 806 4273 habebitis
852 4218 1146 4273 vobiscum.
1179 4216 1412 4283 Quare?
1443 4217 1728 4283 Quoniam
1775 4232 2011 4274 conver-

300 4313 463 4364 satus
488 4313 575 4366 est
596 4309 918 4366 secundum
942 4310 1197 4381 corporis
1219 4310 1588 4382 praesentiam
1629 4310 2015 4382 quadraginta

300 4398 507 4458 diebus
520 4416 655 4459 eum
675 4400 1139 4474 discipulissuis,
1154 4409 1212 4460 et
1230 4404 1751 4461 eisdeducentibus
1767 4403 2012 4460 videndo

301 4506 417 4547 non
466 4493 787 4563 sequendo,
816 4493 1081 4551 ascendit
1126 4494 1186 4552 in
1233 4495 1443 4553 cmlum
1488 4496 1627 4567 (Act.
1660 4512 1700 4565 ι,
1729 4494 1781 4557 3,
1811 4495 1869 4565 9,
1900 4494 2011 4565 10),

301 4584 359 4635 et
385 4596 500 4636 non
530 4585 620 4637 est
650 4582 765 4639 hic.
800 4582 885 4639 Ibi
934 4588 1027 4640 est
1055 4585 1231 4653 enim,
1258 4586 1425 4643 sedet
1454 4586 1524 4641 ad
1572 4587 1860 4643 dexteram
1894 4586 2012 4641 Pa-

302 4668 444 4725 tris:
476 4673 536 4725 et
564 4668 658 4725 hic
687 4675 799 4739 est,
821 4688 936 4728 non
970 4673 1127 4731 enim
1149 4677 1384 4732 recessit
1413 4676 1719 4747 presentia
1741 4677 2009 4747 majesta-

301 4757 396 4812 tis.
428 4755 609 4814 Aliter
640 4776 653 4814 :
686 4760 1007 4817 secundum
1042 4765 1407 4834 praesentiam
1444 4765 1761 4837 majestatis
1792 4782 2009 4838 semper

301 4848 587 4904 habemus
635 4848 973 4921 Christum;
1006 4857 1329 4912 secundum
1379 4858 1746 4929 praesentiam
1794 4857 2005 4929 carnis,

301 4943 454 4995 recte
482 4937 708 4995 dictum
735 4944 821 4996 est
849 4940 1177 5015 discipulis,
1208 4945 1286 5000 Me
1312 4948 1497 5000 autem
1542 4961 1653 5000 non
1682 4961 1891 5017 semper
1918 4951 2013 5002 ha-

303 5028 525 5087 bebilis.
546 5028 763 5087 Habuit
807 5031 963 5088 enim
993 5031 1161 5090 illum
1204 5034 1462 5092 Ecclesia
1509 5036 1831 5092 secundum
1865 5052 2012 5108 pre-

300 5120 551 5177 sentiam
573 5121 764 5178 carnis
788 5122 989 5193 paucis
1018 5122 1225 5181 diebus
1255 5140 1270 5182 :
1300 5126 1473 5182 modo
1490 5125 1605 5183 ﬁde
1628 5129 1804 5195 tenet,
1828 5127 2012 5184 oculis

301 5222 419 5265 non
461 5210 635 5268 videt.
668 5210 818 5283 Ergo
866 5212 986 5271 sive
1033 5214 1114 5272 ita
1160 5214 1381 5273 dictum
1433 5220 1538 5287 est,
1567 5216 1645 5272 Me
1691 5227 1876 5273 autem
1902 5231 2013 5275 non

301 5312 509 5370 semper
537 5300 828 5373 habebitis,
853 5305 1097 5377 quaestio
1119 5306 1271 5364 sicut
1291 5306 1541 5364 arbitror
1563 5307 1682 5379 jam
1709 5307 1871 5363 nulla
1898 5311 2006 5376 est,

303 5404 430 5456 qua:
456 5390 680 5448 duobus
708 5395 893 5450 modis
923 5396 1115 5454 soluta
1142 5402 1251 5457 est.

377 5476 463 5534 14.
494 5476 709 5535 Caetera
753 5498 880 5554 quas
928 5502 1112 5557 pauca
1160 5496 1478 5559 remanent,
1524 5488 1878 5546 audiamus:
1914 5487 2007 5544 Coo

303 5564 489 5637 gnovit
518 5582 646 5634 ergo
673 5572 832 5627 turba
856 5576 1029 5632 multa
1057 5592 1128 5631 ex
1146 5576 1355 5635 Iudaeis
1385 5580 1519 5649 quia
1541 5578 1668 5636 illic
1695 5583 1769 5635 est
1790 5597 1811 5646 ;
1844 5588 1894 5635 et
1922 5593 2010 5635 ve—

304 5664 526 5726 nerunt,
576 5673 688 5714 non
728 5670 950 5733 propter
994 5667 1173 5721 Jesnm
1224 5675 1462 5735 tantum,
1494 5670 1585 5725 sed
1632 5678 1693 5726 ut
1741 5670 2011 5727 Lazarum

1254 301 1329 363 ΙΝ
1376 300 1702 363 JOANNIS
1746 294 2287 373 EVANGELIUM,
2336 295 2399 354 S.
2447 290 2870 356 AUGUSTINI

3673 287 3831 346 {764

2119 433 2385 501 viderent,
2400 448 2558 504 quem
2579 431 2861 490 suscitavit
2881 433 3042 487 Iesus
3063 444 3099 485 a
3120 428 3374 487 mortuis.
3396 426 3719 486 Curiositas
3739 442 3843 482 eos

2120 524 2378 589 adduxit,
2402 540 2518 579 non
2550 522 2802 579 charitas
2828 538 2843 578 :
2876 523 3179 586 venerunt,
3210 523 3269 575 et
3309 517 3606 577 viderunt.
3628 515 3844 573 Audite

2120 613 2377 671 mirabile
2405 614 2715 671 consilium
2740 613 3036 669 vanitatis.
3060 609 3198 667 Viso
3226 614 3439 667 Lazaro
3471 607 3838 670 resuscitato.

2121 704 2262 775 quia
2289 708 2520 759 tantum
2554 702 2897 761 miraculum
2935 700 3164 758 Domini
3206 705 3370 757 tanta
3398 704 3521 755 erat
3548 698 3843 755 evidentia

2122 794 2516 860 dill‘amatum,
2539 798 2702 849 tanta
2733 791 3208 848 manifestatione
3228 789 3611 858 declaratum,
3636 793 3699 844 ut
3720 804 3838 844 non

2122 888 2361 954 possent
2405 884 2491 939 vel
2524 882 2816 939 occultare
2864 882 3016 953 quod
3050 880 3268 936 factum
3319 884 3429 946 est,
3461 878 3552 936 vel
3602 893 3837 949 negare,

2123 974 2262 1045 quid
2290 973 2633 1029 invenerunt
2674 972 2883 1029 videte.
2919 971 3303 1040 Cogitaverunt
3348 978 3535 1027 autem
3558 969 3838 1042 principes

2120 1063 2457 1119 sacerdotum
2505 1072 2562 1119 ut
2607 1068 2659 1118 et
2704 1063 2975 1117 Lazarum
3037 1060 3446 1131 interﬁcerent;
3490 1059 3623 1131 quia
3671 1059 3842 1116 multi

2117 1162 2347 1227 propter
2368 1154 2529 1209 illum
2548 1152 2779 1209 abibant
2802 1168 2875 1208 ea:
2888 1149 3118 1218 Iudaeis,
3141 1156 3195 1206 et
3223 1149 3516 1207 credebant
3544 1153 3601 1207 in
3630 1151 3837 1208 Iesum.

2122 1242 2166 1297 Ο
2200 1241 2373 1298 stulta
2403 1240 2693 1314 cogitatio,
2719 1248 2774 1298 et
2804 1256 2956 1296 caeca
2979 1238 3236 1297 saevitia!
3268 1238 3547 1297 Dominus
3566 1238 3840 1296 Christus

2121 1333 2219 1402 qui
2252 1333 2537 1389 suscitare
2568 1332 2758 1403 potuit
2788 1338 3108 1397 mortuum,
3141 1346 3255 1386 non
3306 1334 3499 1402 posset
3530 1330 3790 1389 occisum
3813 1328 3843 1383 ‘t

2121 1423 2361 1489 Quando
2394 1422 2605 1478 Lazaro
2637 1420 2974 1478 interebatis
3005 1437 3230 1490 necem,
3262 1420 3552 1490 numquid
3602 1420 3841 1475 aufere-

2122 1512 2271 1567 batis
2292 1512 2538 1568 Domino
2563 1515 2909 1584 potestatem
2930 1511 2957 1565 ?
2986 1512 3044 1565 Si
3066 1512 3224 1567 aliud
3249 1510 3410 1566 vobis
3432 1510 3663 1566 videtur
3683 1523 3842 1565 mor-

2119 1604 2280 1668 tuus,
2303 1599 2465 1656 aliud
2496 1601 2729 1657 occisus
2756 1617 2769 1667 ;
2802 1616 2932 1656 ecce
2955 1601 3242 1657 Dominus
3266 1608 3581 1670 utrumque
3603 1598 3761 1665 fecit,
3785 1603 3843 1654 et

2121 1689 2400 1746 Lazarum
2434 1696 2758 1761 mortuum,
2791 1695 2848 1746 et
2876 1690 3140 1761 scipsum
3170 1689 3483 1745 suscitavit
3511 1689 3797 1745 occisum.

2696 1826 3123 1883 TRACTA'I‘US
3166 1826 3252 1881 LI.

2121 1947 2195 2001 Ab
2226 1964 2285 2002 eo
2329 1946 2467 2018 quod
2496 1950 2760 2019 scriptum
2805 1956 2901 2015 est,
2937 1948 3001 2002 in
3053 1946 3371 2003 crastinum
3421 1950 3617 2004 autem
3665 1947 3841 2003 turba

2194 2040 2381 2094 multa
2410 2054 2540 2109 quae
2574 2043 2804 2094 venerat
2834 2038 2907 2094 ad
2938 2039 3092 2096 diem
3144 2038 3381 2106 festum,
3411 2043 3535 2105 εις..
3567 2053 3739 2111 usque
3766 2037 3841 2092 ad

2193 2128 2270 2198 id,
2301 2129 2357 2183 Si
2390 2129 2523 2201 quis
2568 2129 2708 2186 mihi
2740 2130 3180 2196 ministraverit,
3215 2128 3621 2186 honoriﬁcabit
3666 2128 3839 2183 illum

2193 2218 2361 2276 Pater
2390 2235 2573 2276 meus.
2608 2220 2737 2291 Cap.
2774 2235 2873 2288 xu,
2909 2220 3178 2289 112-26.

2193 2335 2245 2392 1.
2277 2340 2661 2407 Posteaquam
2708 2335 2993 2393 Dominus
3033 2335 3491 2408 quatriduanum
3525 2338 3824 2392 mortuum

2121 2425 2435 2494 suscitavit,
2464 2426 2837 2498 stupentibus
2857 2425 3095 2495 Judaeis,
3118 2431 3175 2483 et
3204 2426 3336 2483 aliis
3358 2442 3561 2483 eorum
3592 2425 3842 2483 videndo

2121 2518 2517 2586 credentibus,
2568 2518 2700 2574 aliis
2761 2518 3071 2575 invidendo
3149 2518 3544 2591 pereuntibus.
3594 2522 3839 2591 propter

2121 2608 2359 2664 odorem
2387 2609 2627 2677 bonum,
2661 2608 2762 2679 qui
2792 2612 2881 2666 est
2912 2609 3041 2665 aliis
3073 2609 3145 2665 ad
3178 2609 3377 2674 vitam,
3409 2608 3542 2666 aliis
3581 2610 3651 2665 ad
3680 2624 3842 2666 mor-

2123 2702 2240 2754 tem
2291 2700 2361 2769 (II
2394 2698 2515 2753 Cor.
2550 2715 2611 2769 ιι,
2648 2700 2774 2769 15);
2810 2703 3187 2770 posteaquam
3218 2699 3522 2757 discubuit
3569 2701 3627 2755 in
3659 2699 3841 2755 domo

2121 2804 2255 2843 cum
2288 2788 2663 2845 recumbente
2692 2789 2926 2857 Lazaro,
2949 2789 3050 2859 qui
3082 2788 3265 2845 fuerat
3287 2794 3555 2845 mortuus
3578 2788 3838 2846 suscita-

2124 2886 2236 2946 tus,
2261 2884 2387 2951 post
2419 2883 2783 2950 unguentum
2815 2879 3063 2935 eﬁ‘usum
3091 2895 3268 2952 super
3299 2880 3474 2952 pedes
3505 2880 3646 2950 ejus,
3682 2879 3843 2935 unde

2124 2971 2332 3026 domus
2364 2969 2535 3025 odore
2561 2968 2845 3041 completa
2876 2975 3001 3038 est;
3035 2974 3415 3041 posteaquam
3448 2985 3653 3026 vanam
3681 2970 3849 3025 saevi-

2120 3062 2281 3129 tiam,
2304 3064 2360 3115 et
2382 3059 2800 3116 stultissimum
2823 3064 2878 3115 et
2900 3058 3409 3115 dementissimum
3433 3059 3626 3116 scelus
3648 3059 3845 3116 Judaei

2120 3150 2293 3206 etiam
2345 3150 2415 3204 de
2444 3148 2757 3204 occidendo
2805 3148 3022 3205 Lazaro
3062 3150 3235 3205 corde
3284 3150 3507 3223 perdito
3556 3166 3845 3222 concepe-

2121 3247 2286 3308 runt;
2311 3240 2381 3294 de
2405 3238 2619 3310 quibus
2642 3238 2917 3294 omnibus
2941 3248 3000 3295 ut
3032 3239 3333 3311 potuimus
3355 3240 3511 3313 quod
3546 3240 3846 3297 Dominus

2119 3329 2299 3398 dedit,
2331 3328 2731 3399 superioribus
2762 3328 3134 3385 sermonibus
3166 3328 3348 3386 locuti
3394 3346 3597 3387 sumus
3630 3347 3644 3387 :
3681 3345 3845 3385 nunc

2119 3418 2381 3475 intendat
2429 3419 2693 3474 Charitas
2756 3424 2969 3488 vestra,
3014 3424 3150 3476 ante
3208 3420 3445 3475 Domini
3505 3420 3843 3492 passionem

2120 3513 2375 3581 quantus
2397 3510 2617 3567 fructus
2636 3510 2968 3581 apparuerit
2986 3510 3413 3581 praedicationis
3430 3511 3574 3581 ejus,
3592 3515 3645 3565 et
3660 3522 3845 3581 quan‘

2122 3606 2210 3654 tus
2237 3615 2371 3669 grex
2397 3598 2591 3655 ovium
2643 3614 2710 3653 ex
2741 3597 2833 3655 his
2863 3614 2988 3669 qua:
3038 3598 3333 3671 perierant
3381 3599 3581 3656 domus
3627 3600 3837 3667 Israel,

2118 3703 2314 3744 vocem
2349 3688 2592 3760 pastoris
2614 3687 2883 3745 audierit.

2188 3780 2242 3835 2.
2276 3778 2335 3834 Si
2368 3778 2520 3835 cnim
2570 3778 2831 3850 loquitur
2860 3777 3263 3851 Evangelium,
3297 3780 3447 3851 quod
3485 3780 3654 3837 modo
3689 3796 3835 3836 cum

2119 3868 2477 3936 recitaretur,
2511 3867 2761 3923 audistis
2786 3868 2872 3922 :In
2901 3870 3206 3924 crastinum
3239 3873 3420 3925 autem
3454 3869 3613 3925 turba
3650 3868 3841 3927 multa

2119 3974 2237 4030 qua:
2270 3958 2582 4013 veneratad
2612 3956 2758 4013 diem
2790 3956 3017 4030 festum,
3048 3974 3170 4014 cum
3202 3961 3484 4015 audissent
3524 3962 3654 4030 quia
3684 3960 3839 4015 venit

2117 4049 2273 4105 Jesus
2317 4046 2746 4118 Jerosolymam,
2792 4057 3113 4119 acceperunt
3165 4064 3350 4107 ramos
3396 4050 3732 4121 palmarum,
3788 4055 3843 4105 et

2119 4145 2496 4211 processerunt
2526 4138 2739 4193 obviam
2786 4136 2857 4200 ei,
2889 4141 2942 4193 et
2992 4138 3331 4206 clamabant,
3363 4138 3634 4204 Hosanna,
3679 4137 3841 4193 bene-

2120 4230 2298 4285 dictus
2345 4230 2445 4301 qui
2476 4229 2623 4286 venit
2657 4232 2715 4285 in
2763 4232 2983 4285 nomine
3030 4231 3267 4299 Domini,
3303 4247 3407 4287 rex
3442 4232 3637 4286 Israel.
3674 4228 3844 4286 Rami

2122 4320 2450 4392 palmarum
2484 4319 2681 4376 laudes
2713 4325 2876 4392 sunt,
2897 4319 3291 4391 signiﬁcantes
3323 4321 3623 4378 victoriam
3652 4339 3665 4389 ;
3700 4320 3843 4391 quia

2122 4414 2247 4465 erat
2276 4409 2563 4465 Dominus
2590 4413 2833 4466 mortem
2864 4409 3164 4466 moriendo
3196 4415 3599 4481 superaturos,
3632 4412 3689 4464 et
3719 4414 3842 4465 tro-

2121 4518 2244 4574 piso
2268 4500 2458 4557 crucis
2480 4501 2551 4556 de
2573 4499 2803 4556 diabolo
2826 4501 3037 4557 mortis
3062 4500 3322 4574 principe
3346 4500 3835 4572 triumphaturus.

2122 4589 2242 4647 Vox
2269 4594 2461 4647 autem
2513 4589 2872 4646 obsecrantis
2902 4594 3010 4651 est.
3044 4590 3332 4657 llosanna,
3364 4589 3517 4646 sicut
3566 4589 3837 4646 nonnulli

2123 4680 2325 4737 dicunt
2342 4679 2442 4752 qui
2459 4680 2750 4736 llebrteam
2766 4679 3028 4752 linguam
3046 4684 3349 4746 noverunt,
3366 4680 3550 4750 magis
3564 4678 3769 4735 affectu
3782 4697 3839 4736 m

2124 4773 2410 4838 indicans,
2436 4786 2611 4842 quam
2645 4786 2767 4825 rem
2797 4769 3054 4842 aliquam
3087 4771 3425 4843 signiﬁcans
3456 4787 3470 4825 :
3514 4771 3669 4825 sicut
3698 4777 3843 4827 sunt

2125 4861 2185 4917 in
2232 4858 2429 4929 lingua
2496 4859 2671 4915 latina
2720 4877 2870 4932 quas
2920 4860 3352 4933 interjectiones
3402 4864 3629 4927 vocant,
3683 4861 3842 4916 velut

2126 4966 2260 5006 cum
2310 4948 2570 5005 dolentes
2612 4949 2884 5019 dicimus,
2918 4948 3079 5005 Heu!
3132 4948 3220 5005 vel
3274 4966 3406 5005 cum
3451 4948 3837 5019 delectamur,

2122 5038 2271 5094 Vah!
2301 5036 2579 5105 dicimus;
2606 5038 2691 5094 vel
2714 5055 2845 5094 cum
2874 5038 3176 5109 miramur,
3202 5040 3474 5107 dicimus,
3499 5037 3542 5094 Ο
3566 5055 3686 5094 rem
3712 5056 3841 5096 ma-

2122 5140 2299 5198 gnam
2330 5121 2344 5178 l
2379 5129 2517 5180 tunc
2548 5124 2728 5191 enim,
2761 5122 2834 5193 Ο,
2869 5123 3014 5181 nihil
3064 5124 3375 5197 signiﬁcat,
3410 5125 3518 5183 nisi
3568 5126 3840 5184 mirantis

2123 5216 2419 5271 aﬁ‘ectum.
2442 5214 2603 5279 Quod
2633 5212 2760 5269 idco
2784 5215 3138 5271 credendum
3171 5222 3259 5272 est
3282 5218 3360 5273 ita
3389 5232 3538 5286 esse,
3565 5218 3708 5290 quia
3738 5235 3839 5275 ne-

2122 5320 2234 5379 que
2267 5303 2520 5371 Graecus,
2553 5319 2743 5375 neque
2779 5303 3014 5360 Latinus
3056 5305 3163 5362 hoc
3196 5305 3563 5379 interpretari
3597 5307 3792 5378 potuit
3822 5324 3836 5364 :

2136 5392 2482 5460 sicutillud,
2517 5392 2622 5461 Qui
2666 5394 2871 5452 dixerit
2926 5398 3095 5468 fratri
3137 5413 3257 5467 suo,
3307 5394 3488 5453 Racha
3534 5396 3749 5466 (Matth.
3787 5415 3842 5465 v,

2118 5485 2231 5557 22).
2256 5482 2399 5540 Nam
2428 5487 2484 5539 et
2514 5482 2637 5539 haec
2659 5483 2985 5558 interjectio
3016 5504 3142 5545 esse
3181 5486 3541 5560 perhibetur,
3562 5485 3841 5544 allectum

2121 5569 2489 5643 indignantis
2521 5573 2858 5631 ostendens.

2189 5664 2245 5718 3.
2298 5661 2607 5718 Benedictus
2650 5669 2845 5722 autem
2888 5670 2983 5739 qui
3031 5671 3176 5727 venit
3225 5671 3282 5726 in
3326 5666 3547 5726 nomine
3593 5669 3841 5740 Domini,
