4148 6190
305 337 456 398 1765

302 488 396 529 res:
425 470 619 542 lsrael,
651 471 736 528 sic
769 470 961 542 potius
992 469 1403 543 accipiendum
1436 479 1545 543 est,
1580 478 1645 531 ut
1674 475 1733 532 in
1765 472 2005 532 nomine

303 559 547 630 Domini,
578 561 635 617 in
670 559 908 618 nomine
941 559 1037 617 Dei
1069 560 1254 618 Patris
1295 562 1658 637 intelligatur
1691 581 1705 621 :
1738 561 2009 638 quamvis

308 649 488 724 possit
515 648 765 722 intelligi
793 650 965 707 etiam
998 650 1056 706 in
1082 650 1316 708 nomine
1346 668 1475 723 suo,
1501 654 1637 727 quia
1664 656 1723 710 et
1750 652 1875 724 ipse
1908 652 2012 708 Do-

303 738 496 796 minus
524 742 635 796 est.
668 737 835 797 Unde
864 746 916 795 ct
947 737 1084 796 alibi
1108 739 1392 813 scriptum
1424 745 1531 811 est,
1567 741 1718 798 Pluit
1747 742 2011 799 Dominus

303 847 330 885 α
358 830 589 887 Domino
621 829 773 900 (Gen.
809 847 925 898 nx,
971 830 1087 903 2t).
1133 830 1246 887 Sed
1276 833 1452 889 verba
1499 833 1628 903 ejus
1658 832 1877 890 melius
1903 848 2011 889 no-

303 924 483 977 strum
513 918 775 993 dirigunt
802 918 1182 989 intellectum,
1230 921 1332 994 qui
1363 922 1482 978 ait:
1517 923 1624 995 Ego
1654 924 1781 978 veni
1809 924 1869 977 in
1908 936 2014 977 no-

299 1011 440 1066 mine
470 1010 658 1066 Patris
701 1010 830 1077 mei,
860 1014 912 1067 et
939 1025 1051 1066 non
1079 1010 1389 1083 suscepistis
1408 1028 1534 1068 me:
1570 1013 1716 1068 alius
1744 1012 1924 1068 veniet
1952 1012 2012 1067 in

299 1102 516 1157 nomine
542 1115 659 1168 suo,
683 1100 829 1156 hunc
847 1097 1161 1171 suseipietis
1193 1101 1378 1173 (Joan.
1422 1117 1477 1173 v,
1505 1102 1616 1173 t3).
1651 1099 2013 1159 Humilitatis

298 1190 454 1249 enim
504 1190 789 1263 magister
819 1193 908 1246 est
936 1187 1229 1255 Christus,
1280 1191 1382 1263 qui
1424 1189 1758 1247 bumiliavit
1806 1196 2014 1247 semet-

303 1282 519 1353 ipsum,
540 1281 730 1338 i'actus
750 1280 1031 1338 obedienc
1056 1296 1242 1353 usque
1264 1281 1335 1337 ad
1360 1284 1626 1348 mortem,
1648 1284 1893 1337 mortem
1913 1298 2017 1337 au-

301 1376 411 1428 tem
440 1370 635 1428 crucis
665 1370 947 1443 (Philipp.
997 1388 1061 1438 ιι,
1099 1370 1178 1441 8).
1231 1370 1354 1427 Non
1388 1371 1585 1444 itaque
1616 1370 1830 1428 amittit
1860 1370 2009 1427 divi-

302 1461 563 1523 nitatem.
596 1461 832 1533 quando
878 1476 986 1518 nos
1029 1461 1195 1517 docet
1244 1459 1625 1518 humilitatem
1658 1476 1674 1519 :
1707 1461 1767 1516 in
1798 1459 1897 1516 illa
1926 1467 2015 1516 est

302 1551 456 1607 Patri
488 1548 749 1624 aqualis,
784 1550 841 1606 in
874 1549 986 1608 hac
1024 1549 1196 1607 nobis
1239 1550 1453 1608 similis
1487 1568 1499 1607 :
1538 1566 1636 1623 per
1666 1551 1818 1623 quod
1857 1549 2007 1606 Patri

303 1645 386 1699 est
415 1641 682 1716 aequalis,
716 1658 821 1699 nos
862 1645 928 1699 ut
958 1658 1225 1698 essemus
1255 1642 1501 1711 creavit;
1535 1657 1636 1713 per
1655 1641 1807 1713 quod
1840 1639 2009 1697 nobis

303 1740 383 1789 est
412 1731 646 1800 similis,
679 1746 749 1788 ne
778 1732 1096 1804 periremus
1118 1731 1381 1788 redemit.

363 1822 413 1877 4.
447 1821 563 1878 Has
592 1823 644 1879 ei
676 1820 875 1879 laudes
897 1822 1073 1878 turba
1101 1821 1349 1889 dicebat,
1384 1824 1658 1889 Hosanna,
1692 1821 2007 1878 benedictus

301 1910 396 1981 qui
421 1913 572 1967 venit
603 1912 663 1967 in
690 1913 912 1968 nomine
934 1912 1169 1982 Domini,
1206 1928 1307 1968 rea:
1344 1912 1536 1968 Israel.
1559 1911 1743 1977 Quam
1777 1926 2005 1968 crucem

300 2002 514 2058 mentis
550 2000 873 2060 invidentia
916 2002 1246 2074 principum
1279 2001 1613 2060 Iudaeorum
1646 2003 1866 2075 perpeti
1898 2017 2008 2074 po-

296 2094 461 2158 terat,
495 2092 728 2164 quando
760 2107 954 2165 regem
975 2108 1149 2149 suum
1177 2090 1475 2148 Christum
1509 2096 1666 2149 tanta
1697 2090 2007 2149 multitudo

297 2178 639 2239 clamabat?
666 2182 777 2239 Sed
809 2182 949 2255 quid
981 2181 1090 2239 fuit
1119 2182 1365 2240 Domino
1397 2198 1591 2255 regem
1624 2197 1753 2239 esse
1783 2180 2007 2237 Israel?

296 2270 437 2334 Quid
473 2286 753 2344 magnum
780 2272 888 2328 fuit
910 2272 1027 2346 regi
1052 2271 1421 2342 seculorum,
1447 2287 1640 2343 regem
1668 2270 1790 2327 fieri
1820 2269 2007 2327 homi-

299 2377 437 2417 num
467 2360 497 2416 ?
526 2360 651 2418 Non
683 2361 834 2419 enim
886 2378 983 2419 rex
1030 2361 1208 2419 Israel
1258 2362 1526 2419 Christus
1557 2363 1629 2419 ad
1660 2360 2006 2433 exigendum

300 2450 609 2519 tributum,
644 2451 728 2507 vel
761 2452 1075 2509 exercitum
1111 2452 1257 2509 ferro
1290 2453 1663 2523 armandam,
1697 2452 2009 2524 hostesque

300 2539 613 2597 visibiliter
641 2540 1015 2599 debellandos
1047 2559 1060 2598 :
1117 2542 1213 2599 sed
1254 2558 1351 2599 rex
1384 2542 1577 2609 Israel,
1609 2542 1761 2613 quod
1794 2547 2010 2597 mentes

301 2637 481 2698 regat,
538 2632 694 2704 quod
727 2633 786 2688 in
816 2637 1099 2691 aeternum
1150 2633 1440 2701 consulat,
1474 2633 1630 2705 quod
1673 2632 1730 2688 in
1764 2646 2008 2703 regnum

302 2719 580 2777 caelorum
616 2722 938 2791 credentes,
964 2730 1288 2795 sperantes,
1312 2726 1690 2793 amantesque
1713 2718 2008 2791 perducat.

301 2809 396 2865 Dei
428 2825 567 2884 ergo
600 2809 780 2867 Filius
810 2811 1050 2884 aequalis
1078 2811 1253 2879 Patri,
1274 2810 1531 2867 Verbum
1557 2827 1658 2883 per
1679 2811 1830 2880 quod
1866 2810 2015 2865 facta

296 2903 454 2968 sunt,
488 2899 710 2969 omnia,
735 2901 888 2974 quod
913 2918 1011 2958 rex
1032 2917 1156 2958 esse
1184 2900 1366 2958 voluit
1388 2900 1586 2971 Israel,
1609 2900 1872 2972 dignatio
1902 2904 2011 2969 est,

299 3006 411 3046 non
429 2991 743 3061 promotio;
764 2990 1451 3047 miserationisindioium
1470 2994 1579 3056 est,
1611 3006 1723 3045 non
1764 2994 2015 3062 potesta-

295 3079 367 3135 tis
399 3085 785 3152 augmentum
814 3083 854 3134 ί.
880 3079 987 3145 Qui
1012 3079 1167 3136 enim
1191 3077 1512 3150 appellatus
1534 3080 1697 3134 estin
1732 3083 1886 3134 terra
1918 3094 2015 3133 rex

295 3168 650 3237 Iudaeorum,
678 3168 739 3224 in
779 3169 939 3225 ctelis
979 3174 1068 3226 est
1112 3168 1392 3224 Dominus
1423 3166 1799 3239 Angelorum.

365 3258 419 3313 5.
455 3258 524 3313 Et
554 3257 767 3313 invenit
805 3258 959 3314 Iesus
1004 3258 1258 3326 asellum,
1299 3261 1348 3312 et
1378 3256 1516 3312 sedit
1544 3272 1706 3328 super
1734 3272 1879 3312 eum.
1913 3256 2016 3313 Hic

301 3347 558 3405 breviter
587 3347 809 3405 dictum
841 3355 926 3403 est
952 3365 965 3403 :
992 3364 1125 3404 nam
1158 3346 1655 3419 quemadmodum
1679 3346 1753 3402 sit
1774 3346 2016 3417 factum,

304 3436 459 3509 apud
478 3435 629 3493 alios
659 3437 1047 3509 evangelistas
1070 3436 1407 3508 plenissime
1430 3434 1645 3507 legitur
1667 3436 2017 3507 (Matth.xxx,

310 3526 475 3593 1—16;
510 3526 675 3581 Marc.
709 3543 787 3595 x1,
834 3527 982 3592 1-11,
1011 3531 1063 3583 et
1107 3527 1231 3582 Luc.
1264 3543 1379 3596 xxx,
1429 3525 1648 3596 29-48).
1699 3524 2021 3583 Adhibetur

307 3620 504 3671 autem
538 3614 676 3671 huic
700 3615 849 3672 facto
873 3615 1274 3689 propheticum
1300 3614 1725 3683 testimonium,
1750 3618 1811 3671 ut
1840 3632 2018 3688 appa-

310 3710 457 3759 reret
482 3702 634 3774 quod
661 3702 1550 3777 maligniprincipesJudaaorum
1568 3718 1700 3758 eum
1726 3718 1842 3759 non
1866 3704 2021 3761 intel-

310 3793 594 3864 ligebant,
623 3791 682 3849 in
718 3809 835 3864 quo
880 3792 1273 3866 implebantur
1317 3810 1440 3864 quae
1488 3791 1775 3861 legebant.
1808 3793 2023 3850 Invenit

308 3900 443 3955 ergo
471 3888 637 3943 Iesus
656 3884 914 3954 asellum,
935 3887 985 3940 et
1013 3883 1152 3941 sedit
1182 3899 1345 3956 super
1372 3900 1497 3940 eum
1535 3901 1553 3938 :
1583 3884 1728 3939 sicut
1758 3884 2023 3955 scriptum

308 3976 401 4041 est,
439 3972 567 4030 Noli
595 3975 811 4044 timere,
843 3975 966 4045 ﬁlia
995 3974 1128 4031 Sion
1154 3991 1173 4029 :
1221 3990 1337 4030 ecce
1370 3991 1470 4029 rex
1497 3977 1625 4029 tuus
1653 3974 1805 4029 venit
1836 3972 2024 4030 sedens

307 4080 472 4134 super
494 4064 717 4137 pullum
751 4065 947 4122 asinae.
972 4063 1035 4119 In
1059 4062 1158 4120 illo
1177 4079 1314 4136 ergo
1336 4061 1550 4135 populo
1568 4067 1692 4119 erat
1715 4060 1836 4119 lilia
1859 4064 2021 4120 Sion:

313 4155 441 4226 ipsa
469 4159 559 4212 est
582 4154 901 4212 Jerusalem
933 4173 1060 4229 quas
1088 4155 1247 4212 Sion.
1280 4155 1347 4212 In
1368 4155 1487 4219 illo,
1513 4155 1776 4228 inquam,
1811 4157 2024 4229 populo

315 4244 561 4316 reprobo
592 4249 653 4300 et
680 4260 849 4312 caeco,
882 4252 1001 4301 erat
1031 4250 1223 4301 tamen
1252 4243 1364 4301 lilia
1398 4244 1560 4314 Sion,
1594 4246 1686 4301 cui
1713 4245 2024 4313 diceretur,

317 4334 440 4389 Noli
459 4335 695 4390 timere:
725 4350 842 4391 ecce
871 4352 971 4391 rex
1017 4341 1145 4390 tuus
1191 4336 1335 4389 venit
1384 4333 1571 4390 sedens
1616 4350 1782 4406 super
1806 4334 2027 4405 pullum

314 4428 511 4483 asine.
546 4424 679 4482 Ilaec
719 4424 839 4481 lilia
872 4425 1009 4482 Sion
1041 4424 1133 4481 cui
1178 4424 1452 4481 divinitus
1494 4424 1608 4481 ista
1638 4425 1933 4495 dicuntur,
1965 4426 2022 4482 in

314 4514 431 4569 illis
460 4517 589 4570 erat
609 4514 815 4571 ovibus
836 4530 965 4586 quas
988 4531 1187 4571 vocem
1212 4513 1461 4585 pastoris
1483 4513 1814 4583 audiebant;
1842 4514 1901 4569 in
1926 4513 2028 4571 illa

313 4609 438 4662 erat
466 4603 849 4661 multitudine
879 4622 1005 4678 quae
1040 4605 1347 4662 Dominum
1382 4603 1704 4661 venientem
1732 4608 1896 4662 tanta
1924 4605 2025 4662 de-

314 4694 546 4752 votione
594 4694 893 4758 laudabat,
940 4698 1102 4752 tanto
1153 4694 1382 4766 agmine
1428 4694 1771 4751 deducebat.
1826 4694 1889 4751 Ei
1938 4694 2029 4751 di-

314 4788 471 4838 ctum
503 4786 618 4854 est,
649 4782 772 4840 Noli
804 4783 999 4840 timere
1028 4800 1048 4839 :
1078 4782 1243 4839 illum
1276 4799 1525 4856 agnosce
1554 4784 1655 4855 qui
1684 4801 1718 4839 a
1749 4787 1805 4839 te
1834 4782 2031 4841 lauda-

315 4874 436 4938 tur,
469 4874 527 4929 et
558 4870 679 4929 noli
710 4871 1001 4945 trepidare
1031 4888 1162 4929 cum
1196 4872 1453 4945 patitur;
1488 4871 1627 4944 quia
1663 4870 1761 4928 ille
1790 4872 2030 4943 sanguis

314 4960 609 5031 tunditur,
670 4977 772 5033 per
801 4977 976 5035 quem
1010 4966 1173 5018 tuum
1207 4960 1481 5017 delictum
1512 4960 1793 5031 deleatur,
1828 4966 1885 5018 et
1914 4962 2033 5019 vita

318 5049 622 5105 reddatur.
672 5050 784 5106 Sed
832 5050 1059 5121 pullum
1104 5050 1279 5107 asina“:
1321 5049 1380 5108 in
1420 5066 1535 5123 quo
1583 5066 1755 5106 nemo
1799 5051 2033 5108 sederat

316 5139 450 5210 (hoc
480 5139 643 5196 enim
675 5140 827 5212 apud
858 5140 1006 5198 alios
1051 5139 1433 5212 evangelistas
1466 5139 1785 5213 invenitur)
1816 5140 2032 5199 intelli-

316 5228 513 5300 gimus
544 5228 830 5302 populum
852 5230 1150 5299 Gentium,
1182 5232 1282 5304 qui
1304 5234 1511 5303 Legem
1539 5230 1764 5287 Domini
1788 5246 1902 5286 non
1936 5247 2035 5287 ac-

315 5324 570 5391 ceperat.
602 5320 845 5377 Asinam
875 5337 1007 5378 vero
1038 5323 1195 5393 (quia
1227 5326 1539 5394 utrumque
1564 5323 1899 5391 jumentum
1922 5322 2033 5378 Do-

318 5411 482 5467 mino
513 5410 840 5467 adductum
888 5414 996 5481 est)
1048 5410 1274 5483 plebem
1325 5411 1451 5482 ejus
1502 5427 1627 5484 quae
1668 5410 1937 5467 veniebat
1966 5426 2034 5468 ex

319 5500 537 5574 populo
563 5500 770 5570 Israel,
794 5518 910 5558 non
928 5501 1269 5559 indomitam
1294 5500 1485 5575 plane,
1506 5502 1604 5559 sed
1630 5518 1757 5575 quae
1781 5516 2035 5575 praisepe

321 5588 553 5649 Domini
589 5591 852 5664 agnovit.

390 5736 411 5769 ι
438 5734 580 5796 Lov.,
613 5736 998 5797 argumentum.
1018 5732 1155 5787 Editi
1187 5734 1272 5788 alii
1305 5740 1356 5789 et
1383 5737 1529 5801 Mam,
1561 5734 1914 5799 augmentum.

1464 337 1939 403 TRACTATUS
1990 335 2083 396 LI.
2132 337 2397 398 CAPUT
2442 337 2576 398 XII.

2956 24 2963 27 Α
2990 22 3375 29 ῌᾲψὴᾙ

3676 336 3831 400 1766

2189 471 2243 527 6.
2280 473 2400 527 limo
2427 487 2537 527 non
2569 474 2935 543 cognoverunt
2977 468 3243 543 discipuli
3272 472 3390 539 eius
3417 470 3662 543 primum
3690 487 3711 529 :
3747 469 3841 530 sed

2121 565 2338 632 quando
2369 562 2711 633 gloriﬁcatus
2744 568 2822 617 est
2859 561 3038 629 Iesus,
3067 561 3125 615 id
3157 564 3268 627 est,
3301 561 3537 633 quando
3566 562 3838 619 virtutem

2121 667 2240 710 suae
2271 651 2710 710 resurrectionis
2740 650 3031 708 ostendit:
3082 654 3212 708 tunc
3240 650 3515 709 recordati
3541 655 3670 708 sunt
3698 650 3835 722 quia

2121 741 2233 798 haec
2260 744 2461 815 scripta
2482 746 2643 798 erant
2670 742 2736 798 de
2766 758 2847 811 eo,
2878 746 2928 798 et
2959 742 3071 797 hac
3099 745 3342 812 [ecerunt
3369 742 3440 808 ei,
3486 742 3544 797 id
3578 745 3683 811 est,
3715 757 3832 798 non

2121 831 2234 889 alia
2265 834 2526 889 fecerunt
2554 831 2626 891 ei.
2662 847 2838 903 quam
2883 830 2985 887 illa
3029 848 3155 904 quae
3196 836 3359 888 erant
3389 831 3607 903 scripta
3636 831 3706 887 de
3737 847 3826 888 eo.

2122 922 2463 980 Recolentes
2494 922 2706 994 quippe
2754 922 3074 978 secundum
3123 921 3510 993 Scripturam,
3541 937 3668 993 quae
3700 929 3836 977 ante

2123 1012 2454 1084 passionem
2488 1010 2738 1081 Domini,
2772 1011 2860 1067 vel
2890 1010 2947 1066 in
2982 1011 3255 1083 passione
3285 1010 3516 1066 Domini
3551 1009 3836 1080 completa

2122 1106 2280 1171 sunt,
2313 1101 2394 1157 ibi
2425 1108 2479 1157 et
2513 1100 2617 1157 hoc
2647 1101 2995 1159 invenerunt
3044 1102 3195 1173 quod
3229 1101 3553 1157 secundum
3602 1099 3833 1171 eloquia

2120 1189 2539 1262 Prophetarum
2571 1190 2626 1245 in
2656 1190 2814 1261 pullo
2844 1191 3021 1246 asinae
3054 1191 3287 1247 sederit.

2190 1279 2246 1332 7.
2280 1280 2667 1335 Testimonium
2703 1294 2836 1348 ergo
2864 1279 3188 1352 perhibebat
3214 1282 3379 1336 turba
3410 1296 3527 1353 qum
3556 1286 3675 1335 erat
3702 1295 3833 1335 cum

2121 1388 2180 1429 eo
2210 1371 2420 1442 quando
2470 1372 2743 1427 Lazarum
2788 1372 2992 1425 vocavit
3022 1370 3087 1426 de
3113 1378 3485 1432 monumento.
3516 1376 3570 1427 et
3599 1371 3830 1427 suscita-

2120 1462 2200 1517 vit
2232 1478 2357 1517 eum
2388 1478 2419 1517 a
2444 1463 2695 1516 mortuis.
2732 1463 3025 1532 Propterea
3046 1465 3098 1517 et
3128 1460 3344 1517 obviam
3373 1461 3521 1517 venit
3564 1464 3617 1518 ei
3647 1462 3833 1530 turba,

2119 1552 2253 1623 quia
2283 1551 2590 1607 audierunt
2616 1566 2740 1606 eum
2770 1550 2964 1621 [coisse
2994 1551 3090 1606 hoc
3118 1550 3361 1622 signum.
3397 1549 3679 1607 Phariseei
3706 1568 3834 1622 ergo

2119 1642 2378 1699 dixerunt
2423 1642 2491 1697 ad
2519 1643 2826 1710 semetipsos
2851 1656 2869 1695 :
2904 1640 3102 1696 Videtis
3125 1640 3258 1712 quia
3287 1640 3431 1696 nihil
3470 1641 3793 1711 proﬁcimus
3813 1643 3838 1694 ξ’

2119 1749 2236 1789 ecce
2263 1731 2499 1787 mundus
2527 1736 2668 1788 totus
2694 1738 2813 1803 post
2846 1747 2973 1786 eurn
2999 1730 3161 1786 abiit.
3196 1730 3396 1786 Turba
3427 1728 3679 1785 turbavit
3713 1736 3831 1785 tur-

2118 1825 2277 1881 bam.
2309 1822 2451 1888 Quid
2484 1828 2680 1877 autem
2715 1820 2957 1890 invides,
2980 1836 3130 1876 czeca
3153 1818 3343 1889 turba,
3381 1820 3518 1892 quia
3542 1822 3673 1891 post
3693 1834 3829 1876 eum

2118 1914 2241 1972 abit
2284 1914 2557 1979 mundus,
2592 1928 2695 1985 per
2724 1927 2898 1985 quem
2933 1912 3121 1968 factus
3151 1915 3240 1967 est
3271 1910 3577 1967 mundus?

2186 2005 2239 2059 8.
2266 2028 2293 2055 (ι
2315 2004 2494 2060 Erant
2524 2012 2720 2059 autem
2754 2002 3014 2059 Gentiles
3039 2001 3304 2074 quidam,
3328 2001 3490 2057 exiis
3510 2001 3607 2072 qui
3631 2017 3833 2058 ascen-

2117 2097 2319 2153 derant
2351 2099 2415 2152 ut
2445 2096 2754 2151 adorarent
2786 2093 2845 2150 in
2883 2093 2976 2149 die
2999 2095 3164 2149 festo.
3191 2092 3259 2148 Hi
3290 2107 3425 2165 ergo
3455 2097 3835 2150 accesserunt

2119 2188 2190 2243 ad
2223 2185 2574 2258 Philippum,
2594 2185 2690 2256 qui
2713 2191 2835 2239 erat
2874 2201 2907 2240 a
2931 2183 3240 2239 Bethsaida
3268 2181 3543 2249 Galilaese,
3577 2189 3632 2238 et
3662 2199 3830 2255 roga-

2116 2280 2259 2334 bant
2288 2294 2442 2342 eum,
2474 2276 2764 2332 dicentes:
2795 2275 3059 2341 Domine,
3090 2274 3358 2329 volumus
3385 2274 3585 2330 Jesum
3609 2272 3826 2330 videre.

2116 2368 2286 2423 Venit
2317 2365 2641 2438 Philippus,
2666 2373 2719 2422 et
2740 2364 2877 2421 dicit
2900 2365 3180 2420 Andreas:
3218 2363 3481 2419 Andreas
3512 2377 3749 2418 rursum
3769 2365 3828 2417 et

2119 2457 2423 2532 Philippus
2447 2458 2648 2513 dicunt
2676 2456 2837 2512 Jesu.
2866 2478 2885 2505 ι
2910 2455 3233 2511 Audiamus
3264 2453 3401 2526 quid
3434 2452 3720 2510 Dominus
3752 2454 3826 2510 ad

2119 2548 2230 2603 ista
2283 2545 2661 2618 responderit.
2712 2545 2855 2601 Ecce
2886 2543 3091 2600 volunt
3142 2559 3274 2599 eum
3305 2542 3488 2599 chmi
3541 2542 3826 2609 occidere,

2119 2637 2378 2694 Gentiles
2412 2636 2604 2691 videre
2645 2650 2660 2691 :
2712 2635 2811 2690 sed
2843 2633 3019 2691 etiam
3056 2632 3138 2689 illi
3170 2648 3238 2688 ex
3283 2632 3505 2689 Judaeis
3536 2637 3697 2687 erant
3729 2630 3834 2702 qui

2121 2728 2474 2796 clamabant,
2500 2725 2819 2782 Benedictus
2845 2726 2942 2797 qui
2960 2727 3108 2779 venit
3128 2724 3183 2779 in
3216 2724 3439 2779 nomine
3460 2723 3713 2788 Domini,
3733 2737 3834 2778 rex

2124 2817 2310 2874 Israel.
2358 2815 2502 2873 Ecce
2549 2813 2632 2870 illi
2667 2830 2736 2871 ex
2782 2813 3253 2879 circumcisione,
3286 2810 3371 2867 illi
3405 2828 3474 2868 ex
3523 2811 3837 2883 praeputio,

2122 2916 2277 2972 velut
2309 2914 2554 2988 parietes
2605 2914 2721 2969 duo
2756 2913 2825 2967 de
2857 2912 3080 2968 diverso
3120 2910 3440 2978 venientes,
3474 2914 3531 2967 et
3560 2909 3618 2965 in
3654 2924 3834 2965 unam

2125 3006 2298 3061 ﬁdem
2330 3004 2545 3062 Christi
2580 3004 2736 3076 pacis
2766 3002 2964 3060 osculo
3008 3006 3421 3059 concurrentes
3454 3016 3470 3057 :
3525 3000 3835 3056 audiamus

2124 3112 2259 3167 ergo
2311 3110 2505 3150 vocem
2555 3092 2763 3165 lapidis
2803 3093 3119 3163 angularia.
3164 3098 3326 3151 Jesus
3372 3099 3588 3158 autem,
3621 3090 3836 3161 inquit,

2126 3184 2403 3255 respondit
2432 3187 2508 3240 eis
2537 3182 2723 3239 dicens
2755 3198 2773 3239 :
2834 3181 2991 3238 Venit
3024 3182 3167 3239 hora
3206 3190 3269 3238 ut
3302 3182 3641 3251 gloriﬁcelur
3670 3181 3841 3235 Filius

2126 3276 2388 3335 hominis.
2420 3274 2524 3332 Hic
2555 3273 2869 3347 quisquam
2920 3272 3162 3329 forsitan
3207 3275 3344 3343 puta
3375 3271 3505 3327 ideo
3536 3288 3595 3327 se
3626 3270 3845 3327 dixisse

2129 3365 2546 3439 glorificatum,
2573 3362 2713 3435 quia
2743 3361 2996 3419 Gentiles
3022 3376 3152 3416 eum
3180 3360 3448 3417 volebant
3469 3360 3685 3415 videre.
3713 3359 3842 3414 Non

2130 3458 2208 3512 ita
2237 3459 2345 3512 est.
2378 3453 2489 3509 Sed
2522 3452 2743 3509 videbat
2776 3451 2934 3523 ipsos
2964 3449 3224 3505 Gentiles
3259 3452 3389 3520 post
3419 3447 3756 3520 passionem
3788 3451 3847 3503 et

2132 3545 2615 3604 resurrectionem
2639 3558 2807 3599 suam
2824 3542 2880 3597 in
2894 3539 3165 3598 omnibus
3187 3538 3456 3611 gentibus
3476 3537 3802 3593 credituros
3828 3551 3845 3594 :

2128 3637 2283 3709 quia,
2317 3635 2470 3691 sicut
2498 3633 2640 3690 dicit
2661 3631 2995 3704 Apostolus,
3015 3632 3251 3689 Caecitas
3273 3646 3343 3686 ea:
3369 3636 3533 3701 parte
3553 3628 3610 3683 in
3636 3627 3803 3683 Israel
3823 3626 3840 3661 ί

2127 3725 2281 3799 facta
2351 3731 2430 3781 est
2492 3723 2659 3779 donec
2712 3720 2990 3794 plenitudo
3061 3719 3312 3775 Gentium
3362 3718 3607 3774 intraret
3662 3717 3837 3788 (liam.

2129 3832 2216 3884 χι,
2245 3816 2353 3885 25).
2389 3814 2468 3869 Ex
2497 3812 2801 3869 occasione
2854 3810 3036 3882 igitur
3090 3810 3337 3865 istorum
3389 3806 3709 3864 Gentilium
3744 3804 3849 3876 qui

2130 3921 2261 3962 cum
2281 3898 3132 3973 viderecupiebant,annuntiat
3148 3899 3399 3955 futuram
3416 3896 3843 3970 plenitudinem

2130 3994 2442 4061 Gentium;
2473 3996 2530 4048 et
2553 3989 2977 4064 promittitjam
2998 3989 3243 4060 jamque
3264 3988 3468 4042 adesse
3496 3986 3695 4041 horam
3720 3983 3848 4056 glo-

2133 4082 2475 4139 rificationis
2524 4097 2665 4148 suae,
2698 4096 2816 4152 qua
2848 4079 2999 4135 facta
3039 4078 3100 4134 in
3150 4074 3335 4143 caelis,
3370 4075 3583 4131 Gentes
3616 4074 3854 4129 fuerant

2131 4173 2455 4229 crediturae.
2492 4170 2651 4228 Unde
2680 4168 3023 4240 praedictum
3046 4170 3153 4233 est,
3178 4166 3442 4221 Eaallare
3475 4180 3638 4234 super
3663 4163 3851 4229 cwlos,

2132 4264 2294 4323 Deus.
2327 4268 2380 4319 et
2409 4278 2572 4333 super
2589 4275 2804 4317 omnem
2836 4263 3041 4314 terram
3071 4256 3248 4325 gloria
3270 4262 3365 4310 tua
3387 4251 3563 4323 (Psal.
3592 4268 3725 4316 cm,
3764 4250 3844 4321 6).

2134 4354 2264 4409 Haec
2294 4356 2381 4408 est
2423 4351 2691 4408 Gentium
2726 4347 3049 4419 plenitudo,
3085 4345 3155 4399 de
3187 4360 3303 4414 qua
3332 4340 3472 4395 dicit
3503 4337 3845 4411 Apostolus,

2135 4444 2366 4503 Ciuitas
2395 4447 2652 4512 exparte
2701 4439 2759 4493 in
2806 4436 2979 4493 Israel
3016 4441 3161 4506 facta
3208 4438 3311 4498 est,
3341 4430 3511 4485 donec
3554 4426 3854 4501 plenitudo

2136 4534 2393 4592 Gentium
2424 4534 2682 4587 intraret.

2203 4624 2258 4678 9.
2288 4621 2395 4678 Sed
2420 4617 2787 4676 altitudinem
2812 4610 3248 4687 glorificationis
3268 4607 3527 4683 oportuit
3549 4611 3610 4665 ut
3642 4623 3856 4678 praece-

2135 4713 2297 4768 deret
2343 4706 2647 4766 bumilitas
2689 4703 2978 4779 passionis
3016 4719 3031 4758 :
3086 4701 3213 4758 ideo
3262 4702 3497 4757 secutus
3562 4697 3853 4767 adjunxit,

2134 4807 2328 4868 Amen,
2358 4815 2520 4854 amen
2549 4796 2666 4852 dico
2697 4795 2864 4860 vobis,
2895 4793 3005 4850 nisi
3017 4808 3254 4865 granum
3274 4791 3539 4861 frumenti
3560 4788 3757 4843 callens
3794 4790 3853 4841 in

2140 4898 2369 4955 terram,
2401 4895 2681 4945 mortuum
2710 4883 2902 4956 fuerit,
2927 4887 3104 4955 ipsum
3131 4883 3309 4938 solum
3332 4883 3513 4935 manet
3539 4897 3555 4933 :
3587 4877 3639 4932 si
3668 4884 3853 4931 autem

2140 4986 2418 5036 mortuum
2437 4979 2633 5050 fuerit,
2664 4975 2902 5031 multum
2922 4975 3167 5043 fructum
3183 4972 3368 5043 aﬂert.
3399 4970 3468 5024 Se
3488 4971 3681 5023 autem
3703 4963 3863 5018 dice-

2141 5072 2256 5129 bat.
2282 5071 2484 5142 Ipsum
2502 5071 2884 5139 eratgranum
2905 5061 3370 5121 mortiﬁcandum
3392 5064 3449 5115 et
3470 5053 3860 5142 multiplican-

2142 5161 2284 5217 dum
2308 5141 2811 5217 imortiﬁcandum
2834 5152 3170 5210 infidelitate
3188 5148 3543 5206 Judaeorum.
3571 5141 3853 5215 multipli-

2143 5250 2397 5307 candum
2429 5248 2542 5303 ﬁde
2573 5245 2949 5319 populorum.

2216 5343 2304 5400 10.
2335 5342 2598 5397 Jamvero
2627 5336 2936 5393 exhortans
2976 5333 3049 5390 ad
3092 5326 3385 5404 passionis
3417 5343 3542 5383 suis
3576 5323 3856 5381 sectanda

2143 5432 2387 5504 vestigia
2427 5445 2443 5486 :
2494 5428 2603 5494 Qui
2649 5432 2825 5493 amat,
2869 5422 3083 5494 inquit,
3131 5421 3384 5475 animam
3430 5432 3609 5481 suam,
3659 5411 3851 5486 perdet

2145 5540 2284 5583 eam.
2314 5518 2477 5585 Quod
2517 5515 2738 5573 duobus
2769 5511 2961 5569 modis
2999 5508 3243 5582 intelligi
3274 5509 3503 5581 potest:
3538 5504 3644 5574 Qui
3672 5511 3851 5572 amat,

2210 5668 2229 5705 ί
2253 5665 2468 5728 Aliquot
2496 5659 2645 5720 Mem,
2678 5671 2741 5707 ea:
2776 5651 3137 5728 pa_rte_lsrael,
3168 5651 3284 5728 sine
3320 5648 3723 5717 prapositione,
3756 5641 3812 5694 in
3837 5658 3855 5705 ;

2150 5715 2286 5795 quae,
2308 5715 2371 5780 et.
2388 5725 2537 5777 abest
2567 5737 2597 5774 a
2632 5715 2806 5787 greco
2840 5722 2990 5770 textu
3023 5715 3285 5781 Apestoli.
