4148 6190
298 314 425 374 1⁸769

292 451 354 506 sit
382 465 506 505 cum
537 449 685 520 ipso.
712 446 859 506 Nam
888 450 945 502 et
974 444 1137 501 illam
1157 442 1475 499 maximam
1500 436 1792 511 passionis
1814 431 1987 490 mini-

294 538 614 595 strationem
670 535 843 593 multi
883 550 950 591 ex
998 537 1189 590 vestro
1238 546 1481 587 numero
1531 526 1983 583 ministrarunt:

302 627 445 683 multi
478 645 595 684 non
620 625 876 698 episcopi
907 640 1094 696 neque
1118 621 1333 691 clerici,
1360 622 1602 690 juvenes
1623 621 1681 672 et
1710 614 1988 685 virgines,

297 718 535 774 seniores
548 714 1053 787 cumjunioribus,
1070 711 1239 768 multi
1263 704 1986 781 conjugatietconjugataz,

296 806 445 862 multi
463 814 659 878 patres
681 809 1015 874 matresque
1038 799 1293 857 familias
1314 798 1537 853 Christo
1564 794 1987 856 ministrantes,

296 898 453 953 etiam
467 896 701 952 animas
724 910 864 950 suas
883 893 939 949 in
957 894 1085 963 ejus
1100 890 1376 960 martyrio
1391 889 1730 961 posuerunt,
1744 882 1990 939 ethono-

296 987 543 1044 riﬁcante
576 986 741 1042 Patre
775 999 1025 1041 coronas
1054 978 1513 1054 gloriosissimas
1545 978 1901 1047 receperunt.

833 1085 1266 1145 TRACTATUS
1306 1086 1418 1141 LII.

297 1184 365 1240 Ab
393 1200 449 1241 eo
475 1185 623 1256 quod
667 1181 937 1253 scriptum
980 1184 1082 1247 est,
1134 1178 1299 1233 Nunc
1343 1175 1541 1232 anima
1589 1187 1720 1227 mea
1757 1169 1992 1225 turbata

354 1278 437 1330 est
467 1291 482 1342 ;
514 1278 573 1330 et
604 1271 745 1343 quid
779 1271 972 1326 dicam
1004 1266 1032 1322 ἵ
1064 1281 1232 1337 usque
1262 1264 1333 1322 ad
1367 1262 1447 1331 id,
1483 1262 1611 1319 llaec
1642 1260 1870 1316 locutus
1899 1260 1990 1314 est

353 1364 541 1429 Jesus,
591 1366 648 1417 et
679 1360 841 1430 abiit,
893 1362 951 1415 et
996 1355 1306 1414 abscondit
1352 1370 1416 1410 se
1464 1354 1535 1409 ab
1584 1351 1688 1408 eis.
1724 1350 1853 1419 Cap.
1886 1363 1988 1414 xu,

363 1455 414 1523 ᾗ.
442 1452 638 1507 27—36.

361 1572 407 1625 t.
436 1569 753 1637 Postquam
786 1563 1067 1620 Dominus
1087 1562 1260 1619 Jesus
1286 1560 1553 1615 Christus
1579 1555 1767 1613 verbis
1800 1553 1994 1609 lectio-

297 1659 379 1715 nis
410 1658 687 1714 hesterna:
720 1654 1024 1709 ministros
1060 1668 1200 1707 suos
1227 1654 1285 1705 ut
1317 1648 1573 1720 seipsum
1608 1646 1994 1716 sequerentur

296 1750 541 1805 hortatus
570 1749 679 1809 est,
714 1759 844 1799 eum
892 1743 973 1797 ita
1023 1740 1376 1812 praedixisset
1417 1736 1747 1808 passionem
1799 1746 1991 1799 suam,

300 1837 436 1910 quod
457 1832 570 1890 nisi
593 1847 840 1904 granum
857 1829 1130 1885 frumenti
1154 1828 1368 1883 cadens
1384 1826 1441 1880 in
1470 1835 1679 1881 terram
1697 1825 1991 1878 mortuum

298 1926 480 1995 fuerit,
512 1924 704 1978 solum
734 1924 964 1989 manet;
996 1919 1045 1975 si
1079 1925 1269 1974 autem
1298 1920 1595 1971 mortuum
1629 1913 1821 1977 fuerit,
1851 1908 1997 1965 mul-

300 2022 419 2071 tum
453 2014 708 2069 fructum
743 2011 906 2068 atl‘ert
939 2026 952 2064 :
1007 2009 1103 2063 ubi
1151 2007 1421 2062 excitavit
1451 2022 1568 2074 eos,
1624 2004 1719 2075 qui
1751 2019 1885 2059 eum
1923 1998 1997 2056 ad

300 2119 529 2177 regnum
553 2101 833 2158 ccelorum
859 2098 1025 2170 sequi
1047 2096 1278 2158 vellent,
1298 2099 1362 2150 ut
1383 2096 1640 2150 animam
1657 2107 1821 2148 suam
1847 2089 1995 2147 odis-

304 2199 427 2251 sent
455 2195 515 2248 in
547 2192 659 2248 hoc
688 2190 933 2255 mundo,
963 2186 1011 2243 si
1045 2203 1171 2243 eam
1206 2186 1265 2241 in
1297 2185 1471 2240 vitam
1504 2190 1776 2240 aeternam
1810 2184 2001 2237 custo-

300 2285 414 2341 dire
472 2283 841 2356 cogitarent:
901 2280 970 2334 ad
1022 2282 1279 2334 nostram
1334 2292 1537 2331 rursus
1594 2272 1998 2329 inﬁrmitatem

294 2393 459 2432 suum
487 2371 829 2444 temperavit
858 2369 1150 2435 atl'ectum,
1182 2376 1234 2424 et
1278 2366 1381 2435 ait,
1432 2366 1585 2421 unde
1631 2364 1795 2421 lectio
1825 2362 1997 2433 coepit

300 2465 596 2532 hodierna,
629 2465 787 2518 Nunc
816 2460 1014 2514 anima
1038 2474 1159 2513 mea
1189 2457 1409 2511 turbata
1439 2464 1536 2511 est.
1571 2452 1734 2510 Unde
1770 2452 2004 2507 turbata

292 2566 393 2622 est,
425 2553 690 2621 Domine,
726 2549 921 2606 anima
953 2553 1050 2604 tua
1080 2546 1108 2602 ?
1138 2546 1345 2618 Nempe
1380 2545 1551 2617 paulo
1602 2547 1736 2599 ante
1784 2540 2006 2610 dixisti,

295 2647 393 2715 Qui
412 2643 527 2700 odit
553 2644 801 2697 animam
822 2655 985 2694 sitam
1009 2640 1069 2692 in
1093 2637 1192 2692 hoc
1215 2634 1436 2704 mundo,
1458 2637 1513 2691 in
1540 2635 1709 2689 vitam
1735 2639 2007 2689 .rternum

296 2734 525 2791 custodit
546 2747 689 2787 eam.
724 2730 871 2802 Ergo
904 2731 1102 2784 anima
1131 2730 1233 2781 tua
1266 2726 1323 2781 in
1357 2725 1466 2781 hoc
1509 2725 1725 2779 mundo
1760 2728 2009 2786 amatur,

310 2828 427 2882 ideo
457 2824 733 2878 turbatur
762 2819 1028 2875 veniente
1062 2817 1204 2872 hora
1234 2833 1349 2887 qua
1378 2832 1446 2870 ex
1470 2815 1577 2870 hoc
1609 2816 1826 2869 mundo
1857 2827 2016 2883 egre-

310 2916 499 2970 diatur
519 2912 547 2967 ‘I
579 2911 721 2976 Quis
755 2910 862 2965 hoc
887 2909 956 2963 de
979 2908 1173 2963 anima
1197 2904 1424 2961 Domini
1450 2904 1656 2959 audeat
1680 2902 1971 2958 afﬁrmare
1989 2901 2017 2955 ’ἶ

320 3004 422 3059 Sed
483 3018 592 3057 nos
651 3000 711 3054 in
770 3014 830 3053 se
860 2996 1181 3058 transtulit,
1218 3010 1323 3050 nos
1360 2993 1419 3049 in
1472 3009 1532 3048 se
1562 2992 1820 3062 suscepit
1850 2993 2022 3061 caput

322 3097 604 3155 nostrum,
629 3089 1019 3144 membrorum
1054 3100 1289 3141 suorum
1326 3081 1584 3152 suscepit
1614 3080 1881 3137 affectum
1917 3094 1933 3133 :
1965 3078 2024 3133 et

319 3184 439 3237 ideo
466 3197 587 3235 non
610 3182 700 3233 est
728 3177 798 3232 ab
829 3176 1026 3246 aliquo
1059 3176 1354 3229 turbatum
1384 3190 1397 3238 ;
1432 3171 1529 3226 sed
1554 3170 1707 3225 sicut
1730 3170 1799 3224 de
1820 3168 1916 3223 illo
1935 3167 2023 3221 di-

320 3280 470 3326 ctum
501 3273 619 3335 est,
653 3282 784 3321 cum
824 3264 1098 3319 Lazarum
1131 3263 1459 3329 suscitaret,
1500 3258 1741 3316 turbavit
1771 3257 2023 3328 semetip-

315 3378 430 3416 sum
460 3360 642 3429 (Joan.
674 3373 753 3425 χι,
784 3355 897 3425 33).
934 3353 1260 3425 Oportebat
1283 3351 1437 3407 enim
1465 3359 1524 3405 ut
1557 3366 1710 3405 unus
1742 3348 2028 3403 mediator

316 3452 411 3507 Dei
467 3457 525 3505 et
577 3446 885 3501 hominum
943 3445 1118 3498 homo
1176 3441 1443 3498 Christus
1491 3440 1686 3507 Jesus,
1738 3439 1890 3493 sicut
1922 3451 2026 3491 nos

318 3537 590 3597 excitavit
621 3536 691 3590 ad
744 3550 997 3600 summa,
1057 3532 1132 3586 ita
1181 3532 1489 3587 nobiscum
1524 3534 1818 3601 pateretur
1848 3532 1904 3583 et
1932 3527 2029 3581 in-

326 3630 458 3683 flma
482 3629 525 3680 ¹.

384 3717 437 3769 2.
473 3712 664 3770 Audio
698 3709 962 3782 superius
993 3710 1309 3773 dicentem,
1356 3707 1513 3762 Venit
1554 3707 1685 3761 hora
1717 3712 1778 3761 ut
1814 3705 2029 3777 gloriﬁ-

323 3811 472 3862 cetur
505 3804 690 3859 Filius
721 3801 953 3856 hominis
982 3815 1002 3855 :
1034 3799 1083 3853 si
1134 3797 1525 3867 mortiﬁcatum
1570 3799 1741 3867 fuerit
1771 3811 2027 3866 granum,

327 3895 561 3950 multum
590 3894 835 3963 fructum
867 3887 1046 3960 affert.
1074 3887 1279 3954 Audio,
1318 3885 1433 3958 Qui
1460 3886 1573 3941 odit
1602 3888 1846 3939 animam
1875 3900 2034 3938 suam

326 3984 384 4039 in
412 3985 515 4039 hoc
575 3978 802 4043 mundo,
854 3980 915 4033 in
960 3980 1134 4033 vitam
1177 3984 1442 4034 wternam
1485 3976 1720 4031 custodit
1749 3992 1887 4030 eam.
1921 3973 2034 4029 Nec

326 4074 630 4145 permittor
689 4069 1085 4125 tantummodo
1136 4067 1358 4135 mirari,
1395 4068 1491 4123 sed
1537 4067 1749 4137 jubeor
1798 4064 2032 4120 imitari.

329 4164 551 4220 Deinde
582 4160 967 4232 sequentibus
1023 4158 1235 4225 verbis,
1288 4156 1347 4213 Si
1403 4158 1523 4228 quis
1552 4155 1693 4211 mihi
1725 4155 2034 4214 ministrat.

330 4270 414 4309 me
444 4258 751 4322 sequatur;
780 4255 831 4305 et
861 4247 958 4304 ubi
978 4263 1096 4302 sum
1127 4262 1242 4318 ego,
1272 4249 1351 4302 ibi
1368 4256 1417 4303 et
1448 4246 1696 4301 minister
1714 4261 1866 4300 meus
1894 4246 2038 4310 erit;

329 4343 624 4397 mundum
656 4344 1032 4395 contemnere
1062 4339 1364 4403 accendor,
1396 4346 1447 4391 et
1479 4336 1536 4390 in
1569 4338 1880 4404 conSpectu
1909 4347 2037 4386 meo

328 4431 472 4487 nihil
510 4438 605 4485 est
624 4428 753 4483 vitae
788 4428 966 4497 hujus
998 4431 1176 4493 totus,
1222 4424 1648 4497 quantumlibet
1690 4422 1862 4479 fuerit
1902 4436 2040 4492 pro-

326 4521 506 4585 lixus,
545 4534 724 4590 vapor
755 4534 770 4584 ;
805 4532 919 4588 prie
952 4531 1149 4571 amore
1172 4520 1512 4570 sternorum
1534 4512 1875 4584 temporalia
1900 4510 2038 4566 mihi

328 4616 547 4669 cuncta
568 4609 854 4665 vilescunt
888 4624 900 4663 :
934 4612 991 4663 et
1021 4622 1225 4662 rursus
1255 4605 1449 4677 ipsum
1476 4603 1785 4659 Dominum
1822 4618 2042 4669 meum,

327 4702 432 4772 qui
466 4715 565 4755 me
586 4698 705 4754 illis
737 4696 927 4753 verbis
943 4697 1013 4751 ab
1045 4695 1383 4750 inﬁrmitate
1403 4711 1529 4749 mea
1556 4693 1749 4765 rapuit
1779 4693 1853 4749 ad
1874 4691 2042 4748 firmi—

330 4797 516 4847 tatem
552 4803 746 4853 suam,
777 4786 950 4843 audio
1000 4785 1312 4852 dicentem,
1362 4785 1514 4841 Nunc
1560 4784 1753 4839 anima
1782 4799 1906 4837 mea
1938 4786 2049 4836 tur-

330 4880 471 4935 bata
500 4886 608 4933 est.
631 4876 777 4942 Quid
798 4880 887 4931 est
908 4875 1016 4930 hoc
1036 4875 1064 4928 ?
1094 4874 1390 4939 Quomodo
1414 4872 1578 4944 sequi
1594 4872 1770 4942 jubes
1792 4872 2047 4927 animam

330 4985 559 5035 meam,
582 4967 633 5022 si
666 4965 886 5021 turbari
909 4963 1075 5019 video
1097 4965 1355 5019 animum
1379 4966 1536 5017 tuam
1559 4961 1587 5016 ?
1615 4960 1909 5032 quomodo
1932 4975 1999 5015 su
2013 4957 2053 5013 f-

329 5061 518 5117 feram
557 5058 711 5128 quod
743 5070 911 5126 grave
933 5058 1091 5111 tanta
1122 5052 1368 5109 firmitas
1399 5050 1619 5108 sentit?
1648 5050 1819 5122 quale
1851 5049 2056 5104 funda-

328 5155 607 5206 mentum
666 5163 945 5219 qureram,
978 5146 1026 5202 si
1072 5151 1234 5215 petra
1278 5143 1611 5200 succumbit
1640 5142 1668 5197 Ῡ
1716 5143 1827 5197 Sed
1860 5141 2057 5196 videor

326 5240 478 5295 mihi
511 5238 718 5294 audire
760 5236 819 5291 in
856 5235 1209 5307 cogitatione
1252 5251 1377 5290 mea
1434 5232 1881 5304 respondentem
1918 5229 2057 5285 mihi

337 5329 696 5397 Dominum,
741 5331 799 5382 et
826 5324 1258 5397 quodammodo
1291 5324 1597 5379 dicentem.
1634 5321 1817 5392 Magis
1847 5334 2063 5392 seque-

334 5417 447 5485 ris,
483 5418 629 5490 quia
660 5417 748 5472 sic
785 5430 875 5470 me
906 5415 1210 5485 interpono
1235 5416 1299 5469 ut
1321 5412 1609 5468 sutl'eras:
1643 5410 1857 5466 audisti
1901 5410 1973 5465 ad
2012 5414 2065 5464 te

334 5524 550 5567 vocem
586 5504 948 5563 fortitudinis
974 5520 1137 5569 mete,
1165 5502 1299 5559 audi
1332 5502 1389 5558 in
1415 5517 1506 5558 me
1537 5517 1732 5558 vocem
1757 5498 2066 5557 inﬁrmita-

418 5630 435 5662 ι
465 5627 521 5676 ln
557 5623 814 5675 omnibus
845 5636 1009 5685 prope
1041 5621 1187 5682 Mem,
1220 5622 1493 5684 pateretur
1521 5623 1569 5669 et
1604 5619 1831 5682 inﬁrma.

697 5744 964 5803 Panos.
1012 5736 1245 5799 XXXV.

1468 296 1931 365 TRACTATUS
1980 292 2103 355 LII.
2151 290 2405 354 CAPUT
2448 289 2583 351 ΧΠ.

3634 278 3793 341 17Ἳο

2094 430 2171 485 tis
2201 430 2313 483 tuae
2344 442 2357 483 :
2392 425 2542 484 vires
2572 436 2816 492 suggero
2848 422 2913 474 ut
2959 430 3181 481 curras,
3230 428 3335 469 nec
3368 410 3617 483 reprimo
3649 407 3801 480 quod

2095 517 2418 581 acceleras;
2452 514 2549 570 sed
2576 510 2860 568 transfero
2883 509 2940 563 in
2974 521 3063 562 me
3094 502 3253 575 quod
3275 500 3551 573 trepidas,
3576 502 3633 555 et
3662 497 3802 554 sub-

2093 615 2293 663 sterno
2325 622 2442 677 qua
2463 608 2740 658 transeas.
2768 598 2810 654 0
2842 597 3086 652 Domine
3121 592 3426 655 mediator,
3448 588 3601 644 Deus
3625 601 3805 657 supra

2094 714 2225 764 nos,
2285 695 2461 751 homo
2516 695 2751 763 propter
2826 702 2957 755 nos,
3024 697 3269 754 agnosco
3345 674 3802 735 misericordiam

2095 792 2254 843 tuam
2290 784 2304 840 ι
2342 800 2472 841 nam
2507 783 2658 854 quod
2692 784 2753 834 tu
2788 781 2988 834 tantus
3029 779 3139 829 tum
3183 769 3482 828 charitatis
3510 765 3809 823 voluntate

2095 876 2373 943 turbaris,
2407 852 2620 929 multos
2651 869 2710 924 in
2738 881 2975 936 corpore
3002 868 3103 919 tuo
3136 860 3236 932 qui
3276 875 3395 915 suae
3444 852 3810 912 inﬁrmitatis

2098 962 2446 1021 necessitate
2479 959 2807 1022 turbantur,
2842 968 2915 1009 ne
2942 949 3307 1021 desperando
3339 947 3582 1018 pereant
3609 956 3811 999 conso-

2096 1053 2260 1111 laris.

2167 1143 2221 1198 3.
2271 1139 2534 1210 Denique
2566 1137 2740 1192 homo
2789 1132 2883 1204 qui
2917 1130 3082 1201 sequi
3129 1126 3272 1194 vult,
3324 1123 3519 1181 audiat
3567 1136 3686 1192 qua
3713 1135 3809 1175 se-

2099 1208 2606 1304 quatur.Accessit
2621 1227 2763 1280 forte
2782 1222 2924 1277 hora
2955 1215 3256 1284 terribilis,
3286 1212 3635 1286 proponitur
3653 1208 3810 1279 Optio

2097 1296 2198 1376 aut
2240 1316 2515 1374 faciendis
2566 1309 2919 1382 iniquitatis,
2964 1312 3064 1362 aut
3121 1302 3442 1361 subeunda
3475 1296 3811 1372 passionis;

2099 1409 2369 1466 turbatur
2398 1404 2593 1461 anima
2614 1401 2869 1465 inﬁrma,
2895 1400 3125 1467 propter
3148 1407 3323 1464 quam
3348 1392 3556 1462 sponte
3580 1385 3816 1441 turbata

2097 1499 2397 1557 estanima
2418 1494 2674 1553 invicta:
2709 1503 2976 1561 przepone
2997 1491 3111 1541 tuas
3143 1482 3426 1540 voluntati
3452 1478 3811 1534 voluntatem

2100 1587 2222 1644 Dei.
2250 1583 2486 1641 Attende
2507 1582 2661 1638 enim
2695 1576 2833 1649 quid
2859 1574 3067 1632 deinde
3089 1570 3412 1640 subjungat
3432 1570 3655 1621 creator
3674 1568 3813 1618 tuus

2102 1683 2159 1734 et
2189 1675 2471 1747 magister
2502 1676 2661 1736 tuus,
2695 1667 2797 1739 qui
2826 1670 2882 1721 te
2916 1663 3068 1730 fecit,
3096 1664 3154 1716 et
3186 1664 3251 1715 ut
3280 1663 3335 1714 te
3364 1657 3599 1712 doceret
3628 1652 3816 1707 factus

2101 1772 2193 1825 est
2221 1741 2433 1837 etipse
2463 1761 2618 1833 quod
2654 1758 2788 1813 fecit
2822 1772 2834 1809 :
2864 1755 3037 1810 homo
3060 1752 3214 1807 enim
3247 1750 3438 1804 factus
3471 1748 3562 1801 est
3581 1741 3681 1813 qui
3712 1742 3814 1796 ho-

2103 1857 2319 1913 minem
2354 1832 2525 1918 fecit;
2579 1849 2677 1904 sed
2710 1847 2864 1902 Deus
2908 1837 3431 1907 incommutabilis,
3474 1832 3707 1895 mansit,
3762 1834 3820 1883 et

2106 1945 2407 2002 hominem
2441 1942 2500 1996 in
2534 1938 2742 1995 melius
2764 1930 3164 1992 commutavit.
3189 1926 3340 1983 Audi
3361 1939 3497 1994 ergo
3519 1919 3659 1994 quid
3684 1918 3820 1974 inde

2104 2036 2446 2106 subjungat,
2479 2045 2608 2085 cum
2670 2025 2934 2091 dixisset,
2987 2022 3140 2077 Nunc
3196 2017 3383 2073 anima
3433 2028 3555 2067 mea
3600 2008 3824 2064 turbata

2105 2100 2297 2183 estdEt
2326 2100 2458 2194 quid
2478 2121 2679 2183 dicam,
2714 2116 2903 2187 inquit
2931 2113 2958 2167 ‘?
2989 2113 3173 2176 Pater,
3212 2107 3464 2175 salvi/ica
3496 2119 3580 2158 me
3622 2116 3691 2156 ex
3722 2100 3827 2154 hac

2107 2217 2242 2271 hora
2260 2233 2275 2277 ;
2292 2212 2381 2268 sed
2408 2215 2697 2284 propterea
2720 2206 2844 2261 veni
2862 2205 2919 2259 in
2943 2202 3083 2257 hanc
3105 2199 3321 2253 horam.
3348 2197 3533 2261 Pater,
3555 2188 3815 2258 clariﬁca

2107 2321 2310 2361 nomen
2330 2280 2508 2359 tuum.
2532 2299 2740 2355 Docuit
2764 2300 2818 2352 te
2838 2292 2980 2365 quid
3002 2289 3241 2361 cogites,
3258 2284 3456 2341 docuit
3472 2280 3610 2353 quid
3633 2280 3819 2345 dicas,

2110 2411 2283 2469 quem
2316 2394 2569 2457 invoces,
2604 2388 2663 2442 in
2696 2402 2812 2458 quo
2844 2398 3062 2455 speres,
3105 2378 3272 2448 cujus
3302 2373 3663 2431 voluntatem
3695 2383 3817 2423 cer-

2110 2461 2231 2545 tam
2251 2488 2428 2554 atque
2445 2479 2701 2535 divinam
2727 2482 2837 2532 tum
2860 2468 3140 2528 voluntati
3162 2468 3430 2522 humanm
3453 2461 3819 2528 inﬁrmaque

2116 2547 2439 2650 praeporias.
2473 2569 2601 2624 Non
2652 2565 2781 2621 ideo
2823 2562 2925 2618 tibi
2975 2559 3242 2615 videatur
3297 2570 3363 2610 ex
3411 2552 3529 2608 atto
3558 2547 3823 2611 deficere,

2117 2638 2257 2737 quia
2286 2672 2337 2718 te
2368 2660 2491 2715 vult
2513 2659 2583 2713 ab
2608 2658 2722 2711 imo
2746 2652 3045 2725 prolicere.
3071 2648 3216 2702 Nam
3240 2650 3298 2700 et
3321 2640 3531 2698 tentari
3550 2638 3829 2709 dignatus

2119 2730 2209 2814 est
2239 2772 2273 2810 a
2302 2751 2557 2815 diabolo,
2588 2766 2623 2804 a
2652 2762 2763 2817 quo
2796 2742 2996 2813 utique
3027 2740 3075 2795 si
3109 2736 3288 2793 nollet
3318 2750 3433 2789 non
3476 2730 3825 2788 tentaretur,

2123 2843 2618 2919 quemadmodum
2644 2838 2694 2892 si
2721 2834 2897 2891 nollet
2927 2848 3041 2886 non
3073 2827 3474 2900 patereturzet
3492 2837 3559 2877 ea
3581 2832 3829 2890 respon-

2124 2915 2211 2993 dit
2240 2932 2492 2999 diabolo,
2545 2945 2671 2999 qure
2704 2932 2763 2981 tu
2799 2925 2855 2978 in
2899 2918 3313 2976 tentationibus
3356 2915 3567 2970 debeas
3600 2922 3832 2978 respon—

2127 3029 2262 3083 dere
2292 3022 2509 3090 (Matth.
2545 3035 2623 3085 IV,
2657 3016 2828 3085 1-10).
2879 3013 2945 3067 Et
2992 3012 3089 3066 ille
3136 3008 3373 3080 quidem
3420 3006 3674 3059 tentatus
3723 3001 3833 3061 est,

2130 3113 2231 3170 sed
2284 3086 2397 3165 non
2450 3103 2861 3178 periclitatus;
2919 3103 2982 3153 ut
3040 3099 3273 3151 doceret
3326 3093 3470 3148 tein
3517 3086 3839 3144 tentationc

2131 3198 2552 3273 periclitantem
2616 3189 2885 3247 tentatori
2928 3185 3295 3255 respondere,
3330 3188 3382 3236 et
3426 3182 3554 3249 post
3584 3177 3837 3230 tentato-

2135 3306 2252 3347 rem
2286 3303 2400 3343 non
2435 3285 2540 3351 ire,
2572 3282 2671 3338 sed
2704 3280 2774 3334 de
2805 3274 3063 3350 periculo
3097 3268 3433 3327 tentationis
3464 3265 3641 3321 exire.
3681 3262 3844 3315 Sicut

2136 3383 2330 3435 autem
2385 3375 2475 3431 hic
2533 3370 2697 3438 dixit,
2757 3369 2913 3424 Nunc
2968 3364 3161 3419 anima
3190 3375 3308 3415 mea
3366 3356 3592 3411 turbata
3620 3358 3720 3415 est,
3764 3350 3842 3403 ita

2136 3468 2310 3526 etiam
2346 3465 2445 3521 ubi
2477 3461 2637 3530 dicit,
2670 3457 2858 3513 Tristis
2893 3460 2970 3510 est
3028 3453 3221 3507 anima
3250 3462 3372 3501 mea
3400 3456 3568 3513 usque
3599 3438 3667 3495 ad
3696 3452 3843 3492 mor-

2136 3566 2245 3614 tem
2273 3575 2292 3621 ;
2320 3562 2394 3615 et.
2427 3528 2690 3617 Pater,“
2717 3547 2841 3616 ﬁeri
2867 3546 3056 3615 potest,
3088 3539 3327 3595 transeat
3348 3550 3380 3587 a
3409 3547 3492 3587 me
3521 3530 3671 3585 calix
3702 3528 3841 3581 iste:

2140 3646 2389 3703 hominis
2420 3639 2675 3710 suscepit
2704 3633 3102 3691 infirmitatem
3137 3628 3175 3699 ί,
3213 3634 3272 3681 ut
3304 3625 3506 3678 doceat
3528 3618 3609 3674 sic
3637 3614 3844 3673 contri—

2137 3743 2352 3794 statum
2387 3741 2440 3790 et
2471 3729 2879 3788 conturbatum
2915 3722 3065 3795 quod
3094 3716 3360 3787 sequitur
3376 3714 3586 3779 dicere,
3622 3710 3851 3766 Verum—

2138 3835 2321 3883 tamen
2374 3838 2485 3879 non
2540 3817 2686 3891 quod
2746 3831 2839 3886 ego
2889 3814 3030 3880 voto,
3080 3810 3169 3866 sed
3207 3804 3350 3878 quod
3399 3814 3463 3858 tu
3518 3800 3623 3867 vis,
3684 3802 3851 3853 Pater

2141 3916 2249 3985 (Id.
2283 3928 2435 3979 xxvr,
2467 3886 2612 3965 38-et
2642 3907 2757 3976 39).
2809 3904 2904 3959 Sic
2950 3904 3100 3957 enim
3148 3897 3324 3954 homo
3366 3895 3437 3950 ab
3479 3888 3757 3947 humanis
3789 3886 3850 3940 iu

2142 3976 2338 4061 divina
2361 3976 2654 4071 dirigitur,
2685 4012 2819 4051 cum
2846 3988 3126 4048 voluntati
3156 3988 3429 4042 humanas
3469 3981 3735 4038 voluntas
3766 3976 3850 4029 di-

2142 4094 2278 4153 vina
2312 4089 2685 4163 praeponitur.
2718 4082 2865 4147 Quid
2899 4089 2984 4135 est
3034 4083 3248 4140 autem,
3279 4072 3534 4142 Clariﬁca
3563 4073 3720 4124 tuum
3748 4081 3854 4120 no-

2141 4200 2265 4239 men
2302 4203 2316 4242 ;
2353 4179 2490 4246 nisi,
2520 4178 2579 4231 in
2614 4191 2720 4230 sua
2740 4171 3006 4241 passione
3037 4172 3092 4221 et
3116 4154 3745 4221 resurrectione7Quid
3766 4158 3857 4208 est

2144 4289 2278 4344 ergo
2312 4242 2496 4334 aliud,
2531 4265 2644 4321 nisi
2678 4268 2742 4320 ut
2772 4263 2938 4317 Pater
2968 4256 3246 4312 clarificet
3286 4250 3517 4317 Filium,
3553 4248 3653 4315 qui
3695 4242 3860 4297 clari-

2157 4362 2292 4417 ficat
2313 4376 2484 4415 suum
2504 4370 2715 4412 nomen
2748 4350 2997 4405 etiamin
3028 4343 3325 4401 similibus
3348 4334 3719 4409 passionihus
3744 4345 3860 4384 ser-

2146 4467 2349 4508 vorum
2381 4461 2622 4504 suorum
2652 4443 2679 4497 ‘I
2728 4441 2891 4495 Unde
2921 4437 3197 4507 scriptum
3248 4435 3336 4485 est
3384 4429 3455 4482 de
3489 4425 3673 4487 Petro,
3704 4420 3859 4491 quod

2148 4543 2274 4599 ideo
2305 4541 2374 4596 de
2418 4539 2517 4593 illo
2578 4531 2807 4596 dixerit,
2859 4531 3011 4585 Alter
3058 4535 3106 4581 te
3157 4524 3362 4592 cinget,
3404 4526 3454 4573 et
3495 4519 3637 4586 feret
3664 4526 3766 4583 quo
3800 4517 3861 4564 tu

2149 4648 2259 4687 non
2277 4631 2355 4683 vis
2376 4645 2398 4693 ;
2419 4626 2554 4697 quia
2576 4622 2904 4694 significare
2917 4615 3115 4682 voluit,
3130 4629 3238 4683 qua
3255 4613 3427 4665 morte
3443 4604 3866 4676 glorificaturus

2151 4729 2271 4777 erat
2300 4691 2472 4774 Deum
2493 4691 2675 4787 (Joan.
2726 4727 2839 4775 xxi,
2892 4710 2979 4773 18,
3042 4706 3155 4774 19).
3217 4701 3361 4770 Ergo
3392 4706 3445 4752 et
3476 4696 3534 4751 in
3584 4694 3683 4749 illo
3713 4691 3869 4746 Deus

2155 4806 2493 4868 clsritlcavit
2522 4820 2735 4861 nomen
2768 4815 2960 4867 suum,
2993 4796 3124 4867 quia
3168 4793 3253 4849 sic
3282 4792 3459 4848 etiam
3493 4791 3552 4845 in
3584 4782 3865 4843 membris

2156 4899 2277 4957 suis
2309 4896 2589 4955 clariﬁcat
2618 4891 2934 4955 Christum,

2234 4989 2287 5042 4.
2329 4986 2493 5041 Venit
2518 4998 2643 5053 ergo
2676 4995 2779 5036 vox
2809 4977 2882 5033 de
2906 4976 3057 5041 caelo,
3087 4976 3158 5029 Et
3214 4966 3539 5039 clariﬁcavi,
3570 4970 3625 5018 et
3674 4960 3874 5015 iterum

2159 5076 2500 5144 clariﬁcabo.
2519 5050 2934 5139 Et'clariﬁcavi,
2949 5069 3256 5133 antequam
3282 5060 3529 5115 facerem
3552 5050 3873 5107 mundum:

2166 5172 2220 5224 et
2256 5169 2457 5220 iterum
2485 5159 2823 5229 clariﬁcabo,
2855 5170 2985 5210 cum
3041 5156 3303 5219 resurget
3334 5164 3366 5201 a
3396 5140 3663 5207 mortuis,
3696 5144 3751 5194 et
3776 5154 3877 5191 as—

2166 5255 2374 5313 cendet
2402 5253 2462 5307 in
2494 5225 2727 5307 coelum.
2760 5248 2825 5301 Et
2852 5244 3019 5299 aliter
3050 5237 3295 5308 intelligi
3326 5235 3530 5306 potest.
3570 5232 3632 5286 Et
3660 5225 3879 5295 clariﬁ-

2168 5343 2311 5408 cavi,
2344 5356 2479 5397 cum
2512 5341 2584 5394 de
2623 5335 2863 5406 Virgine
2894 5334 3067 5387 natus
3097 5331 3204 5396 est,
3238 5340 3373 5382 cum
3404 5322 3651 5378 virtutes
3672 5331 3878 5390 opera-

2180 5618 2199 5668 t
2244 5556 2260 5589 ί
2283 5551 2369 5600 Sic
2398 5548 2520 5598 Mss.
2556 5548 2615 5597 At
2648 5543 2796 5602 editi,
2826 5537 3055 5589 ostendit
3084 5533 3314 5586 hominis
3342 5529 3570 5595 suscepti
3604 5522 3891 5591 inﬁrmita-

2207 5629 2304 5667 em.

2207 5629 2304 5667 em.

3033 5714 3564 5801 (Cinquantesix.)
