4178 6192
358 356 506 414 1771
1300 349 1375 410 IN
1421 348 1746 410 JOANNIS
1791 345 2331 419 EVANGELIUM,
2379 346 2444 404 S.
2490 339 2926 405 AUGUSTINI
3718 338 3876 399 1772

352 492 447 545 tus
474 493 583 557 est,
607 503 739 544 cum
768 486 911 543 ecelo
934 485 1122 541 indice
1149 500 1252 557 per
1272 484 1499 541 stellam
1522 503 1554 541 a
1576 484 1753 557 Magis
1775 484 2053 541 adoratus

353 582 462 646 est,
495 594 628 633 cum
663 594 694 632 a
725 576 945 633 sanctis
977 575 1200 647 Spiritu
1233 582 1428 631 sancto
1465 575 1651 647 plenis
1681 575 1913 647 agnitus
1944 576 2053 641 est,

354 682 481 724 cum
510 669 894 724 descendente
920 665 1138 737 Spiritu
1173 665 1229 720 in
1264 665 1456 735 specie
1487 665 1769 720 columbas
1800 664 2057 720 declara-

355 759 470 823 tus,
505 773 637 812 cum
673 773 807 812 voce
839 756 908 810 de
939 755 1082 811 ccelo
1133 759 1375 809 sonante
1409 758 1788 821 monstratus,
1834 769 1961 808 cum
1996 753 2053 807 iu

354 852 550 902 monte
571 845 1041 916 transfiguratus,
1065 860 1196 898 cum
1222 843 1501 898 miracula
1527 843 1713 897 multa
1742 842 1896 908 fecit,
1918 856 2052 897 cum

353 934 573 990 multos
604 934 827 989 sanavit
861 937 1034 1003 atque
1066 933 1386 1000 mundavit,
1419 948 1551 987 cum
1586 934 1655 987 de
1681 930 2053 1004 paucissimis

354 1024 836 1093 panibustantam
862 1021 1299 1077 multitudinem
1323 1021 1645 1095 pavit,cum
1660 1021 1851 1077 ventis
1864 1023 1922 1075 et
1944 1020 2052 1075 ﬂu-

353 1113 544 1169 ctibus
574 1112 889 1183 imperavit,
923 1128 1054 1167 cum
1091 1116 1350 1168 mortuos
1381 1112 1687 1169 suscitavit
1722 1128 1736 1166 :
1767 1120 1820 1167 et
1856 1114 2054 1166 iterum

350 1201 680 1272 ctariﬁcabo,
732 1216 861 1257 cum
908 1205 1173 1274 resurget
1220 1218 1254 1258 a
1300 1203 1569 1264 mortuis.
1616 1218 1746 1257 cum
1799 1216 1955 1256 mors
2001 1200 2052 1255 ei

353 1291 503 1347 ultra
534 1307 645 1347 nou
679 1291 1096 1358 dominabitur,
1128 1307 1259 1347 cum
1296 1291 1645 1347 exaltabitur
1675 1307 1852 1363 super
1881 1289 2054 1345 oculos

353 1380 531 1447 Deus,
564 1385 619 1434 et
648 1396 824 1451 super
854 1396 1085 1436 omnem
1121 1386 1334 1436 terram
1367 1381 1551 1453 gloria
1581 1384 1729 1453 ejus.

421 1474 472 1523 5.
505 1469 682 1525 Turba
705 1485 831 1541 ergo
860 1484 986 1541 quae
1013 1471 1216 1540 stabat,
1243 1478 1296 1526 et
1326 1470 1599 1537 audierat,
1646 1471 1859 1527 dicebat
1907 1470 2053 1525 toni-

350 1565 533 1615 truum
563 1562 770 1630 factum
818 1575 931 1615 esse
963 1577 980 1614 :
1028 1561 1134 1615 alii
1168 1560 1440 1626 dicebant,
1472 1560 1709 1629 Angelus
1741 1563 1791 1615 ei
1840 1558 2053 1615 locutus

348 1657 445 1705 est.
499 1649 787 1719 Respondit
830 1650 1001 1717 Jesus,
1051 1655 1104 1704 et
1148 1650 1341 1704 dixit:
1393 1651 1509 1705 Non
1553 1656 1773 1721 prapter
1810 1664 1897 1704 me
1934 1647 2055 1704 hac

352 1756 453 1795 vox
480 1745 648 1806 venit,
680 1740 772 1794 sed
818 1748 1043 1811 prapter
1070 1756 1180 1796 vos.
1224 1740 1326 1795 Hic
1358 1740 1608 1796 ostendit
1642 1738 1741 1795 illa
1770 1755 1906 1795 voce
1938 1754 2051 1793 non

348 1832 457 1888 sibi
490 1830 811 1886 indicatum
849 1831 1000 1903 quod
1019 1832 1142 1903 jam
1176 1831 1414 1900 sciebat,
1439 1832 1534 1888 sed
1556 1832 1637 1888 eis
1659 1832 1870 1902 quibus
1892 1829 2053 1886 indi-

347 1921 465 1976 cari
495 1921 815 1993 oportebat.
852 1923 1012 1978 Sicut
1043 1927 1235 1979 autem
1256 1922 1353 1977 illa
1375 1940 1480 1977 vox
1502 1939 1615 1979 non
1641 1927 1875 1995 propter
1896 1936 2048 1991 eum,

349 2012 447 2067 sed
485 2016 715 2084 propter
745 2012 888 2068 alios
912 2014 1205 2069 divinitate
1236 2014 1388 2070 facta
1410 2019 1533 2082 est;
1569 2013 1652 2070 sic
1683 2013 1879 2069 anima
1899 2012 2052 2081 ejus,

347 2117 460 2157 non
495 2107 730 2174 propter
759 2118 912 2174 eum,
938 2103 1033 2158 sed
1073 2110 1303 2174 propter
1326 2103 1471 2158 alios
1496 2102 1793 2159 voluntate
1823 2101 2051 2157 turbata

347 2195 455 2246 est.

415 2282 468 2335 6.
543 2282 788 2337 Attende
845 2289 1066 2338 caetera.
1129 2282 1303 2349 Nunc,
1378 2281 1593 2354 inquit,
1650 2281 1918 2350 iudicium
1975 2286 2052 2337 est

346 2371 557 2426 mundi.
592 2372 737 2436 Quid
772 2387 904 2441 ergo
953 2372 1405 2444 exspectandum
1456 2381 1538 2427 est
1565 2372 1623 2427 iu
1658 2373 1770 2427 fine
1802 2369 1994 2427 szeculi
2026 2371 2055 2425 τ

346 2460 454 2517 Sed
488 2460 546 2515 in
578 2459 690 2514 ﬁne
721 2460 875 2531 quod
909 2460 1601 2532 exspectaturjudicium.
1632 2461 1741 2516 erit
1775 2462 2054 2532 judican-

345 2550 552 2606 dorum
587 2550 846 2604 vivorum
878 2554 936 2605 et
981 2555 1373 2617 mortuorum,
1420 2551 1709 2621 judicium
1761 2552 1868 2607 erit
1898 2568 2052 2623 pra:-

346 2640 599 2695 miorum
613 2654 1041 2709 pmnarumque
1064 2644 1435 2694 aeternarum.
1452 2639 1630 2705 Quale
1651 2656 1785 2711 ergo
1799 2640 2050 2711 nuncju-

344 2727 556 2783 dicium
579 2731 668 2783 est
688 2725 715 2780 τ
736 2727 865 2782 Jam
889 2727 947 2781 in
972 2726 1365 2797 superioribus
1390 2728 1738 2785 lectionibus
1762 2734 2047 2801 quantum

344 2816 527 2889 potui,
579 2817 913 2871 comnionui
967 2817 1320 2873 Charitatem
1380 2823 1655 2886 vestram,
1716 2817 1829 2873 dici
1877 2818 2049 2876 etiam

338 2904 629 2976 judicium
664 2920 777 2958 non
807 2904 1224 2975 damnationis,
1272 2907 1369 2961 sed
1422 2907 1837 2963 discretionis:
1893 2910 2047 2965 unde

346 2994 631 3065 scriptum
682 2998 789 3062 est,
837 2994 1029 3051 Judica
1084 3011 1189 3063 me,
1238 2994 1396 3065 Deus,
1449 3004 1504 3051 et
1544 2995 1788 3053 discerne
1825 3013 2047 3053 causam

343 3101 520 3139 meam
542 3083 607 3140 de
633 3089 790 3154 gente
816 3100 925 3141 non
954 3094 1146 3141 sancta
1177 3085 1343 3157 (Psal.
1368 3102 1504 3155 χιιι,
1537 3087 1611 3157 1).
1638 3086 1818 3143 Multa
1849 3092 2045 3144 autem

342 3179 483 3230 sunt
504 3174 724 3244 judicia
755 3174 853 3230 Dei
882 3193 893 3229 :
932 3176 1083 3232 unde
1109 3176 1322 3231 dicitur
1344 3175 1399 3231 in
1432 3176 1683 3244 Psalmo,
1714 3176 1931 3234 Iudicia
1953 3188 2047 3235 tua

342 3266 566 3337 abyssus
596 3265 769 3322 multa
799 3266 973 3333 (Psal.
1006 3282 1173 3333 xxxv,
1204 3266 1282 3336 7).
1330 3266 1480 3322 Dicit
1511 3268 1684 3323 etiam
1719 3268 2043 3339 Apostolus,

343 3356 382 3411 0
412 3355 648 3411 altitudo
678 3354 1002 3411 divitiarum
1034 3358 1316 3426 sapientiae
1350 3361 1403 3411 et
1432 3357 1685 3414 scientiae
1705 3357 1803 3413 Dei
1834 3365 1853 3414 ,ι
1882 3376 2047 3431 quam

340 3444 726 3500 inscrutabilia
757 3451 883 3499 sunt
896 3443 1116 3515 judicia
1149 3445 1269 3515 ejus
1304 3446 1477 3517 (Rom.
1523 3462 1599 3507 ιι,
1633 3446 1762 3518 33)!
1796 3446 1873 3503 Ex
1912 3448 2047 3518 qui-

342 3533 713 3604 busjudioiis
736 3532 912 3589 etiam
938 3533 1047 3588 hoc
1070 3537 1153 3589 est
1177 3536 1329 3605 quod
1352 3534 1445 3590 hic
1468 3535 1548 3589 ait
1572 3534 1873 3602 Dominus,
1894 3536 2048 3592 Nunc

331 3622 608 3695 judicium
639 3628 717 3678 est
746 3621 987 3687 mundi;
1018 3627 1247 3679 servato
1278 3622 1376 3678 illo
1424 3622 1641 3694 judicio
1671 3624 1730 3680 in
1780 3626 1912 3688 fine,
1947 3625 2047 3681 ubi

341 3711 651 3767 novissime
686 3710 794 3765 vivi
828 3716 883 3767 et
910 3713 1124 3767 mortui
1153 3712 1458 3782 judicandi
1512 3718 1671 3769 sunt.
1705 3714 2048 3771 Possidebat

343 3815 476 3867 ergo
501 3800 771 3855 diabolus
802 3815 985 3871 genus
1008 3800 1355 3870 humanum,
1380 3807 1438 3857 et
1470 3818 1595 3858 reos
1620 3802 2043 3875 suppliciorum

343 3889 568 3943 tenebat
616 3888 1004 3959 chirographo
1054 3895 1420 3960 peccatorum
1460 3916 1474 3959 ;
1523 3893 1937 3949 dominabatur
1986 3894 2044 3949 in

343 3975 615 4032 cordibus
639 3975 986 4043 infidelium,
1011 3979 1079 4033 ad
1111 3984 1433 4034 creaturam
1457 3980 1785 4049 colendam,
1817 3984 2047 4039 deserto

344 4066 630 4131 Creatore,
703 4064 976 4136 deceptos
1036 4069 1403 4137 captivosque
1456 4070 1869 4140 pertrabebat:
1949 4089 2051 4145 per

348 4153 563 4209 Christi
595 4160 785 4208 autem
819 4153 1011 4221 fidem,
1047 4171 1173 4225 quis
1207 4161 1388 4211 morte
1406 4159 1532 4226 ejus
1551 4162 2051 4225 etresurrectione

351 4244 575 4299 firmata
606 4246 715 4308 est,
754 4258 852 4314 per
881 4240 1005 4313 ejus
1037 4245 1403 4315 sanguinem,
1429 4248 1523 4317 qui
1559 4248 1615 4301 in
1649 4249 2052 4307 remissionem

350 4334 513 4388 fusus
543 4337 631 4389 est
661 4337 1054 4404 peccatorum,
1088 4334 1274 4389 millia
1303 4336 1663 4392 credentium
1688 4354 1720 4391 a
1751 4338 2055 4397 dominatu

350 4423 670 4480 liberantur
700 4422 936 4491 diaboli,
969 4423 1183 4479 Christi
1207 4427 1430 4497 corpori
1465 4426 1836 4499 copulantur,
1859 4433 1916 4484 et
1946 4430 2057 4485 sub

354 4517 514 4569 tanto
546 4512 730 4583 capite
754 4529 869 4568 uno
892 4515 1015 4582 ejus
1038 4514 1252 4584 Spiritu
1290 4514 1484 4571 fidelia
1509 4517 1771 4572 membra
1793 4524 2060 4590 vegetan-

355 4612 465 4658 tur.
504 4602 619 4657 Hoc
654 4603 894 4658 vocabat
918 4603 1234 4673 judicium,
1270 4603 1417 4660 hanc
1449 4606 2061 4674 discretionem,banc

356 4708 387 4747 e
417 4692 541 4746 suis
571 4691 889 4762 redemptis
919 4692 1135 4748 diaboli
1170 4693 1594 4764 expulsionem.

426 4781 482 4837 7.
514 4779 773 4849 Denique
804 4782 1037 4836 attende
1069 4781 1204 4852 quid
1239 4784 1411 4839 dicat.
1463 4786 1636 4851 Quasi
1670 4802 2061 4857 quaereremus

361 4868 500 4940 quid
533 4876 679 4923 esset
713 4872 863 4940 quod
898 4869 997 4937 ait,
1050 4871 1205 4925 Nunc
1240 4872 1521 4941 judicium
1550 4882 1627 4928 est
1656 4875 1871 4942 mundi,
1906 4890 2065 4932 secu-

362 4964 458 5014 tus
489 4956 758 5028 exposuit
792 4974 804 5011 :
853 4957 935 5012 ait
983 4959 1157 5026 enim,
1207 4961 1363 5015 Nunc
1390 4964 1639 5034 princeps
1678 4965 1841 5035 hujus
1870 4964 2066 5020 mundi

361 5048 613 5115 eiicietur
629 5047 807 5115 foras.
833 5045 1175 5103 Audivimus
1199 5048 1369 5119 quale
1389 5050 1594 5106 dixerit
1610 5053 2063 5125 essejudicium.

365 5137 488 5195 Non
522 5152 657 5209 ergo
688 5135 829 5191 illud
859 5137 1013 5206 quod
1046 5137 1103 5191 in
1136 5137 1249 5193 fine
1279 5142 1588 5196 venturum
1620 5151 1722 5211 est,
1756 5142 1855 5197 ubi
1877 5142 1988 5198 vivi
2009 5149 2067 5201 et

364 5228 569 5283 mortui
597 5225 901 5297 judicandi
933 5231 1092 5295 sunt,
1128 5224 1255 5282 aliis
1286 5228 1357 5283 ad
1391 5228 1707 5300 dexteram,
1732 5231 1860 5287 aliis
1891 5233 1958 5289 ad
1991 5233 2067 5289 si-

370 5315 611 5371 nistram
644 5315 968 5387 separatis;
1002 5316 1103 5371 sed
1129 5315 1420 5386 judicium
1456 5333 1570 5389 quo
1602 5319 1857 5392 princeps
1906 5323 2067 5394 hujus

370 5404 558 5457 mundi
603 5404 854 5473 ejicietur
901 5408 1071 5474 lorus.
1126 5407 1421 5471 Quomodo
1469 5423 1605 5479 ergo
1646 5408 1806 5466 intus
1837 5418 1979 5479 erat,
2011 5416 2070 5467 et

371 5507 486 5560 quo
518 5506 649 5545 eum
683 5490 1033 5560 ejiciendum
1081 5494 1222 5550 dixit
1270 5496 1424 5551 foras
1454 5494 1482 5551 7
1527 5495 1962 5568 Numquidnam
2009 5500 2065 5556 in

373 5579 588 5635 mundo
618 5584 758 5646 erat,
790 5588 844 5634 et
890 5587 1051 5637 extra
1099 5584 1387 5639 mundum
1421 5586 1629 5642 missus
1657 5594 1746 5644 est
1775 5589 1928 5645 foras
1949 5588 1977 5643 ’ἶ
2007 5589 2068 5644 Si

374 5669 529 5728 enim
583 5668 653 5725 de
693 5666 792 5723 illo
814 5668 1037 5741 judicio
1069 5671 1307 5747 diceret,
1340 5676 1492 5747 quod
1527 5676 1585 5732 in
1619 5676 1732 5733 ﬁne
1759 5682 2068 5737 venturum

2167 486 2275 550 est,
2311 489 2503 554 posset
2537 480 2751 553 aliquis
2785 478 3005 550 opinari
3037 479 3227 549 ignem
3260 481 3563 541 internum,
3588 494 3704 549 quo
3737 478 3877 533 mit-

2168 575 2301 630 tend
2315 591 2382 630 us
2412 577 2501 630 est
2530 572 2797 628 diabolus
2819 587 2951 627 cum
2982 568 3203 641 angelis
3225 569 3367 639 suis,
3391 573 3447 625 et
3471 570 3747 625 omnibus
3770 569 3873 640 qui

2167 669 2306 721 sunt
2336 682 2403 720 ex
2434 670 2598 737 parte
2627 664 2751 733 ejus
2784 682 2797 730 ;
2833 678 2948 717 non
2982 665 3206 726 natura,
3240 661 3338 716 sed
3372 658 3552 727 vitio;
3586 676 3701 715 non
3736 660 3875 731 quia

2166 754 2377 809 creavit
2400 760 2492 809 aut
2521 753 2743 825 genuit,
2767 753 2864 807 sed
2886 751 3025 823 quia
3051 750 3337 820 persuasit
3359 755 3417 805 et
3438 749 3655 805 tenuit:
3681 755 3875 820 posset

2164 860 2299 915 ergo
2332 843 2542 915 aliquis
2575 842 2799 914 opinari
2823 840 2985 896 illum
3011 840 3203 912 ignem
3228 844 3509 895 aeternum
3534 843 3693 894 extra
3714 855 3875 895 mun—

2164 934 2301 990 dum
2331 950 2482 1002 esse,
2527 939 2583 989 et
2630 933 2738 988 hoc
2782 948 2907 988 esse
2955 931 3198 998 dictum,
3240 930 3493 1001 ejicietur
3519 932 3692 999 foras.
3727 929 3875 994 Quia

2163 1042 2292 1081 vero
2326 1025 2424 1091 ait,
2456 1025 2610 1081 Nunc
2632 1024 2904 1097 judicium
2931 1026 3011 1079 est
3046 1021 3246 1078 mundi
3266 1037 3287 1085 ,°
3316 1029 3369 1078 et
3399 1036 3692 1093 exponens
3730 1021 3872 1093 quid

2165 1115 2389 1183 dixerit,
2424 1115 2595 1180 Nunc,
2648 1114 2860 1186 inquit,
2898 1113 3154 1185 princeps
3184 1112 3346 1183 hujus
3392 1110 3589 1166 mundi
3617 1109 3874 1182 ejiciatur

2162 1208 2362 1276 foras:
2413 1205 2521 1262 hoc
2574 1205 3025 1277 intelligendum
3078 1208 3167 1259 est.
3218 1203 3370 1274 quod
3431 1217 3586 1258 nunc
3637 1202 3719 1270 iit,
3755 1218 3870 1257 non

2167 1297 2319 1367 quod
2354 1300 2512 1351 tanto
2536 1298 2666 1366 post
2698 1294 2961 1350 futurum
2986 1292 3152 1349 estin
3179 1290 3499 1347 novissimo
3519 1291 3630 1346 die.
3657 1292 3873 1346 Prndi-

2165 1384 2329 1439 cebat
2376 1399 2509 1454 ergo
2557 1383 2841 1439 Dominus
2892 1382 3045 1453 quod
3081 1380 3320 1447 sciebat,
3370 1384 3500 1449 post
3538 1378 3865 1451 passionem

2164 1478 2219 1528 et
2242 1472 2722 1546 glorificationem
2748 1488 2913 1527 suam
2934 1488 3036 1542 per
3060 1471 3393 1526 universum
3415 1470 3701 1523 mundum
3728 1470 3871 1524 mul-

2164 1568 2252 1618 tos
2283 1562 2522 1635 populos
2552 1563 2899 1630 credituros,
2927 1561 2984 1616 in
3017 1576 3266 1632 quorum
3292 1558 3567 1614 cordibus
3600 1558 3869 1614 diabolus

2164 1654 2320 1709 intus
2351 1657 2473 1709 erat
2507 1679 2521 1722 ;
2554 1653 2645 1708 cui
2677 1652 2911 1724 quando
2942 1667 3008 1707 ex
3060 1650 3173 1705 tide
3227 1648 3587 1717 renuntiant,
3638 1649 3870 1720 ejicitur

2167 1744 2341 1801 foras.

2232 1834 2285 1888 8.
2318 1833 2427 1889 Sed
2463 1833 2605 1888 dicit
2623 1832 2877 1904 aliquis:
2912 1830 3204 1902 Numquid
3225 1830 3297 1885 de
3320 1829 3593 1886 cordibus
3616 1829 3869 1886 I’atriar—

2162 1923 2406 1980 charum
2438 1931 2490 1978 et
2540 1921 2980 1994 Prophetarum,
3023 1924 3401 1990 veterumque
3423 1920 3717 1989 justorum
3751 1936 3865 1977 nou

2162 2013 2380 2083 eiectus
2426 2014 2515 2067 est
2579 2009 2780 2067 foras?
2834 2010 3061 2080 Ejectus
3122 2007 3310 2080 plane.
3374 2007 3672 2071 Quomodo
3729 2023 3867 2078 ergo

2163 2101 2386 2157 dictum
2421 2104 2530 2168 est,
2556 2116 2702 2156 nunc
2730 2100 2986 2171 ejicietur
3008 2100 3158 2168 foras
3181 2104 3207 2151 Ρ
3237 2098 3537 2163 Quomodo
3568 2101 3863 2168 putamus,

2162 2188 2272 2245 nisi
2294 2188 2431 2261 quia
2465 2194 2605 2245 tunc
2622 2188 2775 2260 quod
2801 2188 2859 2244 in
2882 2186 3221 2244 hominibus
3246 2185 3616 2256 paucissimis
3642 2186 3860 2242 factum

2161 2284 2268 2349 est,
2296 2294 2447 2334 nunc
2478 2278 2537 2333 in
2558 2276 2761 2333 multis
2788 2276 3136 2348 magnisque
3159 2273 3527 2347 populisjam
3552 2290 3684 2331 mox
3704 2275 3866 2331 tutu-

2161 2384 2292 2424 rum
2314 2384 2443 2424 esse
2463 2368 2799 2441 praedictum
2825 2366 2950 2422 est?
2971 2366 3064 2422 Sic
3091 2370 3148 2421 et
3174 2365 3317 2420 illud
3338 2365 3493 2436 quod
3518 2365 3733 2421 dictum
3756 2373 3863 2433 est,

2160 2457 2401 2531 Spiritus
2422 2465 2605 2513 autem
2641 2455 2885 2513 nondum
2913 2462 3031 2511 erat
3060 2454 3242 2522 datus,
3273 2456 3404 2527 quia
3440 2455 3593 2510 Jesus
3618 2456 3865 2511 nondum

2158 2550 2342 2618 [uerat
2368 2546 2710 2618 gloriﬁcatus
2742 2546 2918 2615 (Joan.
2954 2560 3050 2615 m,
3082 2544 3190 2615 39),
3228 2547 3413 2615 potest
3444 2542 3696 2599 similem
3751 2542 3865 2598 ba-

2161 2638 2294 2694 bere
2324 2637 2722 2708 quaestionem,
2755 2640 2812 2692 et
2841 2634 3088 2692 similem
3124 2634 3493 2691 solutionem.
3546 2634 3672 2689 Non
3704 2633 3863 2689 enim

2160 2727 2286 2782 sine
2298 2726 2514 2797 Spiritu
2540 2733 2740 2782 sancto
2761 2727 2950 2781 futura
2971 2724 3504 2797 prmnuntiuverunt
3526 2723 3820 2791 Propheta
3845 2740 3862 2791 ;

2159 2820 2261 2872 aut
2289 2832 2406 2872 non
2438 2816 2609 2871 etiam
2646 2816 2951 2872 Dominum
3004 2814 3284 2871 infantem
3317 2813 3373 2869 in
3409 2812 3632 2885 Spiritu
3664 2821 3863 2869 sancto

2156 2907 2390 2962 Simeon
2437 2921 2608 2961 senex
2658 2908 2716 2961 et
2756 2906 2919 2960 Anna
2949 2904 3125 2960 vidua
3177 2906 3572 2975 cognoverunt
3617 2902 3765 2973 (Luc.
3796 2919 3865 2970 ιι,

2154 2995 2349 3067 25-38)
2384 3014 2400 3066 ;
2434 3004 2485 3050 et
2516 2995 2821 3051 Zacharias
2841 2999 2897 3049 et
2916 2993 3235 3061 Elizabetb,
3260 2994 3358 3064 qui
3382 2993 3453 3048 de
3473 2991 3573 3048 illo
3598 2991 3864 3047 nondum

2159 3093 2313 3155 nato,
2347 3085 2446 3141 sed
2474 3086 2598 3156 jam
2630 3088 2934 3155 concepto,
2965 3088 3128 3139 tanta
3162 3100 3263 3154 per
3285 3082 3563 3154 Spiritum
3597 3089 3865 3137 sanctum

2158 3175 2549 3245 praedixerunt
2578 3174 2680 3245 (Id.
2715 3191 2753 3241 ι,
2790 3174 2978 3239 lsi-45,
3027 3172 3239 3244 67-79).
3274 3172 3382 3228 Sed
3432 3170 3678 3242 Spiritus
3726 3187 3869 3226 non-

2154 3264 2283 3320 dum
2315 3268 2435 3320 erat
2464 3262 2669 3328 datus;
2702 3263 2755 3317 id
2789 3270 2893 3329 est,
2929 3261 3028 3317 illa
3058 3261 3419 3317 abundantia
3448 3261 3649 3332 gratias
3690 3259 3869 3331 spiri-

2157 3353 2353 3421 tualis,
2387 3370 2498 3425 qua
2548 3352 2882 3423 congregati
2923 3351 3142 3424 linguis
3188 3350 3448 3407 omnium
3490 3350 3873 3421 loquerentur

2161 3446 2291 3510 (Act.
2317 3459 2381 3513 ιι,
2405 3443 2553 3515 4-6),
2578 3458 2642 3497 ac
2665 3443 2747 3497 sic
2772 3441 2829 3495 in
2852 3440 3064 3512 linguis
3081 3441 3344 3497 omnium
3375 3440 3636 3512 gentium
3672 3439 3873 3497 futura

2160 3530 2652 3603 prmnuntiaretur
2682 3528 2935 3586 Ecclesia
2959 3547 2973 3586 :
3006 3546 3122 3603 qua
3143 3529 3330 3601 gratia
3353 3529 3641 3601 spirituali
3667 3527 3871 3601 populi

2157 3624 2677 3693 congregarentur,
2711 3637 2823 3691 qua
2856 3619 3027 3691 longe
3056 3618 3289 3690 lateque
3338 3623 3573 3691 peccata
3606 3618 3872 3674 dimitte-

2160 3717 2378 3779 rentur,
2412 3715 2469 3767 et
2500 3711 2682 3766 millia
2716 3710 2965 3766 millium
3001 3710 3117 3766 Deo
3151 3709 3686 3767 reconciliarentur.

2231 3802 2285 3860 9.
2305 3800 2452 3867 Quid
2474 3816 2635 3872 ergo,
2659 3801 2740 3856 ait
2759 3800 3069 3871 quispiam,
3096 3800 3232 3871 quia
3259 3798 3522 3856 diabolus
3539 3798 3610 3855 de
3623 3798 3869 3856 creden-

2162 3891 2308 3947 tium
2342 3892 2614 3946 cordibus
2648 3889 3106 3961 ejicieturforas,
3131 3891 3253 3958 jam
3286 3889 3544 3944 fidelium
3570 3889 3868 3945 neminem

2159 3986 2347 4039 tentat
2370 3981 2397 4035 ‘t
2430 3980 2552 4035 Imo
2582 3994 2717 4035 vero
2738 3982 2963 4034 tentare
2986 3995 3099 4034 non
3123 3981 3332 4035 cessat.
3353 3978 3463 4034 Sed
3490 3978 3644 4034 aliud
3669 3983 3759 4034 est
3780 3979 3875 4034 in-

2162 4072 2455 4127 trinsecus
2488 4084 2752 4140 regnare,
2786 4067 2945 4123 aliud
2972 4066 3291 4124 forinsecus
3321 4084 3698 4139 oppugnare:
3733 4084 3873 4123 nam

2162 4166 2217 4218 et
2230 4157 2689 4215 munitissimam
2707 4157 2997 4214 civitatem
3020 4156 3337 4229 aliquando
3349 4156 3537 4213 hostis
3554 4161 3876 4229 oppugnat,

2170 4266 2276 4307 nec
2298 4252 2609 4321 expugnat.
2630 4247 2695 4302 Et
2721 4248 2771 4304 si
2792 4247 2989 4319 aliqua
3012 4247 3127 4302 tela
3151 4248 3278 4318 ejus
3299 4246 3481 4303 missa
3509 4247 3877 4318 perveniunt,

2172 4341 2446 4396 admonet
2478 4337 2782 4409 Apostolus
2814 4336 2969 4392 unde
3000 4353 3113 4391 non
3147 4336 3359 4391 laedant
3392 4353 3407 4404 ;
3462 4341 3881 4393 commemorat

2169 4430 2411 4486 loricam
2438 4434 2494 4483 et
2515 4431 2747 4482 scutum
2780 4427 2909 4482 ﬁdei
2932 4426 2979 4497 (Ι
3015 4425 3189 4483 Thess.
3220 4444 3271 4495 v,
3291 4426 3369 4498 8).
3394 4427 3463 4481 Et
3488 4428 3534 4483 si
3564 4427 3879 4497 aliquando

2171 4519 2460 4581 vulnerat,
2494 4518 2654 4573 adest
2684 4516 2782 4587 qui
2807 4521 2992 4571 sanat.
3031 4515 3173 4582 Quia
3194 4516 3342 4571 sicut
3374 4516 3774 4589 pugnantibus
3796 4516 3883 4570 di-

2172 4614 2324 4664 ctum
2356 4612 2463 4674 est,
2520 4608 2642 4662 Haec
2674 4605 2851 4662 scribo
2907 4608 3075 4671 vobis,
3107 4613 3167 4661 ut
3200 4621 3309 4661 non
3357 4607 3589 4677 peccetis
3618 4624 3637 4661 :
3670 4606 3750 4662 ita
3779 4608 3884 4679 qui

2173 4698 2569 4763 vulnerantur,
2605 4695 2755 4767 quod
2787 4694 3055 4765 sequitur
3094 4696 3364 4761 audiunt,
3400 4697 3531 4751 Etsi
3557 4694 3682 4767 quis
3698 4712 3888 4767 pecca-

2172 4788 2337 4854 verit,
2372 4784 2696 4840 advocatum
2724 4783 2987 4839 habemus
3040 4784 3185 4855 apud
3230 4786 3472 4851 Patrem,
3503 4786 3687 4841 Iesum
3718 4784 3886 4840 Chri-

2171 4882 2317 4931 stum
2349 4876 2551 4941 iustum
2573 4892 2592 4937 ;
2624 4873 2737 4943 ipse
2768 4876 2841 4928 est
2860 4875 3173 4944 propitiatio
3197 4878 3541 4943 peccatorum
3566 4881 3884 4930 nostrorum

2176 4965 2217 5033 (Ι
2246 4966 2403 5020 Joan.
2437 4980 2498 5031 ιι,
2553 4964 2604 5031 1,
2643 4962 2723 5031 2).
2774 4961 2920 5027 Quid
2970 4960 3123 5017 enim
3177 4979 3413 5018 oramus
3440 4978 3570 5019 cum
3606 4962 3881 5031 dicimus,

2176 5054 2403 5110 Dimitte
2432 5053 2584 5108 nobis
2618 5050 2800 5107 debita
2826 5056 3035 5119 nostra,
3072 5052 3183 5107 nisi
3208 5056 3271 5107 ut
3300 5053 3541 5109 vulnera
3564 5058 3760 5110 nostra
3789 5070 3886 5110 sa-

2177 5143 2436 5202 nentur?
2466 5144 2533 5199 Et
2562 5142 2699 5214 quid
2732 5141 2885 5198 aliud
2915 5143 3170 5214 petimus
3202 5159 3331 5199 cum
3364 5144 3634 5211 dicimus,
3673 5146 3753 5200 Ne
3780 5161 3890 5201 nos

2178 5237 2386 5306 inferas
2412 5233 2475 5289 in
2506 5234 2854 5289 tentationem
2884 5231 3099 5303 (Matth.
3131 5249 3211 5301 vr,
3258 5233 3345 5302 12,
3383 5233 3489 5305 13),
3545 5232 3655 5289 nisi
3688 5237 3752 5288 ut
3783 5233 3890 5292 ille

2178 5324 2276 5396 qui
2307 5324 2636 5389 insidiatur,
2669 5321 2757 5377 vel
2790 5326 2971 5377 certat
3001 5323 3384 5390 extrinsecus,
3418 5321 3579 5377 nulla
3605 5322 3895 5394 irrumpat

2177 5433 2245 5472 ex
2278 5420 2464 5486 parte,
2514 5412 2677 5468 nulla
2729 5428 2836 5467 nos
2867 5412 3088 5481 fraude,
3132 5410 3295 5468 nulla
3326 5429 3433 5469 nos
3465 5412 3647 5484 possit
3673 5412 3892 5471 virtute

2179 5518 2450 5574 superare
2471 5502 2499 5555 ‘t
2543 5500 2945 5565 Quantaslibet
2995 5506 3185 5556 tamen
3220 5503 3519 5557 adversum
3574 5518 3679 5557 nos
3707 5502 3895 5573 erigat

2181 5592 2504 5658 machinas,
2538 5590 2773 5662 quando
2806 5606 2916 5644 non
2960 5595 3114 5645 tenet
3154 5589 3343 5645 locum
3391 5590 3577 5646 cordis
3610 5588 3707 5644 ubi
3740 5590 3891 5647 ﬁdes

2181 5681 2423 5752 habitat,
2456 5680 2675 5751 ejectus
2705 5682 2795 5735 est
2827 5678 3000 5735 foras.
3036 5678 3145 5735 Sed
3180 5678 3285 5734 nisi
3323 5678 3606 5735 Dominus
3627 5679 3889 5736 custodi-
