4148 6190
325 276 471 340 1773

318 417 424 471 erit
453 415 775 485 civitatem,
805 415 865 471 in
898 432 1115 472 vanum
1146 416 1412 489 vigilabit
1439 419 1539 490 qui
1572 421 1831 477 custodit
1860 422 2031 492 (Psal.

316 521 498 571 cxxvr,
537 507 609 577 1).
641 506 833 562 Nolite
888 522 1022 578 ergo
1082 506 1152 563 de
1183 507 1345 562 vobis
1387 508 1531 579 ipsis
1574 526 1946 581 praesumere,
1980 509 2033 565 si

324 611 434 649 non
470 594 650 652 vultis
682 596 837 652 foras
869 596 1118 665 ejectum
1163 595 1458 652 diabolum
1512 597 1662 654 intro
1692 598 1906 655 iterum
1940 614 2030 656 re-

317 699 539 739 vocare.

386 772 475 827 10.
509 773 677 829 Absit
707 778 903 829 autem
931 778 992 827 ut
1022 773 1320 830 diabolum
1364 776 1570 831 mundi
1597 777 1913 847 principem
1950 778 2031 833 ita

316 861 540 917 dictum
571 862 986 927 existimemus,
1029 868 1094 920 ut
1122 880 1255 919 eum
1280 865 1421 920 ccelo
1453 870 1509 921 et
1542 871 1707 921 terra:
1738 862 2029 921 dominari

317 968 485 1022 posse
519 952 853 1007 credamus.
889 951 999 1007 Sed
1034 953 1289 1008 mundus
1323 953 1723 1025 appellaturin
1747 954 1914 1010 malis
1937 954 2031 1011 ho.

318 1040 602 1107 minibus,
635 1040 735 1112 qui
767 1045 888 1098 toto
938 1042 1075 1097 orbe
1116 1046 1399 1098 terrarum
1434 1042 1631 1098 diffusi
1663 1048 1799 1099 sunt
1831 1060 1844 1097 :
1880 1045 2032 1100 sicut

316 1130 649 1203 appellatur
666 1131 877 1187 domus
894 1131 953 1186 in
976 1131 1065 1187 his
1086 1149 1117 1187 a
1133 1132 1343 1203 quibus
1371 1132 1682 1203 habitatur,
1708 1134 2029 1190 secundum

316 1220 470 1290 quod
504 1220 781 1287 dicimus,
805 1219 959 1275 Bona
981 1220 1191 1276 domus
1220 1226 1329 1289 est,
1362 1221 1471 1289 vel,
1508 1222 1659 1278 mala
1693 1223 1901 1278 domus
1920 1227 2028 1291 est,

326 1325 441 1364 non
478 1309 713 1379 quando
736 1308 1216 1381 reprehendimus
1238 1311 1359 1366 sive
1390 1311 1702 1367 laudamus
1722 1311 2031 1368 aediﬁcium

320 1398 612 1470 parietum
648 1402 821 1469 atque
845 1403 1153 1467 tectorum,
1194 1400 1289 1456 sed
1322 1400 1554 1471 quando
1588 1418 1777 1457 mores
1806 1400 1893 1457 vel
1924 1402 2034 1457 bo-

318 1504 525 1543 norum
556 1486 858 1544 hominum
897 1487 983 1544 vel
1035 1487 1347 1544 malorum.
1378 1490 1473 1546 Sic
1504 1505 1639 1561 ergo
1670 1492 1891 1546 dictum
1923 1495 2031 1557 est,

317 1577 577 1647 Princeps
635 1576 796 1647 hujus
853 1577 1102 1632 mundi:
1137 1577 1193 1631 id
1252 1586 1358 1641 est,
1420 1579 1689 1649 princeps
1740 1580 2031 1635 malorum

318 1665 574 1719 omnium
618 1667 717 1738 qui
772 1667 1035 1721 habitant
1097 1668 1155 1722 in
1208 1667 1447 1722 mundo.
1485 1668 1827 1739 Appellatur
1857 1669 2033 1725 etiam

319 1754 577 1809 mundus
614 1755 671 1810 in
724 1755 915 1825 bonis,
941 1756 1041 1827 qui
1093 1756 1361 1811 similiter
1406 1763 1527 1812 toto
1580 1762 1863 1815 terrarum
1898 1759 2034 1814 orbe

320 1844 513 1899 diil‘usi
571 1850 758 1899 sunt:
819 1844 954 1900 inde
1012 1846 1152 1900 dicit
1200 1845 1533 1917 Apostolus,
1568 1847 1709 1902 Deus
1760 1847 1820 1902 in
1883 1846 2035 1903 Chri-

318 1944 417 2000 sto,
449 1934 717 1989 mundum
748 1935 1114 1990 reconcilians
1138 1934 1247 1989 sibi
1276 1934 1322 2006 (Ι
1344 1937 1464 1990 Cor.
1500 1952 1551 2002 ν,
1584 1936 1687 2007 19).
1715 1935 1778 1991 Ili
1816 1943 2035 1992 suntex

319 2042 566 2096 quorum
592 2026 864 2080 cordibus
889 2025 1156 2097 princeps
1178 2025 1353 2095 hujus
1378 2027 1579 2080 mundi
1607 2027 1837 2097 ejicitur
1861 2032 2033 2086 toral.

395 2118 479 2171 ll.
512 2115 657 2170 Cum
692 2131 828 2187 ergo
868 2114 1132 2183 dixisset,
1164 2116 1316 2170 Nunc
1361 2114 1614 2186 princeps
1647 2116 1815 2185 hujus
1846 2119 2037 2173 mundi

316 2208 577 2275 eiicietur
604 2209 751 2276 [oras
774 2222 794 2267 ;
822 2206 883 2260 Et
906 2220 1019 2276 ego,
1044 2205 1307 2275 inquit,si
1322 2203 1604 2260 exaltatus
1629 2207 1786 2275 [uero
1807 2224 1845 2261 a
1868 2216 2033 2276 terra,

318 2295 505 2352 omnia
538 2294 759 2350 traham
784 2303 908 2366 post
936 2311 1041 2350 me.
1075 2296 1211 2359 Quae
1242 2298 1446 2359 omnia,
1483 2295 1590 2349 nisi
1626 2311 1693 2350 ex
1711 2295 2036 2366 quibusille

318 2384 550 2455 ejicitur
582 2382 781 2439 foras?
813 2382 940 2437 Non
974 2389 1163 2437 autem
1196 2381 1360 2448 dixit,
1392 2398 1620 2442 omnes.
1647 2384 1771 2450 sed,
1801 2385 1988 2439 omnia
2016 2400 2034 2441 :

320 2488 433 2527 non
456 2472 615 2527 enim
650 2472 911 2527 omnium
960 2475 1044 2525 est
1076 2470 1217 2526 fides
1248 2472 1315 2540 (ll
1349 2470 1523 2526 Thess.
1552 2487 1633 2539 in,
1660 2471 1737 2542 2).
1760 2470 1883 2527 Non
1917 2473 2033 2528 ita-

318 2577 428 2630 que
458 2560 570 2615 hoc
603 2561 675 2615 ad
740 2558 1168 2615 universitatem
1221 2560 1521 2615 hominum
1575 2559 1794 2627 retulit,
1827 2562 1930 2616 sed
1963 2562 2033 2617 ad

321 2659 595 2705 creature
656 2650 1047 2720 integritatem
1083 2665 1097 2716 ;
1126 2648 1181 2702 id
1211 2653 1317 2713 est,
1351 2649 1645 2719 spiritum,
1674 2654 1729 2704 et
1757 2648 2033 2720 animam,

320 2746 377 2793 et
406 2755 621 2811 corpus
655 2756 669 2805 ;
701 2744 758 2794 et
792 2737 932 2793 illud
967 2736 1503 2808 quointclligimus,
1529 2738 1746 2793 etillud
1773 2739 2039 2808 quovivi-

324 2846 478 2897 mus,
515 2833 573 2884 et
603 2827 743 2883 illud
777 2844 896 2898 quo
959 2825 1219 2881 visibiles
1250 2834 1304 2881 et
1337 2827 1779 2882 contrectabiles
1810 2845 2032 2884 sumus.

322 2918 429 2983 Qui
460 2916 619 2971 enim
640 2917 803 2981 dixit,
826 2916 1072 2986 Capillus
1104 2914 1302 2986 capitis
1332 2914 1497 2970 vestri
1526 2931 1632 2970 non
1661 2918 1861 2986 peribit
1883 2918 2032 2985 (Luc.

324 3023 437 3071 xxx,
473 3007 584 3077 18),
619 3006 814 3061 omnia
844 3005 1026 3059 trahit
1074 3010 1205 3075 post
1235 3020 1315 3059 se.
1353 3007 1466 3059 Aut
1489 3005 1535 3059 si
1569 3007 1754 3059 omnia
1786 3005 1898 3075 ipsi
1931 3006 2031 3060 ho~

325 3099 513 3152 mines
546 3095 914 3165 intelligendi
945 3095 1317 3160 sunt,omnia
1341 3096 1750 3165 prmdestinata
1779 3096 1849 3149 ad
1882 3095 2035 3151 salu-

324 3194 431 3243 tem
453 3184 1001 3258 possumusdicere:
1035 3185 1333 3254 exquibus
1355 3184 1626 3239 omnibus
1650 3184 1885 3239 aitnihil
1908 3200 2036 3241 esse

325 3279 672 3349 periturum,
703 3291 836 3330 cum
862 3290 1038 3345 supra
1057 3275 1126 3329 de
1150 3274 1269 3328 suis
1283 3274 1482 3329 ovibus
1503 3275 1835 3345 loqueretur
1858 3275 2032 3343 (Joan.

325 3383 377 3433 x,
408 3366 521 3436 28).
575 3367 690 3420 Aut
737 3356 889 3419 certe
946 3363 1144 3419 omnia
1194 3362 1499 3418 hominum
1544 3379 1775 3434 genera,
1807 3364 1928 3419 sive
1974 3366 2034 3420 in

325 3455 540 3525 linguis
591 3453 881 3518 omnibus,
924 3453 1045 3507 sive
1088 3451 1145 3505 in
1192 3451 1463 3506 aetatibus
1503 3453 1797 3520 omnibus,
1831 3452 1948 3509 sive
1973 3454 2034 3508 in

323 3546 602 3616 gradibus
636 3543 921 3597 honorum
946 3541 1239 3609 omnibus,
1261 3541 1380 3595 sive
1412 3542 1467 3594 in
1491 3543 1924 3598 diversitatibus
1944 3543 2033 3597 in-

326 3635 621 3707 geniorum
646 3631 1147 3696 omnibus,sivein
1174 3631 1386 3685 artium
1410 3628 1703 3686 licitarum
1728 3637 1783 3686 et
1803 3633 2036 3687 utilium

328 3722 792 3795 professionibus
807 3720 1104 3787 omnibus,
1139 3724 1194 3774 et
1216 3719 1502 3789 quidquid
1525 3720 1679 3775 aliud
1712 3721 1825 3775 dici
1851 3726 2037 3791 potest

325 3813 645 3868 secundum
687 3808 1146 3865 innumerabiles
1166 3807 1524 3862 diil'erentias
1556 3809 1766 3878 quibus
1793 3809 1943 3863 inter
1973 3825 2035 3865 se

327 3910 531 3973 praeter
559 3900 685 3956 sola
718 3907 950 3970 peccata
976 3897 1245 3955 homines
1274 3898 1515 3962 distant,
1534 3899 1603 3952 ab
1624 3898 2035 3953 excelsissimis

328 4008 513 4064 usque
547 3992 618 4048 ad
653 3987 1042 4053 humillimos,
1080 4005 1112 4043 a
1155 4003 1286 4059 rege
1337 4003 1524 4058 usque
1554 3988 1624 4042 ad
1661 3987 2035 4053 mendicum;

327 4084 534 4151 omnia,
570 4079 781 4152 inquit,
814 4078 1031 4133 traham
1062 4087 1181 4149 post
1212 4092 1329 4138 me:
1361 4080 1515 4132 utsit
1544 4083 1720 4148 caput.
1745 4082 2041 4146 eorum,et

328 4173 408 4229 illi
431 4172 699 4228 membra
721 4172 863 4242 ejus.
891 4170 1001 4225 Sed
1018 4168 1067 4223 si
1086 4171 1384 4236 exaltatus,
1408 4167 1778 4238 inquit,fuero
1801 4185 1833 4223 a
1855 4174 2038 4231 terra;

329 4266 434 4322 hoc
463 4272 573 4329 est,
609 4279 739 4319 cum
774 4260 1239 4334 exaltatust‘uero
1272 4276 1285 4315 :
1320 4276 1433 4315 non
1459 4260 1613 4315 enim
1637 4261 1863 4315 dubitat
1891 4261 2041 4315 futu-

329 4371 453 4411 rum
485 4368 615 4410 esse
646 4352 799 4424 quod
857 4350 1015 4405 venit
1058 4349 1318 4421 implere.
1374 4348 1490 4404 Hoc
1521 4349 1764 4404 refertur
1795 4349 1864 4403 ad
1900 4347 2037 4403 illud

330 4445 482 4516 quod
516 4443 793 4514 superius
823 4442 924 4505 ait,
966 4439 1024 4493 Si
1052 4443 1233 4493 autem
1275 4440 1551 4493 mortuum
1579 4437 1753 4508 fuerit
1780 4455 2041 4509 granum,

328 4535 567 4589 multum
595 4533 841 4603 fructum
871 4528 1051 4600 aﬂert.
1087 4527 1230 4582 Nam
1261 4526 1671 4583 exaltationem
1704 4544 1871 4583 suam
1906 4528 2040 4598 quid

329 4623 481 4679 aliud
518 4622 669 4678 dixit
699 4636 875 4691 quam
908 4620 965 4675 in
1019 4633 1188 4674 cruce
1240 4616 1607 4688 passionem?
1638 4616 1802 4684 Quod
1833 4622 1889 4672 et
1918 4619 2043 4689 ipse

331 4712 697 4787 Evangelista
728 4727 843 4766 non
898 4708 1109 4765 tacuit:
1146 4708 1445 4778 subjunxit
1503 4708 1678 4775 enim,
1703 4712 1758 4763 et
1799 4707 1899 4775 ait,
1933 4708 2043 4763 Hoc

329 4808 509 4859 autem
550 4800 792 4863 dicebat,
822 4798 1143 4870 signiﬁcans
1174 4814 1279 4867 qua
1310 4803 1489 4852 morte
1517 4804 1652 4852 esset
1690 4798 1997 4851 moriturus
2017 4798 2044 4848 ?

403 4893 488 4947 12.
526 4890 827 4961 Respondit
858 4887 912 4942 ei
941 4890 1107 4942 turba
1140 4889 1293 4941 :Nos
1322 4886 1631 4941 audivimus
1662 4901 1730 4940 ex
1762 4885 1896 4954 Lege
1916 4887 2045 4957 quia

328 4983 582 5037 Christus
612 4986 799 5034 manet
832 4976 889 5031 in
924 4979 1303 5037 aeternum;et
1337 4975 1596 5046 quomodo
1618 4983 1676 5029 tu
1707 4974 2041 5046 dicis,0por-

326 5075 398 5127 tet
429 5066 689 5128 exaltari
711 5067 910 5121 Filium
943 5065 1183 5119 hominis
1205 5064 1234 5116 ?
1264 5065 1328 5117 Et
1358 5066 1475 5135 quis
1507 5068 1584 5119 est
1615 5066 1717 5119 iste
1740 5062 1919 5119 Filius
1940 5063 2043 5119 ho—

328 5164 495 5217 minis
517 5164 545 5214 ?
576 5158 909 5214 Memoriter
940 5159 1257 5211 tenuerunt
1305 5155 1460 5225 quod
1498 5153 1778 5208 Dominus
1813 5153 2045 5209 dicebat

324 5252 561 5308 assidue
612 5262 675 5304 se
724 5260 848 5300 esse
897 5242 1104 5299 Filium
1152 5243 1422 5299 hominis.
1451 5242 1597 5297 Nam
1652 5241 1759 5296 hoc
1781 5239 2041 5297 loconon

327 5343 429 5412 ait,
458 5339 520 5396 Si
554 5336 849 5393 exaltatus
900 5332 1071 5389 fuerit
1099 5351 1130 5388 a
1161 5337 1313 5388 terra
1374 5331 1553 5387 Filius
1602 5329 1858 5385 hominis
1889 5345 1902 5384 :
1939 5332 2039 5387 sed

326 5429 605 5504 superius
637 5425 882 5492 dixerat,
907 5424 1057 5493 quod
1092 5424 1358 5478 hesterno
1382 5423 1473 5477 die
1495 5420 1710 5477 lectum
1736 5424 1910 5490 atque
1927 5428 2045 5475 tra-

326 5525 550 5576 ctatum
580 5518 690 5583 est,
715 5511 948 5584 quando
972 5511 1217 5566 nuntiati
1242 5509 1651 5566 suntGentiles
1674 5507 1782 5577 illi,
1800 5507 2044 5579 quicum

327 5611 526 5665 videre
561 5603 896 5676 cupiebant.
934 5601 1081 5657 Venit
1112 5600 1245 5658 hora
1276 5609 1336 5656 ut
1364 5599 1713 5672 gloriﬁcetur
1741 5599 1916 5655 Filius
1949 5599 2044 5656 ho-

1500 282 1967 348 TRACTATUS
2010 282 2164 346 LIII.
2211 281 2468 349 CAPUT
2512 284 2643 347 XII.

3687 292 3843 353 1774

2145 421 2311 477 minis
2340 422 2516 493 (Joan.
2566 438 2667 489 xii,
2689 422 2779 485 25,
2813 420 2928 491 23).
2960 420 3078 477 Hoc
3128 422 3322 494 itaque
3354 423 3675 480 istieanimo
3704 427 3847 481 reti-

2143 516 2437 578 nentes,et
2468 512 2619 583 quod
2645 527 2798 565 nunc
2830 510 2929 577 ait,
2966 510 3101 565 Cum
3130 512 3407 567 exaltatus
3435 515 3589 582 fuero
3620 530 3654 567 a
3675 519 3844 580 terra,

2141 603 2386 654 mortem
2447 601 2635 655 crucis
2687 597 3087 670 intelligentes,
3122 600 3484 671 quaesierunt
3526 600 3598 656 ab
3641 600 3760 671 illo,
3792 608 3850 657 et

2138 688 2415 745 dixerunt
2448 707 2460 743 :
2495 690 2598 745 Nos
2628 690 2944 744 audivimus
2964 705 3033 745 ex
3063 690 3200 760 Lege
3230 690 3369 761 quia
3401 689 3644 747 Christus
3668 695 3849 745 manet

2138 779 2196 831 in
2225 784 2501 834 aeternum
2526 796 2546 841 ;
2575 786 2627 834 et
2657 779 2917 849 quomodo
2949 782 3009 833 tu
3038 779 3195 846 dicis,
3231 780 3453 850 Oportet
3483 779 3723 836 exaltari
3755 779 3849 835 Fi-

2142 867 2279 922 lium
2320 869 2601 923 hominis?
2640 869 2769 936 Quis
2819 873 2895 923 est
2937 867 3094 923 enim
3143 870 3240 923 iste
3268 869 3439 924 Filius
3482 868 3851 924 hominis?Si

2139 955 2294 1010 enim
2328 956 2589 1013 Christus
2620 965 2727 1021 est,
2768 957 3064 1027 inquiunt,
3116 961 3305 1012 manet
3345 957 3405 1013 in
3432 961 3714 1013 aeternum
3754 973 3767 1012 :
3801 964 3852 1019 si

2142 1045 2415 1099 manetin
2451 1055 2749 1109 aeternum,
2780 1045 3071 1114 quomodo
3117 1044 3464 1101 exaltabitur
3495 1062 3527 1100 a
3558 1050 3712 1101 terra
3746 1062 3757 1098 :
3794 1046 3851 1101 id

2140 1135 2547 1203 est,quomodo
2568 1133 2757 1188 crucis
2777 1133 3044 1200 passione
3072 1133 3522 1189 morietur?lloc
3545 1134 3699 1190 enim
3723 1149 3852 1189 eum

2140 1220 2358 1277 dixisse
2376 1221 2799 1293 intelligebant,
2820 1223 2971 1293 quod
3000 1222 3182 1278 facere
3203 1222 3549 1292 cogitabant.
3569 1222 3692 1279 Non
3716 1237 3853 1294 ergo

2142 1311 2226 1365 eis
2258 1313 2562 1368 verborum
2596 1312 2844 1367 istorum
2868 1312 3279 1369 obscuritatem
3304 1313 3528 1385 aperuit
3560 1313 3752 1369 infusa
3770 1328 3853 1369 sa-

2143 1400 2381 1471 pientia,
2415 1402 2511 1457 sed
2537 1401 2837 1457 stimulata
2866 1402 3247 1458 conscientia.

2217 1488 2302 1543 13.
2328 1489 2481 1544 Dixit
2536 1505 2663 1560 ergo
2704 1490 2780 1544 eis
2807 1490 2957 1544 Jesus
2981 1507 2998 1542 :
3048 1487 3231 1543 Adhuc
3262 1488 3535 1545 modicum
3568 1490 3756 1545 lumen
3796 1492 3853 1543 in

2140 1577 2290 1632 vobis
2320 1581 2419 1632 est.
2444 1579 2585 1634 Hinc
2598 1581 2685 1633 est
2702 1578 2855 1649 quod
2876 1576 3205 1648 intelligitis
3218 1576 3357 1648 quia
3376 1576 3640 1632 Christus
3663 1583 3857 1633 manet

2141 1667 2199 1721 in
2233 1668 2686 1736 aeternumErgo
2716 1666 2996 1722 ambulate
3026 1666 3154 1721 dum
3186 1668 3359 1723 lucem
3389 1667 3619 1734 habetis,
3657 1673 3717 1722 ut
3746 1682 3855 1722 non

2144 1757 2381 1813 tenebrae
2432 1773 2520 1812 vos
2569 1756 3059 1826 comprehendant.
3094 1756 3424 1825 Ambulate,
3457 1756 3732 1822 accedite,
3765 1761 3855 1811 to-

2146 1849 2265 1899 tum
2302 1846 2633 1916 intelligite,
2665 1851 2722 1900 et
2754 1845 3107 1900 moriturum
3133 1844 3447 1912 Christum,
3479 1850 3535 1901 et
3562 1844 3854 1901 victurum

2143 1937 2200 1989 in
2234 1940 2538 2004 aeternum,
2570 1941 2626 1991 et
2668 1935 3012 2007 sanguinem
3047 1937 3316 1992 iusurum
3352 1951 3466 2007 quo
3497 1937 3777 2006 redimat,
3800 1940 3854 1991 et

2144 2041 2384 2079 ascensu
2396 2041 2521 2080 rum
2554 2026 2613 2079 in
2628 2025 2907 2081 sublimia
2919 2042 3031 2096 quo
3054 2027 3344 2097 perducat.
3364 2024 3634 2080 Tenebras
3658 2030 3852 2079 autem

2146 2128 2243 2168 vos
2276 2113 2856 2185 comprehendent,si
2906 2129 2973 2168 eo
3024 2115 3194 2168 modo
3241 2112 3599 2168 credideritis
3640 2112 3851 2167 Christi

2145 2203 2547 2268 eternitatem,
2583 2209 2643 2257 ut
2676 2202 2892 2273 negetis
2925 2202 2984 2256 in
3016 2218 3082 2258 eo
3114 2201 3314 2257 mortis
3346 2201 3757 2256 humilitatem.
3787 2202 3855 2256 Et

2144 2290 2244 2361 qui
2262 2292 2508 2346 ambulat
2538 2294 2596 2345 in
2628 2291 2888 2357 tenebris,
2915 2292 3088 2345 nescit
3111 2305 3215 2360 quo
3240 2294 3420 2344 vadat.
3441 2289 3535 2344 Sic
3566 2291 3849 2360 potestcf-

2146 2386 2375 2441 i'endere
2419 2386 2475 2441 in
2510 2384 2760 2455 lapidem
2822 2380 3184 2449 oil‘ensionis,
3217 2384 3272 2436 et
3306 2385 3526 2450 petram
3560 2379 3850 2449 scandali,

2146 2478 2299 2547 quod
2336 2475 2445 2530 fuit
2475 2475 2757 2530 Dominus
2797 2473 2965 2530 caecis
2992 2471 3214 2527 Judaeis
3248 2487 3262 2525 :
3297 2472 3449 2525 sicut
3478 2469 3850 2525 credentibus

2144 2564 2293 2636 lapis
2319 2581 2484 2636 quem
2532 2564 2984 2635 reprobaverunt
3032 2559 3407 2625 aediﬁcantes,
3452 2558 3639 2615 factus
3672 2565 3757 2613 est
3787 2557 3847 2611 in

2144 2658 2319 2725 caput
2374 2652 2570 2725 anguli
2610 2652 2655 2722 (Ι
2688 2653 2835 2707 Petr.
2870 2667 2931 2717 ιι,
2962 2648 3106 2720 6-8).
3164 2648 3312 2703 Hinc
3365 2646 3660 2718 dedignati
3712 2652 3851 2701 sunt

2143 2745 2448 2801 crederein
2478 2743 2765 2799 Christum
2813 2742 2951 2814 quia
2976 2755 3174 2797 eorum
3207 2737 3476 2810 impietas
3496 2738 3850 2808 contempsit

2146 2841 2415 2899 mortem,
2446 2833 2578 2889 risit
2606 2831 2866 2889 occisum
2901 2847 2913 2886 :
2947 2835 2999 2885 et
3030 2829 3159 2901 ipsa
3188 2833 3312 2885 erat
3336 2844 3494 2883 mors
3515 2828 3681 2898 grani
3702 2826 3850 2880 mul-

2143 2924 2467 2994 tiplicandi,
2500 2930 2557 2979 et
2589 2922 2863 2976 exaltatio
2898 2920 3181 2975 trahentis
3202 2924 3333 2991 post
3364 2936 3424 2974 se
3456 2918 3673 2973 omnia.
3716 2918 3846 2972 Dum

2141 3014 2335 3080 lucem,
2368 3013 2577 3082 inquit,
2610 3011 2845 3078 habetis,
2901 3009 3106 3064 credite
3130 3012 3188 3063 in
3223 3008 3421 3077 lucem,
3453 3017 3516 3062 ut
3562 3006 3667 3076 ﬁlii
3700 3006 3849 3061 lucis

2142 3102 2282 3158 sitis.
2316 3102 2456 3157 Cum
2504 3099 2721 3171 aliquid
2768 3098 2887 3153 veri
2934 3098 3198 3153 auditum
3256 3096 3742 3165 habetis,credite
3788 3096 3846 3151 in

2143 3192 2467 3259 veritatem,
2494 3195 2556 3245 ut
2588 3186 2969 3245 renascamini
2999 3186 3059 3242 in
3088 3185 3347 3241 veritate.

2217 3284 2300 3338 14.
2339 3282 2465 3338 ch
2496 3281 2703 3336 locutus
2733 3283 2808 3334 est
2831 3278 3005 3345 Jesus,
3039 3283 3089 3331 et
3116 3276 3280 3342 abiit,
3312 3283 3361 3329 et
3386 3274 3665 3330 abscondit
3694 3290 3751 3329 se
3778 3275 3844 3329 ab

2142 3375 2239 3429 eis.
2272 3372 2394 3428 Non
2429 3371 2500 3426 ab
2533 3369 2613 3424 eis
2646 3368 2743 3440 qui
2777 3366 3005 3421 credere
3031 3372 3083 3419 et
3114 3362 3354 3433 diligere
3384 3368 3694 3432 coeperant,
3730 3378 3842 3417 non

2146 3463 2217 3517 ab
2248 3462 2328 3516 eis
2362 3459 2461 3531 qui
2493 3475 2626 3515 cum
2662 3457 2839 3512 ramis
2871 3454 3197 3526 palmarum
3230 3459 3285 3506 et
3316 3451 3587 3507 laudibus
3619 3451 3848 3505 obviam

2144 3555 2419 3606 venerant
2452 3549 2582 3603 :sed
2615 3548 2685 3601 ab
2716 3544 2795 3601 eis
2816 3544 2916 3617 qui
2953 3542 3224 3597 videbant
3244 3539 3682 3608 etinvidebant;
3717 3539 3851 3609 quia

2146 3654 2250 3694 nec
2279 3638 2564 3705 videbant,
2615 3637 2711 3691 sed
2759 3634 2815 3689 in
2848 3632 3101 3704 lapidem
3125 3631 3288 3687 illum
3321 3629 3575 3686 caecitate
3600 3627 3850 3682 offende-

2148 3730 2304 3783 bant.
2340 3729 2478 3781 Cum
2503 3729 2698 3780 autem
2732 3721 3041 3778 abscondit
3080 3736 3141 3776 se
3161 3720 3333 3775 Jesus
3362 3719 3431 3773 ab
3465 3718 3548 3773 eis
3583 3716 3682 3788 qui
3720 3731 3847 3771 eum

2145 3816 2405 3873 occidere
2450 3813 2759 3884 cupiebant
2789 3811 2968 3881 (quod
3028 3826 3181 3880 saepe
3233 3814 3466 3879 propter
3500 3804 3846 3862 oblivionem

2145 3904 2552 3962 commonendi
2582 3903 2766 3971 estis),
2802 3905 3008 3955 nostras
3034 3899 3363 3954 infirmitati
3396 3896 3703 3964 consuluit,
3738 3911 3849 3949 non

2148 4012 2262 4053 sua:
2297 3992 2561 4066 potestati
2593 3990 2914 4062 derogavit.

2694 4103 3115 4163 TRACTATUS
3164 4103 3302 4159 LIII.

2154 4217 2227 4272 Ab
2254 4231 2314 4271 eo
2346 4213 2487 4287 quod
2515 4214 2784 4282 scriptum
2814 4214 3072 4277 est,Cum
3098 4213 3289 4263 autem
3309 4212 3471 4263 tanta
3500 4207 3662 4276 signa
3684 4206 3855 4260 fecis-

2225 4311 2311 4364 set
2342 4322 2529 4361 coram
2561 4304 2666 4369 eis,
2700 4319 2810 4358 non
2846 4299 3234 4356 credebantin
3261 4313 3393 4351 eum
3428 4316 3442 4364 ;
3476 4310 3645 4365 usque
3673 4294 3743 4349 ad
3777 4294 3853 4360 id,

2225 4396 2558 4452 Dilexerunt
2588 4392 2832 4462 gloriam
2864 4388 3169 4445 hominum
3202 4386 3391 4456 magis
3421 4400 3591 4454 quam
3613 4382 3853 4453 gloriam

2230 4486 2347 4540 Dei.
2373 4482 2509 4552 Cap.
2544 4496 2665 4543 xui,
2698 4479 2749 4547 ᾖ.
2782 4477 2959 4530 37-43.

2230 4605 2279 4659 1.
2315 4598 2706 4657 Ριιωιλιιηιὶειῐα
2730 4594 3017 4651 Dominus
3058 4591 3323 4647 Christus
3365 4589 3625 4660 passione
3656 4593 3860 4657 sua,et

2159 4697 2340 4749 morte
2399 4691 2688 4744 fructuosa
2749 4686 2807 4740 in
2854 4684 3205 4739 exaltatione
3254 4680 3464 4749 crucis,
3495 4680 3594 4734 ubi
3628 4680 3765 4733 dixit
3798 4695 3860 4733 se

2157 4781 2355 4837 omnia
2386 4784 2700 4835 tracturum
2725 4788 2853 4830 esse
2884 4776 3015 4845 post
3044 4788 3128 4836 se,
3159 4785 3293 4827 cum
3316 4766 3735 4824 intellexissent
3762 4766 3863 4821 Ju-

2159 4872 2266 4928 daei
2296 4870 2448 4944 quod
2484 4870 2552 4923 de
2601 4882 2705 4921 sua
2740 4868 2923 4919 morte
2969 4862 3227 4929 dixisset,
3261 4864 3318 4914 et
3349 4858 3779 4930 preposuissent
3808 4856 3861 4910 ei

2160 4962 2568 5035 quaestionem,
2610 4953 2902 5027 quomodo
2959 4950 3174 5007 diceret
3221 4965 3282 5006 se
3321 4962 3450 5003 esse
3494 4944 3859 5035 moriturum,

2160 5031 2294 5108 cum
2326 5065 2394 5103 ex
2427 5051 2568 5116 Lege
2614 5040 2903 5119 audierint
2935 5039 3090 5112 quod
3121 5036 3383 5093 Christus
3409 5036 3600 5088 manet
3621 5031 3677 5085 in
3703 5036 3861 5086 aster-

2162 5155 2332 5205 num;
2368 5137 2631 5192 hortatus
2664 5136 2753 5187 est
2779 5146 2897 5195 eos,
2920 5129 3130 5183 utdum
3156 5119 3861 5180 adhuomodicumlumen

2162 5229 2220 5285 in
2256 5230 2340 5284 eis
2371 5229 2543 5292 esset,
2564 5238 2676 5294 quo
2708 5219 3005 5276 Christum
3028 5219 3305 5271 internum
3338 5225 3466 5266 esse
3501 5208 3860 5279 didicissent,

2162 5316 2549 5379 ambularent,
2572 5317 2640 5366 ut
2671 5314 2857 5365 totum
2881 5306 3190 5371 discerent,
3217 5317 3285 5356 ne
3306 5298 3864 5370 comprehenderen-

2162 5416 2256 5467 tur
2286 5426 2320 5464 a
2351 5404 2619 5463 tenebris.
2654 5401 2719 5456 Et
2761 5413 2895 5454 cum
2938 5395 3061 5451 hac
3096 5396 3250 5447 esset
3279 5391 3528 5457 locutus,
3562 5389 3864 5447 abscondit

2162 5517 2224 5558 se
2254 5498 2324 5554 ab
2346 5496 2446 5552 eis.
2481 5492 2608 5547 Haec
2640 5491 2696 5544 in
2752 5484 3151 5558 superioribus
3175 5479 3483 5539 dominicis
3514 5475 3864 5536 lectionibus

2161 5588 2463 5658 verbisque
2492 5578 2800 5637 didicistis.
