4178 6192
314 314 466 375 i775

373 451 426 506 2.
460 449 678 507 Deinde
708 449 910 506 intulit
927 448 1285 520 Evangelista
1306 450 1462 504 unde
1484 448 1827 505 hodiernum
1851 444 2013 517 capi-

303 539 491 597 tulum
528 540 830 597 recitatum
856 545 962 605 est,
990 547 1047 596 et
1068 540 1147 595 ait
1170 557 1181 593 ε
1205 543 1343 596 Cum
1363 548 1545 594 autem
1576 545 1731 594 tanta
1751 539 1905 601 signa
1932 538 2012 605 [e-

302 630 467 686 cisset
493 647 678 687 coram
709 634 804 699 eis,
839 648 949 687 non
978 630 1266 687 credebant
1289 630 1345 684 in
1377 646 1501 684 eum
1534 636 1633 684 :ut
1661 642 1831 683 sermo
1854 628 2010 681 Isaiae

296 721 577 790 propheta
606 720 929 792 impleret-ur
949 737 1106 791 quem
1137 717 1299 784 dixit,
1335 716 1583 785 Domine,
1616 718 1741 789 quis
1768 714 2007 771 credidit

298 811 518 867 auditui
545 822 723 868 nostro
745 816 769 865 .9
789 817 837 867 et
874 811 1157 866 brachium
1188 809 1407 865 Domini
1434 810 1527 864 cui
1560 809 1855 863 revelatum
1888 808 1962 859 est
1983 808 2008 859 .9

300 898 406 954 Ubi
440 900 582 956 satis
604 900 859 957 ostendit
889 900 1191 955 brachium
1222 899 1449 953 Domini
1472 897 1663 967 ipsum
1692 894 1871 950 Filius
1908 892 2003 949 Dei

296 1006 372 1044 nu
385 995 705 1060 ncnpatum
728 1011 741 1059 ;
765 1007 879 1046 non
894 991 1046 1061 quod
1070 988 1221 1045 Deus
1242 988 1410 1043 Pater
1439 987 1629 1055 ﬁgura
1652 982 2002 1040 determine-

294 1084 388 1134 tur
407 1079 598 1135 carnis
630 1080 918 1147 humanae,
951 1078 1117 1151 eique
1158 1078 1334 1134 Filius
1363 1083 1638 1148 tanquam
1670 1073 2000 1131 membrum

292 1169 553 1240 corporis
570 1168 784 1226 haereat
815 1186 827 1224 :
854 1171 951 1226 sed
969 1169 1106 1241 quia
1126 1168 1323 1226 omnia
1344 1183 1442 1239 per
1462 1167 1649 1239 ipsum
1672 1166 1822 1221 facta
1842 1166 2000 1232 sunt,

289 1256 415 1313 ideo
448 1258 750 1315 brachium
805 1257 1031 1316 Domini
1062 1258 1282 1314 dictum
1315 1264 1415 1313 est.
1453 1255 1616 1312 Sicut
1643 1254 1797 1311 enim
1832 1257 1999 1308 tuum

288 1346 719 1420 brachium,per
741 1349 892 1421 quod
918 1348 1172 1420 operaris
1192 1367 1207 1416 ;
1230 1346 1313 1403 sic
1334 1346 1431 1401 Dei
1454 1344 1753 1401 brachium
1777 1343 1995 1399 dictum

288 1439 376 1492 est
404 1437 533 1507 ejus
562 1436 841 1507 Verbum,
872 1438 1005 1506 quia
1038 1453 1138 1509 per
1167 1436 1416 1493 Verbum
1449 1442 1711 1506 cperalus
1730 1438 2001 1487 estmun-

289 1524 453 1581 dum.
487 1526 599 1582 Cur
628 1527 782 1583 enim
816 1528 989 1583 homo
1022 1530 1087 1583 ut
1115 1525 1337 1598 aliquid
1367 1528 1658 1596 operetur,
1690 1520 1995 1579 brachium

288 1615 565 1684 extendit,
600 1615 712 1671 nisi
746 1616 883 1689 quia
916 1632 1030 1671 non
1054 1616 1331 1673 continuo
1364 1615 1430 1668 fit
1470 1613 1623 1686 quod
1658 1610 1910 1668 dixerit?
1938 1611 1997 1667 Si

288 1708 481 1759 autem
513 1709 675 1761 tanta
698 1710 975 1775 potestate
1009 1705 1364 1778 praevaleret,
1405 1712 1463 1760 ut
1505 1702 1630 1759 sine
1680 1700 1799 1756 ullo
1832 1705 1991 1757 motu

286 1795 544 1865 corporis
576 1796 667 1852 sui
718 1797 870 1868 quod
912 1796 1128 1852 diceret
1158 1797 1338 1862 ﬁeret,
1372 1793 1675 1850 brachium
1707 1794 1834 1863 ejus
1864 1807 1993 1847 ver—

289 1881 423 1939 bum
458 1884 587 1954 ejus
620 1894 768 1941 esset
800 1886 840 1941 ί.
866 1885 975 1941 Sed
1005 1885 1290 1942 Dominus
1319 1885 1491 1941 Jesus
1523 1882 1861 1954 unigenitus
1895 1881 1991 1938 Dei

286 1972 471 2029 Patris
504 1973 701 2043 Filius,
753 1976 904 2032 sicut
955 1993 1069 2032 non
1114 1979 1203 2033 est
1244 1974 1464 2046 paterni
1511 1972 1770 2045 corporis
1804 1988 1992 2028 mem-

282 2061 478 2130 brum,
514 2063 594 2118 ita
624 2080 736 2120 non
769 2071 854 2121 est
875 2063 1185 2137 cogitabile
1215 2064 1303 2120 vel
1334 2061 1594 2119 sonabile
1627 2078 1690 2117 ac
1716 2061 1991 2116 transito-

283 2150 435 2208 rium
466 2153 706 2209 verbum
734 2174 748 2223 ;
775 2156 913 2226 quia
944 2170 1075 2210 eum
1109 2155 1305 2210 omnia
1336 2151 1644 2226 peripsum
1670 2153 1989 2220 factasunt,

273 2237 373 2296 Dei
403 2240 661 2298 Verbum
687 2249 829 2299 erat.

345 2332 398 2385 3.
431 2331 569 2387 Cum
606 2346 739 2403 ergo
767 2333 1042 2390 audimus
1067 2332 1363 2389 brachium
1388 2332 1483 2389 Dei
1518 2332 1703 2389 Patris
1733 2346 1861 2387 esse
1886 2329 1988 2386 Dei

274 2418 504 2490 Filium,
530 2439 643 2477 non
679 2422 846 2479 nobis
876 2423 1173 2495 obstrepat
1194 2424 1555 2478 consuetudo
1578 2419 1830 2477 carnalis
1855 2420 1985 2475 :sed

271 2514 555 2578 quantum
589 2510 688 2567 illo
719 2512 970 2568 donante
1006 2528 1337 2582 possumus,
1368 2511 1652 2567 Virtutem
1678 2509 1777 2565 Dei
1810 2517 1864 2565 et
1894 2513 1991 2563 Sa-

270 2596 551 2666 pientiam
577 2600 920 2671 cogitemus,
946 2617 1048 2673 per
1068 2618 1245 2672 quam
1274 2602 1424 2656 facta
1440 2604 1580 2655 sunt
1601 2597 1820 2655 omnia.
1849 2596 1990 2654 Tale

271 2683 480 2755 Quippe
514 2685 812 2744 brachium
847 2706 950 2745 nec
980 2694 1308 2760 porrectum
1340 2688 1687 2755 extenditur,
1721 2703 1826 2743 nec
1857 2688 1986 2744 eol-

270 2771 486 2829 lactum
521 2776 897 2832 contrahitur.
932 2777 1055 2834 Non
1090 2782 1181 2833 est
1211 2777 1367 2835 enim
1402 2777 1525 2848 ipse
1558 2776 1657 2848 qui
1692 2775 1987 2846 Pater,sed

269 2878 450 2918 unum
467 2871 601 2919 sunt
633 2864 759 2938 ipse
790 2872 846 2923 et
879 2872 1081 2935 Pater;
1114 2871 1172 2925 et
1196 2867 1438 2940 aequalis
1460 2868 1617 2922 Patri
1644 2867 1858 2939 ubique
1893 2874 1989 2924 to-

269 2956 363 3005 tus
396 2957 482 3008 est
503 2953 652 3010 sicut
673 2955 870 3014 Pater:
898 2973 968 3013 ne
982 2956 1173 3028 aliqua
1202 2956 1632 3028 pateatoccasio
1659 2957 1989 3014 detestabili

267 3041 446 3096 errori
479 3058 702 3115 eorum,
734 3046 835 3117 qui
866 3047 1071 3102 dicunt
1100 3046 1293 3102 solum
1327 3063 1453 3102 esse
1484 3050 1732 3114 Patrem,
1754 3047 1855 3102 sed
1883 3063 1986 3119 pro

268 3130 603 3188 diversitate
662 3151 972 3191 causarum
1001 3138 1195 3208 ipsum
1217 3135 1333 3191 dici
1366 3135 1599 3203 Filium,
1632 3136 1827 3207 ipsum
1869 3136 1983 3204 dici

268 3218 551 3289 Spiritum
572 3228 840 3279 sanctum
870 3242 885 3290 ;
919 3230 976 3280 et
1006 3225 1064 3280 in
1100 3225 1187 3279 his
1217 3225 1407 3279 verbis
1438 3224 1691 3280 audeant
1714 3225 1735 3259 ²
1765 3225 1977 3293 dicere,

269 3306 408 3363 Ecce
429 3311 633 3367 videtis
658 3314 791 3383 quia
821 3313 978 3369 solus
1008 3318 1094 3369 est
1124 3317 1311 3381 Pater,
1337 3313 1385 3368 si
1404 3314 1709 3370 brachium
1744 3315 1873 3384 ejus
1894 3320 1986 3372 est

270 3394 444 3452 Filius
476 3414 490 3464 ;
525 3414 641 3456 non
675 3402 829 3457 enim
864 3403 1015 3469 duas,
1048 3404 1147 3458 sed
1186 3418 1299 3458 una
1330 3419 1577 3475 persona
1608 3406 1693 3458 est
1725 3402 1895 3457 homo
1927 3408 1985 3460 et

269 3486 570 3544 brachium
604 3490 752 3561 ejus.
787 3489 912 3547 Non
945 3491 1334 3563 intelligentes
1367 3508 1554 3563 neque
1587 3492 1980 3563 advertentes,

268 3580 553 3648 quomodo
584 3581 758 3637 verba
781 3582 851 3637 de
874 3582 1047 3637 rebus
1079 3582 1209 3639 aliis
1230 3583 1299 3638 ad
1326 3599 1418 3638 res
1450 3582 1594 3638 alias
1628 3582 1983 3641 transferan-

265 3671 381 3734 tur,
417 3675 647 3740 propter
668 3671 929 3742 aliquam
962 3671 1404 3727 similitudinem
1438 3671 1616 3727 etiam
1652 3672 1710 3727 in
1740 3670 1982 3729 locutio-

268 3756 441 3811 nibus
475 3760 835 3829 quotidianis
867 3762 938 3815 de
970 3762 1297 3817 visibilibus
1324 3767 1380 3817 et
1412 3761 1735 3817 notissimis
1768 3762 1976 3832 rebus;

265 3851 483 3914 quanto
517 3850 705 3919 magis
732 3854 797 3904 ut
830 3851 999 3907 nobis
1023 3852 1335 3907 ineffabilia
1360 3852 1863 3924 qualitercumque
1886 3855 1981 3909 di-

263 3938 491 4004 cantur,
535 3953 663 4006 quae
716 3938 829 3992 dici
882 3940 1055 3994 sicuti
1090 3948 1247 4011 sunt,
1280 3941 1515 3997 omnino
1550 3959 1664 3998 non
1695 3944 1983 4015 possunt?

263 4022 406 4078 Nam
441 4030 495 4080 et
527 4025 703 4081 homo
728 4027 973 4084 alterum
1001 4030 1297 4085 hominem
1323 4047 1423 4100 per
1441 4048 1613 4101 quem
1640 4034 1785 4087 solet
1807 4049 1978 4105 agere

262 4112 551 4184 quidquid
570 4115 710 4187 agit,
735 4114 1037 4173 brachium
1063 4134 1235 4173 suum
1261 4118 1545 4189 appellat:
1573 4124 1627 4175 et
1648 4120 1696 4174 si
1730 4122 1779 4175 ei
1813 4123 1977 4178 aufe-

264 4204 437 4269 ratur,
475 4203 676 4259 dolens
707 4206 864 4273 dicit,
892 4206 1201 4262 Brachium
1237 4207 1458 4279 perdidi
1487 4227 1500 4274 ;
1534 4212 1589 4262 et
1617 4209 1668 4263 ei
1702 4210 1800 4281 qui
1834 4212 1970 4268 abs-

263 4291 483 4359 tulerit,
516 4293 659 4351 dicit
690 4296 994 4352 Brachium
1026 4313 1220 4352 meum
1256 4297 1396 4353 mihi
1419 4298 1732 4355 abstulisti.
1758 4300 1972 4357 Intelli-

263 4389 399 4452 gant
430 4397 564 4453 ergo
592 4386 881 4454 quomodo
913 4385 1103 4441 dictus
1135 4386 1211 4442 sit
1241 4386 1418 4443 Filius
1440 4387 1623 4444 Patris
1646 4388 1967 4458 brachium,

263 4486 365 4541 per
383 4473 536 4537 quod
571 4472 739 4529 Pater
772 4479 1044 4546 operatus
1079 4479 1164 4532 est
1206 4476 1441 4546 omnia;
1478 4492 1548 4531 ne
1598 4477 1706 4533 hoc
1736 4496 1846 4535 non
1878 4480 1971 4536 in-

264 4561 597 4633 telligendo,
629 4569 684 4620 et
715 4566 773 4621 in
805 4565 894 4621 sui
925 4566 1137 4623 erroris
1157 4568 1411 4624 tenebris
1443 4573 1856 4640 permanendo,
1880 4572 1970 4628 si-

264 4651 429 4708 miles
455 4654 571 4710 sint
599 4655 1002 4728 Judaisipsis,
1032 4660 1102 4713 de
1120 4660 1336 4729 quibus
1361 4660 1580 4717 dictum
1613 4672 1718 4729 est,
1753 4666 1817 4718 Et
1845 4666 1969 4722 bra-

259 4739 447 4795 chium
476 4741 696 4798 Domini
717 4747 813 4799 cui
834 4747 1131 4801 revelatum
1160 4752 1235 4801 est
1252 4750 1280 4800 ?

329 4829 382 4881 4.
413 4828 513 4884 Hic
558 4832 812 4886 occurrit
859 4831 1035 4887 altera
1080 4835 1353 4904 quaestio,
1386 4836 1456 4891 de
1505 4854 1621 4907 qua
1644 4839 1880 4909 quidem
1908 4846 1973 4897 ut

261 4924 658 4990 competenter
697 4920 916 4992 aliquid
962 4924 1310 4993 disputetur,
1361 4933 1412 4979 et
1460 4941 1663 4981 omnes
1685 4928 1973 4998 ejuslate-

264 5005 583 5061 hrosissimi
628 5006 794 5063 sinus
838 5014 1272 5078 perscrutontur
1292 5014 1349 5065 et
1377 5013 1744 5067 excutiantur
1777 5020 1839 5069 ut
1881 5017 1968 5073 di-

260 5101 439 5155 gnum
461 5090 568 5154 est,
604 5104 706 5143 nec
739 5103 997 5143 mearum
1031 5088 1235 5144 virium
1268 5106 1395 5145 esse
1424 5092 1691 5158 arbitror,
1729 5110 1830 5149 nec
1860 5112 1970 5152 au-

260 5177 587 5245 gustiarum
640 5179 936 5247 temporis,
984 5193 1089 5235 nec
1118 5184 1323 5234 vestrae
1366 5181 1966 5251 capacitatis.'l‘amen

262 5262 400 5331 quia
430 5265 760 5322 transiread
786 5268 899 5323 alia
924 5273 1113 5323 vestra
1134 5270 1533 5340 expectatione
1557 5289 1668 5327 non
1693 5276 1965 5345 sinimur,

328 5378 343 5409 ί
507 5378 590 5428 Er.
622 5385 673 5429 et
696 5382 815 5449 μοι
850 5383 1075 5449 addunt,
1105 5389 1230 5447 quia
1255 5384 1462 5435 verbum
1482 5390 1560 5436 est
1581 5388 1867 5449 cogitabile
1884 5390 1968 5440 vel

260 5436 498 5517 sqnab‘ile
525 5444 917 5517 :Aqu'gd‘totum
959 5436 1171 5517 abestja
1205 5449 1349 5517 Msa.
1390 5454 1590 5511 praeter
1618 5436 1965 5517 {assequi

263 5511 389 5610 Srio:
392 5498 607 5609 £1125in
633 5504 753 5552 Bad.
788 5506 1006 5569 habent,
1037 5510 1161 5571 quia
1196 5498 1406 5561 verbum
1438 5498 1547 5562 non,
1585 5498 1969 5579 eit‘eog'it'atiile

328 5622 349 5656 2
370 5622 456 5673 Sic
486 5625 539 5674 in
563 5626 681 5675 Mss.
710 5627 775 5677 At
805 5628 857 5677 in
888 5629 1064 5689 editis,
1100 5632 1312 5687 audent.

1258 312 1335 374 lN
1380 310 1717 374 JOANNIS
1766 302 2295 376 EVANGELIUM,
2343 302 2406 366 s.
2456 307 2877 369 AUGUSTINI

3674 308 3832 369 i776

2126 439 2237 496 nisi
2261 441 2480 513 aliquid
2512 443 2645 500 inde
2675 444 2958 509 dicamus,
2991 445 3230 518 accipite
3247 448 3399 518 quod
3428 450 3788 519 potuerimus
3816 463 3830 504 :

2123 537 2176 584 et
2209 530 2307 585 ubi
2338 536 2537 588 vestra
2567 533 2981 605 exspectationi
3024 551 3136 591 non
3178 537 3605 605 sutl'eeerimus,
3626 540 3698 596 ab
3728 539 3830 596 illo

2122 620 2546 677 incrementum
2564 625 2780 695 poscite
2794 623 2892 695 qui
2913 640 3017 680 nos
3032 624 3293 696 plantare
3318 629 3584 697 poenitet
3616 630 3830 701 rigare,

2118 708 2273 779 quia,
2308 711 2454 768 sicut
2474 713 2613 768 dicit
2646 714 2981 785 Apostolus,
3007 719 3191 787 Neque
3229 718 3327 787 qui
3354 718 3577 789 plantat
3605 725 3682 775 est
3713 721 3825 775 ali-

2114 799 2263 869 quid,
2295 818 2471 873 neque
2500 803 2602 873 qui
2630 804 2779 872 rigat
2805 821 2825 865 ;
2852 803 2944 859 sed
2974 806 3069 876 qui
3129 806 3533 864 incrementum
3561 809 3653 865 dat
3682 813 3826 865 Deus

2114 890 2160 959 (1
2191 890 2311 949 Cor.
2350 910 2431 959 ιιι,
2463 894 2541 966 7).
2576 893 2821 957 Quidam
2856 911 2990 967 ergo
3024 895 3175 952 inter
3204 913 3266 952 se
3283 898 3617 966 mussitant,
3649 906 3706 956 et
3728 900 3827 956 ubi

2115 991 2358 1053 possunt
2376 982 2692 1055 aliquando
2710 984 3160 1056 proclamant,et
3182 992 3243 1042 tu
3254 988 3514 1045 rbulenta
3533 991 3830 1065 discepta-

2113 1070 2269 1127 tione
2300 1075 2679 1140 contendunt,
2714 1075 2972 1132 dicentes
3006 1093 3018 1130 :
3053 1076 3202 1143 Quid
3225 1078 3713 1150 faceruntJudiei,
3734 1082 3825 1138 vel

2113 1175 2236 1231 quae
2270 1162 2439 1234 culpa
2466 1179 2664 1219 eorum
2699 1164 2824 1230 fuit,
2858 1166 2908 1220 si
2956 1181 3195 1223 necesse
3215 1172 3337 1223 erat
3366 1174 3423 1224 ut
3452 1186 3624 1227 sermo
3655 1173 3825 1229 Isaiae

2108 1242 2388 1313 propheta:
2416 1244 2737 1315 impleretur
2763 1261 2920 1315 quem
2951 1246 3117 1311 dixit,
3155 1249 3405 1317 Domine,
3436 1253 3561 1324 quis
3590 1252 3831 1310 credidit

2108 1331 2329 1387 auditui
2347 1337 2530 1388 nostro
2555 1341 2581 1387 Ρ
2608 1337 2658 1390 et
2690 1335 2978 1390 brachium
3011 1337 3232 1393 Domini
3261 1339 3352 1395 cui
3380 1342 3679 1397 revelatum
3701 1345 3824 1398 est?

2109 1422 2333 1486 Quibus
2356 1425 3110 1496 respondemus,Dominum
3137 1431 3439 1501 praescium
3466 1432 3817 1505 futurorum,

2109 1527 2210 1583 per
2240 1512 2587 1584 Prophetam
2623 1516 2959 1586 praedixisse
3000 1518 3399 1575 infidelitatem
3432 1522 3763 1579 Iudaeorum
3800 1540 3815 1592 ;

2107 1599 2440 1670 praedixisse
2489 1606 2707 1669 tamen,
2753 1621 2865 1659 non
2926 1604 3147 1661 iecisse.
3179 1606 3301 1662 Non
3336 1608 3489 1664 enim
3512 1616 3817 1683 propterea

2105 1704 2459 1761 quemquam
2488 1690 2636 1747 Deus
2668 1693 2737 1747 ad
2762 1695 3119 1764 peccandum
3143 1697 3318 1768 cogit,
3344 1699 3481 1769 quia
3504 1699 3698 1757 futura
3719 1701 3821 1757 ho-

2105 1778 2328 1835 minum
2366 1784 2599 1852 peccata
2636 1782 2760 1852 jam
2816 1783 2991 1839 novit.
3040 1787 3303 1855 Ipsorum
3339 1789 3494 1842 enim
3528 1790 3823 1860 praescivit

2102 1874 2355 1938 peccata,
2390 1887 2504 1925 non
2539 1888 2684 1937 sua;
2719 1888 2831 1927 non
2865 1873 3214 1945 cujusquam
3236 1873 3496 1946 alterius,
3530 1879 3629 1935 sed
3660 1879 3815 1951 ipso-

2103 1973 2253 2014 rum.
2276 1958 2694 2032 Quaproptersi
2722 1976 2789 2016 ea
2811 1977 2933 2031 quas
2953 1961 3050 2017 ille
3078 1965 3363 2033 prmscivit
3386 1966 3668 2038 ipsorum,
3698 1985 3816 2027 non

2100 2052 2239 2102 sunt
2269 2048 2525 2119 ipsorum
2553 2068 2566 2117 ;
2602 2066 2716 2105 non
2749 2067 2878 2106 vere
2904 2050 3003 2107 ille
3031 2055 3349 2125 praescivit:
3375 2058 3474 2113 sed
3496 2059 3629 2129 quia
3650 2058 3813 2117 illius

2099 2138 2458 2209 praescientia
2482 2139 2595 2195 falli
2631 2157 2743 2196 non
2778 2146 2966 2212 potest
2990 2161 3004 2210 ;
3037 2142 3163 2199 sine
3181 2145 3357 2202 dubio
3386 2163 3498 2203 non
3518 2148 3684 2209 alius.
3704 2151 3808 2207 sed

2097 2229 2208 2300 ipsi
2245 2233 2502 2300 peccant,
2524 2245 2671 2302 quos
2694 2229 2848 2287 Deus
2869 2236 3208 2302 peccaturos
3228 2250 3353 2290 esse
3376 2238 3680 2308 priescivit.
3712 2239 3813 2295 Fe-

2098 2328 2297 2374 cerunt
2329 2334 2463 2390 ergo
2496 2323 2793 2390 peccatum
2824 2319 3029 2389 Judaei,
3073 2324 3225 2394 quod
3259 2340 3356 2381 eos
3388 2342 3501 2381 non
3525 2328 3812 2400 compulit

2097 2411 2304 2480 facere,
2324 2411 2416 2467 cui
2441 2416 2742 2483 peccatum
2766 2428 2879 2467 non
2906 2413 3091 2483 placet
3107 2433 3121 2481 ;
3137 2415 3232 2471 sed
3249 2416 3501 2474 facturos
3522 2436 3649 2476 esse
3667 2438 3810 2492 pra:-

2096 2500 2257 2569 dixit,
2282 2516 2453 2572 quem
2489 2498 2633 2555 nihil
2654 2499 2814 2556 latet.
2837 2501 2907 2556 Et
2936 2501 3062 2559 ideo
3095 2503 3143 2559 si
3170 2521 3281 2561 non
3314 2506 3548 2572 malum,
3574 2509 3672 2564 sed
3706 2510 3809 2566 bo-

2098 2606 2237 2645 num
2271 2590 2458 2645 facere
2487 2588 2826 2657 voluissent,
2846 2607 2959 2646 non
2983 2592 3468 2666 prohiberentur;
3502 2602 3559 2654 et
3588 2598 3699 2655 hoc
3723 2599 3813 2654 fa-

2098 2681 2246 2735 cturi
2277 2680 2734 2751 praeviderentur
2762 2681 2833 2736 ab
2856 2697 2921 2737 eo
2954 2681 3052 2753 qui
3082 2684 3238 2739 novit
3267 2685 3406 2756 quid
3438 2687 3515 2743 sit
3555 2688 3810 2761 quisque

2097 2770 2378 2833 facturus,
2411 2772 2469 2824 et
2497 2769 2632 2840 quid
2657 2770 2709 2826 ei
2732 2770 2809 2827 sit
2837 2788 2939 2842 pro
2970 2773 3098 2842 ejus
3127 2790 3296 2846 opere
3328 2776 3682 2833 redditurus.

2166 2860 2221 2915 5.
2254 2858 2361 2914 Sed
2395 2863 2451 2915 et
2480 2875 2606 2930 quae
2641 2865 2969 2930 sequuntur
3006 2861 3303 2935 Evangelii
3344 2866 3520 2922 verba
3553 2866 3683 2939 plus
3708 2886 3779 2923 ur
3801 2898 3815 2911 -

2097 2953 2257 3021 gent,
2289 2953 2345 3005 et
2377 2949 2805 3021 profundiorem
2840 2950 3057 3008 faciunt
3087 2955 3461 3024 quaestionem
3489 2973 3502 3011 :
3535 2957 3811 3029 adiungit

2097 3040 2275 3107 enim,
2309 3048 2361 3096 et
2392 3041 2850 3112 dicit,Propterea
2883 3059 2991 3098 non
3011 3048 3267 3115 poterant
3295 3047 3673 3120 credere,quia
3698 3050 3812 3104 ite-

2095 3147 2220 3186 rum
2251 3129 2391 3185 dixit
2420 3131 2592 3185 Isaias
2622 3131 2960 3187 :Excaecavit
2990 3134 3172 3190 oculos
3203 3150 3412 3203 eorum,
3437 3141 3486 3192 et
3518 3137 3807 3194 induravit

2094 3236 2186 3276 cor
2204 3236 2413 3288 eorum,
2443 3223 2501 3275 ut
2530 3236 2637 3275 non
2663 3220 2883 3276 videant
2913 3223 3104 3289 oculis,
3128 3231 3181 3279 et
3211 3224 3533 3295 intelligant
3551 3228 3729 3295 corde,
3754 3234 3810 3283 et

2092 3313 2551 3379 convertantur,et
2571 3326 2759 3365 sanem
2786 3311 2927 3366 illos.
2953 3311 3175 3369 Dicitur
3195 3316 3351 3370 enim
3378 3316 3547 3373 nobis
3572 3333 3585 3372 :
3610 3318 3669 3373 Si
3692 3334 3807 3373 non

2094 3403 2410 3471 potuerunt
2428 3401 2682 3467 credere,
2699 3399 2853 3470 quod
2878 3410 3175 3472 peccatum
3199 3404 3563 3462 esthominis
3586 3423 3702 3462 non
3726 3407 3813 3462 fa-

2090 3489 2295 3546 cientis
2327 3489 2474 3559 quod
2502 3506 2614 3545 non
2632 3494 2821 3562 potest
2836 3490 3059 3547 facere?
3082 3493 3129 3547 si
3158 3498 3351 3550 autem
3380 3511 3493 3551 non
3515 3497 3811 3554 credendo

2090 3582 2812 3651 peccaverunt,potuerunt
2840 3596 2974 3651 ergo
3006 3583 3260 3648 credere,
3284 3587 3340 3638 et
3372 3601 3487 3640 non
3513 3586 3803 3643 fecerunt.

2089 3667 2146 3721 Si
2177 3683 2308 3740 ergo
2339 3670 2673 3737 potuerunt,
2707 3669 2999 3738 quomodo
3053 3668 3197 3726 dicit
3227 3670 3628 3744 Evangelium.
3664 3679 3808 3730 Pro-

2088 3764 2274 3823 pterea
2299 3774 2407 3813 non
2454 3764 2707 3829 poterant
2755 3758 3001 3826 credere,
3024 3759 3154 3830 quia
3188 3760 3391 3816 iterum
3424 3764 3568 3818 dixit
3595 3763 3806 3831 Isaias,

2088 3849 2384 3903 Exctecavit
2440 3847 2619 3901 oculos
2662 3862 2873 3915 eorum,
2905 3857 2956 3903 et
3000 3849 3283 3906 induravit
3310 3868 3403 3907 cor
3431 3867 3621 3907 eorum
3642 3868 3665 3917 ;
3706 3859 3799 3920 ut,

2087 3938 2240 4008 quod
2274 3941 2362 3992 est
2391 3936 2651 4007 gravius,
2685 3937 2753 3992 ad
2798 3936 2981 3993 Deum
3014 3940 3300 3995 referatur
3326 3957 3503 3997 causa
3536 3958 3651 4013 qua
3681 3958 3799 3999 non

2087 4025 2479 4093 crediderunt,
2504 4027 2739 4097 quando
2763 4028 2996 4097 quidem
3023 4027 3147 4099 ipse
3176 4032 3467 4086 excaecauit
3498 4032 3679 4087 oculos
3700 4049 3801 4088 eo-

2087 4132 2235 4183 rum,
2266 4120 2317 4170 et
2350 4113 2633 4170 induravit
2650 4131 2744 4171 cor
2766 4132 2956 4172 eorum
2979 4119 3004 4169 .9
3026 4117 3156 4173 Non
3182 4120 3335 4174 enim
3362 4120 3570 4175 saltem
3596 4119 3703 4176 hoc
3726 4123 3800 4178 de

2089 4204 2318 4261 diabolo
2350 4204 2689 4271 dicitur,sed
2719 4206 2788 4260 de
2818 4205 3113 4278 Deo,qu0d
3145 4211 3271 4280 ipsa
3295 4209 3627 4280 prophetica
3645 4211 3799 4265 Scri-

2085 4301 2255 4365 ptura
2286 4298 2550 4350 testatur.
2577 4293 2717 4349 Nam
2744 4295 2790 4349 si
2821 4295 3169 4353 arbitremur
3204 4297 3312 4354 hoc
3334 4300 3554 4355 dictum
3579 4301 3649 4356 de
3672 4300 3797 4356 dia-

2084 4384 2233 4453 bolo,
2251 4384 2407 4456 quod
2430 4383 2721 4439 exirzcavit
2739 4383 2924 4440 oculos
2946 4400 3158 4455 eorum,
3174 4392 3229 4442 et
3249 4403 3341 4444 cor
3359 4388 3649 4446 induravit
3667 4410 3687 4458 ,-
3703 4390 3795 4447 la-

2082 4475 2406 4530 borandum
2423 4474 2812 4544 estquomodo
2835 4474 3068 4532 illorum
3090 4475 3348 4548 culpam,
3372 4478 3512 4550 quia
3533 4497 3647 4535 non
3672 4495 3801 4536 cre-

2083 4561 2378 4629 diderunt,
2411 4563 2707 4633 possimus
2741 4564 3066 4633 ostendere,
3103 4568 3171 4623 de
3202 4567 3421 4638 quibus
3451 4569 3662 4635 dictur,
3683 4585 3797 4625 non

2082 4660 2329 4723 poterant
2357 4652 2593 4708 credere.
2629 4652 2847 4708 Deinde
2877 4653 3019 4725 quid
3063 4656 3552 4729 respondebimus
3582 4660 3653 4714 de
3685 4659 3801 4716 alio

2084 4740 2369 4811 prophetas
2402 4740 2589 4812 ipsius
2611 4741 2971 4810 testimonio,
2997 4744 3151 4815 quod
3207 4745 3405 4815 posuit
3426 4745 3639 4803 Paulus
3663 4765 3802 4820 apo-

2081 4827 2263 4885 stolus
2296 4827 2495 4883 dicens
2526 4846 2538 4883 :
2574 4829 2723 4896 Quod
2753 4832 3031 4901 quaerebat
3064 4833 3254 4900 Israel,
3286 4833 3387 4889 hoc
3421 4851 3528 4890 non
3560 4844 3637 4891 est
3664 4852 3799 4891 con-

2079 4922 2292 4973 secutus
2314 4934 2333 4978 ,·
2354 4917 2542 4973 electio
2571 4924 2758 4972 autem
2786 4926 3069 4977 consecuta
3100 4930 3180 4978 est
3209 4941 3227 4977 :
3257 4925 3443 4979 caeteri
3471 4941 3597 4981 vero
3618 4940 3806 4983 excae-

2079 5012 2189 5066 cati
2217 5019 2364 5078 sunt,
2395 5012 2537 5066 sicut
2577 5012 2841 5081 scriptum
2882 5019 2979 5081 est,
3016 5014 3175 5069 Dedit
3206 5016 3322 5071 illis
3353 5017 3492 5073 Deus
3528 5016 3799 5088 spiritum

2078 5099 2826 5170 compunctionis;oculos,ut
2847 5118 2953 5156 non
2975 5104 3268 5171 videant,et
3290 5111 3543 5172 aures,ut
3564 5123 3669 5162 non
3692 5124 3797 5164 au-

2079 5189 2263 5257 diant,
2296 5206 2462 5262 usque
2487 5192 2541 5245 in
2562 5189 2886 5247 hodiernum
2909 5192 3049 5248 diem
3074 5194 3244 5265 (Rom.
3268 5213 3349 5261 xi,
3368 5198 3425 5266 7,
3450 5197 3794 5265 Isai.v1,t0).

2148 5279 2501 5346 6.Audistis,
2520 5280 2743 5345 fratres,
2764 5280 3113 5349 propositam
3141 5300 3295 5355 quies
3310 5283 3553 5351 tionem,
3578 5302 3794 5359 nempe

2079 5384 2252 5441 quam
2282 5369 2563 5441 profunda
2585 5370 2661 5425 sit
2681 5370 2917 5425 cernitis
2947 5387 2959 5425 :
2986 5373 3085 5426 sed
3126 5373 3547 5443 respondemus
3579 5380 3791 5447 utpos-

2078 5474 2307 5514 sumus.
2338 5460 2455 5515 Non
2484 5462 2733 5531 poterant
2763 5460 3001 5528 credere,
3025 5462 3159 5533 quia
3181 5462 3288 5518 hoc
3312 5463 3490 5519 Isaias
3512 5466 3799 5536 propheta

2081 5548 2339 5617 prsidixit
2373 5565 2385 5602 :
2420 5547 2528 5604 hoc
2571 5556 2764 5604 autem
2795 5548 3080 5622 Propheta
3115 5551 3397 5623 praedixit,
3428 5552 3590 5626 quia.
3636 5554 3797 5615 Deus

2081 5637 2188 5693 hoc
2220 5638 2474 5694 futurum
2526 5654 2652 5697 esse
2692 5640 2998 5714 prescivit.
3041 5644 3227 5711 Quare
3258 5648 3449 5700 autem
3485 5662 3598 5703 non
3627 5651 3797 5720 pote—
