4178 6192
354 279 507 338 1777

347 420 498 480 rant,
535 414 583 470 si
629 433 661 471 a
692 433 784 471 me
815 419 1126 487 quaeratur,
1167 417 1280 472 cito
1325 417 1669 486 respondeo,
1715 417 1853 488 quia
1895 416 2057 471 nole-

344 506 517 561 bant:
541 505 752 560 malam
770 507 986 578 quippe
1008 521 1210 562 eorum
1229 506 1586 561 voluntatem
1605 506 1861 576 pravidit
1879 506 2054 572 Deus,

345 601 402 650 et
432 612 538 667 per
569 596 912 665 Prophetam
948 597 1359 667 praenuntiavit
1410 596 1506 651 ille
1538 596 1626 652 cui
1659 596 1932 652 abscondi
1968 597 2054 650 fu-

345 687 479 738 tura
509 701 621 740 non
672 689 939 755 possunt.
972 685 1078 739 Sed
1123 684 1294 740 aliam
1335 701 1597 754 causam,
1647 685 1865 755 inquis,
1916 684 2056 739 dicit

343 773 635 844 Propheta
669 791 783 829 non
817 773 1133 830 voluntatis
1164 789 1383 830 eorum.
1433 774 1617 838 Quam
1651 790 1883 829 causam
1917 774 2057 828 dicit

345 862 636 934 Propheta
653 863 680 917 ‘I
698 861 842 927 Quia
859 862 1006 918 dedit
1025 862 1145 918 illis
1167 865 1310 919 Deus
1329 862 1592 933 spiritum
1606 862 2058 933 compunctionis,

344 953 550 1020 oculos,
585 957 775 1008 utnon
806 953 1054 1022 videant,
1085 961 1138 1009 et
1169 969 1352 1022 aures,
1383 960 1441 1007 ut
1463 969 1571 1008 non
1601 952 1852 1019 audiant,
1884 961 1934 1006 et
1962 968 2057 1006 ea:-

349 1045 571 1099 ccecavit
590 1044 772 1099 oculos
787 1059 998 1114 eorum,
1021 1049 1074 1098 et
1098 1043 1382 1099 induravit
1402 1059 1492 1099 cor
1510 1060 1716 1100 eorum.
1742 1044 1924 1099 Etiam
1950 1043 2056 1099 hoc

345 1149 549 1188 eorum
581 1133 934 1189 voluntatem
967 1133 1250 1190 meruisse
1275 1135 1618 1205 respondeo.
1653 1135 1745 1190 Sic
1778 1136 1932 1190 enim
1957 1150 2056 1188 ex-

345 1228 542 1290 caecat,
564 1224 920 1295 siczobdurat
942 1224 1115 1292 Deus,
1142 1225 1456 1280 deserendo
1481 1231 1537 1280 et
1562 1241 1675 1280 non
1697 1225 2054 1296 adjuvando:

347 1315 505 1384 quod
530 1313 1192 1384 occultojudiciofacere
1213 1320 1458 1386 postest,
1484 1315 1685 1388 iniquo
1710 1332 1822 1370 non
1848 1319 2055 1387 potest.

347 1406 468 1461 Hoc
498 1406 735 1461 omnino
769 1406 955 1478 pietas
1003 1406 1405 1476 religiosorum
1438 1407 1856 1463 inconcussum
1891 1405 2061 1461 debet

347 1494 807 1566 inviolatumque
829 1511 1090 1563 servare;
1116 1496 1618 1568 sicutApostolus,
1644 1513 1776 1551 cum
1797 1497 2058 1551 eamdem

345 1588 535 1659 ipsam
569 1591 840 1643 tractaret
869 1587 1278 1643 difﬁcillimam
1314 1589 1715 1658 quastionem,
1752 1587 1892 1656 Quid
1939 1603 2062 1659 ergo

344 1678 609 1745 dicemus,
645 1677 882 1750 inquit?
913 1678 1176 1749 numquid
1192 1680 1463 1750 iniquitas
1494 1681 1649 1746 apud
1672 1679 1838 1732 Deum
1869 1678 2064 1733 ?Absit

355 1770 532 1837 (Rom.
565 1784 640 1834 ix,
674 1769 785 1839 14).
803 1770 857 1824 Si
879 1785 1012 1841 ergo
1032 1768 1185 1824 absit
1204 1769 1651 1840 utsitiniquitas
1674 1770 1827 1841 apud
1845 1769 2057 1837 Deum;

345 1857 468 1914 sive
489 1859 721 1928 quando
737 1859 998 1927 adjuvat,
1023 1858 1474 1915 misericorditer
1495 1859 1632 1914 facit
1656 1858 1806 1927 ;sive
1828 1858 2060 1930 quando

348 1967 464 2005 non
497 1948 753 2017 adjuvat,
781 1949 941 2018 juste
964 1949 1097 2004 facit
1131 1967 1142 2002 :
1180 1949 1317 2018 quia
1340 1951 1536 2004 omnia
1567 1967 1680 2004 non
1716 1949 2060 2014 temeritate,

346 2038 451 2096 sed
475 2039 700 2109 judicio
733 2039 889 2093 facit.
932 2039 1104 2094 Porro
1155 2040 1206 2095 si
1250 2039 1474 2109 judicia
1524 2043 1862 2096 sanctorum
1908 2042 2062 2110 justa

345 2134 510 2198 sunt,
533 2133 754 2199 quanto
777 2129 965 2199 magis
989 2127 1410 2185 sanctiﬁcantis
1433 2129 1880 2200 etjustiﬁcantis
1903 2130 2003 2186 Dei
2036 2134 2062 2187 ?

349 2220 522 2274 Justa
553 2235 683 2289 ergo
717 2223 876 2288 sunt,
899 2219 1001 2274 sed
1047 2219 1296 2274 occulta.
1352 2219 1485 2275 Ideo
1533 2235 1661 2274 cum
1705 2220 2058 2290 quaestiones

352 2306 695 2377 hujusmodi
717 2305 775 2362 in
802 2307 1057 2361 medium
1083 2308 1366 2375 venerint,
1388 2322 1564 2378 quare
1587 2306 1739 2362 alius
1770 2309 1874 2375 sic,
1908 2308 2058 2364 alius

350 2403 543 2453 autem
577 2397 661 2452 sic
686 2415 700 2465 ;
730 2413 912 2468 quare
943 2395 1038 2452 ille
1068 2396 1182 2451 Deo
1235 2397 1536 2452 deserente
1579 2402 1911 2464 exczecetur,
1964 2399 2060 2455 ille

351 2488 469 2543 Deo
486 2488 794 2558 adjuvante
817 2485 1181 2542 illuminetur
1209 2503 1222 2543 :
1253 2503 1367 2542 non
1392 2485 1860 2556 nobisjudicium
1883 2489 2057 2559 deju-

348 2578 501 2633 dicio
545 2577 686 2630 tanti
723 2575 943 2646 judicia
994 2593 1362 2647 usurpamus,
1405 2577 1504 2631 sed
1548 2578 2056 2634 contremiscentes

343 2667 746 2723 exclamemus
777 2683 907 2722 cum
943 2665 1232 2736 Apostolo,
1267 2667 1306 2722 0
1337 2667 1574 2722 altitudo
1608 2667 1932 2723 divitiarum
1974 2687 2058 2724 sa-

342 2756 577 2828 pientiae
605 2763 658 2812 et
685 2758 930 2813 scientiae
953 2758 1083 2812 Dei!
1103 2773 1274 2827 quam
1293 2757 1680 2812 inscrulabilia
1704 2762 1830 2813 sunt
1842 2758 2057 2827 judicia

344 2848 484 2917 ejus,
505 2853 556 2900 et
577 2845 981 2917 investigabiles
1007 2845 1106 2900 viae
1137 2847 1253 2912 eius
1276 2845 1474 2916 (ld.x1,
1496 2847 1586 2917 33)
1615 2845 1806 2902 lUnde
1837 2849 2054 2904 dictum

346 2942 437 2992 est
463 2937 518 2989 in
552 2935 800 3001 Psalmo,
830 2935 1048 2991 Iudicia
1081 2945 1193 3003 tua,
1218 2937 1359 2990 sicut
1389 2936 1560 2990 multa
1607 2937 1836 3007 abyssus
1885 2937 2054 3008 (Psal.

348 3043 516 3091 xxxv,
549 3024 632 3095 7).

418 3117 476 3170 7.
502 3114 630 3170 Non
660 3130 793 3186 ergo
827 3131 939 3182 me,
974 3115 1205 3179 fratres,
1240 3116 1310 3169 ad
1343 3115 1494 3170 hanc
1518 3117 1936 3185 penetrandam
1970 3116 2055 3172 al-

352 3205 683 3273 titudinem,
710 3206 780 3259 ad
807 3204 956 3259 hanc
976 3205 1252 3275 abyssum
1278 3203 1726 3270 discutiendam,
1752 3203 2060 3260 adinscru-

349 3295 555 3350 tabilia
587 3296 1027 3367 perscrutanda,
1049 3297 1372 3365 expectatio
1396 3297 1597 3349 vestra:
1625 3294 1934 3350 Charitatis
1957 3295 2060 3352 im-

349 3385 574 3456 pingat.
599 3387 864 3456 Agnosco
890 3383 1195 3439 modulum
1216 3399 1435 3450 meum,
1465 3383 1678 3439 sentire
1703 3384 1842 3439 mihi
1865 3385 2060 3442 videor

349 3475 526 3530 etiam
558 3475 860 3529 modulum
892 3478 1171 3530 vestrum.
1206 3473 1392 3529 Altius
1423 3477 1512 3529 est
1533 3473 1642 3530 hoc
1685 3473 2059 3531 incrementis

350 3564 520 3628 meis,
547 3568 604 3619 et
635 3563 838 3619 fortius
860 3562 1085 3618 viribus
1111 3563 1251 3618 meis
1277 3580 1290 3629 ;
1327 3566 1462 3632 puto
1487 3561 1622 3633 quia
1641 3566 1699 3618 et
1717 3563 1944 3619 vestris.
1965 3564 2054 3619 Si-

350 3653 625 3725 mulergo
643 3654 948 3709 audiamus
961 3654 1370 3709 admonentem
1394 3653 1748 3725 Scripturam
1774 3658 1946 3725 atque
1967 3654 2054 3710 di-

347 3749 600 3812 centem,
633 3745 844 3799 Altiora
865 3753 913 3798 te
939 3759 1007 3798 ne
1027 3745 1320 3813 quaesieris,
1354 3750 1402 3797 et
1431 3744 1661 3811 fortiora
1684 3751 1730 3798 te
1760 3759 1828 3798 ne
1845 3748 2057 3798 scruta-

347 3845 438 3891 tus
469 3835 646 3902 fueris
675 3833 860 3905 (Eccli.
899 3849 983 3901 ιιι,
1013 3833 1124 3902 22).
1170 3836 1294 3887 Non
1345 3831 1480 3902 quia
1528 3832 1641 3887 ista
1675 3840 1877 3903 negata
1919 3838 2057 3889 sunt

349 3925 546 3992 nobis,
591 3939 725 3981 cum
762 3925 910 3979 Deus
961 3922 1240 3994 magister
1269 3921 1441 3991 dicat,
1480 3921 1626 3976 Nihil
1669 3932 1747 3978 est
1785 3923 2058 3979 occultum

343 4016 487 4090 quod
517 4030 626 4070 non
655 4014 986 4070 revelabitur
1015 4012 1227 4084 (Matth.
1285 4029 1338 4080 x,
1370 4012 1461 4079 26)
1498 4029 1510 4067 :
1561 4014 1660 4067 sed
1712 4013 1760 4068 si
1811 4013 1868 4067 in
1902 4015 2056 4085 quod

343 4107 736 4180 pervenimus,
769 4105 826 4160 in
861 4119 926 4159 eo
959 4103 1351 4171 ambulemus,
1384 4103 1533 4158 sicut
1555 4103 1696 4158 dicit
1725 4105 2054 4174 Apostolus,

340 4215 456 4253 non
491 4196 678 4253 solum
696 4196 848 4267 quod
875 4195 1167 4251 nescimus
1182 4195 1394 4250 etscire
1408 4195 1709 4261 debemus,
1735 4195 1832 4249 sed
1876 4195 2050 4250 etiam

341 4287 387 4341 si
410 4286 552 4356 quid
602 4283 1061 4356 alitersapimus,
1089 4283 1142 4337 id
1168 4299 1396 4354 quoque
1420 4283 1582 4338 nobis
1604 4283 1755 4338 Deus
1778 4283 2053 4339 revelabit

340 4376 602 4446 (Philipp.
640 4391 719 4438 ιιι,
745 4374 812 4428 15
835 4378 884 4429 et
911 4375 1017 4440 16).
1037 4372 1410 4428 Pervenimus
1432 4380 1615 4427 autem
1639 4372 1697 4426 in
1719 4372 1866 4427 viam
1893 4373 2048 4442 ﬁdei,

341 4464 490 4518 hanc
525 4461 1096 4533 perseverantissime
1122 4465 1426 4515 teneamus
1462 4476 1474 4514 :
1512 4460 1639 4532 ipsa
1671 4461 1947 4531 perducet
1976 4464 2048 4519 ad

335 4551 675 4610 cubiculum
692 4553 864 4622 regis,
887 4552 942 4604 in
965 4565 1078 4621 quo
1099 4555 1236 4605 sunt
1253 4564 1456 4604 omnes
1479 4549 1733 4604 thesauri
1755 4550 2048 4619 sapientiae

336 4649 389 4699 et
421 4642 676 4698 scientiae
700 4641 1024 4697 absconditi
1059 4640 1277 4707 (Coloss.
1302 4658 1365 4707 ιι,
1415 4640 1489 4712 3).
1545 4640 1668 4696 Non
1715 4641 1869 4694 enim
1924 4642 2047 4713 ipse

335 4733 624 4789 Dominus
645 4731 818 4787 Jesus
857 4730 1126 4786 Christus
1160 4732 1286 4786 suis
1331 4731 1446 4786 illis
1505 4730 1730 4801 magnis
1764 4731 2048 4801 praecipue

333 4823 535 4881 electis
556 4821 867 4894 discipulis
886 4821 1204 4890 invidebat,
1232 4824 1464 4892 quando
1482 4822 1731 4889 dicebat,
1764 4821 1934 4875 Multa
1955 4822 2049 4876 ha-

333 4916 429 4970 beo
475 4914 623 4969 vobis
669 4913 866 4978 dicere,
910 4911 1001 4967 sed
1047 4927 1157 4966 non
1214 4913 1442 4981 potestis
1485 4911 1585 4965 illa
1625 4921 1844 4981 portare
1890 4914 2046 4970 modo

331 5006 512 5077 (Joan.
548 5020 663 5071 xvr,
697 5003 806 5072 12).
841 5000 1280 5057 Ambulandum
1313 5006 1423 5067 est,
1458 5001 1877 5074 proﬁciendum
1931 5009 2042 5075 est,

326 5094 714 5150 crescendum
746 5097 855 5161 est,
891 5099 950 5147 ut
982 5092 1290 5148 sintcorda
1321 5097 1523 5147 nostra
1561 5091 1796 5162 capacia
1840 5110 2041 5150 earum

328 5201 527 5242 rerum
559 5199 705 5256 quas
729 5198 933 5254 capere
968 5182 1138 5237 modo
1161 5197 1273 5236 non
1295 5198 1632 5252 possumus.
1665 5181 1825 5244 Quod
1854 5185 1904 5238 si
1935 5201 2042 5242 nos

329 5277 576 5332 ultimus
601 5275 722 5329 dies
747 5273 1112 5344 proﬁcientes
1133 5272 1436 5340 invenerit,
1461 5272 1538 5327 ibi
1564 5273 1860 5328 discemus
1885 5276 2037 5346 quod

327 5366 421 5421 hic
456 5379 571 5418 non
609 5360 928 5432 potuimus.

395 5455 452 5508 8.
486 5451 541 5506 Si
575 5449 704 5522 quis
725 5454 916 5504 autem
940 5448 1106 5503 istam
1134 5449 1516 5519 quaestionem
1537 5448 1816 5519 liquidius
1839 5454 1895 5507 et
1919 5466 2038 5506 me-

324 5546 440 5600 lius
466 5540 626 5597 novit
655 5555 714 5594 se
745 5554 913 5610 pose
943 5544 998 5593 et
1020 5538 1257 5594 conﬁdit
1288 5555 1594 5609 exponere,
1620 5541 1773 5595 absit
1824 5544 1888 5595 ut
1920 5557 2032 5596 non

326 5635 441 5691 sim
477 5628 730 5703 paratior
758 5628 982 5685 discere
1014 5643 1190 5699 quam
1220 5629 1442 5685 docere.
1463 5629 1710 5686 Tantum
1736 5645 1806 5686 ne
1822 5632 2033 5688 audeat

1534 280 1992 341 TRAC'I‘A'l‘US
2039 281 2200 340 LIll.
2249 282 2510 347 CAPUT
2555 288 2686 348 Xll.

3718 295 3874 357 1778

2167 418 2478 490 quisquam
2514 424 2759 481 liberum
2795 427 3099 484 arbitrium
3132 429 3217 485 sic
3260 431 3583 497 defendere,
3610 436 3674 488 ut
3706 434 3873 489 nobis

2167 511 2488 567 orationem
2521 530 2634 584 qua
2655 516 2922 584 dicimus,
2950 519 3024 572 Ne
3051 534 3147 574 nos
3176 521 3388 587 inferas
3420 524 3473 574 in
3500 523 3872 592 tentationem,

2165 604 2912 672 coneturauferre:rursus,
2943 625 3012 664 ne
3037 611 3348 682 quisquam
3374 618 3541 683 neget
3561 613 3875 667 voluntatis

2163 687 2488 759 arbitrium,
2521 699 2575 747 et
2606 696 2818 751 audeat
2859 713 3136 754 excusare
3169 706 3495 771 peccatum.
3528 701 3643 756 Sed
3674 702 3877 756 audia—

2168 791 2296 831 mus
2341 778 2651 847 Dominun,
2687 791 2736 836 et
2769 787 3228 858 praecipientem,
3261 793 3317 844 et
3366 789 3749 860 opitulantem
3779 808 3791 859 ;
3824 794 3878 844 et

2156 864 2462 934 jubentem
2491 870 2628 941 quid
2654 872 2859 928 faceret
2891 875 3202 931 debeamus
3217 883 3272 933 et
3295 879 3667 948 adjuvantem
3694 884 3758 935 ut
3781 879 3879 933 im-

2164 955 2321 1024 plere
2352 962 2666 1029 possimus.
2724 966 2866 1020 Nam
2902 972 2955 1021 et
2996 969 3281 1039 quosdam
3316 970 3496 1027 nimia
3526 988 3636 1027 suae
3674 971 3881 1028 volun—

2163 1044 2298 1103 tatis
2332 1050 2544 1107 ﬁducia
2575 1056 2780 1110 extulit
2809 1057 2867 1111 in
2903 1059 3236 1128 superbiam
3264 1078 3276 1128 ;
3302 1067 3359 1117 et
3380 1065 3665 1133 quosdam
3701 1063 3880 1118 nimia

2167 1153 2284 1191 suae
2309 1140 2622 1197 voluntatis
2645 1145 2969 1202 difﬁdentia
2991 1149 3196 1218 dejecit
3218 1151 3275 1205 in
3317 1153 3753 1223 negligentiam.
3792 1153 3879 1207 illi

2168 1228 2394 1284 dicunt:
2413 1231 2628 1304 thuid
2647 1252 2919 1307 rogamus
2932 1239 3115 1295 Deum
3138 1258 3206 1296 ne
3224 1243 3519 1299 vincamur
3536 1245 3876 1312 tentatione,

2168 1319 2324 1388 quod
2348 1319 2404 1373 in
2431 1326 2628 1377 nostra
2652 1330 2738 1378 est
2761 1328 3189 1395 potestate?lsti
3211 1331 3445 1387 dicunt:
3473 1333 3686 1404 thuid
3712 1351 3880 1389 cona-

2170 1422 2297 1462 mur
2330 1408 2474 1464 bene
2503 1411 2712 1478 vivere,
2746 1416 2898 1484 quod
2931 1415 2988 1470 in
3039 1417 3138 1472 Dei
3187 1424 3275 1474 est
3327 1425 3605 1491 potestate
3635 1423 3661 1477 7
3692 1423 3734 1479 Ο
3768 1425 3875 1480 Do-

2171 1497 2346 1564 mine,
2381 1516 2411 1554 o
2437 1501 2600 1556 Pater
2629 1503 2728 1574 qui
2753 1520 2810 1559 es
2843 1507 2898 1560 in
2924 1507 3100 1574 cmlis,
3124 1525 3192 1565 ne
3217 1511 3552 1568 nosinteras
3575 1512 3634 1567 in
3667 1530 3878 1584 quam-

2170 1588 2310 1644 libet
2332 1590 2578 1646 istarum
2599 1594 3002 1662 tentationum,
3022 1597 3113 1653 sed
3131 1598 3308 1654 libera
3334 1617 3427 1657 nos
3445 1619 3479 1656 a
3497 1603 3646 1657 malo
3670 1604 3878 1673 (Matth.

2172 1695 2247 1746 v1,
2285 1681 2372 1752 13)
2406 1679 2416 1733 !
2454 1683 2780 1738 Audiamus
2824 1686 3135 1742 Dominum
3179 1689 3488 1758 dicentem,
3539 1694 3747 1764 Rogavi
3775 1711 3873 1766 pro

2172 1771 2241 1834 te,
2276 1769 2454 1837 Pctre,
2491 1789 2559 1825 ne
2597 1772 2815 1838 deﬁciat
2845 1775 2976 1843 ﬁdes
3005 1783 3102 1832 tua
3132 1779 3283 1849 (Luc.
3320 1797 3457 1846 xxii,
3489 1781 3578 1853 32)
3609 1799 3620 1851 ;
3666 1799 3735 1838 ne
3795 1785 3873 1839 sic

2169 1858 2570 1916 existimemus
2603 1863 2774 1918 ﬁdem
2801 1870 3058 1920 nostram
3088 1883 3216 1924 esse
3248 1869 3304 1924 in
3329 1869 3509 1926 libero
3531 1872 3792 1940 arbitrio,
3818 1880 3879 1930 ut

2170 1948 2364 2004 divino
2381 1967 2492 2006 non
2508 1957 2671 2023 egeat
2685 1954 2998 2023 adjutorio.
3018 1957 3339 2014 Audiamus
3361 1964 3415 2015 et
3437 1961 3874 2033 Evangelistam

2170 2037 2643 2108 dicentem,Dedit
2686 2044 2766 2097 eis
2809 2049 3128 2114 potestatem
3160 2049 3300 2116 ﬁlios
3336 2049 3430 2104 Dei
3472 2051 3594 2119 ﬁeri
3623 2052 3801 2120 (Joan.
3838 2070 3876 2118 1,

2173 2126 2256 2194 12)
2283 2142 2296 2193 ;
2330 2144 2402 2183 ne
2433 2131 2669 2185 omnino
2701 2131 3096 2189 existimemus
3120 2135 3178 2190 in
3200 2142 3399 2192 nostra
3424 2145 3738 2210 postestate
3764 2158 3877 2196 non

2167 2230 2292 2272 esse
2323 2218 2477 2288 quod
2508 2219 2796 2275 credimus
2830 2237 2840 2274 :
2893 2231 3291 2280 verumtamen
3324 2225 3381 2280 in
3431 2232 3678 2299 utroque
3716 2229 3878 2283 illius

2168 2306 2448 2364 beneﬁcia
2477 2325 2921 2380 cognoscamus.
2955 2313 3100 2368 Nam
3139 2319 3196 2370 et
3225 2317 3460 2388 agendae
3493 2328 3627 2372 sunt
3659 2321 3876 2389 gratiae,

2168 2396 2306 2466 quia
2336 2397 2470 2452 data
2499 2403 2582 2453 est
2615 2404 2896 2470 potestas;
2931 2405 3311 2474 etorandum,
3336 2421 3407 2461 ne
3429 2408 3774 2462 succumbat
3795 2407 3878 2463 in-

2165 2483 2411 2540 ﬁrmitas
2445 2486 2643 2556 (Galat.
2678 2504 2731 2554 v,
2764 2490 2841 2559 6).
2879 2489 3005 2559 Ipsa
3036 2494 3124 2544 est
3157 2491 3297 2546 ﬁdes
3327 2509 3450 2564 qum
3485 2510 3585 2564 per
3616 2493 3876 2551 dilectio-

2167 2588 2300 2628 nem
2325 2579 2613 2645 operatur,
2649 2576 2802 2631 sicut
2831 2578 2955 2646 ejus
2992 2595 3322 2635 mensuram
3351 2582 3635 2638 Dominus
3668 2585 3876 2654 cuique

2166 2662 2416 2733 partitus
2449 2669 2538 2719 est
2585 2666 2758 2736 (Rom.
2791 2684 2891 2731 xu,
2923 2668 2977 2737 3)
3015 2685 3027 2734 ;
3082 2674 3146 2723 ut
3178 2670 3275 2739 qui
3321 2670 3622 2741 gloriatur,
3667 2689 3782 2728 non
3816 2675 3871 2726 in

2166 2751 2378 2822 seipso,
2411 2755 2513 2808 sed
2543 2753 2599 2807 in
2629 2753 2876 2810 Domino
2906 2757 3185 2827 glorietur
3216 2761 3256 2829 (Ι
3284 2759 3402 2815 Cor.
3440 2777 3477 2825 ι,
3509 2761 3620 2830 31).

2236 2842 2289 2895 9.
2326 2846 2442 2896 Non
2471 2842 2666 2915 itaque
2692 2846 2901 2900 mirum
2928 2852 3014 2902 est
3039 2851 3176 2918 quia
3200 2866 3314 2905 non
3339 2855 3600 2920 poterant
3618 2853 3871 2920 credere,

2168 2949 2409 3003 quorum
2442 2934 2710 2991 voluntas
2743 2938 2827 2992 sic
2857 2940 3110 3008 superba
3131 2949 3271 3006 erat,
3307 2946 3368 2996 ut
3395 2942 3732 3013 ignorantes
3771 2946 3865 3000 Dei

2161 3023 2477 3095 justitiam,
2512 3041 2676 3080 suam
2709 3026 3291 3086 vellentconstituere
3321 3031 3474 3086 sicut
3502 3033 3640 3088 dicit
3661 3035 3730 3089 de
3757 3033 3874 3090 illis

2169 3115 2487 3185 Apostolus,
2519 3117 2761 3173 Iustitiae
2791 3118 2887 3172 Dei
2932 3135 3040 3173 non
3063 3127 3189 3174 sunt
3237 3121 3469 3193 subjecti
3500 3122 3672 3192 (Rom.
3706 3142 3763 3192 κ,
3795 3124 3871 3195 3).

2169 3206 2307 3270 Quia
2337 3207 2491 3262 enim
2524 3223 2636 3262 non
2660 3222 2729 3260 ex
2759 3207 2889 3274 ﬁde,
2926 3208 3026 3262 sed
3061 3215 3340 3280 tanquam
3374 3228 3442 3267 ex
3481 3214 3756 3284 Operibus
3789 3219 3873 3269 tu-

2169 3300 2493 3360 muerunt;
2548 3295 2674 3367 ipso
2707 3311 2809 3350 suo
2861 3302 3084 3352 tumore
3133 3299 3346 3364 caecati,
3399 3300 3761 3358 offenderunt
3813 3303 3873 3360 in

2173 3385 2426 3457 lapidem
2458 3386 2818 3442 offensionis.
2853 3386 2945 3442 Sic
2993 3395 3186 3443 autem
3230 3390 3446 3444 dictum
3495 3396 3581 3446 est
3610 3410 3716 3447 non
3769 3410 3873 3463 po-

2170 3482 2370 3540 terant,
2406 3475 2960 3546 ubiintelligendum
2987 3478 3245 3547 estquod
3274 3477 3875 3551 nolebant;quemad-

2171 3567 2404 3621 modum
2439 3567 2655 3621 dictum
2680 3569 2769 3620 est
2815 3565 2884 3620 de
2933 3565 3179 3621 Domino
3226 3567 3342 3623 Deo
3392 3575 3608 3636 nostro,
3660 3570 3717 3624 Si
3758 3585 3866 3625 non

2168 3657 2436 3712 credimus
2469 3658 2563 3711 ille
2591 3657 2767 3725 fidelis
2796 3662 3095 3727 permanet,
3127 3673 3328 3726 negare
3355 3660 3594 3730 seipsum
3624 3677 3729 3717 non
3766 3678 3865 3732 po-

2170 3755 2273 3802 test
2302 3748 2374 3813 (Il
2401 3749 2533 3803 Tim.
2567 3766 2628 3818 ιι,
2682 3749 2790 3814 13).
2834 3747 2914 3802 De
2945 3748 3341 3819 omnipotente
3371 3750 3594 3805 dictum
3618 3758 3728 3820 est,
3758 3765 3866 3806 non

2164 3843 2355 3909 potest.
2379 3837 2541 3892 Sicut
2560 3855 2696 3910 ergo
2729 3838 2881 3908 quod
2914 3837 3194 3893 Dominus
3237 3854 3436 3909 negare
3481 3843 3712 3910 seipsum
3760 3857 3870 3896 non

2163 3929 2353 3997 potest,
2389 3926 2514 3983 laus
2553 3933 2642 3983 est
2678 3927 2992 3983 voluntatis
3041 3927 3285 3993 divinat;
3334 3928 3411 3982 ita
3450 3933 3600 3999 quod
3645 3929 3730 3985 illi
3759 3946 3864 3987 non

2161 4020 2410 4087 poterant
2430 4017 2665 4087 credere,
2701 4017 2872 4087 culpa
2904 4021 2992 4072 est
3021 4015 3334 4073 voluntatis
3361 4018 3650 4075 humanas.

2241 4107 2324 4161 10.
2341 4110 2483 4162 Ecce
2506 4106 2633 4162 dico
2656 4111 2710 4160 et
2732 4122 2857 4176 ego,
2895 4106 3048 4176 quod
3072 4106 3167 4176 qui
3194 4111 3314 4162 tam
3335 4108 3584 4176 superbe
3605 4109 3865 4179 sapiunt,

2168 4199 2236 4249 ut
2265 4211 2381 4250 suae
2413 4194 2726 4250 voluntatis
2750 4195 2970 4250 viribus
3002 4199 3231 4249 tantum
3268 4194 3603 4249 existiment
3621 4212 3750 4251 esse
3771 4199 3868 4252 tri-

2165 4284 2480 4351 buendum,
2514 4294 2574 4340 ut
2606 4291 2817 4356 negent
2847 4286 2957 4341 sibi
2991 4302 3118 4341 esse
3159 4285 3553 4340 necessarium
3603 4287 3864 4343 divinum

2163 4379 2513 4449 adiutorium
2547 4377 2618 4432 ad
2651 4379 2794 4431 bene
2817 4375 3143 4441 vivendum,
3176 4391 3292 4430 non
3343 4381 3586 4445 possunt
3631 4379 3864 4436 credere

2159 4469 2220 4524 in
2253 4467 2564 4522 Christum.
2602 4468 2725 4521 Non
2747 4466 2902 4520 enim
2923 4464 3136 4533 aliquid
3159 4471 3404 4534 prosunt
3423 4466 3657 4537 syllable
3676 4469 3865 4524 nomi-

2162 4558 2250 4614 nis
2280 4555 2510 4621 Christi,
2545 4558 2601 4609 st
2630 4554 3003 4608 Sacramenta
3026 4552 3264 4619 Christi,
3298 4554 3393 4608 ubi
3418 4554 3710 4612 resistitur
3728 4557 3862 4615 ﬁdei

2159 4645 2389 4701 Christi.
2425 4644 2591 4698 Fides
2623 4649 2815 4698 autem
2839 4641 3050 4697 Christi
3084 4646 3193 4710 est,
3218 4645 3448 4700 credere
3469 4645 3528 4700 in
3580 4662 3708 4703 eum
3759 4649 3860 4720 qui

2152 4734 2437 4805 justiﬁcat
2460 4734 2702 4804 impium
2725 4733 2895 4800 (Rom.
2916 4749 2990 4799 ιν,
3014 4733 3070 4804 5)
3096 4733 3360 4796 ;credere
3382 4734 3440 4789 in
3465 4737 3857 4804 Mediatorem,

2159 4825 2284 4880 sine
2314 4839 2428 4894 quo
2462 4821 2801 4893 interposito
2835 4839 2945 4879 non
2982 4822 3425 4879 reconciliamur
3453 4826 3601 4895 Deo;
3626 4830 3855 4884 credere

2157 4914 2215 4968 in
2249 4913 2625 4980 Salvatorem,
2651 4912 2750 4982 qui
2777 4913 2928 4967 venit
2951 4914 3102 4984 quod
3130 4914 3372 4984 perierat
3394 4932 3650 4984 querere
3680 4922 3856 4989 atque

2157 5003 2551 5074 salvare(Luc.
2584 5019 2700 5070 xxx,
2738 5002 2858 5073 tO);
2895 5005 3127 5057 credere
3151 5004 3208 5056 in
3230 5019 3360 5057 eum
3386 5005 3484 5073 qui
3527 5005 3686 5059 dixit.
3722 5007 3856 5062 Sine

2156 5108 2240 5148 me
2268 5091 2409 5146 nihil
2441 5093 2658 5162 potestis
2695 5092 2879 5157 facere
2909 5092 3084 5161 (loan.
3117 5107 3207 5156 xv,
3237 5090 3313 5160 5).
3347 5092 3488 5155 Quia
3518 5108 3653 5162 ergo
3687 5094 3854 5166 igno-

2155 5199 2288 5237 rans
2321 5183 2417 5236 Dei
2444 5181 2734 5252 justitiam
2760 5197 2875 5251 qua
2895 5180 3254 5250 justiﬁcatur
3283 5181 3516 5249 impius,
3542 5198 3705 5237 suam
3734 5187 3854 5242 vult

2154 5274 2505 5328 constituere
2539 5288 2654 5342 qua
2683 5272 3056 5325 convincatur
3097 5271 3403 5340 superbus,
3436 5271 3494 5326 in
3545 5271 3700 5329 hunc
3734 5292 3850 5334 non

2153 5366 2334 5433 potest
2368 5360 2616 5416 credere.
2653 5360 2795 5414 Hinc
2826 5365 2884 5414 et
2915 5359 2997 5413 illi
3031 5376 3134 5414 non
3157 5364 3407 5428 poterant
3437 5361 3656 5417 credere
3684 5381 3703 5420 :
3735 5383 3848 5423 non

2149 5452 2284 5523 quia
2319 5451 2532 5505 mutari
2568 5451 2624 5504 in
2679 5448 2885 5504 melius
2944 5449 3211 5505 homines
3263 5467 3376 5506 non
3429 5459 3708 5523 possunt;
3745 5460 3844 5513 sed

2149 5540 2421 5612 quamdiu
2447 5538 2582 5594 talia
2627 5539 2886 5610 sapiunt,
2936 5556 3050 5594 non
3103 5545 3344 5612 possunt
3393 5543 3643 5599 credere.
3697 5545 3844 5603 Hinc

2149 5633 2536 5698 excaacantur,
2569 5633 2625 5684 et
2671 5627 3021 5686 indurantur
3054 5649 3068 5702 ;
3101 5631 3239 5702 quia
3271 5632 3535 5702 negando
3573 5633 3838 5692 divinum
