4148 6190
300 309 452 370 17⁸79

299 446 682 518 adjutorium,
714 461 825 499 non
850 440 1220 511 adjuvantur.
1256 437 1373 493 Hoc
1405 437 1477 493 de
1523 437 1736 494 Judaiis
1783 439 1883 510 qui
1913 455 1997 495 ex-

297 535 496 593 cmcati
518 540 576 591 et
597 532 850 591 indurati
875 535 1031 595 sunt,
1058 530 1206 584 Deus
1229 526 1535 598 prasecivit,
1568 532 1743 601 atque
1773 528 1832 585 in
1871 530 1997 601 ejus

294 626 509 696 Spiritu
543 623 826 695 Propheta
850 618 1125 692 praedixit.

369 718 451 770 11.
486 715 645 779 Quod
678 730 806 769 vero
843 711 1084 779 addidit,
1142 710 1204 763 Et
1242 713 1635 765 convertantur
1700 718 1753 766 et
1807 729 1995 769 sanem

296 820 422 860 eos:
457 808 650 858 utrum
676 800 1147 856 subaudiendum
1182 799 1274 865 sit,
1306 814 1444 865 non,
1475 799 1528 852 id
1556 807 1659 867 est,
1694 817 1807 856 non
1855 818 1994 857 con-

294 896 609 961 vertantur,
634 904 890 946 connexa
922 889 1173 958 desuper
1194 888 1504 954 sententia,
1531 887 1624 943 uhi
1644 890 1865 947 dictum
1885 896 1991 959 est,

294 988 351 1037 ut
374 999 480 1038 non
512 982 730 1037 videant
759 980 930 1037 oculis
958 990 1011 1036 et
1039 978 1362 1051 intelligant
1391 980 1580 1041 corde;
1622 980 1758 1051 quia
1804 986 1857 1036 et
1900 983 1993 1039 hic

294 1073 493 1143 utique
515 1072 732 1127 dictum
756 1074 845 1125 est
866 1072 972 1137 (a),
1005 1072 1194 1124 utnon
1220 1067 1582 1139 intelligant?
1604 1078 1650 1124 et
1689 1072 1810 1140 ipsa
1835 1072 1991 1127 enim

292 1160 585 1216 conversio
616 1162 685 1215 de
718 1158 875 1214 illius
906 1158 1093 1229 gratia
1124 1161 1230 1223 est,
1264 1157 1353 1211 cui
1384 1157 1613 1225 dicitur,
1652 1160 1789 1213 Deus
1818 1162 1993 1217 virtu-

290 1254 406 1304 tum
435 1253 681 1305 converte
708 1264 806 1305 nos
834 1249 1008 1319 (Psal.
1044 1264 1225 1312 Lxxix,
1251 1248 1327 1316 8).
1352 1249 1436 1301 An
1466 1248 1607 1302 forte
1654 1254 1713 1303 et
1772 1250 1879 1307 hoc
1925 1254 1994 1306 de

290 1355 551 1409 supernas
568 1337 867 1393 medicinas
893 1335 1285 1390 misericordia
1310 1336 1458 1390 factu
1472 1351 1524 1389 m
1548 1336 1991 1410 intelligendum

289 1440 393 1494 esl,
426 1434 492 1482 ut
508 1429 785 1499 quoniam
808 1426 1073 1495 superba
1094 1424 1451 1495 et‘perversse
1474 1426 1789 1482 voluntatis
1806 1437 1990 1495 erant,

289 1522 345 1571 et
376 1517 853 1586 suamjustitiam
876 1515 1238 1571 constituere
1267 1515 1536 1570 volebant
1560 1518 1630 1571 ad
1671 1518 1774 1573 hoc
1822 1519 1990 1576 dese-

290 1614 570 1672 rerentur,
608 1609 667 1661 ut
696 1609 1151 1671 excaecarentur;
1187 1604 1257 1658 ad
1293 1604 1400 1660 hoc
1448 1611 1892 1668 excaecarentur,
1928 1615 1992 1666 ut

288 1694 646 1749 offenderent
678 1695 735 1749 in
769 1693 1021 1765 lapidem
1055 1694 1416 1757 offensionis,
1455 1699 1509 1748 et
1540 1695 1877 1767 impleretur
1908 1698 1988 1753 fa-

288 1783 405 1837 cies
427 1799 627 1838 eorum
662 1782 1020 1851 ignominia;
1054 1787 1225 1852 atque
1247 1783 1324 1839 ita
1356 1782 1645 1840 humiliati
1667 1792 1992 1857 quaererent

290 1888 498 1927 nomen
530 1872 784 1937 Domini,
817 1878 874 1928 et
896 1889 1010 1928 non
1044 1889 1212 1927 suam
1247 1888 1365 1943 qua
1394 1873 1634 1928 inflatur
1680 1877 1988 1945 superbus,

288 1962 387 2016 sed
414 1962 698 2030 justitiam
718 1962 817 2016 Dei
853 1977 965 2033 qua
988 1962 1351 2029 justifioatur
1380 1962 1599 2033 impius
1619 1963 1647 2017 ‘l
1678 1963 1794 2019 Hoc
1834 1965 1987 2021 enim

291 2050 491 2106 multis
520 2067 719 2106 eorum
753 2052 994 2122 profecit
1024 2052 1080 2105 in
1112 2050 1351 2117 bonum,
1375 2054 1474 2122 qui
1505 2054 1573 2107 de
1621 2070 1728 2108 suo
1775 2056 1992 2111 scelere

287 2142 642 2211 compuncti,
678 2142 735 2196 in
758 2141 1048 2198 Christum
1072 2145 1269 2210 postea
1297 2142 1671 2198 crediderunt
1695 2160 1707 2199 :
1732 2162 1836 2216 pro
1858 2147 1989 2219 qui-

288 2232 398 2286 bus
427 2234 485 2285 et
514 2230 638 2301 ipse
669 2238 922 2286 oraverat
956 2230 1174 2296 dicens,
1204 2232 1388 2297 Pater,
1422 2234 1636 2303 ignosce
1659 2235 1810 2302 illis,
1861 2239 1992 2305 quia

286 2321 539 2375 nesciunt
569 2319 699 2390 quid
726 2322 942 2389 faciunt
971 2320 1123 2391 (Luc.
1159 2336 1317 2388 xxm,
1348 2322 1460 2395 34).
1496 2322 1575 2379 De
1614 2340 1730 2395 qua
1786 2341 1987 2383 eorum

285 2409 610 2481 ignorantia
639 2412 697 2464 et
727 2409 1029 2479 Apostolus
1059 2408 1218 2476 dicit,
1256 2411 1639 2468 Testimonium
1660 2415 1772 2469 illis
1798 2415 1991 2486 perhi-

287 2502 379 2555 beo
410 2500 537 2570 quia
564 2497 749 2553 selum
775 2499 869 2553 Dei
884 2498 1101 2565 habent,
1120 2498 1211 2553 sed
1232 2517 1338 2556 non
1350 2501 1644 2557 secundum
1657 2502 1949 2559 scientiam
1971 2522 1990 2560 :

287 2594 424 2643 tunc
463 2588 619 2643 enim
653 2595 707 2643 et
752 2588 861 2643 hoc
912 2588 1238 2656 euhjunxit,
1288 2594 1464 2660 atque
1512 2592 1613 2659 ait,
1674 2594 1991 2661 Ignorantss

284 2680 432 2733 enim
455 2679 553 2732 Dei
556 2676 868 2747 justitiam,
891 2681 1115 2731 etsuam
1138 2676 1991 2752 volentesconstituere,justitix

288 2770 386 2824 Dei
413 2783 522 2823 non
550 2774 677 2821 sunt
706 2766 936 2834 subiecti
968 2767 1141 2833 (Rom.
1169 2784 1222 2835 x,
1245 2769 1300 2836 2,
1332 2768 1409 2839 3).

359 2858 443 2912 12.
480 2859 603 2914 Haec
630 2856 774 2911 dixit
826 2858 1014 2924 Isaias,
1046 2856 1262 2926 quando
1310 2858 1446 2913 vidit
1500 2860 1734 2928 gloriam
1773 2863 1909 2933 ejus,
1941 2865 1990 2920 et

285 2950 497 3005 locutus
525 2951 604 3002 est
634 2945 699 2999 de
729 2958 808 3001 eo.
843 2946 987 3010 Quid
1012 2946 1222 3001 viderit
1244 2946 1442 3008 issine.
1476 2952 1528 3002 et
1562 2949 1665 3003 hoc
1696 2954 1989 3021 quomodo

287 3040 357 3092 ad
390 3035 701 3091 Dominum
723 3034 1023 3091 Christum
1059 3035 1366 3105 pertineat,
1393 3036 1448 3091 in
1482 3039 1627 3094 libro
1649 3040 1776 3109 ejus
1799 3040 1991 3113 legen-

285 3127 425 3183 dum
456 3130 513 3182 et
543 3124 984 3195 intelligendum
1021 3130 1129 3180 est.
1168 3125 1320 3180 Vidit
1343 3127 1498 3182 enim
1532 3145 1645 3185 non
1678 3131 1849 3187 sicuti
1881 3135 1989 3201 est,

288 3217 389 3272 sed
423 3216 593 3271 modo
623 3215 880 3285 quodam
908 3213 1281 3285 signiﬁcatio,
1316 3217 1467 3271 sicut
1518 3219 1814 3290 Prophetas
1846 3222 1990 3277 visio

291 3304 478 3358 fuerat
508 3301 877 3357 informanda
938 3302 1081 3359 Nam
1105 3302 1244 3357 vidit
1275 3308 1330 3358 et
1357 3304 1602 3376 Moyses,
1636 3312 1694 3362 et
1714 3312 1906 3363 tamen
1940 3310 1991 3363 ei

291 3408 461 3463 quem
483 3391 708 3447 videbat
726 3392 977 3457 dicebat,
995 3392 1054 3446 Si
1070 3392 1262 3447 inveni
1280 3396 1517 3463 gratiam
1534 3400 1662 3450 ante
1682 3403 1758 3466 te,
1782 3398 1993 3454 ostende

291 3482 431 3537 mihi
450 3484 812 3553 temetipsum,
841 3484 1139 3552 manifeste
1168 3489 1227 3537 ut
1258 3483 1467 3539 videam
1493 3492 1544 3541 te
1575 3487 1758 3551 (Exod.
1792 3506 1993 3556 χχχιιι,

296 3574 382 3643 13)
413 3590 425 3639 ;
460 3572 592 3644 quia
615 3588 729 3627 non
756 3572 987 3627 videbat
1020 3572 1190 3628 sicuti
1207 3577 1314 3629 est.
1341 3574 1581 3637 Quando
1607 3582 1800 3632 autem
1826 3578 1993 3634 nobis

290 3662 399 3716 hoc
418 3661 679 3715 futurum
695 3660 790 3728 sit,
807 3662 957 3716 idem
974 3661 1084 3716 iste
1098 3667 1338 3717 sanctus
1362 3662 1619 3721 Joannes
1644 3667 1997 3738 evangelista

294 3752 352 3804 in
384 3750 641 3818 Epistola
671 3766 779 3804 sua
810 3749 949 3804 dicit
984 3768 995 3803 :
1032 3751 1403 3813 Dilectissimi.
1432 3746 1561 3809 Filii
1591 3756 1684 3810 Dei
1702 3773 1912 3825 sumus,
1944 3764 1997 3811 et

292 3837 533 3891 nondum
563 3837 832 3906 apparuit
858 3838 991 3908 quid
1009 3841 1219 3894 erimus
1250 3860 1269 3905 ,-
1294 3845 1498 3897 scimus
1520 3848 1655 3914 quia
1688 3863 1811 3901 cum
1840 3863 1999 3917 appa-

294 3928 488 3989 ruerit,
520 3926 725 3980 similes
753 3929 809 3980 ei
837 3930 1061 3992 erimus,
1079 3930 1341 3998 quoniam
1364 3931 1667 3989 videbimus
1687 3952 1809 3991 eum
1830 3937 2001 3992 sicuti

294 4019 373 4069 est
411 4014 456 4081 (l
487 4016 642 4070 Joan.
676 4030 760 4081 ιιι,
787 4016 864 4084 2).
916 4020 1144 4071 Poterat
1175 4019 1383 4086 dicere,
1416 4023 1673 4089 quoniam
1706 4025 2009 4081 videbimus

304 4120 451 4169 eum,
482 4107 538 4157 et
560 4119 672 4157 non
705 4104 935 4168 addere,
974 4104 1139 4159 sicuti
1162 4112 1279 4160 est:
1313 4108 1414 4162 sed
1437 4110 1568 4179 quia
1588 4113 1806 4168 sciebat
1836 4131 1869 4169 a
1890 4116 2009 4183 qui-

297 4191 542 4246 busdam
579 4192 839 4261 patribus
862 4198 917 4247 et
949 4193 1246 4264 pr0phetis
1295 4197 1505 4267 visum,
1539 4201 1638 4255 sed
1676 4218 1787 4256 non
1833 4204 2007 4259 sicuti

295 4287 385 4337 est
416 4299 429 4349 ;
465 4280 595 4335 ideo
617 4296 747 4337 cum
783 4283 1044 4351 dixisset,
1078 4286 1383 4344 videbimus
1404 4305 1549 4355 eum,
1575 4290 1816 4361 addidit,
1842 4294 2012 4349 sicuti

296 4376 391 4425 est.
421 4371 602 4427 Nemo
634 4372 791 4427 enim
823 4389 926 4428 vos
960 4374 1138 4442 fallat,
1173 4377 1407 4446 fratres,
1437 4396 1640 4436 eorum
1666 4382 1763 4451 qui
1809 4383 2011 4437 dicunt

299 4460 650 4515 invisibilem
681 4461 929 4530 Patrem,
963 4467 1018 4519 et
1048 4466 1330 4523 visibilem
1357 4468 1589 4528 Filium.
1626 4469 1691 4525 Hi
1716 4472 1875 4527 enim
1899 4471 2009 4527 hoc

299 4559 567 4604 asserunt
590 4550 689 4620 qui
723 4554 929 4621 putant
959 4569 1088 4609 eum
1120 4572 1245 4612 esse
1267 4563 1594 4614 creaturam
1622 4578 1636 4631 ;
1663 4575 1767 4617 nec
1799 4560 2011 4617 intelli-

301 4642 445 4706 gunt
475 4638 795 4693 secundum
829 4641 966 4709 quid
996 4641 1217 4699 dictum
1251 4647 1343 4712 sit,
1381 4648 1488 4714 Ego
1531 4654 1585 4702 et
1629 4649 1791 4703 Pater
1833 4666 2009 4705 unum

299 4740 486 4778 sumus
516 4725 697 4793 (Joun.
729 4742 785 4791 χ,
821 4727 929 4793 30).
956 4730 1223 4791 ,Ρι-οιειιε
1278 4734 1334 4788 in
1398 4736 1581 4790 forma
1644 4738 1737 4791 Dei
1782 4738 1841 4792 in
1891 4755 2008 4809 qua

302 4811 541 4883 aequalis
571 4818 657 4867 est
685 4816 863 4884 Patri,
897 4817 1071 4872 etiam
1108 4820 1284 4877 Filius
1316 4824 1625 4880 invisibilis
1656 4830 1744 4880 est
1772 4843 1783 4880 :
1820 4832 1882 4881 ut
1904 4844 2004 4882 au-

301 4907 417 4959 tem
450 4903 522 4957 ab
546 4901 880 4958 hominibus
899 4904 1211 4978 videretur,
1237 4910 1480 4966 formam
1515 4914 1664 4968 servi
1688 4916 1928 4986 accepit,
1952 4920 2011 4971 et

303 4993 364 5047 in
396 4990 820 5047 similitudine‘
855 4993 1157 5050 hominum
1191 4998 1379 5055 factus
1412 5001 1683 5073 (Philipp.
1718 5020 1779 5071 ιι,
1829 5005 2009 5075 7),vi-

305 5081 495 5137 sibilie
528 5082 716 5139 factus
742 5086 848 5138 est.
882 5083 1147 5140 Ostendit
1178 5102 1313 5158 ergo
1344 5106 1403 5144 se
1448 5091 1646 5160 etiam,
1694 5098 2006 5165 antequam

368 5188 563 5265 tiEditl,
588 5189 641 5236 in
667 5189 1097 5265 similitudinem.
1127 5195 1189 5244 At
1211 5193 1355 5256 Mss.,
1377 5198 1427 5244 in
1449 5196 1831 5259 similitudine;
1858 5203 2010 5265 juxta

308 5264 486 5311 grtiae,
517 5265 578 5299 en
609 5258 931 5305 omoiomati.

370 5312 445 5380 (ra)
482 5315 633 5361 Forte
665 5315 971 5380 legendum,
993 5319 1189 5369 dictum
1211 5335 1308 5371 non
1338 5329 1413 5370 est
1434 5338 1450 5370 :
1483 5322 1583 5372 nisi
1616 5339 1808 5374 sensus
1829 5327 1895 5375 sit
1913 5339 2005 5376 ne-

309 5379 876 5450 gatiouepi'prssﬂxain
908 5379 1072 5450 verbo
1098 5384 1328 5450 videant,
1361 5391 1537 5450 mente
1556 5386 1773 5450 adjungl
1798 5389 1864 5437 ad
1891 5402 2008 5437 ver-

309 5435 786 5511 hutuinlglligant.
816 5443 877 5491 Et
910 5435 1381 5511 quidemyulga’ta
1429 5435 1695 5511 Evangélii
1722 5435 1910 5499 Oversio
1932 5435 2006 5500 Vin

311 5495 520 5570 excusis
540 5495 723 5570 habet,
750 5515 817 5570 rt
843 5495 951 5570 eum
993 5495 1294 5570 inte/ligati?
1343 5495 1489 5559 corde
1509 5495 1755 5570 ,θεῖά-ἰιι
1778 5495 2011 5570 antiquis

310 5554 732 5638 PAOIP‘EL‘EEﬂWS;
748 5563 945 5638 Bibliis.
981 5554 1155 5631 srzéco
1167 5554 1524 5624 "ausaausa;
1548 5554 2008 5638 testiﬁcata

312 5621 428 5670 loco
459 5621 683 5670 minime
713 5629 919 5687 repetit.

1245 299 1323 358 IN
1367 300 1695 361 JOANNIS
1742 302 2274 376 EVANGELIUM,
2320 274 2397 365 s.
2434 304 2854 366 AUGUSTINI

3658 304 3819 363 i780

2105 441 2427 513 susciperet
2467 456 2723 510 carnem,
2752 439 2937 496 oculis
2987 438 3316 505 hominum,
3357 438 3510 494 sicut
3538 438 3720 493 voluit
3752 437 3814 492 in

2104 531 2367 600 subjecta
2394 530 2507 586 sibi
2534 535 2814 595 creatura,
2835 545 2947 584 non
2973 528 3243 585 sicutest.
3262 526 3316 582 M
3332 529 3624 584 undemue
3642 529 3821 583 corda

2104 636 2206 691 per
2238 621 2431 685 fidem,
2460 625 2520 674 ut
2548 618 2631 674 illi
2664 618 2964 684 ineffabili,
2989 623 3067 684 et,
3102 621 3164 672 ut
3194 616 3501 685 itadicam,
3534 615 3814 673 invisibili

2101 710 2306 766 visioni
2338 725 2745 782 praeparemur.
2776 708 2936 764 Beati
2980 708 3137 763 enim
3173 708 3392 763 mundo
3424 708 3614 777 corde,
3656 724 3814 780 quo-

2102 801 2258 855 niam
2292 800 2403 871 ipsi
2448 801 2625 854 Deum
2657 798 2941 854 videbunt
2970 797 3179 869 (Matth.
3213 814 3269 864 ν,
3301 797 3375 867 8).

2172 891 2257 944 13.
2297 891 2671 946 Verumtamen
2696 896 2747 945 et
2776 904 2846 943 cx
2894 886 3231 958 principibus
3263 888 3428 942 multi
3457 886 3808 943 crediderunt

2100 984 2159 1035 in
2187 998 2344 1047 eum;
2372 980 2465 1037 sed
2488 984 2707 1052 prepter
2738 981 3049 1037 Phariséeos
3070 994 3180 1035 non
3208 981 3631 1050 conﬁtebantur,
3651 987 3711 1034 ut
3741 979 3812 1035 de

2098 1087 2373 1142 synagoga
2402 1086 2511 1126 non
2540 1071 2867 1138 ejicerentur
2887 1088 2903 1123 :
2923 1068 3237 1124 dilexerunt
3266 1070 3416 1123 enim
3445 1067 3689 1137 gloriam
3711 1067 3811 1124 ho-

2098 1164 2313 1217 minum
2328 1164 2502 1231 magis
2515 1177 2677 1231 quam
2695 1159 2930 1231 gloriam
2963 1160 3073 1214 Dei.
3093 1156 3297 1214 Videte
3316 1158 3808 1228 quemadmodum

2102 1251 2385 1306 notaverit
2408 1250 2770 1320 Evangelista
2792 1252 2851 1304 et
2876 1247 3294 1319 improbaverit
3315 1247 3623 1318 quosdam,
3655 1262 3810 1318 quos

2101 1347 2290 1395 tamen
2326 1340 2385 1394 in
2424 1355 2559 1395 eum
2590 1338 2907 1393 credidisse
2937 1336 3083 1393 dixit
3115 1353 3129 1393 :
3162 1336 3261 1407 qui
3290 1336 3348 1391 in
3379 1336 3490 1392 hoe
3542 1336 3807 1405 ingressu

2100 1429 2234 1485 ﬁdei
2265 1430 2314 1486 si
2348 1430 2714 1499 proficerent,
2746 1443 3003 1482 amorem
3035 1442 3272 1499 quoque
3303 1426 3575 1481 humana
3605 1426 3809 1497 glorias

2100 1518 2455 1589 proficiendo
2480 1522 3029 1589 superarent.quem
3062 1519 3428 1585 superaverat
3460 1516 3807 1586 Apostolus,

2099 1608 2326 1669 dicens,
2362 1606 2501 1663 Mihi
2529 1612 2716 1661 autem
2746 1604 2884 1660 absit
2905 1605 3169 1673 gloriari,
3191 1606 3305 1660 nisi
3322 1608 3376 1659 in
3404 1620 3563 1660 cruce
3584 1604 3809 1659 Domini

2097 1699 2272 1753 nostri
2298 1699 2420 1753 Jesu
2455 1696 2801 1765 Christi,per
2821 1710 2981 1766 quem
3030 1693 3172 1749 mihi
3216 1695 3459 1749 mundus
3503 1694 3807 1764 cruci/Ltus

2097 1794 2197 1854 est,
2224 1796 2274 1843 et
2299 1803 2395 1857 ego
2417 1788 2631 1841 mundo
2659 1786 2864 1856 (Galat.
2888 1801 2964 1852 vr,
2993 1785 3101 1856 14).
3129 1785 3209 1839 Ad
3245 1784 3354 1839 hoc
3384 1783 3539 1839 enim
3582 1790 3641 1838 et
3681 1784 3807 1856 ipse

2097 1875 2373 1932 Dominus
2411 1891 2640 1930 crucem
2673 1891 2861 1941 suam,
2904 1874 3002 1928 ubi
3031 1889 3167 1929 eum
3200 1872 3491 1928 dementia
3532 1873 3803 1942 superbas

2098 1962 2414 2032 impietatis
2446 1960 2647 2027 irrisit,
2681 1963 2736 2015 in
2768 1976 2970 2015 eorum
3020 1958 3122 2030 qui
3155 1960 3213 2014 in
3272 1958 3437 2014 illum
3496 1959 3805 2015 crederent

2099 2050 2386 2107 frontibus
2423 2050 2561 2119 fixit,
2586 2050 2684 2105 ubi
2715 2049 3255 2120 estquodammodo
3295 2045 3462 2103 sedes
3518 2064 3803 2104 verecun-

2098 2150 2224 2215 diis,
2261 2155 2324 2205 ut
2352 2150 2423 2204 de
2454 2149 2684 2205 nomine
2714 2148 2838 2217 ejus
2870 2148 3009 2202 fides
3038 2162 3151 2202 non
3182 2146 3508 2212 erubescat,
3531 2149 3587 2201 et
3606 2146 3800 2216 magis

2098 2238 2196 2295 Dei
2228 2239 2469 2311 gloriam
2506 2254 2681 2310 quam
2713 2236 3021 2292 hominum
3053 2236 3279 2307 diligat.

2644 2362 3066 2420 TRACTATUS
3110 2362 3246 2418 LIV.

2096 2474 2172 2529 Ab
2200 2489 2259 2529 eo
2289 2472 2429 2544 quod
2459 2473 2539 2526 ait
2567 2472 2739 2537 Iesus,
2775 2470 2878 2535 Qui
2903 2470 3088 2527 credit
3129 2468 3190 2525 in
3226 2485 3338 2539 me,
3372 2486 3487 2526 non
3513 2470 3699 2525 credit
3750 2472 3809 2525 in

2168 2578 2281 2629 me,
2313 2563 2413 2617 sed
2447 2563 2505 2616 in
2535 2576 2667 2615 eum
2690 2560 2790 2631 qui
2826 2559 2983 2615 misit
3003 2575 3131 2625 me;
3168 2575 3333 2629 usque
3354 2559 3523 2626 adid,
3545 2560 3685 2624 Quae
3705 2575 3811 2630 ego

2169 2652 2393 2723 loquor,
2430 2652 2583 2706 sicut
2612 2650 2758 2705 dixit
2790 2649 2933 2705 mihi
2956 2649 3146 2717 Pater,
3180 2649 3265 2707 sic
3296 2648 3521 2721 loquor.
3549 2650 3679 2718 Cap.
3704 2666 3809 2715 χιι,

2168 2744 2221 2809 ᾖ.
2256 2742 2449 2796 44-50.

2173 2854 2220 2907 1.
2258 2850 2554 2921 Loquente
2586 2847 2829 2905 Domino
2863 2854 3057 2904 nostro
3086 2848 3225 2904 Jesu
3263 2847 3492 2904 Christo
3525 2850 3677 2920 apud
3710 2848 3811 2903 Ju-

2096 2941 2273 3008 dmos,
2308 2946 2365 2995 et
2393 2943 2555 2994 tanta
2589 2937 3008 2994 miraculorum
3032 2937 3203 3009 signa
3254 2937 3516 3005 faciente,
3566 2936 3812 3007 quidam

2098 3030 2473 3086 crediderunt
2518 3027 2909 3097 prmdestinati
2970 3026 3028 3080 in
3074 3027 3254 3082 vitam
3304 3031 3603 3093 aeternam,
3654 3042 3808 3099 quos

2099 3120 2274 3176 etiam
2306 3119 2528 3174 vocavit
2556 3132 2689 3173 oves
2720 3132 2860 3171 suas
2895 3132 2907 3170 :
2943 3115 3184 3187 quidam
3218 3131 3349 3171 vero
3382 3132 3495 3171 non
3538 3118 3813 3174 credide-

2100 3216 2252 3279 runt,
2292 3225 2392 3264 nec
2427 3212 2693 3280 poterant
2721 3208 2969 3272 credere,
3002 3223 3069 3261 eo
3100 3207 3250 3277 quod
3281 3206 3529 3270 occulto,
3563 3223 3669 3265 nec
3721 3218 3811 3265 ta-

2101 3317 2231 3356 men
2268 3300 2490 3369 injusto
2515 3297 2731 3369 judicio
2768 3296 2861 3351 Dei
2895 3296 3125 3352 fuerant
3154 3296 3424 3353 excaecati
3444 3304 3498 3352 et
3529 3297 3809 3368 indurati,

2100 3392 2403 3447 deserente
2430 3388 2527 3441 illo
2560 3388 2654 3457 qui
2689 3387 2953 3458 superbis
2984 3386 3226 3455 resistit,
3260 3386 3583 3442 humilibus
3606 3392 3807 3444 autem

2102 3479 2200 3534 dat
2229 3476 2477 3549 gratiam
2510 3476 2710 3545 (Jacobi
2742 3492 2815 3542 iv,
2845 3476 2923 3546 6).
2957 3476 3168 3531 Eorum
3202 3480 3395 3531 autem
3418 3476 3517 3546 qui
3549 3476 3813 3533 credide-

2102 3576 2258 3637 runt,
2292 3568 2390 3623 alii
2422 3583 2607 3638 usque
2654 3567 2795 3623 adeo
2852 3566 3305 3633 confitebantur,
3360 3573 3421 3620 ut
3478 3565 3814 3637 palmarum

2103 3659 2281 3715 ramis
2311 3659 2560 3728 acceptis
2590 3657 2837 3713 venienti
2861 3659 3249 3725 occurrerent,
3280 3656 3339 3711 in
3371 3657 3577 3711 eadem
3610 3656 3810 3713 laudis

2103 3748 2465 3804 confessione
2489 3748 2788 3801 laetantes:
2840 3745 2939 3800 alii
2979 3760 3113 3800 vero
3163 3759 3232 3799 ex
3282 3744 3643 3816 principibus
3691 3762 3807 3801 non

2106 3837 2401 3892 audebant
2430 3833 2711 3901 confiteri,
2749 3838 2813 3888 ut
2845 3834 2915 3887 de
2936 3848 3228 3904 synagoga
3262 3848 3375 3887 non
3409 3832 3760 3902 ejicerenlur
3792 3853 3807 3901 ;

2103 3941 2251 3997 quos
2283 3923 2494 3980 notavit
2526 3922 2890 3992 Evangelista
2919 3922 3140 3989 dicens,
3164 3920 3318 3991 quod
3349 3919 3815 3992 dilexemntglo-

2104 4015 2249 4069 riam
2276 4015 2558 4069 hominum
2588 4014 2760 4082 magis
2776 4028 2939 4082 quam
2966 4010 3200 4081 gloriam
3238 4012 3332 4067 Dei
3349 4012 3529 4082 (Joan.
3554 4028 3656 4075 χιι,
3694 4012 3811 4079 43).

2105 4106 2314 4161 Eorum
2348 4104 2521 4159 etiam
2555 4102 2654 4174 qui
2690 4119 2803 4159 non
2834 4102 3226 4167 crediderunt,
3258 4100 3356 4156 alii
3406 4106 3572 4157 erant
3612 4108 3815 4173 postea

2103 4194 2399 4259 credituri,
2433 4210 2575 4264 quos
2590 4192 2954 4263 praevidehat,
2989 4189 3088 4246 ubi
3128 4192 3230 4255 ait,
3256 4191 3397 4247 Cum
3427 4192 3815 4248 exultaveritis

2106 4285 2311 4339 Filium
2342 4284 2603 4351 hominis,
2631 4288 2759 4339 tunc
2786 4284 3077 4352 agnoscitis
3111 4280 3241 4351 quia
3261 4296 3356 4349 ego
3405 4296 3525 4336 sum
3549 4282 3648 4351 (Id.
3684 4299 3811 4349 vui,

2100 4372 2187 4440 28)
2223 4392 2235 4427 :
2268 4372 2363 4427 alii
2396 4388 2526 4429 vero
2558 4373 2613 4427 id
2647 4374 2847 4429 eadem
2879 4369 3221 4426 infidelitate
3254 4369 3538 4433 mansuri,
3562 4385 3812 4441 quorum

2100 4462 2383 4517 imitatrix
2413 4468 2502 4518 est
2531 4462 2700 4517 etiam
2740 4462 2850 4517 ista
2882 4477 3025 4533 gens
3056 4459 3413 4525 Judaaorum,
3467 4476 3596 4531 quas
3650 4468 3809 4531 post-

2103 4553 2343 4607 modum
2381 4552 2681 4620 debellata,
2715 4552 2785 4606 ad
2809 4547 3207 4607 testimonium
3244 4548 3559 4620 prophetis:
3591 4566 3719 4621 quis
3738 4550 3812 4607 de

2103 4642 2331 4698 Christo
2362 4642 2574 4713 scripta
2606 4646 2714 4712 est,
2740 4640 2798 4696 in
2825 4644 2943 4696 toto
2976 4655 3121 4711 pene
3150 4639 3288 4695 orbe
3318 4637 3581 4711 dispersa
3609 4643 3727 4695 est.

2172 4733 2225 4785 2.
2251 4731 2353 4787 His
2383 4732 2462 4786 ita
2492 4748 2555 4787 se
2584 4731 2953 4797 habentibus,
2976 4735 3033 4785 et
3072 4746 3177 4784 sua
3201 4729 3328 4799 jam
3378 4729 3813 4800 propinquante

2106 4823 2393 4894 passione,
2424 4824 2578 4877 Iesus
2607 4822 2896 4887 clamavit,
2934 4824 2982 4875 et
3014 4818 3158 4874 dixit
3180 4836 3204 4882 ;
3244 4818 3397 4874 unde
3428 4818 3601 4875 lectio
3631 4821 3813 4890 coepit

2106 4912 2381 4968 hodierna
2414 4930 2427 4968 :
2463 4913 2567 4980 Qui
2592 4913 2770 4967 credit
2798 4914 2859 4966 in
2890 4926 2993 4978 me,
3024 4925 3136 4965 non
3166 4909 3340 4965 credit
3370 4912 3428 4963 in
3456 4924 3560 4975 me,
3597 4910 3693 4964 sed
3750 4910 3809 4965 in

2106 5017 2231 5058 eum
2260 5004 2356 5072 qui
2384 5004 2528 5057 misit
2560 5006 2614 5056 in
2638 5010 2823 5058 me:et
2845 5003 2938 5072 qui
2962 4998 3218 5066 videtme,
3242 4998 3385 5053 videt
3415 4999 3812 5069 eumquimisit

2107 5107 2208 5145 me.
2234 5091 2365 5146 Jam
2387 5091 2609 5146 dixerat
2637 5091 2885 5161 quodam
2907 5089 3035 5145 loco
3068 5105 3082 5143 :
3138 5088 3252 5143 Hea
3292 5088 3542 5143 doctrina
3580 5102 3688 5142 non
3729 5096 3813 5143 est

2108 5196 2247 5247 mea,
2279 5180 2374 5237 sed
2401 5181 2522 5251 ejus
2550 5183 2645 5251 qui
2683 5182 2831 5236 misit
2857 5196 2943 5235 me
2988 5179 3091 5249 (Id.
3141 5194 3239 5245 vn,
3294 5177 3407 5246 16).
3438 5175 3547 5231 Ubi
3592 5176 3814 5233 intelle-

2112 5274 2302 5328 ximus
2333 5290 2459 5329 eum
2484 5272 2805 5329 doctrinam
2839 5287 3007 5326 suam
3037 5269 3255 5324 dixisse
3315 5267 3571 5322 Verbum
3622 5265 3812 5323 Patris

2112 5365 2263 5433 quod
2296 5368 2383 5419 est
2398 5364 2522 5433 ipse
2545 5383 2559 5429 ;
2576 5368 2631 5417 et
2644 5363 2752 5417 hoc
2766 5360 3129 5432 significasse
3140 5358 3403 5426 dicendo,
3418 5358 3539 5413 Mea
3556 5358 3815 5413 doctrina

2118 5466 2223 5504 non
2253 5459 2334 5505 est
2364 5468 2503 5519 mea,
2534 5450 2625 5505 sed
2656 5451 2773 5521 ejus
2804 5452 2899 5519 qui
2917 5466 3003 5505 me
3033 5451 3199 5511 misit,
3231 5446 3387 5517 quod
3420 5462 3453 5498 a
3472 5444 3665 5514 seipse
3687 5443 3815 5515 ipse

2114 5557 2226 5596 non
2258 5547 2429 5606 esset,
2465 5542 2563 5596 sed
2591 5540 2828 5596 haberet
2857 5557 2890 5595 a
2912 5555 3022 5609 quo
3069 5536 3453 5607 esset(Supra,
3492 5535 3666 5590 Tract.
3693 5535 3810 5606 29).

2110 5632 2260 5688 Deus
2289 5631 2443 5687 enim
2464 5631 2535 5688 de
2564 5630 2700 5699 Deo,
2734 5629 2911 5687 Filius
2950 5628 3141 5687 Patris
3174 5644 3189 5687 :
3226 5626 3392 5685 Pater
3447 5625 3644 5682 autem
3696 5640 3813 5684 non
