4148 6190
335 258 476 319 1781

324 391 471 446 Deus
501 391 572 446 de
602 390 742 458 Deo,
781 391 881 446 sed
918 391 1063 446 Deus
1095 392 1260 446 Pater
1276 390 1426 446 Filii.
1461 391 1625 446 Nunc
1646 396 1840 447 autem
1874 394 2029 464 quod

321 481 420 547 ait,
457 481 565 549 Qui
591 481 767 535 credit
803 480 864 535 in
892 495 997 546 me,
1030 495 1135 536 non
1156 478 1326 535 credit
1358 482 1414 534 in
1444 495 1548 547 me,
1570 481 1663 536 sed
1699 484 1757 536 in
1779 497 1906 538 eum
1934 482 2032 554 qui

323 568 473 624 misit
497 585 605 636 me,
626 569 920 640 quomodo
945 568 1291 625 intellecturi
1313 585 1541 635 sumus,
1565 570 1677 625 nisi
1700 570 1840 641 quia
1858 570 2032 628 homo

317 660 637 732 apparebat
668 659 1027 726 hominibus,
1052 675 1186 716 cum
1207 659 1408 715 lateret
1427 661 1577 715 Deus
1598 661 1626 714 ?
1656 661 1726 716 Et
1756 676 1829 718 ne
1858 665 2031 733 puta-

316 754 449 806 rent
478 749 589 806 hoc
611 765 745 806 eum
777 765 905 807 esse
921 751 1326 805 tantummodo
1349 750 1501 820 quod
1533 749 1830 818 videbant,
1858 750 2031 806 talem

314 855 383 895 ac
404 844 639 895 tantum
663 856 727 895 se
747 840 945 896 volens
965 839 1145 905 credi,
1169 838 1362 910 qualis
1386 844 1442 894 et
1463 846 1717 910 quantus
1738 847 1822 895 est
1847 840 2031 906 Pater,

315 930 426 998 Qui
453 928 629 985 credit
652 930 711 985 in
729 946 835 1000 me,
855 930 1064 1001 inquit,
1083 944 1192 984 non
1215 928 1382 985 credit
1413 933 1470 982 in
1494 946 1597 996 me,
1622 928 1678 983 id
1702 933 1811 996 est,
1842 928 1901 985 in
1924 928 2034 984 hoc

314 1020 476 1091 quod
498 1018 655 1074 videt
678 1036 694 1086 ;
724 1019 816 1075 sed
836 1022 894 1074 in
916 1035 1040 1075 eum
1061 1021 1158 1092 qui
1176 1020 1332 1075 misit
1350 1035 1459 1087 me,
1479 1018 1536 1073 id
1560 1023 1669 1088 est,
1694 1019 1751 1073 in
1783 1023 2032 1074 Patrem.

313 1109 434 1165 Sed
464 1109 567 1181 qui
590 1108 778 1166 credit
799 1109 860 1165 in
890 1113 1146 1177 Patrem,
1170 1123 1405 1166 necesse
1426 1112 1514 1165 est
1536 1123 1671 1164 eum
1694 1108 1887 1165 credat
1906 1124 2035 1164 esse

316 1198 551 1254 Patrem
585 1213 600 1264 ;
634 1197 733 1269 qui
761 1202 958 1254 autem
992 1198 1175 1254 credit
1214 1212 1348 1255 eum
1401 1201 1651 1267 Patrem,
1685 1213 1918 1253 necesse
1947 1202 2037 1254 est

319 1292 383 1342 ut
404 1287 609 1342 credat
637 1302 771 1342 eum
804 1287 1013 1343 habere
1041 1285 1252 1343 Filium
1278 1304 1291 1342 :
1326 1304 1390 1342 ac
1438 1303 1543 1357 per
1571 1286 1679 1343 hoc
1729 1286 1826 1360 qui
1856 1286 2037 1342 credit

320 1376 380 1431 in
414 1376 666 1442 Patrem,
699 1392 930 1433 necesse
977 1383 1067 1433 est
1118 1380 1180 1433 ut
1232 1376 1430 1433 credat
1459 1377 1517 1431 in
1552 1375 1782 1433 Filium.
1826 1374 1940 1432 Sed
1964 1391 2037 1431 ne

322 1467 638 1541 quisquam
668 1467 778 1525 hoc
803 1469 1001 1525 credat
1030 1469 1103 1524 de
1144 1466 1443 1541 unigenito
1474 1468 1641 1536 Filio,
1675 1469 1831 1541 quod
1864 1469 1934 1525 de
1962 1468 2035 1523 iis

319 1557 425 1630 qui
457 1556 600 1613 dicti
631 1560 771 1613 sunt
800 1557 904 1615 ﬁlii
935 1556 1036 1614 Dei
1063 1558 1388 1615 secundum
1421 1559 1692 1629 gratiam,
1725 1574 1841 1615 non
1873 1565 2038 1614 natu-

321 1664 470 1717 ram,
502 1648 656 1704 sicut
682 1647 762 1703 ait
810 1648 1194 1719 Evangelista,
1237 1649 1397 1704 Dedit
1426 1651 1504 1704 eis
1534 1654 1864 1720 potestatem
1892 1648 2037 1719 ﬁlios

324 1740 426 1794 Dei
453 1738 578 1808 ﬁeri
621 1737 801 1796 (Joan.
834 1754 875 1808 ι,
918 1738 1044 1810 12);
1099 1739 1253 1794 unde
1298 1743 1355 1794 et
1392 1738 1533 1796 illud
1583 1742 1672 1794 est
1719 1738 1871 1809 quod
1912 1737 2037 1809 ipse

320 1828 609 1884 Dominus
650 1827 1126 1885 commemoravit
1171 1827 1229 1884 in
1281 1830 1430 1899 Lege
1460 1829 1705 1896 dictum,
1740 1829 1855 1898 Ego
1890 1828 2034 1898 dixi,

316 1919 410 1974 Dii
437 1919 587 1985 estis,
618 1926 670 1973 et
703 1917 817 1987 ﬁlii
861 1919 1067 1974 excelsi
1115 1934 1301 1975 omnes
1340 1919 1444 1992 (Id.
1478 1937 1535 1985 x,
1565 1919 1659 1988 34)
1688 1935 1703 1974 :
1738 1922 2037 1990 propterea

316 2007 489 2075 dixit,
505 2006 613 2077 Qui
623 2008 793 2065 credit
814 2009 877 2065 in
896 2025 1002 2076 me,
1026 2024 1136 2064 non
1150 2009 1331 2065 credit
1353 2009 1412 2065 in
1431 2025 1549 2076 me;
1578 2026 1647 2065 ne
1672 2012 1857 2064 totum
1882 2007 2037 2081 quod

317 2098 395 2153 de
424 2096 653 2152 Christo
683 2098 955 2162 creditur,
990 2098 1316 2153 secundum
1350 2097 1644 2153 hominem
1678 2096 2036 2153 crederetur.

318 2186 420 2242 Ille
451 2202 613 2257 ergo,
644 2187 852 2259 inquit,
886 2188 1064 2243 credit
1101 2187 1158 2243 in
1191 2204 1307 2255 me,
1360 2188 1459 2260 qui
1494 2205 1609 2244 non
1642 2186 1820 2243 credit
1853 2187 1911 2243 in
1944 2202 2035 2243 me

318 2276 648 2333 secundum
683 2276 738 2331 id
770 2276 922 2348 quod
946 2293 1039 2332 me
1054 2275 1227 2343 videt,
1250 2278 1351 2332 sed
1382 2277 1439 2332 in
1457 2292 1591 2332 eum
1617 2276 1717 2347 qui
1740 2276 2031 2333 memisit:

319 2373 385 2422 ut
413 2383 549 2421 cum
581 2366 765 2424 credit
794 2368 850 2422 in
884 2367 1134 2437 Patrem,
1168 2367 1369 2424 credat
1408 2382 1543 2423 eum
1576 2366 1791 2423 habere
1822 2364 2034 2422 Filium

319 2457 431 2513 sibi
448 2458 757 2529 aqualem,
780 2462 837 2515 et
853 2462 991 2514 tunc
1012 2473 1143 2514 vere
1163 2457 1431 2514 credatin
1448 2472 1564 2513 me.
1578 2457 1721 2513 Nam
1740 2456 1790 2513 si
1805 2460 2035 2527 putave-

319 2549 394 2602 n’t
412 2563 550 2603 eum
582 2564 700 2604 non
732 2547 947 2603 habere
978 2547 1092 2603 nisi
1122 2546 1275 2603 ﬁlios
1293 2547 1614 2603 secundum
1642 2545 1915 2619 gratiam,
1940 2545 2033 2617 qui

318 2641 460 2693 sunt
488 2636 621 2707 ejus
653 2637 849 2707 utique
879 2644 1158 2702 creatura,
1185 2653 1300 2691 non
1333 2635 1604 2705 Verbum,
1633 2634 1736 2691 sed
1770 2635 1917 2691 facta
1937 2650 2035 2705 per

319 2726 600 2794 Verbum,
634 2743 735 2783 nec
766 2726 978 2783 habere
1009 2725 1220 2782 Filium
1243 2731 1526 2797 aequalem
1559 2725 1669 2781 sibi
1698 2729 1874 2796 atque
1890 2740 2035 2781 coas-

319 2823 576 2889 ternum,
609 2832 842 2888 semper
872 2824 1094 2883 natum,
1130 2815 1341 2886 pariter
1373 2814 1931 2883 incommutabilem,
1964 2830 2034 2870 ex

320 2906 485 2963 nullo
499 2905 852 2963 dissimilem
869 2910 1038 2977 atque
1052 2904 1335 2975 imparem
1361 2920 1374 2971 ;
1394 2919 1506 2959 non
1520 2903 1704 2959 credit
1718 2902 1773 2958 in
1801 2903 2031 2959 Patrem

320 2998 418 3069 qui
439 3013 575 3053 eum
612 2996 789 3060 misit,
822 2995 960 3068 quia
992 3011 1106 3050 non
1129 2998 1217 3049 est
1248 2993 1354 3048 hoc
1386 2992 1551 3048 Pater
1572 2993 1671 3064 qui
1703 3008 1833 3048 eum
1853 2992 2029 3047 misit.

388 3089 441 3143 3.
468 3087 539 3143 Et
567 3085 696 3142 ideo
709 3102 842 3140 cum
856 3084 1118 3153 dixisset,
1134 3081 1425 3154 Quicredit
1446 3080 1503 3136 in
1525 3098 1629 3141 me.
1658 3096 1768 3136 non
1785 3081 1960 3136 credit
1972 3080 2031 3135 in

319 3195 422 3240 me.
453 3176 544 3231 sed
579 3177 635 3229 in
664 3190 787 3231 eum
820 3175 916 3245 qui
938 3174 1086 3227 misit
1104 3188 1190 3227 me
1208 3191 1230 3237 ;
1254 3187 1325 3226 ne
1350 3176 1653 3241 putaretur
1670 3170 1753 3226 sic
1784 3169 2032 3225 voluisse

316 3263 797 3335 Patremintelligi
812 3268 1092 3334 tanquam
1106 3258 1658 3317 Patremmultorum
1673 3258 2032 3331 ﬁliorumper

317 3357 568 3429 gratiam
600 3358 1098 3425 regeneratorum,
1121 3368 1236 3408 non
1262 3350 1413 3407 unici
1437 3349 1610 3406 Verbi
1631 3348 1871 3421 aqualis
1897 3349 2027 3417 sibi,

318 3446 595 3502 continuo
625 3442 894 3514 subjecit,
924 3443 989 3496 Et
1010 3443 1105 3511 qui
1136 3439 1279 3496 videt
1298 3456 1405 3507 me,
1438 3439 1588 3495 videt
1616 3455 1741 3495 eum
1760 3439 1861 3510 qui
1879 3438 2030 3494 misit

319 3550 425 3590 me.
461 3532 763 3603 Numquid
812 3532 913 3599 ait,
964 3530 1072 3595 Qui
1105 3528 1259 3584 videt
1307 3543 1421 3598 me,
1455 3544 1570 3585 non
1595 3526 1747 3583 videt
1776 3543 1891 3595 me,
1926 3527 2027 3583 sed

317 3641 452 3681 eum
486 3622 587 3695 qui
620 3622 783 3677 misit
815 3636 948 3690 me;
980 3620 1134 3676 sicut
1189 3620 1434 3686 dixerat,
1485 3617 1591 3687 Qui
1631 3617 1806 3673 credit
1838 3618 1897 3673 in
1923 3632 2027 3685 me,

314 3730 425 3771 non
454 3714 631 3771 credit
662 3714 721 3767 in
750 3727 856 3781 me,
878 3709 968 3766 sed
997 3709 1056 3765 in
1085 3725 1210 3765 eum
1233 3709 1331 3779 qui
1358 3709 1509 3764 misit
1540 3710 1666 3764 me?
1696 3706 1843 3762 Illud
1868 3723 2029 3762 nam-

318 3822 428 3876 que
457 3802 625 3869 dixit,
656 3817 727 3858 ne
746 3800 900 3858 sicut
923 3799 1246 3859 videbatur.
1273 3799 1596 3854 crederetur
1626 3796 2031 3851 tantummodo

318 3895 477 3951 filius
508 3893 802 3948 hominis:
838 3889 949 3946 hoc
996 3892 1190 3945 autem
1223 3887 1385 3954 dixit,
1430 3891 1492 3942 ut
1521 3886 1673 3941 Patri
1706 3885 2033 3940 crederetur

319 3982 583 4055 aequalis.
612 3980 722 4046 Qui
752 3979 933 4035 credit
974 3977 1033 4031 in
1079 3993 1189 4044 me,
1222 3974 1432 4047 inquit,
1467 3989 1581 4031 non
1620 3973 1805 4030 credit
1834 3974 1892 4029 in
1924 3973 2032 4029 hoc

320 4075 470 4147 quod
508 4072 664 4127 videt
696 4086 806 4138 me,
840 4069 941 4124 sed
985 4066 1168 4123 credit
1195 4066 1253 4120 in
1285 4080 1421 4120 eum
1453 4063 1551 4136 qui
1583 4062 1741 4119 misit
1771 4079 1882 4119 me.
1919 4066 2032 4118 Aut

320 4179 455 4220 cum
486 4162 674 4219 credit
702 4160 761 4215 in
792 4162 1019 4213 Patrem
1053 4157 1149 4227 qui
1184 4155 1293 4210 sibi
1321 4154 1603 4225 aqualem
1652 4153 1854 4225 genuit
1902 4169 2031 4221 me;

323 4272 433 4310 non
487 4251 783 4326 quomodo
830 4264 922 4304 me
962 4247 1142 4315 videt,
1172 4245 1270 4300 sed
1302 4243 1386 4299 sic
1417 4244 1616 4299 credat
1647 4242 1705 4297 in
1741 4259 1850 4301 me,
1885 4259 2029 4312 quo-

323 4342 494 4400 modo
516 4340 578 4396 in
628 4356 761 4396 eum
794 4337 894 4409 qui
949 4335 1109 4392 misit
1160 4349 1288 4389 me:
1321 4348 1502 4403 usque
1533 4332 1673 4387 adeo
1704 4330 1852 4387 enim
1885 4330 2030 4386 nihil

318 4433 497 4489 distat
522 4432 676 4487 inter
704 4444 835 4485 eum
867 4437 920 4483 et
953 4442 1064 4495 me,
1123 4429 1185 4479 ut
1233 4422 1333 4495 qui
1366 4438 1457 4477 me
1488 4422 1642 4477 videt
1672 4421 1856 4477 videat
1899 4436 2029 4476 eum

318 4524 420 4595 qui
471 4538 567 4578 me
617 4518 795 4575 misit.
855 4514 1156 4588 Apostolos
1188 4529 1327 4569 suos
1383 4514 1536 4567 certe
1575 4510 1698 4583 ipse
1748 4510 2031 4567 Dominus

318 4615 585 4670 Christus
631 4610 809 4675 misit,
874 4607 1026 4679 quod
1077 4620 1278 4661 eorum
1310 4604 1485 4660 etiam
1526 4618 1737 4659 nomen
1769 4602 2027 4659 indicat:

320 4720 455 4761 nam
498 4702 653 4759 sicut
682 4714 863 4773 griece
913 4697 1124 4768 angeli,
1174 4694 1353 4751 latine
1398 4692 1583 4749 nuntii
1617 4698 1916 4762 vocantur,
1954 4688 2033 4748 ita

318 4810 503 4866 graece
550 4787 817 4863 apostoli,
847 4786 1025 4843 latine
1071 4784 1233 4840 missi
1280 4781 1665 4855 appellantur.
1718 4781 2030 4855 Nunquam

320 4890 516 4941 tamen
545 4881 760 4954 aliquis
789 4877 1188 4952 apostolorum
1219 4874 1410 4930 dicere
1439 4874 1695 4941 auderet,
1720 4874 1825 4942 Qui
1861 4874 2035 4931 credit

319 4974 381 5030 in
427 4989 536 5043 me,
576 4986 683 5027 non
732 4970 905 5026 credit
944 4970 1003 5022 in
1040 4980 1147 5030 me,
1191 4962 1282 5019 sed
1320 4964 1380 5017 in
1421 4978 1550 5018 eum
1581 4964 1678 5034 qui
1725 4962 1879 5019 misit
1909 4980 2031 5020 me:

318 5066 563 5124 omnino
609 5061 767 5119 enim
816 5075 929 5116 non
975 5057 1211 5122 diceret,
1251 5054 1356 5123 Qui
1383 5051 1553 5109 credit
1608 5054 1665 5108 in
1697 5068 1799 5109 me.
1841 5054 2033 5111 Credi—

322 5173 451 5216 mus
482 5155 640 5213 snim
664 5149 949 5224 apostolo,
982 5146 1082 5203 sed
1114 5160 1231 5201 non
1261 5141 1551 5199 credimus
1578 5143 1635 5197 in
1660 5142 1989 5215 apostolum
2016 5160 2029 5197 :

321 5262 437 5303 non
466 5245 626 5300 enim
657 5237 959 5312 apostolus
994 5232 1278 5305 justiﬁcat
1307 5230 1573 5302 impium.
1607 5231 1873 5287 Credenti
1922 5248 2033 5288 au-

320 5343 442 5393 tem
461 5336 522 5391 in
544 5348 679 5389 eum
705 5324 1091 5401 quijustiﬁeat
1109 5322 1373 5393 impium.
1396 5324 1714 5393 deputatur
1735 5321 1879 5378 ﬁdes
1904 5322 2032 5393 ejus

322 5428 392 5482 ad
433 5422 724 5496 justitiam
774 5419 949 5489 (Rom.
994 5432 1067 5482 ιν,
1107 5414 1184 5485 5).
1237 5410 1431 5467 Posset
1474 5411 1663 5467 dicere
1712 5412 2030 5482 apostolus,

324 5516 430 5583 Qui
481 5511 681 5583 recipit
728 5524 842 5575 me,
872 5504 1075 5576 recipit
1104 5519 1237 5559 eum
1280 5501 1380 5573 qui
1420 5518 1511 5555 me
1548 5500 1751 5569 misit;
1784 5500 1892 5569 vel,
1925 5503 2029 5569 Qui

327 5608 487 5663 audit
514 5617 631 5670 me,
656 5598 819 5657 audit
846 5611 978 5652 eum
1002 5593 1097 5664 qui
1130 5608 1217 5648 me
1248 5590 1445 5647 misit:
1482 5590 1585 5647 hoc
1616 5590 1772 5648 enim
1800 5592 1885 5648 eis
1907 5591 2032 5664 ipse

1530 256 1990 321 TRACTATUS
2036 260 2192 322 LIV.
2240 262 2502 324 CAPUT
2545 261 2675 321 XII.

3699 262 3855 322 1782

2145 396 2426 452 Dominus
2460 396 2558 462 ait,
2593 397 2697 465 Qui
2729 411 2818 451 vos
2833 394 3051 465 recipit,
3085 409 3174 450 me
3198 393 3416 467 recipit,
3448 398 3501 450 et
3532 396 3627 466 qui
3656 393 3859 465 recipit

2143 500 2247 553 me,
2285 486 2483 556 recipit
2513 500 2637 540 eum
2668 485 2762 555 qui
2793 500 2878 540 me
2906 485 3063 539 misit
3090 484 3303 555 (Matth.
3345 502 3403 551 ι,
3436 484 3548 556 40).
3583 483 3725 548 Quia
3752 484 3858 539 do-

2140 574 2338 630 minus
2370 574 2688 631 honoratur
2718 575 2775 629 in
2808 578 3073 644 servo,et
3096 575 3328 646 palerin
3352 574 3473 631 lilio
3506 591 3519 630 :
3548 573 3651 630 sed
3694 578 3857 646 pater

2143 668 2424 737 tanquam
2456 665 2514 719 in
2552 665 2690 730 lilio,
2732 665 3009 720 dominus
3040 669 3318 737 tanquam
3351 664 3411 719 in
3463 681 3642 720 servo.
3681 664 3856 720 Filius

2143 759 2341 810 autem
2365 754 2703 825 unigenitus
2727 759 2878 810 recte
2904 755 3094 811 dicere
3118 754 3322 827 potuit,
3351 754 3560 810 Credite
3578 756 3639 809 in
3666 755 3852 820 Deum,

2142 848 2196 898 et
2227 846 2289 899 in
2318 860 2404 899 me
2431 845 2632 900 credite
2660 845 2839 917 (Joan.
2874 860 2990 912 xiv,
3024 845 3111 915 t);
3144 848 3200 899 et
3230 845 3385 916 quod
3417 860 3573 899 nunc
3610 843 3710 910 ait,
3754 845 3859 913 Qui

2142 933 2324 987 credit
2356 934 2414 987 in
2446 949 2551 998 me,
2584 948 2692 987 non
2709 932 2877 989 credit
2908 935 3085 999 inme,
3105 933 3194 988 sed
3227 934 3285 987 in
3305 949 3429 988 eum
3450 934 3549 1003 qui
3576 931 3726 988 misit
3744 949 3852 987 me.

2143 1020 2267 1077 No‘a
2297 1038 2330 1078 a
2360 1038 2422 1078 se
2444 1023 2688 1077 abstulit
2712 1024 2884 1077 tidem
2909 1024 3222 1091 credentis,
3246 1023 3345 1078 sed
3373 1022 3560 1077 noluit
3588 1023 3645 1076 in
3672 1023 3855 1078 forma

2142 1111 2293 1167 servi
2342 1128 2642 1168 remanere
2690 1113 3067 1168 credentem:
3119 1113 3391 1185 quoniam
3439 1128 3573 1167 cum
3606 1112 3855 1183 quisque

2143 1200 2328 1256 credit
2352 1200 2411 1255 in
2436 1203 2665 1256 Patrem
2699 1202 2797 1272 qui
2829 1219 2962 1257 eum
2987 1202 3167 1271 misit,
3202 1202 3453 1272 proiecto
3478 1201 3661 1256 credit
3694 1200 3749 1254 in
3772 1200 3855 1255 Fi-

2142 1289 2311 1357 lium,
2345 1291 2466 1346 sine
2486 1306 2594 1361 quo
2619 1292 2841 1347 Patrem
2865 1308 2979 1347 non
3011 1307 3139 1347 esse
3169 1291 3505 1363 cognoscit;
3540 1295 3597 1345 et
3627 1291 3706 1346 ita
3729 1306 3851 1346 cre-

2147 1381 2234 1435 dit
2265 1384 2326 1436 ut
2355 1381 2552 1437 credat
2581 1382 2885 1452 aqualem,
2920 1382 3197 1454 quoniam
3230 1383 3512 1453 sequitur,
3546 1383 3610 1437 Et
3640 1379 3736 1453 qui
3765 1382 3853 1435 vi-

2144 1469 2231 1524 det
2259 1486 2364 1539 me,
2398 1470 2537 1526 videt
2566 1486 2692 1525 eum
2721 1471 2815 1542 qui
2846 1487 2933 1526 me
2961 1470 3140 1527 misit.

2218 1561 2268 1615 4.
2300 1560 2545 1616 Attende
2602 1563 2842 1616 calere:
2893 1561 3010 1633 Ego
3055 1561 3153 1616 lux
3197 1563 3256 1614 in
3297 1560 3561 1615 mundum
3602 1559 3748 1631 veni,
3795 1564 3853 1615 ut

2145 1650 2323 1705 omnis
2351 1651 2448 1721 qui
2475 1650 2646 1706 credit
2673 1652 2729 1705 in
2762 1666 2868 1717 me,
2902 1654 2957 1705 in
3006 1649 3240 1707 tenebris
3288 1665 3397 1705 non
3428 1653 3666 1706 maneat.
3706 1648 3856 1704 Dixit

2145 1741 2392 1810 quodam
2423 1739 2549 1796 loco
2582 1740 2887 1811 discipulis
2918 1740 3062 1811 suis,
3092 1741 3194 1796 Vos
3214 1742 3339 1796 estis
3368 1740 3468 1794 tua:
3495 1739 3715 1795 mundi.
3738 1738 3854 1795 Non

2143 1832 2315 1899 potest
2342 1830 2547 1884 ciuitas
2577 1828 2832 1885 abscondi
2859 1845 3023 1899 super
3046 1835 3285 1886 montem
3314 1831 3629 1898 constituta,
3679 1844 3856 1900 neque

2144 1917 2451 1982 accendunt
2480 1919 2794 1986 lucernam,
2826 1925 2877 1974 et
2904 1928 3114 1990 ponunt
3143 1936 3262 1976 eam
3292 1919 3388 1976 sub
3410 1918 3606 1987 modio,
3637 1918 3729 1974 sed
3756 1934 3855 1973 su-

2142 2024 2242 2080 per
2269 2008 2684 2076 candelabrum,
2717 2016 2776 2064 ut
2815 2008 2993 2064 luceat
3016 2011 3268 2065 omnibus
3296 2013 3395 2082 qui
3426 2010 3484 2065 in
3504 2009 3657 2065 domo
3683 2017 3849 2064 sunt:

2142 2102 2219 2154 sic
2250 2100 2426 2155 luceat
2465 2100 2647 2155 lumen
2680 2106 2919 2155 vestrum
2947 2115 3131 2155 coram
3178 2100 3507 2167 hominibus,
3554 2106 3611 2154 ut
3642 2098 3853 2154 videam

2143 2204 2304 2261 opera
2338 2196 2513 2246 vestra
2537 2193 2695 2257 bona,
2728 2199 2780 2246 et
2826 2191 3132 2261 gloriﬁcent
3161 2192 3380 2245 Patrem
3407 2194 3641 2245 vestrum
3672 2192 3765 2260 qui
3794 2190 3851 2242 in

2144 2277 2291 2334 catis
2324 2287 2401 2334 est
2431 2278 2639 2351 (Matth.
2674 2295 2728 2337 ν.
2783 2279 2999 2348 lli-16):
3054 2295 3169 2333 non
3203 2283 3397 2333 tamen
3432 2278 3515 2332 eis
3546 2276 3706 2341 dixit,
3740 2280 3852 2331 Vos

2144 2366 2243 2422 lux
2273 2368 2514 2423 venistis
2546 2367 2605 2423 in
2638 2367 2948 2432 mundum,
2983 2370 3046 2421 ut
3066 2366 3269 2421 omnis
3300 2367 3394 2435 qui
3427 2365 3609 2421 credit
3638 2364 3696 2419 in
3728 2381 3852 2433 vos,

2143 2454 2202 2511 in
2234 2454 2486 2511 tenebris
2536 2472 2650 2511 non
2705 2463 2953 2511 maneal.
3013 2455 3315 2526 Nusquam
3368 2454 3471 2510 hoc
3530 2453 3638 2525 legi
3681 2469 3852 2523 posse

2142 2546 2440 2603 confirmo.
2478 2547 2727 2603 Lumina
2759 2562 2894 2618 ergo
2926 2550 3067 2602 sunt
3092 2561 3296 2600 omnes
3325 2545 3513 2601 sancti
3548 2562 3561 2612 ;
3595 2545 3693 2600 sed
3727 2558 3853 2599 cre-

2142 2637 2332 2693 dendo
2364 2637 2436 2692 ab
2467 2652 2532 2693 eo
2564 2636 2989 2704 illuminantur,
3010 2652 3043 2691 a
3072 2651 3188 2707 quo
3218 2634 3264 2690 si
3292 2634 3421 2706 quis
3442 2634 3747 2692 recesserit
3774 2635 3855 2687 te-

2143 2728 2504 2784 nebrabitur.
2548 2733 2765 2783 Lumen
2799 2730 2991 2782 autem
3023 2724 3164 2781 illud
3219 2740 3329 2795 quo
3362 2723 3785 2789 illuminantur,
3820 2740 3852 2777 a

2143 2833 2204 2872 se
2236 2818 2503 2873 recedere
2534 2834 2648 2873 non
2674 2822 2862 2889 potest
2887 2833 2903 2885 ;
2936 2815 3073 2887 quia
3103 2814 3584 2871 incommutabile
3613 2814 3851 2871 omnino

2142 2912 2245 2963 est.
2298 2906 2603 2962 Credimus
2658 2918 2795 2978 ergo
2844 2905 3051 2961 lumini
3125 2905 3475 2972 illuminalo,
3522 2904 3677 2962 sicut
3721 2919 3850 2976 pro-

2142 2996 2342 3068 phetae,
2394 2995 2542 3050 sicut
2593 2994 2895 3064 apostolo:
2956 2995 3055 3049 sed
3109 2995 3237 3051 ideo
3282 2994 3367 3049 illi
3413 2994 3729 3061 credimus,
3792 3000 3853 3048 ut

2140 3102 2254 3142 non
2288 3085 2345 3139 in
2378 3083 2573 3155 ipsum
2626 3084 2930 3138 credamus
2964 3085 3119 3153 quod
3166 3084 3553 3151 illuminatur,
3584 3084 3685 3139 sed
3717 3099 3851 3139 cum

2141 3175 2241 3231 illo
2273 3174 2578 3229 credamus
2604 3173 2659 3226 id
2686 3172 2828 3226 illud
2860 3171 3057 3227 lumen
3081 3189 3113 3226 a
3136 3189 3247 3242 quo
3283 3172 3679 3241 illuminatur;
3713 3177 3778 3228 ut
3797 3178 3853 3229 et

2140 3282 2247 3321 nos
2274 3263 2703 3327 illuminemur,
2728 3276 2840 3316 non
2873 3261 2943 3314 ab
2966 3259 3085 3327 illo,
3113 3262 3214 3315 sed
3246 3276 3376 3315 cum
3402 3261 3498 3316 illo
3530 3279 3561 3316 a
3593 3280 3709 3333 quo
3735 3262 3848 3320 ille.

2140 3355 2283 3412 Cum
2317 3358 2509 3408 autem
2542 3352 2702 3417 dicit,
2740 3349 2801 3406 Ut
2822 3350 2999 3404 omnis
3046 3348 3143 3420 qui
3178 3348 3353 3403 credit
3387 3352 3443 3403 in
3474 3365 3578 3417 me,
3610 3351 3671 3405 in
3699 3356 3850 3407 tene-

2140 3447 2249 3501 bris
2280 3460 2389 3500 non
2412 3449 2670 3502 maneat;
2700 3438 2841 3496 satis
2876 3438 3211 3495 manifestat
3240 3452 3445 3493 omnes
3475 3452 3536 3493 se
3580 3436 3638 3491 in
3692 3448 3851 3495 tene-

2138 3534 2257 3590 bris
2299 3533 2632 3589 invenisse:
2678 3528 2785 3584 sed
2831 3545 2899 3583 ne
2931 3528 2989 3583 in
3033 3527 3117 3583 eis
3159 3526 3410 3581 tenebris
3468 3530 3743 3580 maneant
3789 3527 3848 3581 in

2138 3624 2353 3696 quibus
2400 3620 2619 3676 inventi
2678 3623 2840 3685 sunt,
2899 3617 3112 3673 debent
3142 3614 3373 3672 credere
3403 3615 3460 3669 in
3502 3614 3690 3670 lucem
3722 3631 3849 3686 quas

2137 3712 2296 3768 venit
2325 3711 2381 3765 in
2419 3709 2729 3773 mundum,
2763 3707 2897 3778 quia
2929 3721 3030 3778 per
3054 3704 3213 3760 illam
3248 3703 3434 3760 lactus
3457 3708 3548 3759 est
3570 3705 3849 3759 mundus.

2208 3803 2261 3856 5.
2296 3803 2355 3855 Et
2386 3802 2435 3855 si
2466 3798 2590 3871 quis
2619 3798 2886 3865 audierit,
2920 3795 3133 3867 inquit,
3174 3795 3337 3852 verba
3364 3810 3510 3864 mea,
3540 3801 3594 3849 et
3624 3810 3731 3850 non
3751 3810 3848 3849 cu-

2138 3893 2414 3963 stodierit,
2444 3906 2538 3962 ego
2568 3906 2677 3945 non
2723 3888 2901 3959 judico
2931 3903 3081 3943 eum.
3116 3886 3459 3943 Mementote
3482 3902 3609 3957 quae
3625 3902 3725 3940 vos
3748 3903 3849 3940 au-

2138 3985 2291 4040 disse
2322 3984 2380 4038 in
2408 3979 2805 4053 superioribus
2847 3977 3191 4035 lectionibus
3239 3977 3368 4033 novi
3397 3994 3411 4045 ;
3461 3980 3517 4033 et
3555 3975 3655 4048 qui
3686 3975 3852 4031 obliti

2144 4073 2287 4130 forte
2316 4071 2478 4139 estis,
2510 4069 2773 4135 recolite;
2806 4073 2862 4124 et
2886 4066 2986 4140 qui
3006 4082 3122 4122 non
3152 4065 3444 4131 adfuistis,
3476 4066 3578 4121 sed
3611 4064 3848 4120 adestis.

2143 4161 2340 4217 audite
2372 4161 2663 4232 quomodo
2714 4158 2855 4213 dicit
2905 4155 3106 4226 Filius,
3157 4156 3263 4225 Ego
3296 4170 3407 4210 non
3428 4154 3628 4225 judico
3676 4168 3850 4215 eum;

2143 4267 2273 4307 cum
2306 4251 2463 4306 dicat
2494 4249 2607 4303 alio
2649 4248 2793 4313 loco,
2826 4249 2991 4302 Pater
3009 4260 3119 4300 non
3137 4244 3357 4313 judicat
3386 4259 3731 4315 quemquam,
3761 4244 3851 4300 sed

2139 4355 2300 4396 omne
2319 4337 2592 4409 judicium
2621 4335 2771 4392 dedit
2793 4335 2933 4390 Filio
2955 4334 3136 4404 (toan.
3160 4348 3212 4399 v,
3244 4333 3336 4404 22)
3370 4352 3387 4386 :
3419 4332 3529 4387 nisi
3581 4332 3719 4403 quia
3768 4333 3853 4388 in-

2141 4427 2521 4499 telligendum
2554 4431 2661 4492 est,
2713 4424 2882 4480 Modo
2916 4439 3024 4479 non
3073 4422 3274 4493 judico
3317 4437 3474 4478 eum.
3508 4423 3695 4487 Quare
3735 4440 3852 4479 non

2132 4517 2362 4588 judicat
2404 4515 2576 4571 modo
2606 4515 2633 4569 ‘I
2674 4513 2916 4570 Attende
2964 4511 3105 4584 quid
3162 4510 3473 4583 sequitur:
3526 4511 3642 4568 Non
3701 4515 3850 4568 enim

2142 4605 2286 4676 veni,
2319 4605 2530 4677 inquit,
2574 4610 2634 4660 ut
2681 4603 2917 4670 iudicem
2968 4600 3256 4670 mundum,
3304 4599 3399 4656 sed
3444 4604 3504 4656 ut
3556 4602 3852 4672 salviﬁcem

2140 4694 2447 4751 mundum:
2494 4693 2552 4749 id
2598 4698 2683 4749 est
2732 4697 2795 4748 ut
2824 4691 3047 4749 salvum
3098 4690 3306 4747 iaciam
3337 4691 3641 4746 mundum.
3671 4695 3850 4749 .Nunc

2142 4800 2277 4857 ergo
2309 4789 2397 4840 est
2416 4788 2647 4854 tempus
2672 4780 3099 4847 misericordia,
3125 4786 3255 4851 post
3273 4781 3379 4837 erit
3405 4781 3607 4851 judicii
3644 4796 3656 4835 :
3690 4782 3849 4851 quia,

2141 4874 2596 4936 Misericordiam.
2633 4873 2844 4945 inquit,
2876 4878 2926 4929 et
2966 4870 3236 4941 judicium
3280 4870 3509 4927 cantabo
3565 4870 3684 4939 tibi,
3744 4870 3850 4925 Do-

2142 4966 2292 5023 mine
2321 4966 2493 5038 (Psal.
2528 4982 2581 5036 c,
2626 4967 2698 5035 1).

2210 5057 2266 5111 6.
2300 5056 2412 5112 Sed
2443 5056 2511 5111 de
2542 5057 2665 5127 ipso
2697 5056 2873 5111 etiam
2918 5054 3115 5109 futuro
3163 5050 3477 5109 novissimo
3520 5048 3741 5120 judicio
3763 5048 3848 5104 vi-

2143 5144 2274 5200 dete
2304 5145 2440 5216 quid
2473 5144 2621 5200 dicat
2652 5160 2666 5200 :
2697 5144 2801 5211 Qui
2838 5143 3051 5213 spernit
3090 5157 3176 5196 me
3207 5146 3262 5195 et
3294 5153 3402 5193 non
3452 5138 3649 5208 accipit
3686 5137 3848 5193 verba

2140 5251 2281 5301 mea,
2306 5235 2465 5291 habet
2489 5237 2584 5306 qui
2605 5233 2810 5302 iudicet
2865 5248 3028 5288 eum:
3057 5244 3233 5287 sermo
3260 5244 3417 5301 quem
3465 5228 3675 5284 locutus
3702 5244 3847 5294 sum,

2141 5324 2235 5379 ille
2262 5323 2528 5392 iudicabit
2548 5340 2674 5379 eum
2705 5326 2763 5378 in
2793 5318 3087 5377 novissimo
3117 5318 3224 5374 die.
3260 5317 3383 5374 Non
3410 5317 3511 5385 ait,
3543 5317 3651 5383 Qui
3683 5334 3844 5391 sper-

2143 5412 2228 5468 nit
2261 5428 2373 5481 me,
2404 5420 2451 5467 el
2487 5429 2603 5468 non
2628 5409 2836 5482 accipit
2866 5409 3038 5464 verba
3056 5421 3206 5477 mea,
3228 5423 3330 5477 ego
3353 5423 3466 5463 non
3494 5407 3689 5475 judico
3711 5424 3847 5466 eum

2143 5503 2202 5557 in
2261 5500 2578 5557 novissimo
2634 5501 2745 5556 die.
2783 5499 2899 5555 Hoc
2948 5496 3105 5553 enim
3138 5497 3187 5553 si
3234 5497 3497 5564 dixisset,
3531 5514 3647 5553 non
3679 5498 3846 5555 video

2141 5592 2429 5667 quomodo
2459 5595 2656 5665 posset
2704 5609 2819 5651 non
2863 5605 2993 5647 esse
3025 5590 3382 5648 contrarium
3413 5588 3494 5645 illi
3545 5586 3844 5648 sententiae
