4148 6190
295 287 451 346 1783

290 419 388 476 ubi
421 419 519 489 ait,
553 421 715 475 Pater
771 434 879 475 non
927 417 1137 486 iudicat
1166 432 1510 489 quemquam,
1542 419 1631 475 sed
1658 434 1817 474 omne
1834 417 1990 491 judi-

288 513 429 566 cium
457 509 607 565 dedit
648 511 804 567 Filio.
850 509 993 565 Cum
1040 523 1173 563 vero
1223 507 1388 573 dixit,
1421 510 1527 577 Qui
1572 509 1783 581 spernit
1804 524 1910 573 me,
1939 514 1995 563 et

288 616 396 655 non
429 600 626 671 accipit
656 601 819 656 verba
848 614 996 664 mea,
1027 597 1188 653 habet
1210 600 1304 669 qui
1325 597 1537 669 judicet
1558 614 1725 665 eum;
1755 610 1995 668 exspec-

291 689 549 745 tantibus
580 694 774 745 autem
808 688 1082 760 quisnam
1116 686 1211 742 ille
1232 692 1407 755 esset,
1441 691 1676 743 secutus
1707 686 1992 757 adjunxit,

292 780 475 835 Sermo
506 796 667 851 quem
689 780 899 834 locutus
927 794 1068 845 sum,
1100 777 1196 832 itte
1238 775 1509 847 iudicabit
1552 793 1678 832 eum
1707 779 1766 831 in
1812 777 1990 831 novis.

286 872 426 925 sima
445 870 561 925 die:
589 869 730 925 satis
754 868 1149 924 manifestavit
1197 866 1575 938 semetipsum
1603 867 1993 937 iudicaturum

290 960 348 1014 in
380 960 693 1016 novissimo
728 959 836 1014 die.
874 959 1140 1029 Seipsum
1192 955 1408 1028 quippe
1439 955 1663 1012 locutus
1702 959 1807 1021 est,
1840 955 1995 1026 seip-

287 1065 419 1103 sum
471 1049 861 1114 annuntiavit,
904 1047 1163 1118 seipsum
1202 1048 1448 1117 januam
1483 1046 1693 1117 posuit,
1726 1062 1843 1116 qua
1875 1045 1995 1115 ipse

285 1138 355 1192 ad
376 1153 511 1192 oves
535 1142 732 1207 pastor
752 1138 1013 1192 intraret.
1040 1136 1224 1191 Aliter
1244 1135 1876 1206 itaquejudicabuntur
1892 1133 1991 1203 qui

280 1242 396 1282 non
440 1227 773 1294 audierunt,
817 1227 988 1282 aliter
1036 1225 1141 1295 qui
1190 1224 1501 1279 audierunt
1544 1232 1597 1279 et
1628 1229 1993 1291 contempse-

281 1320 433 1369 runt.
470 1317 578 1384 Qui
606 1319 753 1370 enim
780 1316 901 1370 sine
941 1318 1074 1384 Lege
1118 1322 1497 1384 peccaverunt,
1548 1312 1628 1367 ait
1655 1312 1991 1383 Apostolus,

278 1404 399 1457 sine
422 1404 550 1473 Lege
607 1411 657 1457 et
681 1402 940 1473 peribunt
972 1417 991 1457 :
1021 1408 1070 1455 et
1103 1402 1199 1471 qui
1228 1403 1285 1455 in
1316 1402 1449 1470 Lege
1486 1407 1865 1471 peccaverunt,
1894 1415 1993 1470 per

284 1493 473 1563 Legem
503 1491 907 1561 judicabuntur
929 1492 1106 1562 (Rom.
1149 1507 1207 1557 ιι,
1244 1491 1349 1555 12).

349 1590 402 1643 7.
440 1591 587 1656 Quia
634 1605 747 1659 ego,
794 1588 1007 1661 inquit,
1057 1605 1125 1643 ex
1170 1588 1380 1658 meipso
1437 1603 1544 1643 non
1574 1604 1696 1642 sum
1754 1587 1986 1642 locutus.

281 1679 413 1731 Ideo
447 1693 507 1732 se
534 1678 673 1733 dicit
703 1694 817 1734 non
850 1677 1106 1733 locutum
1139 1693 1207 1732 ex
1248 1677 1458 1748 seipso,
1490 1678 1626 1748 quia
1652 1693 1765 1733 non
1811 1683 1893 1730 est
1922 1691 1990 1731 ex

284 1768 495 1837 seipso.
515 1768 644 1822 Jam
678 1766 785 1823 hoc
816 1783 967 1839 saepe
988 1767 1247 1823 diximus
1271 1767 1426 1835 ;jam
1448 1765 1555 1820 hoc
1587 1771 1865 1837 tanquam
1886 1783 1986 1821 no-

280 1858 575 1913 tissimum
631 1874 744 1912 non
792 1858 997 1913 docere
1044 1857 1141 1911 sed
1193 1858 1504 1911 admonere
1550 1856 1845 1911 debemus.
1888 1855 1989 1912 Sed

280 1947 379 2016 qui
410 1948 558 2002 misit
598 1962 682 2002 me
712 1948 895 2011 Pater,
930 1948 1041 2016 ipse
1063 1946 1203 2001 mihi
1232 1945 1550 1999 mandatum
1580 1945 1724 1999 dedit
1754 1947 1887 2015 quid
1906 1946 1988 2001 di-

275 2050 396 2088 cam
425 2045 475 2089 et
506 2036 641 2106 quid
680 2035 1037 2106 toquar.Non
1064 2035 1479 2099 laboraremus,
1514 2035 1562 2088 ei
1599 2050 1729 2088 cum
1764 2034 1848 2089 eis
1881 2050 1987 2089 nos

280 2122 435 2194 loqui
468 2125 778 2191 sciremus,
810 2139 946 2181 cum
980 2123 1192 2194 quibus
1223 2121 1519 2193 superiora
1550 2122 1725 2177 locuti
1757 2138 1984 2193 sumus,

276 2217 331 2266 et
361 2229 491 2267 cum
524 2213 609 2268 eis
640 2213 786 2284 ipsis
818 2229 931 2269 non
963 2212 1375 2280 omnibus,sed
1399 2228 1526 2283 qua;
1550 2212 1855 2268 audierunt
1873 2228 1985 2268 me-

278 2302 463 2357 moria
493 2302 914 2357 retinentibus:
953 2318 1108 2358 nunc
1160 2316 1294 2357 vero
1327 2301 1466 2372 quia
1514 2302 1758 2357 fortasse
1807 2301 1987 2373 aliqui

278 2393 491 2448 adsunt
538 2394 638 2465 qui
687 2410 801 2449 non
846 2392 1174 2460 audierunt,
1212 2391 1414 2462 eisque
1463 2395 1604 2446 sunt
1632 2390 1856 2446 similes
1887 2393 1987 2461 qui

278 2483 441 2538 obliti
476 2488 614 2538 sunt
641 2485 791 2554 quod
844 2482 1178 2545 audierunt,
1231 2486 1465 2553 propter
1510 2480 1641 2535 illos
1702 2482 1991 2551 perferant

283 2588 472 2628 moras
524 2577 749 2628 nostras
798 2573 897 2642 qui
948 2572 1147 2626 audita
1206 2571 1619 2627 meminerunt.
1686 2571 1989 2633 Quomodo

281 2662 380 2714 dat
414 2662 755 2716 mandatum
789 2660 955 2715 Pater
986 2659 1154 2715 unico
1179 2659 1322 2713 Filio
1344 2661 1372 2712 ?
1399 2660 1521 2722 Quo
1543 2658 1991 2730 verboloquitur

281 2750 491 2818 Verbo,
541 2767 672 2806 cum
725 2751 803 2806 sit
849 2750 975 2820 ipse
1036 2749 1218 2804 Filius
1271 2749 1632 2820 unigenitum
1682 2749 1992 2805 Verbum?

282 2838 576 2910 Numquid
631 2856 731 2911 per
762 2839 1056 2910 angelum,
1097 2853 1229 2893 cum
1291 2854 1390 2909 per
1418 2838 1614 2909 ipsum
1662 2840 1835 2894 creati
1871 2840 1990 2895 sint

281 2926 527 2997 Angeli?
547 2926 843 2998 Numquid
872 2942 973 2996 per
996 2928 1250 2980 nubem:
1278 2941 1405 2996 qua
1428 2926 1665 2997 quando
1696 2927 1897 2982 sonuit
1917 2929 1987 2981 ad

288 3015 520 3082 Filium,
554 3032 666 3070 non
713 3024 945 3086 propter
987 3015 1182 3086 ipsum
1216 3014 1428 3082 sonuit,
1477 3015 1628 3086 quod
1682 3015 1817 3072 alibi
1852 3004 1992 3071 dicit

285 3103 459 3159 etiam
493 3105 654 3175 ipse;
690 3106 786 3160 sed
820 3109 1058 3176 propter
1087 3104 1233 3161 alios
1264 3120 1407 3175 quos
1436 3105 1737 3173 Oportebat
1764 3105 1848 3161 ita
1882 3122 1990 3161 au-

285 3190 411 3247 dire
432 3193 459 3246 ?
487 3193 785 3265 Numquid
818 3210 917 3264 per
964 3209 1173 3249 sonum
1209 3192 1381 3248 labiis
1411 3192 1719 3263 emissum,
1751 3194 1852 3264 qui
1876 3210 1989 3249 non

281 3281 457 3337 habet
486 3298 733 3353 corpus;
769 3299 871 3338 nec
902 3282 1097 3352 aliquo
1130 3282 1383 3338 locorum
1418 3281 1720 3337 intervallo
1752 3282 1931 3338 Filius
1959 3300 1991 3337 a

280 3368 445 3423 Patre
475 3372 798 3439 separatur,
851 3372 915 3423 ut
961 3368 1035 3423 sit
1067 3368 1221 3423 inter
1272 3368 1400 3422 illos
1447 3384 1548 3423 aer
1596 3368 1842 3434 medius,
1874 3384 1991 3440 quo

277 3476 557 3531 percusso
587 3477 693 3517 vox
728 3461 823 3517 ﬁat
855 3464 913 3517 et
936 3461 992 3516 in
1027 3476 1227 3516 aurem
1273 3459 1461 3515 veniat
1492 3459 1520 3514 ‘t
1566 3460 1733 3515 Absit
1761 3464 1825 3515 ut
1854 3459 1992 3516 talia

275 3550 346 3605 de
380 3550 481 3607 illa
514 3551 857 3624 incorporea
877 3553 935 3605 et
956 3548 1233 3606 ineffabili
1253 3549 1584 3605 substantia
1602 3550 1990 3620 suspicemur.

278 3640 456 3696 Filius
486 3642 697 3697 unicus
720 3645 809 3696 est
839 3640 1087 3697 Verbum
1119 3639 1330 3705 Patris,
1363 3643 1420 3694 et
1449 3639 1745 3711 Sapientia
1770 3640 1987 3708 Patris;

282 3729 343 3783 in
374 3729 471 3784 illa
493 3735 634 3784 sunt
658 3730 851 3785 omnia
878 3729 1153 3784 mandata
1176 3728 1380 3785 Patris.
1403 3733 1597 3799 Neque
1627 3730 1783 3785 enim
1807 3728 1992 3785 Patris

287 3818 623 3870 mandatum
651 3816 829 3871 Filius
853 3816 1165 3887 aliquando
1188 3816 1496 3880 nesciebat,
1522 3821 1584 3871 ut
1603 3832 1733 3873 eum
1759 3832 1992 3873 necesse

284 3907 437 3957 esset
466 3918 534 3958 ex
563 3909 820 3973 tempore
842 3904 1055 3959 habere
1085 3905 1237 3974 quod
1261 3909 1430 3960 antea
1460 3921 1574 3960 non
1608 3905 1875 3961 habebat.
1910 3906 1993 3962 Ita

284 3991 442 4045 enim
478 4008 511 4046 a
541 3992 707 4046 Patre
737 3993 889 4061 quod
924 3992 1094 4047 habet
1141 3992 1378 4063 accepit,
1414 3998 1480 4048 ut
1511 3995 1800 4050 nascendo
1831 4011 1990 4051 acce-

282 4079 450 4149 perit,
484 4078 827 4151 dederitque
850 4079 932 4134 illi
958 4081 1270 4152 gignendo.
1297 4080 1440 4135 Nam
1460 4086 1516 4136 et
1543 4082 1656 4137 vita
1676 4086 1784 4149 est,
1817 4088 1875 4140 et
1895 4101 1994 4140 ac-

281 4168 432 4238 cepit
458 4167 632 4225 vitam
666 4169 864 4240 utique
887 4170 1200 4237 nascendo,
1233 4185 1348 4226 non
1374 4170 1534 4240 prius
1552 4170 1679 4226 sine
1700 4171 1815 4228 vita
1836 4173 1988 4229 exis-

278 4261 471 4316 tendo.
506 4260 650 4327 Quia
680 4264 737 4317 et
766 4263 935 4316 Pater
967 4260 1135 4316 habet
1165 4260 1364 4328 vitam,
1392 4265 1449 4315 et
1480 4261 1635 4333 quod
1667 4261 1840 4318 habet
1869 4268 1990 4319 est:

281 4366 386 4405 nec
408 4350 610 4422 accipit
632 4354 838 4418 tamen,
863 4351 1001 4421 quia
1022 4368 1135 4407 non
1158 4367 1225 4406 ex
1246 4349 1440 4422 aliquo
1462 4354 1570 4406 est.
1597 4350 1777 4407 Filius
1799 4357 1992 4409 autem

283 4440 507 4510 accepit
527 4439 728 4505 vitam,
752 4440 925 4495 dante
946 4443 1117 4495 Patre
1139 4457 1172 4495 a
1195 4454 1306 4510 quo
1333 4444 1421 4494 est
1445 4457 1458 4494 :
1483 4442 1541 4493 et
1564 4438 1690 4510 ipse
1713 4442 1863 4512 quod
1889 4441 1994 4497 ba—

286 4530 403 4595 bet,
436 4532 525 4583 est
552 4547 565 4598 ;
597 4529 770 4584 habet
790 4530 942 4584 enim
969 4530 1170 4597 vitam,
1195 4534 1251 4583 et
1273 4529 1510 4585 vitaest.
1536 4531 1728 4599 Ipsum
1754 4531 1889 4586 audi
1915 4532 1996 4587 lo-

287 4623 592 4687 quentem:
620 4619 768 4673 Sicut
789 4621 967 4684 habet,
994 4620 1204 4691 inquit,
1233 4625 1398 4675 Pater
1420 4623 1589 4675 vitam
1616 4624 1673 4675 in
1690 4625 2000 4693 semetipso,

285 4703 367 4759 sic
386 4704 530 4759 dedit
554 4710 604 4759 et
630 4706 765 4761 Filio
785 4707 957 4762 vitam
981 4709 1180 4762 habere
1201 4709 1263 4763 in
1294 4708 1583 4778 semetipso
1607 4711 1782 4776 (Joau.
1809 4728 1861 4777 ν,
1884 4711 1996 4782 26).

289 4794 577 4864 Numquid
594 4795 881 4861 existenti,
899 4805 1084 4853 etnon
1127 4797 1364 4853 babenti
1390 4799 1549 4853 dedit
1568 4797 1594 4851 ‘t
1613 4799 1722 4854 Sed
1754 4814 1821 4854 eo
1842 4799 2006 4855 dedit

288 4899 400 4952 quo
422 4884 643 4955 genuit,
668 4886 769 4954 qui
798 4884 971 4940 vitam
995 4886 1214 4956 genuit,
1250 4891 1308 4940 et
1344 4886 1463 4941 vita
1492 4888 1695 4958 genuit
1718 4888 1911 4944 vitam.
1935 4892 2005 4946 Et

284 4974 417 5042 quia
450 4989 645 5045 parem
678 4973 897 5045 genuit,
958 4990 1074 5029 non
1125 4974 1404 5044 imparem
1448 4975 1630 5030 vitam
1679 4999 1694 5043 ;
1738 4977 1869 5032 ideo
1915 4979 2004 5033 di-

283 5068 441 5119 ctum
474 5067 582 5131 est,
617 5062 772 5119 Sicut
792 5063 952 5119 habet
986 5064 1109 5131 ipse
1138 5062 1312 5118 vitam
1346 5066 1405 5117 in
1437 5066 1741 5134 semetipso,
1762 5065 1843 5121 sic
1858 5066 2009 5123 dedit

286 5159 340 5207 et
362 5152 505 5210 Filio
534 5155 702 5210 vitam
735 5153 935 5209 habere
962 5154 1024 5209 in
1072 5156 1378 5224 semetipso.
1410 5152 1606 5209 Vitam
1649 5154 1827 5223 dedit,
1868 5157 2009 5227 quia

292 5242 580 5313 gignendo
611 5245 814 5311 vitam,
849 5246 990 5317 quid
1025 5245 1203 5306 dedit,
1237 5245 1347 5300 nisi
1379 5260 1505 5301 esse
1533 5246 1709 5301 vitam
1730 5246 1758 5300 ?
1787 5251 1852 5303 Et
1872 5248 2011 5320 quia

297 5334 508 5387 aeterna
528 5336 754 5405 estipsa
779 5336 1070 5403 nativitas,
1098 5352 1398 5407 nunquam
1426 5352 1539 5392 non
1569 5336 1675 5391 fuit
1698 5336 1878 5393 Filius
1910 5338 2010 5410 qui

300 5424 385 5471 est
415 5420 551 5486 vita,
580 5436 879 5495 nunquam
922 5424 1029 5480 fuit
1060 5426 1241 5481 Filius
1289 5426 1413 5482 sine
1458 5424 1575 5481 vita
1607 5442 1621 5493 ;
1655 5428 1712 5481 et
1748 5426 1897 5483 sicut
1925 5436 2012 5485 est

302 5506 571 5563 nativitas
602 5514 833 5578 aeterna,
880 5515 963 5570 sic
1010 5520 1101 5572 est
1146 5515 1245 5588 qui
1286 5521 1457 5572 natus
1504 5519 1594 5572 est
1622 5516 1736 5571 vita
1777 5520 2009 5573 aeterna.

304 5600 390 5653 Ita
420 5600 477 5653 et
510 5599 848 5657 mandatum
873 5620 987 5659 non
1007 5608 1156 5675 quod
1194 5604 1370 5663 Filius
1398 5622 1515 5663 non
1537 5606 1805 5675 habebat,
1846 5607 2014 5666 Pater

1248 283 1329 343 IN
1374 283 1694 345 JOANNIS
1738 281 2280 355 EVANGELIUM,
2326 282 2393 343 S.
2438 280 2857 343 AUGUSTINI

3656 284 3809 346 1784

2106 417 2296 483 dedit;
2335 418 2457 484 sed,
2491 417 2645 473 sicut
2678 417 2817 483 dixi,
2867 417 2927 472 in
2977 418 3271 491 Sapientia
3301 419 3510 486 Patris,
3542 421 3690 493 quod
3724 427 3815 476 est

2104 507 2356 563 Verbum
2402 508 2603 575 Patris,
2634 508 2829 563 omnia
2860 508 3134 566 mandata
3180 513 3317 565 sunt
3346 510 3553 566 Patris.
3588 510 3814 567 Dicitur

2104 600 2295 652 autem
2330 598 2667 653 mandatum
2700 598 2920 663 datum,
2955 597 3094 669 quia
3144 615 3261 655 non
3310 604 3400 655 est
3430 617 3464 655 a
3493 600 3687 672 seipso
3716 602 3811 656 cui

2105 684 2315 741 dicitur
2344 686 2540 742 datum
2568 703 2581 743 :
2625 690 2679 743 et
2710 686 2817 742 hoc
2848 692 2937 742 est
2983 689 3121 743 dare
3153 686 3293 743 Filio
3330 688 3454 744 sine
3484 704 3599 760 quo
3654 706 3807 745 nun-

2104 792 2280 847 quam
2339 776 2516 832 Filius
2564 778 2686 843 fuit,
2747 778 2897 849 quod
2965 782 3054 833 est
3124 777 3363 850 gignere
3431 778 3639 835 Filium
3706 782 3806 852 qui

2103 882 2401 937 nunquam
2431 882 2544 921 non
2589 867 2714 922 fuit.

2173 959 2225 1011 8.
2256 955 2527 1026 Sequitur
2556 961 2753 1011 autem
2779 973 2791 1012 :
2826 959 2890 1012 Et
2913 958 3022 1013 scio
3051 959 3184 1028 quia
3213 958 3538 1014 mandatum
3563 959 3680 1027 eius
3698 962 3813 1015 vita

2102 1054 2307 1100 aeterna
2335 1048 2428 1101 est.
2464 1046 2521 1101 Si
2554 1061 2690 1116 ergo
2722 1044 2836 1100 vita
2862 1051 3073 1102 reterns
3104 1054 3189 1103 est
3219 1048 3344 1119 ipse
3373 1046 3577 1115 Filius,
3605 1051 3661 1103 et
3695 1048 3810 1105 vita

2104 1140 2313 1191 interna
2345 1139 2433 1189 est
2462 1134 2801 1190 mandatum
2834 1134 3053 1203 Patris,
3088 1135 3223 1206 quid
3256 1135 3416 1191 aliud
3447 1138 3665 1193 dictum
3697 1143 3810 1207 est,

2104 1240 2301 1295 quam,
2336 1226 2449 1297 Ego
2472 1242 2602 1281 sum
2629 1226 2963 1281 mandatum
2990 1227 3214 1283 Patris?
3239 1228 3485 1283 Proinde
3506 1236 3557 1283 et
3579 1229 3635 1283 id
3654 1231 3809 1300 quod

2101 1316 2384 1387 adjungit,
2410 1322 2463 1371 et
2517 1317 2673 1385 dicit,
2724 1318 2851 1385 Qum
2888 1332 2984 1388 ego
3028 1318 3242 1389 loquor.
3290 1318 3434 1374 sicut
3481 1319 3629 1375 dixit
3673 1321 3815 1375 mihi

2104 1408 2287 1469 Pater,
2311 1404 2392 1460 sic
2418 1406 2613 1476 loquor
2640 1422 2659 1462 .’
2686 1422 2797 1460 non
2830 1406 3205 1476 accipiamus,
3249 1406 3403 1462 dixit
3433 1407 3592 1475 mihi,
3639 1410 3809 1479 quasi

2100 1495 2268 1550 Pater
2314 1495 2488 1549 verba
2538 1493 2771 1551 locutus
2817 1496 2895 1551 sit
2925 1495 3094 1552 unico
3136 1495 3340 1563 Verbo,
3380 1502 3482 1552 aut
3509 1502 3672 1569 egeat
3712 1498 3809 1553 Dei

2098 1584 2291 1640 verbis
2314 1584 2415 1639 Dei
2446 1582 2721 1639 Verbbm.
2747 1584 2903 1640 Dixit
2922 1601 3057 1656 ergo
3082 1586 3252 1641 Pater
3275 1585 3440 1653 Filio,
3478 1586 3632 1643 sicut
3651 1587 3814 1643 dedit

2102 1673 2280 1729 vitam
2311 1672 2486 1728 Filio:
2522 1690 2635 1728 non
2668 1676 2817 1744 quod
2845 1673 3135 1730 nesciebat
3153 1676 3238 1730 vel
3272 1690 3383 1732 non
3410 1675 3683 1742 habebat,
3708 1676 3811 1731 sed

2100 1762 2254 1834 quod
2280 1763 2403 1833 ipse
2427 1762 2604 1817 Filius
2624 1768 2767 1818 erat.
2793 1763 2936 1828 Quid
2961 1768 3052 1818 est
3074 1767 3289 1831 autem,
3310 1768 3449 1821 sicut
3470 1766 3627 1821 dixit
3643 1765 3811 1829 mihi,

2098 1851 2407 1922 sicloquor,
2433 1852 2568 1923 nisi,
2593 1851 2802 1909 Verum
2832 1852 3073 1923 loquor‘
3116 1853 3141 1906 Τ
3180 1857 3259 1909 Ita
3302 1854 3395 1909 ille
3439 1855 3583 1911 dixit
3622 1862 3686 1912 ut
3721 1876 3810 1915 ve-

2100 1957 2220 2005 rax.
2262 1941 2473 1997 itaista
2525 1941 2783 2011 loquitur
2811 1948 2876 1998 ut
2904 1944 3133 1999 veritas.
3160 1944 3340 2000 Verax
3385 1953 3574 2001 autem
3607 1950 3813 2018 genuit

2098 2032 2421 2087 veritatem.
2454 2031 2599 2095 Quid
2631 2047 2768 2102 ergo
2794 2033 2911 2101 jam
2936 2034 3157 2089 diceret
3191 2034 3454 2089 veritati!
3500 2040 3617 2091 Non
3648 2039 3807 2093 enim

2098 2119 2431 2190 imperfecta
2460 2128 2577 2176 erat
2606 2122 2835 2186 veritas,
2864 2122 2958 2176 cui
2995 2137 3189 2177 verum
3221 2121 3439 2193 aliquid
3473 2126 3806 2183 adderetur.

2098 2208 2249 2264 Dixit
2282 2224 2419 2280 ergo
2449 2210 2694 2275 veritati,
2726 2211 2861 2281 quia
2892 2210 3088 2281 genuit
3118 2204 3438 2268 veritatem.
3474 2213 3644 2270 Porro
3677 2216 3812 2287 ipsa

2099 2297 2307 2352 veritas
2337 2298 2420 2353 sic
2452 2296 2729 2368 loquitur,
2754 2302 2817 2352 ut
2837 2298 2886 2352 ei
2905 2297 3128 2354 dictum
3146 2304 3268 2355 est:
3302 2300 3405 2356 sed
3426 2301 3808 2373 intelligenti-

2098 2386 2230 2451 bus,
2264 2404 2411 2458 quos
2442 2389 2607 2443 docet
2637 2393 2700 2443 ut
2732 2393 2867 2445 nata
2896 2394 3003 2445 est.
3037 2389 3111 2445 Ut
3149 2394 3341 2447 autem
3374 2394 3677 2449 crederent
3706 2396 3809 2450 ho-

2100 2475 2287 2533 mines
2316 2477 2467 2547 quod
2502 2476 2821 2547 intelligere
2853 2479 3114 2534 nondum
3146 2480 3359 2547 valent,
3392 2498 3462 2537 ex
3493 2499 3593 2538 ore
3615 2484 3813 2540 carnis

2101 2569 2275 2627 verba
2297 2571 2636 2631 sonuerunt,
2662 2572 2719 2620 et
2739 2566 3008 2623 abierunt
3033 2586 3046 2635 ;
3072 2570 3500 2627 transvolantes
3518 2573 3644 2628 soni
3671 2577 3816 2629 stre-

2100 2660 2374 2731 puerunt,
2407 2656 2655 2726 peractis
2674 2656 2919 2711 morulis
2938 2660 3263 2728 temporum
3287 2674 3561 2715 suorum:
3599 2665 3697 2716 sed
3722 2679 3813 2718 res

2097 2747 2235 2820 ipsa
2266 2761 2515 2816 quarum
2548 2744 2717 2815 signa
2746 2753 2885 2800 sunt
2912 2746 3062 2811 soni,
3092 2747 3347 2818 trajecta
3378 2750 3810 2820 quodammodo

2100 2839 2157 2912 in
2187 2851 2386 2891 eorum
2422 2835 2760 2889 memoriam
2783 2834 2883 2906 qui
2911 2835 3244 2903 audierunt,
3268 2836 3442 2894 etiam
3473 2839 3542 2894 ad
3576 2855 3679 2895 nos
3702 2857 3802 2912 per

2101 2911 2320 2980 litteras
2344 2939 2468 2995 qua!
2482 2923 2733 2979 visibilis
2755 2924 2926 2995 signa
2955 2928 3113 2992 sunt,
3140 2931 3544 2996 pervenerunt.
3578 2911 3713 2984 Non
3723 2931 3810 2985 sic

2102 3012 2579 3084 loquiturveritas
2602 3028 2615 3066 :
2645 3011 3108 3083 intelligentibus
3129 3014 3811 3089 mentibusintusloqui-

2100 3107 2217 3170 tur,
2249 3101 2376 3156 sine
2395 3116 2537 3157 sono
2556 3100 2811 3166 instruit,
2828 3100 3179 3173 intelligibili
3205 3102 3335 3159 luce
3357 3105 3677 3176 perfundit.
3701 3107 3817 3171 Qui

2100 3208 2237 3263 ergo
2266 3194 2451 3263 potest
2481 3192 2537 3244 in
2570 3206 2639 3245 ea
2655 3190 2847 3246 videre
2877 3198 2898 3231 ³
2924 3191 3236 3247 nativitatis
3254 3193 3380 3262 ejus
3405 3196 3813 3264 aeternitatem,

2101 3282 2225 3352 ipse
2256 3280 2412 3336 illam
2456 3280 2537 3334 sic
2595 3279 2759 3335 audit
2793 3280 3149 3349 loquentem,
3199 3281 3345 3338 sicut
3377 3282 3429 3338 ei
3471 3284 3617 3340 dixit
3646 3290 3818 3343 Pater

2101 3372 2250 3443 quod
2283 3370 2638 3442 loqueretur.
2674 3370 2951 3425 Excitavit
2996 3387 3098 3426 nos
3153 3373 3223 3427 ad
3256 3388 3533 3445 magnum
3584 3376 3812 3432 deside-

2103 3461 2255 3517 rium
2285 3459 2581 3515 interioris
2610 3459 2938 3515 dulcedinis
2982 3476 3099 3517 sua
3125 3477 3137 3515 :
3170 3461 3270 3517 sed
3303 3465 3617 3520 crescendo
3642 3468 3817 3538 capi-

2103 3567 2257 3619 mus,
2283 3549 2638 3606 ambulando
2651 3550 2991 3620 crescimus,
3010 3551 3362 3622 proﬁciendo
3380 3553 3756 3613 ambulamus
3771 3559 3812 3624 ³,

2102 3647 2165 3697 ut
2194 3641 2490 3713 pervenire
2522 3641 2836 3712 possimus.

2666 3765 3096 3824 TBACTATUS
3129 3768 3241 3827 LV.

2102 3888 2191 3943 Ab
2221 3902 2280 3945 eo
2314 3885 2456 3954 loco,
2490 3888 2633 3941 Ante
2658 3884 2811 3942 diem
2854 3886 3061 3942 festum
3095 3886 3346 3954 Paschae,
3401 3888 3592 3944 sciens
3640 3891 3816 3946 Jesus

2176 3978 2314 4048 quia
2344 3976 2499 4032 venit
2530 3974 2667 4031 hora
2698 3974 2862 4044 eius;
2896 3990 3067 4047 usque
3112 3977 3181 4032 ad
3204 3976 3281 4045 id,
3314 3978 3384 4033 Et
3411 3978 3587 4051 cmpit
3618 3979 3812 4035 lavare

2178 4067 2351 4137 pedes
2399 4063 2845 4133 discipulorum,
2877 4067 2935 4121 et
2991 4068 3283 4136 extergere
3323 4065 3499 4123 linteo
3547 4085 3664 4140 quo
3696 4073 3821 4124 erat

2179 4155 2540 4227 praecinctus.
2576 4155 2704 4223 Cap.
2738 4169 2862 4221 xm,
2904 4154 2957 4223 ἲ.
2995 4154 3110 4209 1-5.

2177 4282 2227 4337 1.
2259 4283 2432 4336 Οωιιιι
2482 4277 2699 4333 Domini
2748 4279 3073 4335 secundum
3134 4281 3446 4350 Joannem,
3498 4284 3822 4356 adjuvante

2105 4372 2255 4442 ipso,
2287 4368 2498 4425 debitis
2524 4373 2612 4423 est
2659 4368 2999 4440 explicanda
3045 4371 3407 4437 tractatibus,
3444 4377 3501 4429 et
3543 4379 3607 4429 ut
3648 4378 3824 4434 nobis

2108 4477 2277 4535 posse
2309 4457 2630 4525 donaverit,
2648 4458 3034 4529 explananda.
3062 4460 3198 4516 Ante
3227 4460 3381 4518 diem
3400 4471 3587 4520 autem
3605 4467 3823 4534 festum

2109 4551 2349 4615 Pascha,
2380 4549 2553 4603 sciens
2581 4548 2729 4603 Iesus
2758 4562 2886 4618 quia
2909 4549 3052 4603 venit
3081 4548 3215 4604 hora
3241 4551 3357 4616 eius
3385 4558 3449 4607 ut
3480 4558 3723 4610 transeat
3744 4571 3825 4610 ex

2110 4641 2207 4697 hoc
2234 4639 2436 4694 mundo
2465 4637 2535 4691 ad
2565 4639 2804 4705 Patrem,
2835 4654 2958 4693 cum
2986 4638 3264 4696 dilexisset
3293 4657 3419 4697 suos
3441 4645 3537 4714 qui
3566 4649 3736 4699 erant
3761 4647 3825 4701 in

2110 4728 2338 4799 mundo,
2367 4727 2429 4782 in
2458 4731 2620 4796 finem
2649 4728 2843 4783 dilexit
2863 4743 2974 4784 eos.
3011 4727 3248 4798 Pascha,
3275 4729 3506 4797 fratres,
3528 4749 3643 4788 non
3667 4734 3827 4790 sicut

2114 4818 2352 4893 quidam
2373 4815 2733 4883 existimant,
2749 4831 2998 4887 gracum
3016 4833 3227 4874 nomen
3246 4823 3353 4887 est,
3371 4822 3471 4877 sed
3489 4822 3775 4879 hebraum
3805 4837 3823 4877 :

2114 4905 2607 4980 opportunissime
2631 4910 2825 4961 tamen
2856 4907 3106 4962 occurrit
3129 4907 3189 4964 in
3248 4908 3355 4964 hoc
3388 4911 3620 4968 nomine
3663 4928 3831 4983 quu-

2115 4999 2249 5053 dam
2298 4998 2671 5066 congruentia
2703 5003 3079 5067 utrarumque
3104 4996 3459 5069 linguarum.
3493 5002 3636 5066 Quia
3665 5003 3827 5059 enim

2118 5086 2235 5159 pati
2270 5101 2451 5159 graece
2478 5083 2710 5158 πάσχειν
2735 5083 2968 5151 dicitur,
2994 5085 3121 5141 ideo
3156 5086 3377 5144 Pascha
3410 5091 3603 5159 passio
3622 5096 3833 5163 putata

2117 5181 2225 5245 est,
2258 5175 2415 5233 velut
2443 5175 2551 5231 boc
2581 5190 2790 5231 nomen
2822 5190 2855 5229 a
2894 5175 3164 5246 passione
3213 5176 3293 5233 sit
3334 5179 3693 5251 appellatum
3721 5200 3737 5241 :
3766 5185 3834 5242 in

2188 5367 2205 5431 ξ
2229 5360 2313 5431 §ic
2342 5361 2449 5431 duo
2477 5361 2635 5431 Mss._;
2673 5360 2848 5409 ceteri
2868 5358 3157 5431 _v_ero_n_t_i_n
3188 5360 3362 5431 editis,
3384 5373 3595 5431 ver-eum
3627 5365 3831 5431 loquor.

2186 5424 2207 5458 ²
2230 5425 2313 5473 Sic
2342 5422 2465 5471 Mss.
2500 5424 2567 5473 At
2595 5423 2743 5479 Lov.,
2778 5422 2981 5473 audire.
3006 5422 3144 5473 Editi
3174 5423 3283 5481 alii,
3309 5424 3533 5475 Credere.

2186 5489 2206 5521 ⁸
2226 5484 2382 5542 Editi,
2421 5485 2515 5533 sed
2557 5484 2811 5534 credendo
2851 5484 3103 5546 capimus.
3144 5486 3289 5545 Mss,
3318 5487 3407 5536 sed
3435 5493 3710 5540 crescendo
3732 5508 3751 5541 :
3778 5498 3833 5544 et

2125 5549 2363 5613 quinque
2397 5562 2455 5596 ex
2488 5547 2843 5615 bis‘optativo
2874 5548 3034 5598 modo
3082 5547 3303 5606 habent,
3352 5551 3681 5615 capiamus...
3716 5570 3832 5606 cre-

2124 5610 2381 5663 scamus...
2408 5610 2747 5661 ambulemus.
