4148 6190
257 286 410 347 1785

255 440 355 478 sua
387 438 520 478 vero
553 420 774 490 lingua,
807 420 914 474 hoc
945 424 1033 474 est
1064 421 1123 475 in
1156 421 1404 486 hebrzea,
1433 422 1655 477 Pascha
1687 421 1965 476 transitus

254 513 467 568 dicitur
499 529 511 565 ε
547 519 846 581 propterea
893 514 1032 566 tunc
1081 511 1337 581 primum
1390 511 1612 567 Pascha
1660 510 1966 566 celebravit

255 601 499 673 populus
531 600 652 666 Dei,
686 600 920 670 quando
969 615 1037 655 ex
1066 601 1304 671 tEgypto
1357 600 1666 669 fugientes,
1699 600 1960 655 Rubrum

255 707 406 745 mare
448 689 813 744 transierunt
843 687 1037 759 (Exod.
1087 705 1201 754 xiv,
1232 689 1344 760 29).
1383 689 1546 746 Nunc
1597 705 1730 761 ergo
1781 690 1966 759 figura

251 781 342 836 illa
361 778 701 851 prophetica
737 778 793 832 in
819 779 1056 833 veritate
1073 779 1362 849 completa
1381 788 1486 843 est,
1507 796 1639 834 cum
1667 779 1817 834 sicut
1846 779 1966 833 ovis

252 873 313 927 ad
348 868 787 924 immolandum
815 867 1052 922 ducitur
1071 869 1334 924 Christus
1363 867 1530 938 (lsai.
1559 884 1676 935 LIII,
1697 868 1775 938 7),
1799 868 1963 937 cujus

1447 283 1918 344 TRAC’I‘ATUS
1961 281 2080 340 LV.
2129 279 2391 341 CAPUT
2438 278 2594 338 XIII.

3631 275 3782 332 I786

2074 421 2231 489 ﬁnem
2265 419 2494 485 dilexit,
2522 418 2576 472 id
2611 420 2718 481 est,
2756 431 2933 485 usque
2965 416 3037 471 ad
3072 419 3311 470 mortem
3357 413 3520 467 illum
3555 411 3782 470 dilectio

2075 509 2198 579 ipsa
2229 509 2517 578 perduxit.

2143 601 2194 654 3.
2224 621 2251 650 «
2286 600 2354 654 Et
2383 616 2566 668 ccena,
2593 597 2885 670 ninquit,«
2905 597 3217 664 facta,cum
3249 594 3650 664 diabolusjam
3673 592 3780 647 mi-

2073 690 2247 747 sisset
2275 692 2332 746 in
2365 707 2483 754 cor.
2519 697 2582 747 ut
2612 692 2866 747 traderet
2883 705 3014 744 eum
3047 689 3228 744 Judas
3256 687 3507 742 Simonis
3541 687 3778 742 Iscario-

2073 783 2158 834 tes
2184 783 2199 814 ¹
2229 797 2241 834 :
2277 780 2465 835 sciens
2499 781 2637 852 quia
2667 779 2865 834 omnia
2897 779 3057 832 dedit
3088 777 3137 832 ei
3173 777 3337 832 Pater
3359 777 3417 831 in
3462 792 3695 840 manus,
3729 781 3784 830 et

2073 870 2206 939 quia
2237 887 2269 924 a
2302 869 2414 924 Deo
2446 871 2604 934 exiit,
2639 874 2695 924 et
2725 869 2794 923 ad
2828 869 3012 923 Deum
3037 867 3214 931 vadit,
3240 865 3428 937 surgit
3451 882 3484 919 a
3514 881 3695 929 omne,
3728 869 3785 920 et

251 958 537 1030 sanguine
584 956 750 1012 illitis
781 956 1048 1024 postibus
1081 956 1318 1022 nostris,
1352 957 1407 1009 id
1441 961 1544 1022 est,
1597 957 1764 1026 cujus
1797 956 1963 1026 signo

249 1050 437 1105 crucis
469 1046 717 1117 signatis
751 1044 1036 1100 frontibus
1081 1046 1315 1110 nostris,
1350 1062 1382 1100 a
1433 1045 1753 1116 perditione
1785 1046 1963 1114 hujus

246 1139 443 1196 seculi
477 1143 760 1206 tanquam
786 1153 817 1189 a
849 1135 1182 1206 captivitate
1212 1135 1301 1190 vel
1326 1135 1766 1206 interemptione
1790 1136 1965 1206 Egy-

259 1231 374 1302 ptia
407 1229 728 1283 liberamur
758 1225 954 1295 (Exod.
989 1242 1091 1291 xu,
1131 1228 1223 1294 23)
1257 1246 1271 1293 ;
1305 1229 1361 1280 et
1392 1225 1623 1295 agimus
1668 1225 1963 1279 saluberri-

247 1336 409 1375 mum
445 1316 789 1382 transitum,
821 1331 955 1370 cum
990 1333 1022 1369 a
1051 1315 1278 1370 diabolo
1329 1315 1650 1369 transimus
1693 1316 1761 1369 ad
1795 1313 1967 1368 Chri-

243 1413 429 1475 stum,
453 1409 512 1460 et
543 1405 615 1459 ad
665 1404 776 1459 isto
809 1403 1070 1459 instabili
1105 1403 1314 1460 aesculo
1345 1405 1414 1457 ad
1450 1404 1574 1472 ejus
1625 1403 1961 1458 fundatissi-

245 1512 403 1553 mum
441 1511 708 1565 regnum.
747 1493 873 1548 ideo
925 1493 1141 1564 quippe
1172 1494 1240 1547 ad
1294 1493 1477 1548 Deum
1526 1497 1962 1563 permanentem

241 1588 589 1654 transimus,
626 1600 697 1640 ne
747 1601 881 1640 cum
931 1586 1146 1639 mundo
1207 1587 1550 1640 transeunte
1585 1590 1962 1639 transeamus.

243 1682 316 1734 De
350 1679 462 1733 hac
495 1675 666 1731 nobis
696 1674 904 1729 collata
933 1674 1111 1746 gratia
1164 1678 1338 1730 Deum
1382 1674 1625 1729 laudans
1656 1675 1966 1743 Apostolus

241 1769 387 1823 dicit
422 1785 436 1821 :
470 1768 581 1835 Qui
600 1764 752 1820 eruit
779 1779 874 1819 nos
899 1764 966 1818 de
999 1769 1260 1834 potestate
1307 1764 1678 1829 tenebrarum,
1711 1773 1763 1817 et
1794 1770 1967 1819 trans-

239 1859 372 1912 tulit
406 1859 464 1910 in
497 1871 728 1922 regnum
764 1853 900 1908 Filii
926 1852 1217 1908 charitatis
1249 1869 1360 1908 sum
1385 1853 1605 1923 (Coloss.
1643 1870 1680 1922 ι,
1708 1853 1812 1921 13).
1847 1859 1966 1908 Hoc

241 1947 448 2017 itaque
483 1958 719 2008 nomen,
753 1943 810 1997 id
865 1947 974 2009 est,
1010 1942 1250 2004 Pascha,
1302 1942 1458 2012 quod
1491 1941 1689 2010 latine,
1723 1947 1785 1995 ut
1824 1942 1965 2010 dixi,

2075 959 2237 1026 ponit
2259 959 2602 1013 vestimenta
2625 973 2731 1012 sua
2755 962 2840 1023 ;et
2862 972 2991 1010 cum
3018 955 3338 1025 accepisset
3359 953 3625 1020 linteum,
3645 969 3778 1022 prae-

2073 1045 2250 1100 cinxit
2283 1064 2363 1102 se.
2397 1048 2612 1103 Deinde
2637 1048 2812 1102 mittit
2839 1062 3050 1118 aquam
3075 1047 3132 1101 in
3166 1043 3400 1116 pelvim,
3427 1043 3666 1111 etcoepit
3690 1043 3779 1096 la-

2073 1152 2205 1192 vare
2238 1139 2408 1205 pedes
2434 1136 2878 1205 discipulorum,
2903 1140 2959 1188 et
2999 1139 3290 1203 extergere
3311 1131 3488 1187 linteo
3520 1147 3634 1200 quo
3658 1135 3784 1184 erat

2077 1227 2438 1296 praecinctus.
2476 1248 2501 1275 ››
2548 1226 2672 1280 Non
2724 1226 2804 1280 ita
2853 1225 3134 1279 debemus
3185 1223 3516 1293 intelligere
3562 1237 3776 1276 caenam

2076 1317 2285 1372 factam
2317 1318 2491 1371 veluti
2517 1319 2639 1386 jam
2666 1321 3131 1372 consummatam
3146 1319 3318 1385 atque
3338 1317 3690 1369 transactam
3719 1312 3738 1346 ²
3767 1328 3779 1365 :

2074 1407 2262 1463 adhuc
2294 1407 2826 1470 enimcoenabatur,
2859 1422 2990 1460 cum
3016 1405 3297 1460 Dominus
3320 1405 3568 1458 surrexit
3597 1408 3653 1457 et
3684 1418 3781 1473 pe-

2074 1499 2176 1554 des
2209 1498 2344 1552 lavit
2402 1495 2700 1566 discipulis
2761 1497 2900 1551 suis.
2955 1496 3100 1550 Nam
3153 1499 3352 1564 postea
3382 1492 3668 1559 recubuit,
3727 1498 3781 1544 et

2076 1587 2396 1643 buccellam
2457 1603 2562 1641 suo
2594 1587 2856 1642 tradituri
2915 1594 3107 1655 postea
3156 1583 3334 1648 dedit,
3371 1585 3571 1653 utique
3618 1597 3783 1636 omne

2077 1678 2334 1731 nondum
2371 1676 2554 1744 ﬁnita,
2605 1677 2712 1730 hoc
2743 1680 2852 1743 est,
2891 1677 3030 1730 dum
3079 1674 3268 1728 adhuc
3302 1672 3466 1743 panis
3514 1675 3667 1726 esset
3723 1671 3780 1725 in

2078 1783 2294 1823 mensa.
2330 1769 2488 1822 Omna
2520 1783 2654 1838 ergo
2680 1772 2847 1836 facta,
2890 1767 3109 1821 dictum
3143 1768 3254 1832 est,
3280 1764 3405 1834 jam
3455 1765 3676 1833 parata,
3728 1765 3783 1814 et

2075 1858 2143 1911 ad
2178 1855 2606 1911 convivantium
2645 1873 2908 1911 mensam
2943 1872 3234 1926 usumque
3267 1854 3561 1924 perducta.

2149 1947 2200 2001 4.
2233 1949 2392 2013 Quod
2444 1952 2634 2002 autem
2687 1949 2782 2013 ait,
2820 1949 2950 2000 Cum
2983 1948 3238 2002 diabolus
3271 1947 3392 2016 jam
3438 1943 3674 1998 misisset
3724 1944 3781 1995 in

2074 2053 2183 2102 eor,
2219 2041 2276 2090 ut
2306 2037 2540 2091 traderet
2576 2053 2700 2091 eum
2734 2036 2897 2090 ludas
2929 2036 3166 2092 Simonis
3197 2035 3516 2096 Iscariotes;
3541 2033 3588 2086 si
3618 2049 3779 2103 quas-

2078 2127 2158 2182 ris
2180 2126 2316 2196 quid
2347 2126 2593 2181 missurn
2617 2127 2685 2180 sit
2708 2127 2767 2180 in
2793 2142 2892 2180 cor
2911 2126 3073 2181 Judae
3097 2141 3111 2180 :
3139 2125 3246 2180 hoc
3271 2125 3566 2194 utique,ut
3594 2124 3780 2178 trade-

2077 2219 2160 2270 ret
2179 2231 2324 2269 eum.
2348 2214 2549 2269 Missio
2583 2215 2711 2282 ista,
2747 2214 3063 2285 spiritualis
3094 2213 3388 2285 suggestio
3411 2215 3498 2266 est
3531 2228 3544 2266 :
3579 2229 3691 2267 non
3717 2213 3783 2267 fit

2081 2319 2182 2374 per
2211 2318 2430 2369 aurem,
2457 2303 2554 2358 sed
2586 2319 2686 2373 per
2708 2303 3119 2372 cogitationem
3148 2319 3161 2367 ;
3193 2318 3257 2355 ac
3280 2315 3378 2370 per
3400 2299 3507 2353 hoc
3529 2315 3641 2354 non
3667 2316 3780 2353 cor-

2080 2391 2374 2463 poraliter,
2407 2392 2508 2447 sed
2559 2391 2958 2462 spiritualiter.
3017 2390 3210 2461 Neque
3268 2389 3420 2444 enim
3481 2387 3782 2458 spirituale

2079 2481 2231 2552 quod
2266 2479 2495 2546 dicitur,
2530 2497 2758 2553 semper
2777 2482 2832 2536 in
2860 2481 3028 2536 laude
3057 2479 3462 2551 accipiendum
3486 2481 3593 2532 est.
3620 2477 3784 2530 Novit

2079 2569 2387 2641 Apostolus
2410 2572 2673 2640 quaedam
2706 2570 3034 2642 spiritualia
3056 2569 3324 2639 nequitia:
3353 2567 3412 2621 in
3431 2565 3784 2633 caelestibus,

2081 2660 2360 2716 adversus
2418 2677 2545 2731 quis
2604 2661 2770 2716 nobis
2817 2659 3288 2716 colluctationem
3362 2672 3484 2711 esse
3541 2659 3784 2710 testatur

2079 2749 2295 2820 (Ephes.
2325 2766 2402 2815 vr,
2439 2752 2573 2813 12):
2629 2768 2740 2806 non
2801 2754 2991 2806 autem
3041 2752 3240 2805 essent
3296 2746 3468 2802 etiam
3531 2745 3785 2816 maligna

2083 2837 2433 2909 spiritualia,
2467 2842 2516 2896 si
2549 2859 2662 2896 non
2697 2846 2889 2897 essent
2944 2840 3119 2895 etiam
3157 2836 3393 2907 maligni
3447 2834 3707 2905 spiritus.
3743 2837 3783 2889 A

2083 2930 2288 3000 spiritu
2325 2931 2472 2984 enim
2530 2930 2858 3000 spiritualia
2899 2929 3294 2984 nominantur.
3331 2927 3442 2982 Sed
3493 2925 3785 2996 quomodo

2085 3017 2197 3073 ista
2229 3021 2391 3086 ﬁant,
2429 3024 2491 3074 ut
2520 3019 2817 3075 diabolicae
2851 3017 3250 3089 suggestiones
3282 3015 3698 3077 immittuntur,
3731 3019 3788 3068 et

2087 3110 2361 3167 humanis
2393 3109 2845 3180 cogitationibus
2885 3109 3246 3173 misceantur,
3284 3111 3350 3161 ut
3379 3121 3476 3160 eas
3506 3110 3786 3176 tanquam

2087 3219 2224 3258 suas
2247 3203 2482 3274 deputet
2505 3200 2871 3258 homo.unde
2893 3198 3002 3253 scit
3023 3196 3237 3253 homo?
3266 3196 3380 3251 Nec
3397 3195 3785 3251 dubitandum

2086 3301 2172 3350 est
2201 3293 2375 3349 etiam
2409 3293 2591 3348 bonas
2613 3292 3016 3362 suggestiones
3049 3304 3081 3342 a
3101 3288 3252 3342 bono
3277 3285 3479 3354 spiritu
3504 3286 3586 3340 ita
3613 3284 3790 3340 laten-

2086 3386 2175 3438 ter
2203 3398 2268 3437 ac
2298 3380 2675 3453 spiritualiter
2705 3377 2828 3432 ﬁeri
2865 3393 2876 3430 :
2911 3376 3010 3430 sed
3039 3376 3281 3430 interest
3319 3371 3664 3442 quibusnam
3699 3387 3791 3427 ea-

2087 3487 2212 3527 rum
2249 3486 2411 3526 mens
2437 3469 2686 3524 humana
2716 3463 3055 3530 consentiat,
3089 3463 3282 3518 divino
3315 3458 3531 3514 auxilio
3559 3457 3645 3512 vel
3688 3459 3786 3513 de-

241 2035 538 2091 transitus
572 2040 961 2104 nuncupatur,
980 2032 1138 2086 velut
1164 2031 1552 2099 interpretans
1576 2031 1742 2086 nobis
1767 2031 1968 2085 beatus

241 2123 634 2195 Evangelista,
667 2124 800 2176 Ante
829 2121 995 2189 diem,
1025 2119 1246 2189 'inquit,
1288 2121 1484 2182 festum
1518 2120 1762 2185 Paschae,
1795 2122 1969 2175 sciens

235 2217 396 2270 Jesus
426 2214 562 2284 quia
591 2214 745 2266 venit
777 2211 910 2266 hora
931 2211 1048 2281 ejus
1079 2218 1140 2264 ut
1165 2213 1410 2265 transeat
1440 2225 1508 2264 ex
1537 2209 1633 2262 hoc
1660 2208 1862 2263 mundo
1900 2209 1971 2264 ad

237 2308 481 2361 Patrem.
516 2303 659 2358 Ecce
696 2302 935 2366 Pascha,
987 2317 1118 2357 ecce
1158 2300 1457 2355 transitus.
1493 2298 1674 2366 Unde,
1710 2304 1767 2353 et
1812 2301 1971 2370 quo?

239 2399 307 2452 De
365 2396 464 2449 hoc
512 2393 735 2448 scilicet
764 2391 965 2445 mundo
995 2391 1072 2446 ad
1123 2394 1369 2446 Patrem.
1403 2390 1545 2460 Spes
1603 2389 1880 2444 membris
1910 2390 1970 2446 in

235 2485 438 2555 capite
459 2484 595 2538 data
615 2489 721 2549 est,
759 2481 911 2551 quod
941 2483 1139 2534 essent
1156 2476 1255 2534 illo
1277 2481 1620 2532 transeunte
1651 2478 1774 2532 sine
1794 2479 1970 2533 dubio

240 2578 541 2630 secutura.
567 2571 713 2634 Quid
761 2584 897 2640 ergo
938 2568 1220 2635 inﬁdeles,
1253 2571 1311 2622 et
1341 2567 1412 2621 ab
1445 2568 1552 2622 hoc
1583 2567 1771 2638 capite
1803 2571 1971 2637 atque

241 2663 310 2717 ab
355 2663 485 2732 ejus
507 2673 748 2731 corpore
770 2657 993 2712 alieni?
1017 2673 1210 2711 nonne
1240 2660 1298 2711 et
1332 2657 1438 2727 ipsi
1475 2659 1802 2724 transeunt,
1836 2657 1972 2727 quia

241 2771 364 2808 non
394 2754 742 2822 permanent
771 2749 799 2802 ?
831 2749 1165 2804 Transeunt
1197 2747 1368 2818 plane
1398 2751 1453 2800 et
1483 2740 1594 2817 ipsi
1631 2763 1643 2800 :
1678 2747 1777 2801 sed
1813 2747 1973 2802 aliud

241 2848 326 2898 est
352 2840 608 2896 transire
630 2839 701 2894 de
726 2838 966 2904 mundo,
997 2835 1154 2891 aliud
1179 2845 1263 2890 est
1286 2835 1536 2889 transire
1558 2852 1690 2890 cum
1715 2837 1971 2904 mundo;

243 2932 407 2987 aliud
445 2931 514 2984 ad
551 2929 806 2994 Patrem,
857 2926 1013 2982 aliud
1047 2925 1118 2980 ad
1173 2924 1419 2980 hostem.
1468 2926 1610 2979 Nam
1645 2929 1701 2977 ct
1729 2925 1972 2995 Egyptii

243 3020 613 3077 transierunt
647 3034 660 3083 ;
694 3033 806 3071 non
843 3021 1031 3070 tamen
1068 3014 1432 3068 transierunt
1461 3030 1564 3084 per
1593 3029 1747 3068 mare
1777 3015 1845 3067 ad
1882 3031 1974 3068 re-

239 3128 458 3184 gnum,
492 3111 588 3163 sed
623 3109 679 3163 in
717 3106 864 3162 mari
896 3107 968 3160 ad
1001 3104 1330 3159 interitum.

314 3205 381 3254 2.
406 3199 597 3256 Sciens
626 3213 762 3270 ergo
795 3199 943 3253 Iesus
975 3199 1106 3266 quia
1125 3195 1274 3250 venit
1305 3195 1438 3250 hora
1480 3195 1601 3264 ejus
1632 3197 1690 3247 ut
1722 3185 1978 3248 transiret

240 3310 303 3349 ea:
343 3291 446 3347 hoc
474 3290 678 3344 mundo
709 3289 782 3341 ad
811 3288 1057 3353 Patrem,
1079 3301 1205 3341 cum
1235 3285 1514 3339 dilexisset
1544 3299 1668 3338 suos
1686 3284 1786 3353 qui
1813 3283 1978 3337 erant

243 3384 296 3436 in
321 3378 562 3443 mundo,
587 3379 644 3431 in
667 3381 828 3445 ﬁnem
859 3375 1063 3430 dilexit
1090 3390 1199 3430 eos.
1221 3373 1425 3444 Utique
1450 3377 1514 3428 ut
1543 3377 1599 3427 et
1628 3372 1740 3444 ipsi
1766 3373 1836 3427 de
1866 3371 1978 3426 hoc

245 3469 472 3525 mundo
515 3467 610 3522 ubi
642 3469 828 3528 erant,
858 3466 922 3519 ad
959 3479 1131 3519 suum
1158 3466 1356 3534 caput,
1390 3463 1535 3530 quod
1565 3461 1698 3516 hinc
1730 3461 1979 3516 transis-

245 3565 361 3623 set,
394 3559 527 3628 ejus
557 3555 870 3611 dilectione
917 3552 1256 3608 transirent.
1303 3551 1448 3615 Ouid
1483 3556 1572 3606 est
1614 3551 1789 3613 enim,
1822 3553 1880 3604 in
1912 3552 1977 3620 ﬁ-

245 3666 395 3716 nem,
430 3646 570 3710 nisi,
605 3645 663 3699 in
693 3641 982 3698 Christum
1015 3643 1042 3695 ?
1091 3642 1240 3695 Finis
1288 3641 1437 3695 enim
1490 3641 1647 3709 Legis
1710 3639 1976 3706 Christus,

249 3743 329 3794 ait
367 3733 700 3808 Apostolus,
733 3731 802 3787 ad
831 3731 1116 3801 justitiam
1145 3731 1295 3786 omni
1324 3729 1569 3785 credenti
1602 3730 1778 3800 (Rom.
1809 3746 1864 3798 x,
1900 3730 1973 3800 4).

255 3827 418 3883 Finis
454 3823 787 3895 perﬁciens,
814 3837 929 3876 non
951 3819 1306 3875 interficiens
1331 3834 1344 3872 :
1367 3818 1502 3873 ﬁnis
1524 3834 1636 3890 quo
1668 3834 1856 3890 usque
1879 3834 1976 3872 ea-

256 3934 412 3980 mus,
453 3930 568 3970 non
618 3911 716 3967 ubi
760 3925 1090 3982 pereamus.
1115 3910 1209 3964 Sic
1257 3909 1498 3964 omnino
1530 3907 1973 3980 intelligendum

253 4013 364 4073 est,
402 4005 612 4062 Pascha
658 4008 913 4058 nostrum
940 4001 1259 4055 immolatus
1289 4003 1366 4054 est
1415 3999 1664 4054 Christus
1698 4000 1743 4069 (Ι
1776 3999 1898 4054 Cor.
1921 4016 1976 4067 v,

263 4099 343 4167 7).
383 4099 510 4166 Ipse
538 4098 630 4150 est
649 4093 786 4148 ﬁnis
810 4097 1026 4157 noster,
1057 4090 1116 4145 in
1149 4089 1315 4144 illum
1339 4093 1428 4144 est
1452 4089 1734 4144 transitus
1761 4097 1974 4144 noster.

266 4193 392 4244 Non
427 4185 596 4240 video
637 4198 809 4255 posse
859 4181 974 4236 ista
1003 4181 1177 4236 verba
1206 4179 1536 4251 evangelica
1584 4180 1839 4248 quodam
1874 4179 1978 4234 hu-

263 4291 438 4330 mano
470 4272 644 4327 modo
667 4270 844 4325 etiam
868 4268 952 4324 sic
981 4267 1184 4338 accipi,
1220 4273 1493 4336 tanquam
1519 4282 1707 4336 usque
1729 4267 1795 4320 ad
1834 4282 1982 4321 mor-

262 4370 374 4421 tem
411 4361 686 4418 Christus
709 4357 976 4414 dilexerit
1007 4372 1168 4421 euos,
1201 4363 1261 4409 ut
1293 4355 1402 4410 hoc
1433 4356 1696 4410 videatur
1738 4371 1887 4421 esse,
1921 4358 1980 4410 in

263 4457 429 4523 ﬁnem
459 4451 663 4505 dilexit
692 4463 800 4504 eos.
829 4449 1098 4501 Humana
1128 4449 1216 4500 est
1247 4445 1367 4499 haec
1399 4445 1712 4509 sententia,
1745 4461 1856 4499 non
1893 4444 1981 4498 di-

265 4546 395 4599 vina
422 4559 436 4597 :
463 4556 656 4611 neque
678 4538 832 4593 enim
859 4553 963 4591 nos
997 4536 1297 4605 hucusque
1317 4534 1414 4590 ille
1437 4534 1658 4600 dilexit,
1691 4534 1788 4604 qui
1823 4551 1982 4590 sem—

265 4649 364 4704 per
395 4637 453 4687 et
484 4633 614 4686 sine
636 4629 750 4682 fine
773 4643 878 4681 nos
903 4625 1113 4695 diligit.
1133 4625 1296 4679 Absit
1319 4628 1382 4678 ut
1405 4623 1769 4679 dilectionem
1797 4629 1983 4678 morte

267 4721 506 4790 ﬁnierit,
541 4718 641 4789 qui
675 4734 788 4774 non
821 4721 909 4772 est
958 4719 1144 4771 morte
1179 4714 1399 4768 finitus.
1435 4714 1619 4768 Etiam
1673 4722 1794 4785 post
1830 4731 1983 4769 mor-

265 4821 405 4879 tem,
436 4810 700 4882 quinque
731 4808 935 4861 fratres
965 4821 1105 4861 suos
1137 4804 1336 4858 dilexit
1367 4803 1527 4857 dives
1561 4804 1658 4858 ille
1697 4804 1985 4875 superbus

263 4909 441 4974 atque
473 4899 692 4970 impius
723 4898 871 4966 (Luc.
906 4913 1022 4964 xvr,
1053 4895 1144 4961 27,
1173 4894 1286 4965 28),
1319 4897 1375 4948 et
1423 4909 1604 4964 usque
1634 4895 1702 4948 ad
1739 4897 1984 4950 mortem

263 5010 376 5050 nos
394 4991 669 5048 dilexisse
689 4988 986 5060 putandus
1000 4992 1086 5042 est
1107 4985 1408 5041 Christus?
1427 4985 1614 5053 Absit,
1631 4984 1984 5042 charissimi.

265 5084 659 5155 Nequaquam
684 5078 780 5134 ille
802 5094 908 5133 nos
937 5075 1226 5148 diligendo
1258 5091 1442 5146 usque
1465 5075 1534 5129 ad
1560 5079 1804 5130 mortem
1828 5075 1984 5130 veni-

264 5171 442 5240 ret,si
485 5167 860 5226 dilectionem
895 5170 1157 5223 nostram
1190 5170 1378 5221 morte
1421 5165 1637 5220 ﬁniret.
1696 5166 1816 5220 Nisi
1851 5167 1987 5222 forte

267 5264 356 5318 ita
385 5263 453 5317 sit
489 5258 958 5331 intelligendum,
993 5259 1051 5311 in
1071 5258 1238 5327 ﬁnem
1277 5253 1485 5310 dilexit
1513 5270 1600 5310 eos
1631 5271 1650 5309 :
1681 5255 1826 5320 Quia
1855 5259 1985 5310 tan-

271 5356 400 5406 tum
435 5349 638 5406 dilexit
670 5363 788 5412 eos,
811 5350 877 5401 ut
906 5349 1233 5401 moreretur
1263 5347 1503 5416 propter
1531 5359 1649 5399 eos.
1685 5343 1802 5398 Hoc
1833 5343 1985 5398 enim

273 5445 527 5496 testatus
557 5444 646 5493 est
675 5437 875 5494 dicens
900 5453 914 5491 :
947 5437 1204 5508 Majorem
1235 5436 1336 5491 hac
1364 5436 1685 5490 charitatem
1718 5449 1873 5490 nemo
1895 5435 1989 5494 ha-

282 5532 391 5599 bet,
421 5546 593 5602 quam
624 5534 686 5583 ut
716 5530 962 5583 animam
991 5543 1146 5582 suam
1171 5533 1344 5598 ponat
1368 5528 1487 5598 quis
1527 5541 1626 5596 pro
1652 5523 1847 5580 amicis
1876 5526 1990 5578 suis

281 5622 465 5690 (Joan.
499 5634 597 5688 xv,
642 5617 752 5686 13).
786 5617 870 5672 Ita
901 5633 1035 5674 sane
1059 5633 1172 5673 non
1225 5615 1601 5689 prohibemus
1627 5614 1895 5685 intelligi,
1930 5615 1989 5669 in

2086 3567 2238 3618 serta
2272 3577 2369 3632 per
2408 3561 2698 3624 meritum,
2731 3556 2815 3611 vel
2866 3556 3064 3625 adjuta
3094 3569 3193 3623 per
3239 3549 3506 3622 gratiam.
3555 3552 3788 3603 Factum

2086 3668 2220 3723 ergo
2237 3651 2354 3721 jam
2389 3651 2575 3704 fuerat
2596 3649 2653 3702 in
2687 3647 2858 3702 corde
2888 3644 3046 3700 ludas
3087 3658 3190 3714 per
3217 3637 3636 3696 immissionem
3667 3637 3791 3691 dia-

2085 3743 2356 3808 bolicam,
2382 3745 2446 3794 ut
2475 3740 2726 3795 traderet
2747 3735 3071 3807 discipulus
3096 3733 3464 3803 magistrum,
3488 3729 3588 3784 sed
3612 3743 3786 3799 quem

2084 3848 2200 3888 non
2226 3831 2499 3885 didicerat
2521 3829 2725 3884 Deum.
2757 3826 2887 3882 Jam
2911 3824 3046 3880 tali
3066 3825 3303 3878 venerat
3324 3819 3398 3876 ad
3428 3817 3754 3874 convivium
3771 3860 3784 3884 ,

2085 3921 2413 3993 explorator
2452 3919 2727 3986 Pastoris,
2776 3915 3084 3972 insidiator
3135 3910 3468 3976 Salvatoris,
3529 3909 3794 3964 venditor

2086 4011 2488 4081 Redemptoris
2515 4027 2527 4077 ;
2556 4011 2675 4080 jam
2709 4007 2844 4063 talis
2873 4007 3130 4070 venerat,
3171 4007 3229 4059 et
3259 4002 3581 4067 videbatur,
3612 4001 3669 4054 et
3699 4003 3789 4053 to-

2086 4099 2400 4168 lerabatur,
2433 4104 2490 4156 et
2543 4115 2605 4154 se
2663 4097 2914 4168 ignorari
2974 4093 3398 4150 arbitrabatur:
3459 4089 3593 4158 quia
3624 4088 3683 4142 in
3724 4103 3790 4141 eo

2087 4206 2256 4261 quem
2291 4189 2515 4246 volebat
2549 4189 2762 4255 fallere,
2814 4186 3139 4242 fallebatur.
3173 4181 3368 4237 Atille
3413 4179 3525 4235 isto
3576 4179 3634 4231 in
3668 4178 3790 4247 ipso

2088 4281 2259 4337 corde
2291 4281 2448 4335 intus
2479 4280 2760 4350 inspecto,
2785 4276 3078 4332 nesciente
3109 4273 3360 4328 scienter
3391 4269 3684 4324 utebatur.

2156 4371 2210 4424 5.
2247 4369 2427 4425 Sciens
2458 4369 2589 4440 quia
2626 4369 2810 4422 omnia
2852 4365 2996 4420 dedit
3026 4365 3078 4419 ei
3104 4364 3269 4416 Pater
3299 4363 3356 4414 in
3386 4373 3600 4412 manus.
3643 4355 3790 4424 Ergo

2089 4467 2144 4518 et
2175 4463 2366 4534 ipsum
2421 4460 2789 4514 traditorem:
2825 4473 2960 4512 nam
3011 4455 3058 4510 si
3091 4469 3223 4507 eum
3258 4451 3316 4506 in
3373 4448 3642 4504 manibus
3676 4461 3788 4499 non

2090 4553 2348 4616 haberet,
2382 4565 2494 4604 non
2531 4549 2732 4620 utique
2780 4546 2878 4600 illo
2931 4549 3181 4599 uteretur
3213 4545 3276 4596 ut
3325 4537 3512 4593 vellet.
3549 4535 3794 4591 Proinde

2085 4643 2206 4712 jam
2242 4640 2487 4693 traditor
2520 4638 2771 4693 traditus
2802 4639 2928 4690 erat
2959 4633 3006 4688 ei
3042 4646 3214 4703 quem
3247 4629 3471 4683 tradere
3497 4623 3792 4695 cupiebat,

2092 4711 2268 4800 atque
2299 4729 2377 4782 ita
2401 4727 2618 4783 malum
2651 4725 2931 4780 tradendo
2964 4721 3228 4785 faciebat,
3263 4722 3326 4773 ut
3357 4717 3426 4772 de
3457 4714 3554 4770 illo
3583 4711 3792 4768 tradito

2094 4819 2308 4874 bonum
2341 4818 2502 4873 fieret
2530 4816 2681 4884 quod
2729 4815 3044 4871 nesciebat.
3069 4810 3294 4866 Sciebat
3323 4807 3478 4864 enim
3513 4803 3792 4862 Dominus

2093 4909 2232 4980 quid
2259 4910 2468 4964 faceret
2500 4923 2600 4978 pro
2622 4904 2846 4970 amicis,
2870 4903 2967 4975 qui
2991 4901 3281 4974 patientor
3303 4897 3572 4953 utebatur
3594 4891 3792 4980 inimi-

2094 4979 2177 5056 cis
2205 5016 2217 5054 :
2252 5015 2316 5052 ac
2347 4999 2429 5054 sic
2460 4997 2657 5052 omnia
2687 4996 2919 5052 dederat
2947 4994 3111 5048 Pater
3139 4991 3196 5044 in
3228 5002 3434 5043 manus
3461 4985 3608 5054 ejus,
3649 4984 3706 5036 et
3735 4979 3792 5033 in

2096 5105 2265 5144 usum
2301 5086 2469 5153 male,
2504 5092 2562 5142 et
2586 5088 2644 5142 in
2679 5086 2945 5141 aﬂ'ectum
2980 5082 3152 5135 bona.
3185 5078 3370 5132 Sciens
3400 5075 3578 5132 etiam
3608 5068 3737 5143 quia
3760 5085 3794 5122 a

2098 5180 2202 5234 Deo
2231 5179 2391 5244 exiit,
2422 5183 2474 5233 et
2520 5177 2589 5232 ad
2622 5178 2787 5232 Deum
2838 5171 3030 5228 vadit:
3089 5184 3193 5223 nec
3229 5169 3432 5230 Deum,
3486 5178 3616 5218 cum
3660 5159 3796 5214 inde

2095 5269 2276 5324 exiret
2303 5288 2316 5334 ;
2351 5283 2455 5321 nec
2480 5283 2583 5322 nos
2612 5267 2906 5329 deserens,
2935 5276 3067 5314 cum
3103 5257 3332 5316 rediret.

2167 5361 2220 5413 6.
2255 5359 2381 5413 Hinc
2411 5373 2547 5427 ergo
2595 5355 2799 5420 sciens,
2819 5353 3018 5423 ILsurgit
3046 5366 3080 5403 a
3131 5364 3304 5414 caena,
3336 5350 3384 5401 et
3433 5348 3586 5416 ponit
3633 5343 3794 5399 vesti-

2096 5455 2280 5506 menta
2308 5462 2448 5503 sua:
2486 5453 2538 5501 et
2589 5461 2714 5499 cum
2756 5443 3049 5514 accepisset
3104 5440 3356 5505 linteum,
3396 5435 3687 5508 priet-cinxit
3719 5450 3801 5490 se-

2165 5558 2180 5590 ¹
2203 5556 2344 5608 Mss,
2369 5554 2672 5600 constanter
2702 5549 2903 5598 habent
2933 5560 2946 5596 :
2967 5549 3129 5600 ludas
3150 5549 3376 5599 Simoni:
3401 5541 3671 5596 Scariotis.

2164 5619 2185 5653 ²
2205 5617 2476 5667 Tredecim
2509 5614 2654 5670 Mss,
2682 5614 2792 5676 iam
2825 5619 3186 5679 consumptam
3214 5622 3370 5679 atque
3399 5615 3736 5660 transactam.
