4178 6192
409 272 563 332 1787

409 411 610 467 Deinde
641 411 806 464 mittit
837 424 1038 479 aquam
1089 410 1146 461 in
1177 406 1398 476 pelvim,
1424 415 1475 461 ct
1526 409 1680 477 ccepit
1713 406 1911 460 lavare
1950 403 2115 474 pedes

404 501 824 571 discipulorum,
857 506 906 552 et
937 507 1213 567 extergere
1245 498 1412 551 linteo
1461 513 1564 566 quo
1595 507 1718 552 erat
1763 496 2114 565 prwcinctus.

404 589 715 656 Debemus,
760 587 1155 655 directissimi,
1188 602 1423 641 sensum
1458 585 1832 656 Evangelistae
1864 585 2114 656 diligen-

402 684 492 735 ter
520 679 835 733 attendere.
855 678 1184 731 Locuturus
1216 676 1427 745 quippe
1460 675 1528 729 de
1563 680 1725 729 tanta
1755 675 1984 730 Domini
2019 674 2112 728 hu-

405 768 676 832 militate,
701 767 862 838 prius
887 765 1294 821 celsitudinem
1318 765 1442 833 ejus
1466 764 1651 819 voluit
1680 765 2111 821 commendare.

406 859 490 914 Ad
527 859 633 912 hoc
667 856 916 927 pertinet
959 856 1110 926 quod
1139 854 1236 918 ait,
1271 855 1450 908 Sciens
1482 856 1610 924 quia
1667 856 1851 908 omnia
1890 854 2034 909 dedit
2062 856 2114 910 ei

402 948 564 1000 Pater
595 947 650 999 in
683 961 901 1010 manus,
943 948 990 998 et
1022 946 1150 1013 quia
1171 961 1203 996 (ι
1238 943 1341 997 Deo
1371 943 1529 1006 exiit,
1562 950 1610 997 et
1639 942 1709 996 ad
1733 944 1891 997 Deum
1923 944 2110 998 vadit.

399 1036 541 1090 Cum
566 1033 646 1088 illi
670 1048 805 1103 ergo
837 1032 1034 1087 omnia
1057 1033 1224 1087 Pater
1254 1030 1514 1087 dedisset
1543 1031 1600 1085 in
1635 1048 1863 1100 manus,
1899 1032 1995 1087 ille
2021 1033 2112 1088 di-

396 1122 757 1193 scipulorum
792 1138 906 1176 non
942 1138 1174 1188 manus,
1209 1121 1309 1176 sed
1349 1121 1522 1192 pedes
1556 1121 1696 1175 lavit
1728 1137 1741 1175 :
1779 1132 1832 1177 et
1884 1138 2016 1176 cum
2049 1140 2112 1178 se

394 1212 567 1266 sciret
598 1230 630 1265 a
664 1213 776 1265 Deo
820 1211 1053 1276 exiisse,
1086 1214 1142 1265 et
1187 1210 1262 1265 ad
1311 1209 1492 1265 Deum
1543 1225 1796 1280 pergere,
1834 1227 1948 1266 non
2007 1210 2110 1266 Dei

393 1300 647 1366 Domini,
683 1301 782 1355 sed
816 1299 1069 1354 hominis
1099 1301 1247 1354 servi
1280 1299 1543 1370 implevit
1572 1297 1854 1354 ol‘licium.
1887 1301 1970 1354 Ad
2001 1299 2106 1355 hoe

392 1395 588 1446 autem
622 1391 865 1460 pertinet
896 1391 1048 1460 quod
1103 1389 1277 1445 etiam
1309 1389 1379 1444 de
1431 1390 1710 1444 traditore
1765 1389 1970 1458 ipsius,
2007 1392 2107 1461 qui

388 1481 513 1548 jam
547 1479 678 1534 talis
708 1485 959 1545 venerat,
995 1479 1094 1550 qui
1124 1495 1225 1533 nec
1247 1479 1317 1533 ab
1343 1477 1438 1533 illo
1468 1478 1868 1548 ignorabatur,
1904 1480 2108 1550 praelo-

399 1569 494 1639 qui
517 1569 700 1623 voluit
724 1585 737 1634 ;
764 1573 826 1622 ut
847 1569 956 1624 hoc
979 1585 1210 1639 quoque
1232 1568 1305 1622 ad
1330 1568 1647 1623 maximqu
1671 1567 1972 1624 cumulum
1999 1569 2106 1624 hu-

403 1657 663 1712 militatis
713 1657 1030 1725 accederet,
1063 1658 1216 1727 quod
1251 1657 1424 1712 etiam
1477 1655 1557 1711 illi
1591 1673 1704 1712 non
1754 1657 2106 1729 dedignatus

395 1756 482 1802 est
515 1749 686 1818 pedes
737 1749 949 1815 lavare;
979 1749 1150 1817 cujus
1202 1764 1412 1802 (nanus
1457 1748 1577 1816 jam
1640 1747 1990 1817 praevidebat
2046 1748 2104 1803 in

402 1838 646 1892 scelere.

468 1929 520 1979 7.
540 1926 686 1989 Quid
704 1932 899 1982 autem
925 1927 1137 1982 mirum
1155 1927 1199 1981 si
1223 1927 1476 1982 surrexit
1491 1943 1523 1981 a
1543 1942 1730 1993 omna,
1751 1930 1806 1980 et
1830 1925 2120 1996 posuitve-

405 2017 678 2072 stimenta
699 2034 826 2084 sua,
859 2018 1114 2088 quicum
1140 2018 1195 2072 in
1221 2017 1407 2072 forma
1431 2017 1527 2072 Dei
1553 2025 1722 2082 esset,
1739 2016 2118 2086 semetipsum

407 2105 727 2162 exinanivit
746 2107 772 2160 ‘I
796 2108 862 2161 Et
884 2109 1018 2176 quid
1066 2110 1277 2162 mirum
1302 2107 1347 2162 si
1373 2105 1670 2177 pracinxit
1703 2123 1764 2161 se
1788 2105 1985 2172 linteo,
2019 2106 2117 2177 qui

403 2197 650 2250 formam
681 2197 829 2251 servi
863 2197 1156 2266 accipiens
1189 2196 1388 2252 habitu
1418 2197 1686 2251 inventus
1718 2200 1807 2250 est
1855 2196 2115 2253 ut‘homo

402 2285 663 2356 (Philipp.
682 2287 782 2352 11,9
796 2296 844 2340 et
863 2288 914 2352 7;
931 2287 1114 2350 ‘IQuid
1131 2287 1343 2341 mirum
1359 2285 1408 2341 si
1423 2287 1584 2341 misit
1601 2302 1815 2357 aquam
1831 2286 1888 2340 in
1905 2286 2113 2356 pelvim

404 2375 786 2430 undelavaret
809 2377 983 2446 pedes
1005 2376 1448 2446 discipulorum,
1469 2378 1570 2448 qui
1587 2378 1643 2431 in
1661 2381 1870 2431 terram
1885 2376 2116 2448 sangui-

403 2480 534 2518 nem
555 2465 841 2536 fudit,quo
860 2467 930 2520 im
943 2466 1284 2521 munditiam
1297 2464 1545 2522 dilueret
1560 2465 2110 2536 peccatorum’lQuid

409 2554 620 2609 mirum
644 2555 692 2610 si
716 2555 892 2610 linteo
915 2573 1029 2626 quo
1051 2563 1174 2612 erat
1197 2557 1563 2625 praecinctus,
1589 2556 1764 2626 pedes
1787 2572 1931 2625 quos
1954 2556 2112 2610 lave—

411 2648 520 2712 rat,
555 2646 742 2711 tersit,
773 2645 867 2715 qui
902 2661 1073 2699 carne
1105 2663 1222 2716 qua
1260 2651 1384 2700 erat
1415 2645 1677 2711 indutus,
1711 2644 2109 2715 Evangelista-

408 2749 537 2787 rum
560 2732 803 2804 vestigia
823 2733 1223 2789 conﬁrmavit?
1248 2738 1312 2788 Et
1333 2734 1512 2788 linteo
1534 2732 1772 2802 quidem
1798 2737 1858 2787 ut
1881 2749 1939 2787 se
1963 2749 2112 2803 prae-

403 2823 683 2893 cingeret,
709 2825 902 2894 posuit
933 2824 1280 2880 vestimenta
1329 2841 1456 2895 quae
1490 2823 1737 2878 habebat
1769 2838 1781 2878 :
1818 2831 1878 2877 ut
1913 2828 2109 2878 autem

403 2913 650 2968 formam
687 2913 837 2968 servi
871 2914 1410 2983 acciperetquando
1434 2912 1817 2982 semetipsum
1851 2911 2109 2967 exinani-

399 3004 503 3070 vit,
536 3019 650 3057 non
684 3003 837 3074 quod
869 3003 1122 3060 habebat
1143 3002 1430 3074 deposuit,
1463 3003 1564 3056 sed
1597 3002 1751 3072 quod
1787 3019 1900 3058 non
1930 3002 2113 3057 habe-

402 3090 500 3144 bat
529 3092 766 3158 accepit.
803 3090 1243 3160 Cruciﬁgendus
1291 3105 1431 3144 sane
1461 3089 1587 3144 suis
1635 3088 2114 3160 exspoliatusgest

406 3178 784 3243 vestimentis,
819 3184 876 3234 et
907 3184 1168 3234 mortuus
1197 3178 1498 3234 involutus
1519 3183 1606 3233 est
1635 3176 1832 3232 linteis
1867 3194 1880 3232 :
1911 3185 1964 3232 et
1994 3181 2114 3234 tota

406 3269 509 3324 illa
539 3272 666 3338 ejus
698 3270 914 3341 passio,
948 3275 1142 3326 nostra
1182 3271 1443 3340 purgatio
1475 3273 1583 3325 est.
1618 3269 1904 3324 Passurus
1935 3269 2113 3341 igitur

407 3360 605 3430 exitia,
642 3362 916 3431 praemisit
943 3361 1259 3433 obsequia;
1287 3379 1400 3417 non
1431 3361 1620 3416 solum
1649 3360 1734 3415 eis
1767 3376 1868 3430 pro
1901 3361 2113 3430 quibus

405 3456 528 3504 erat
560 3451 862 3506 subiturus
890 3457 1158 3519 mortem,
1183 3452 1284 3506 sed
1307 3451 1478 3505 etiam
1512 3449 1596 3504 illi
1629 3449 1729 3520 qui
1762 3466 1892 3504 eum
1927 3450 2113 3505 fuerat

403 3540 722 3596 traditurus
753 3542 823 3595 ad
859 3543 1330 3597 mortem.Tanta
1352 3545 1440 3596 est
1474 3540 1688 3611 quippe
1708 3539 1978 3594 humanae
2001 3537 2110 3593 hu-

404 3630 664 3686 militatis
697 3632 941 3698 utilitas,
977 3639 1040 3688 ut
1068 3649 1192 3689 eam
1240 3649 1348 3688 suo
1381 3631 1814 3687 commendaret
1843 3629 2110 3701 exemplo

402 3719 576 3773 etiam
603 3719 797 3774 divina
818 3721 1150 3776 sublimitas
1174 3739 1186 3775 :
1209 3720 1350 3790 quia
1372 3722 1544 3776 homo
1567 3719 1922 3790 superbusin
1945 3723 2112 3773 teter-

407 3822 549 3860 num
582 3808 810 3875 periret,
837 3810 946 3864 nisi
980 3809 1142 3864 illum
1163 3811 1315 3865 Deus
1346 3806 1904 3864 humilisinveniret.
1938 3807 2111 3862 Venit

407 3894 561 3947 enim
587 3894 766 3949 Filius
790 3897 1043 3952 hominis
1082 3915 1337 3967 quarere
1369 3904 1424 3953 et
1464 3901 1688 3952 salvum
1724 3899 1907 3953 facere
1955 3897 2107 3966 quod

407 3982 833 4050 perierat(Luc.
893 4002 1004 4049 χιι,
1055 3987 1160 4051 10).
1218 3986 1469 4041 Perierat
1521 3992 1714 4041 autem
1772 3986 2107 4057 superbiam

403 4067 727 4139 deceptoris
773 4078 1032 4137 secutus,
1075 4089 1211 4142 ergo
1266 4073 1653 4128 humilitatem
1708 4072 2108 4143 Redemptoris

398 4171 495 4227 seq
507 4163 677 4213 uatur
711 4159 998 4216 inventus.

960 4286 1380 4343 TRACTATUS
1413 4286 1553 4341 LVI.

404 4391 478 4446 Ab
501 4408 558 4447 eo
581 4393 720 4464 quod
748 4393 1011 4466 scriptum
1054 4403 1150 4461 est,
1185 4393 1354 4449 Venit
1395 4411 1526 4465 ergo
1575 4393 1642 4448 ad
1677 4392 1968 4448 Simonem
2004 4396 2108 4446 Pe-

473 4487 653 4552 trum,
685 4488 810 4555 etc.,
845 4501 1012 4556 usque
1043 4484 1112 4539 ad
1145 4484 1220 4554 id,
1263 4485 1368 4549 Qui
1405 4483 1569 4540 locus
1601 4486 1709 4548 est,
1743 4499 1852 4538 non
1889 4481 2108 4553 indiget

473 4570 579 4625 nisi
613 4577 671 4627 ut
704 4573 880 4644 pedes
914 4574 1078 4642 lavet,
1141 4574 1240 4628 sed
1293 4577 1379 4629 est
1414 4573 1674 4629 mundus
1735 4575 1912 4628 totus.
1971 4572 2102 4643 Cap.

471 4675 593 4728 xm,
620 4663 672 4727 Ῡ.
703 4663 856 4717 6-10.

470 4798 519 4852 1.
555 4796 697 4852 Cum
728 4799 947 4855 levaret
989 4802 1164 4870 pedes
1197 4801 1615 4872 discipulorum
1671 4800 1974 4865 Dominus,
2012 4799 2103 4854 Ve-

396 4887 480 4940 nit
531 4888 606 4941 ad
652 4886 926 4944 Simonem
973 4890 1243 4957 Petrum;
1275 4895 1324 4946 et
1353 4890 1486 4946 dicit
1525 4891 1578 4946 ei
1630 4893 1828 4945 Petrus
1858 4906 1879 4947 .°
1915 4889 2103 4944 Domi-

393 4993 484 5042 ne,
509 4984 566 5031 tu
591 4978 733 5032 mihi
753 4978 905 5033 lavas
919 4978 1114 5048 pedes!
1134 4979 1274 5042 Quis
1295 4980 1446 5035 enim
1475 4995 1589 5034 non
1606 4975 2105 5048 expavesceretla-

399 5068 517 5121 vari
551 5067 659 5121 sibi
695 5069 868 5138 pedes
894 5086 923 5122 a
955 5069 1056 5124 Dei
1107 5070 1247 5124 Filio
1277 5069 1304 5122 ‘I
1334 5069 1603 5133 Quamvis
1635 5068 1831 5138 itaque
1880 5083 2103 5138 magna

397 5157 598 5214 fuisset
632 5160 885 5215 audacias
918 5160 1312 5217 contradicere
1359 5174 1577 5214 servum
1611 5157 1877 5222 Domino,
1913 5156 2104 5211 homi-

401 5265 529 5301 nem
565 5249 678 5304 Deo
713 5268 725 5304 :
762 5258 952 5306 tamen
1006 5251 1110 5305 hoc
1170 5251 1372 5305 Petrus
1407 5250 1592 5304 facere
1650 5246 1877 5312 maluit,
1928 5262 2104 5317 quam

399 5340 617 5406 perpeti
648 5347 712 5394 ut
744 5343 852 5396 sibi
878 5342 1054 5412 pedes
1077 5341 1406 5396 lavarentur
1425 5357 1458 5394 a
1488 5339 1735 5394 Domino
1757 5346 1812 5393 et
1831 5344 1969 5393 Deo.
1989 5337 2103 5393 Nec

405 5429 603 5494 putare
633 5428 913 5485 debemus
934 5430 1042 5486 hoc
1064 5431 1295 5485 Petrum
1320 5430 1467 5485 inter
1489 5433 1727 5484 caeteros
1750 5427 2104 5482 formidasse

405 5519 576 5582 atque
606 5530 919 5584 recusasse,
952 5537 1086 5576 cum
1118 5520 1173 5575 id
1209 5521 1308 5576 alii
1339 5526 1472 5576 ante
1511 5520 1705 5591 ipsum
1736 5517 1982 5573 libenter
2013 5515 2103 5570 vel

407 5605 808 5674 mquanimiter
836 5608 945 5662 sibi
1001 5610 1123 5665 fieri
1155 5610 1570 5680 permisissent.
1606 5608 1856 5666 Facilius
1886 5605 2102 5679 quippe

1348 271 1428 330 IN
1471 268 1792 331 JOANNIS
1841 264 2385 335 EVANGELIUM,
2435 264 2496 324 S.
2543 262 2976 326 AUGUSTINI

3790 270 3812 328 i
3824 271 3925 333 788

2227 398 2310 454 sic
2342 397 2708 466 accipiuntur
2731 397 2838 453 ista
2860 397 3032 453 verba
3062 397 3535 470 Evangelii,quia
3557 417 3693 456 cum
3717 403 3926 460 dictum

2225 498 2396 557 esset,
2427 489 2596 556 prit
2618 489 2806 543 lavare
2845 488 3002 559 pedes
3035 489 3456 554 discipulorum,
3485 495 3539 546 et
3567 496 3805 562 etergere
3835 494 3932 550 lin-

2224 578 2309 634 ιέο
2341 594 2444 649 quo
2470 585 2590 633 erat
2620 579 2944 647 praecinctus
2967 599 2985 644 ;
3007 578 3214 633 deinde
3237 579 3615 649 subjunctum
3647 586 3754 646 est,
3787 584 3932 638 Venit

2224 684 2351 739 ergo
2369 669 2446 724 ad
2469 667 2745 723 Simonem
2768 669 3196 738 Petrum,quasi
3221 669 3518 740 aliquibus
3534 672 3653 739 jam
3681 672 3930 741 lavisset,

2227 762 2357 829 post
2385 774 2484 812 eos
2521 756 2769 812 venisset
2799 757 2870 812 ad
2904 757 3184 827 primum.
3217 758 3356 822 Quis
3387 759 3540 814 enim
3575 760 3796 816 nesciat
3821 764 3930 832 pri-

2227 864 2387 902 mum
2422 845 2840 917 Apostolorum
2891 862 3017 900 esse
3051 846 3458 902 beatissimum
3507 847 3739 905 Petrum
3765 850 3791 903 ?
3822 851 3930 907 Sed

2226 952 2341 992 non
2373 937 2452 990 ita
2485 934 2925 1006 intelligendum
2951 942 3040 990 est
3071 936 3219 1004 quod
3253 941 3385 1007 post
3415 936 3640 1008 aliquos
3661 939 3730 992 ad
3764 939 3930 995 illum

2224 1025 2444 1080 venerit
2468 1042 2480 1091 ;
2508 1025 2607 1080 sed
2632 1023 2790 1096 quod
2811 1025 2881 1079 ab
2915 1023 3013 1078 illo
3045 1025 3294 1096 coeperit.
3331 1025 3571 1088 Quando
3599 1044 3732 1099 ergo
3757 1031 3934 1100 pedes

2223 1112 2641 1183 discipulorum
2664 1111 2856 1168 lavare
2883 1112 3076 1184 coapit,
3097 1113 3254 1167 venit
3279 1113 3351 1167 ad
3374 1129 3510 1170 eum
3535 1132 3567 1169 a
3597 1133 3709 1182 quo
3741 1118 3933 1188 caepit,

2221 1204 2278 1260 id
2311 1211 2416 1273 est,
2443 1204 2514 1259 ad
2547 1203 2780 1259 Petrum
2808 1219 2820 1258 :
2850 1209 2906 1258 et
2936 1208 3073 1259 tunc
3106 1203 3329 1266 Petrus,
3364 1203 3522 1275 quod
3552 1206 3727 1262 etiam
3754 1208 3931 1278 quili-

2221 1295 2316 1350 bet
2345 1311 2541 1352 eorum
2592 1294 2940 1366 expavisset,
2997 1295 3244 1364 expavit,
3291 1300 3463 1365 atque
3519 1296 3621 1362 ait,
3685 1298 3932 1367 Domine,

2222 1393 2284 1440 tu
2311 1386 2455 1440 mihi
2485 1386 2635 1440 lavas
2680 1384 2841 1456 pedes
2864 1390 2891 1440 ?
2937 1384 3082 1448 Quid
3116 1388 3223 1452 est,
3257 1393 3316 1440 tu
3345 1388 3372 1439 Ρ
3404 1387 3542 1457 quid
3594 1391 3703 1455 est,
3735 1389 3878 1444 mihi
3908 1393 3934 1444 Ρ

2221 1475 2543 1546 Cogitanda
2573 1479 2714 1530 sunt
2741 1475 2931 1545 potius
2963 1491 3137 1546 quam
3177 1474 3423 1530 dicenda
3455 1493 3467 1542 ;
3503 1493 3574 1532 ne
3605 1477 3746 1533 forte
3778 1481 3930 1550 quod

2220 1581 2287 1620 ex
2335 1564 2426 1619 his
2458 1563 2644 1620 verbis
2695 1563 3067 1634 aliquatenus
3099 1564 3343 1635 dignum
3402 1565 3658 1637 concipit
3713 1569 3932 1636 anima,

2227 1671 2342 1710 non
2375 1653 2622 1725 explicet
2650 1653 2873 1726 lingua.

2287 1749 2340 1801 2.
2373 1746 2480 1801 Sed
2542 1747 2814 1816 respondit
2843 1748 3014 1812 Jesus,
3046 1755 3098 1801 et
3127 1747 3276 1803 dixit
3297 1751 3346 1803 ei
3379 1766 3396 1802 :
3427 1749 3580 1816 Quod
3609 1765 3700 1821 ego
3759 1753 3928 1820 facio,

2219 1840 2282 1891 tu
2311 1837 2482 1891 nescis
2512 1835 2689 1902 modo,
2721 1837 2857 1892 scies
2886 1844 3071 1892 autem
3099 1845 3301 1908 postea.
3334 1837 3448 1893 Nec
3480 1843 3667 1894 tamen
3701 1840 3796 1895 ille
3827 1843 3932 1897 do-

2228 1925 2427 1980 minici
2452 1924 2587 1979 facti
2616 1924 2924 1980 altitudine
2951 1926 3279 1995 exterritus,
3305 1926 3587 1998 permittit
3619 1928 3739 1983 ﬁeri
3775 1933 3930 2000 quod

2227 2032 2332 2072 cur
2364 2017 2525 2071 ﬁeret
2555 2015 2857 2086 ignorabat
2882 2031 2894 2079 ;
2919 2016 3018 2070 sed
3057 2033 3242 2086 usque
3267 2017 3334 2072 ad
3369 2033 3503 2072 suos
3540 2019 3712 2088 pedes
3735 2019 3933 2075 humi-

2230 2104 2342 2160 lem
2375 2104 2668 2160 Christum
2699 2104 2890 2159 adhuc
2917 2121 3031 2160 non
3063 2105 3184 2160 vult
3206 2105 3416 2172 videre,
3442 2123 3558 2163 non
3590 2112 3773 2179 potest
3794 2127 3931 2165 sus-

2224 2195 2428 2251 tinere.
2461 2198 2577 2251 Non
2635 2195 2842 2252 tavabis
2874 2197 3034 2262 mitti,
3085 2196 3297 2267 inquit,
3328 2197 3485 2268 pedes
3522 2199 3582 2253 in
3637 2209 3930 2256 aeternum.

2224 2286 2370 2349 Quid
2405 2293 2515 2353 est,
2533 2289 2588 2341 in
2611 2289 2918 2343 aeternum?
2941 2287 3251 2357 Nunquam
3277 2287 3384 2343 hoc
3409 2289 3611 2354 feram,
3628 2307 3930 2362 nunquam

2226 2377 2430 2445 patiar,
2465 2391 2760 2446 nunquam
2797 2377 3018 2431 sinam:
3053 2377 3160 2432 hoc
3183 2378 3399 2448 quippe
3422 2379 3478 2433 in
3502 2383 3783 2436 internum
3820 2399 3932 2437 non

2226 2467 2309 2530 ﬁt,
2344 2467 2497 2536 quod
2522 2483 2822 2537 nunquam
2846 2466 2928 2520 lit.
2954 2467 3100 2522 Tum
3124 2467 3384 2523 Salvator
3402 2485 3619 2540 aegrum
3645 2471 3928 2527 reluctan-

2223 2558 2363 2622 tem,
2394 2556 2465 2610 de
2495 2555 2677 2625 ipsius
2709 2555 2921 2610 salutis
2965 2556 3217 2625 periculo
3250 2562 3580 2614 exterrens:
3613 2560 3674 2615 Si
3705 2576 3815 2615 non
3853 2563 3932 2615 ta-

2221 2659 2344 2699 vero
2373 2653 2440 2713 te,
2473 2645 2683 2716 inquit,
2717 2661 2825 2700 non
2849 2645 3070 2701 habebis
3096 2656 3312 2716 partem
3340 2664 3568 2704 mecum.
3600 2650 3682 2704 lta
3710 2651 3934 2707 dictum

2221 2737 2329 2800 est,
2363 2735 2421 2788 Si
2450 2749 2556 2789 non
2595 2735 2775 2790 lavero
2806 2743 2873 2802 te,
2908 2751 3042 2790 cum
3075 2736 3145 2790 de
3175 2735 3314 2792 solis
3346 2737 3590 2807 pedibus
3621 2746 3933 2819 ageretur;

2221 2824 2512 2894 quomodo
2535 2823 2646 2878 dici
2679 2823 2910 2894 assolet,
2942 2825 3145 2881 Calcas
3177 2843 3286 2893 me,
3320 2829 3554 2896 quando
3585 2829 3710 2884 sola
3734 2830 3939 2901 planta

2223 2915 2500 2972 calcatur.
2534 2918 2606 2969 At
2627 2915 2726 2970 ille
2757 2932 2950 2971 amore
2972 2921 3026 2971 et
3049 2917 3255 2972 timore
3289 2918 3682 2988 perturbatus,
3715 2925 3773 2976 et
3807 2922 3936 2990 plus

2223 3020 2607 3074 expavescens
2657 3005 2948 3060 Christum
2980 3006 3094 3061 sibi
3146 3008 3362 3078 negari,
3405 3025 3584 3078 quam
3634 3027 3826 3078 usque
3871 3014 3936 3067 ad

2223 3111 2362 3151 suos
2395 3097 2570 3166 pedes
2602 3094 2899 3152 humiliari
2935 3115 2947 3152 :
2981 3098 3226 3164 Domine,
3257 3098 3358 3164 ait,
3393 3115 3500 3155 non
3532 3104 3750 3156 tantum
3776 3104 3938 3174 pedes

2220 3200 2386 3250 meos,
2417 3185 2510 3240 sed
2539 3193 2588 3239 et
2615 3201 2812 3239 manus
2837 3190 2886 3240 et
2915 3196 3099 3255 caput.
3123 3188 3603 3259 Quandoquidem
3631 3191 3716 3246 sic
3749 3193 3937 3247 mina-

2223 3273 2323 3341 ris,
2359 3273 2604 3330 lavanda
2650 3274 2751 3329 tibi
2786 3277 3047 3330 membra
3079 3293 3229 3347 mea,
3264 3294 3378 3333 non
3418 3279 3610 3335 solum
3669 3282 3788 3336 ima
3827 3301 3936 3339 non

2223 3361 2524 3430 subtraho,
2558 3379 2755 3419 verum
2786 3365 2961 3419 etiam
2997 3365 3187 3436 prima
3211 3368 3541 3423 substerne.
3571 3369 3649 3427 Ne
3675 3370 3822 3426 mihi
3849 3389 3938 3427 ne-

2222 3467 2322 3521 ges
2380 3452 2720 3520 capiendam
2781 3460 2970 3508 tecum
3045 3459 3292 3525 partem,
3354 3455 3572 3511 nullam
3633 3459 3735 3513 tibi
3787 3477 3938 3530 nego

2221 3540 2572 3596 abluendam
2601 3541 2708 3597 mei
2741 3543 2998 3614 corporis
3031 3549 3273 3613 partem.

2289 3629 2342 3683 3.
2377 3630 2517 3684 Dicit
2545 3632 2597 3685 ei
2624 3631 2776 3686 Iesus
2804 3648 2822 3685 :
2856 3632 2962 3699 Qui
2990 3633 3130 3687 lotus
3162 3636 3262 3699 est,
3296 3650 3402 3688 non
3453 3635 3608 3691 habet
3639 3652 3772 3708 opus
3822 3640 3936 3694 nisi

2213 3718 2377 3789 pedes
2410 3719 2614 3784 lavare,
2649 3721 2750 3774 sed
2778 3728 2855 3775 est
2883 3720 3121 3776 mundus
3151 3725 3310 3777 totus.
3347 3722 3449 3780 llic
3483 3733 3774 3781 moveatur
3807 3728 3933 3784 for-

2219 3808 2397 3863 tassis
2427 3808 2580 3878 quis,
2615 3813 2672 3863 et
2699 3809 2854 3864 dicat
2886 3826 2898 3863 :
2935 3814 3055 3865 [mo
3087 3810 3135 3866 si
3172 3813 3426 3868 mundus
3457 3822 3542 3868 est
3573 3818 3744 3880 totus,
3783 3819 3930 3887 quid

2218 3897 2268 3952 ei
2301 3914 2446 3968 opus
2478 3902 2566 3954 est
2587 3898 2670 3953 vel
2704 3901 2878 3970 pedes
2909 3899 3098 3956 lavare
3120 3900 3447 3957 ?Dominus
3468 3908 3663 3960 autem
3686 3913 3930 3963 noverat

2217 3987 2373 4056 quod
2404 3986 2649 4055 dicebat,
2684 3988 2915 4043 etiamsi
2965 3994 3168 4044 nostra
3208 3990 3519 4047 inﬁrmitas
3541 3995 3666 4063 ejus
3699 4002 3929 4052 secreta

2219 4092 2331 4130 non
2353 4079 2631 4146 penetrat.
2683 4075 3090 4133 Verumtamen
3125 4088 3410 4150 quantum
3462 4097 3567 4139 nos
3594 4084 3833 4141 erudire
3876 4092 3929 4141 et

2216 4183 2285 4222 ex
2315 4166 2438 4236 lege
2468 4183 2576 4221 sua
2607 4167 2810 4222 docere
2841 4167 3254 4238 dignatur,pro
3287 4175 3459 4241 captu
3486 4189 3632 4239 meo,
3667 4187 3764 4242 pro
3799 4193 3928 4231 mo-

2215 4258 2351 4312 dulo
2385 4273 2530 4322 meo,
2553 4255 2770 4326 aliquid
2794 4259 2965 4312 etiam
2989 4274 3125 4330 ergo
3147 4260 3218 4314 de
3240 4260 3419 4330 hujus
3441 4263 3777 4332 quaestionis
3797 4283 3932 4337 pro-

2217 4347 2520 4412 funditate,
2558 4345 2652 4401 illo
2703 4346 3033 4418 adjuvante,
3085 4351 3466 4420 respondeam
3502 4369 3515 4407 :
3549 4368 3615 4409 ac
3660 4356 3923 4424 primum

2217 4436 2404 4508 ipsam
2439 4434 2793 4491 loeutionem
2828 4452 2938 4492 non
2969 4436 3078 4492 sibi
3111 4455 3235 4494 esse
3264 4440 3612 4496 contrariam
3650 4443 3928 4502 facillime

2215 4525 2543 4581 ostendam.
2579 4525 2718 4588 Quis
2740 4524 2896 4580 enim
2922 4541 3039 4582 non
3068 4527 3150 4582 ita
3179 4528 3502 4584 rectissime
3531 4529 3689 4602 loqui
3711 4536 3925 4604 possit,

2217 4614 2472 4670 Mundus
2503 4619 2591 4669 est
2637 4618 2813 4683 totus,
2849 4622 3051 4685 praeter
3093 4617 3312 4687 pedes?
3338 4617 3673 4690 Elegantius
3721 4629 3922 4681 autem

2215 4704 2472 4774 loquitur
2503 4702 2552 4758 si
2583 4702 2741 4769 dicit,
2774 4705 3024 4759 Mundus
3055 4709 3145 4760 est
3176 4710 3349 4774 totus,
3375 4707 3488 4762 nisi
3521 4710 3727 4779 pedes;
3763 4716 3922 4784 quod

2216 4794 2574 4850 tantumdem
2614 4792 2762 4848 valet
2795 4791 2835 4849 ¹.
2868 4797 2985 4848 Ηοο
3033 4809 3169 4866 ergo
3202 4795 3283 4850 ait
3313 4796 3615 4868 Dominus,
3645 4801 3767 4856 Non
3822 4806 3926 4860 ha-

2214 4886 2296 4940 bet
2325 4899 2454 4953 opus
2485 4883 2593 4937 nisi
2617 4882 2776 4952 pedes
2807 4883 3015 4950 lavare,
3046 4885 3140 4940 sed
3167 4889 3246 4941 est
3276 4887 3510 4942 mundus
3542 4896 3700 4945 totus.
3737 4892 3923 4948 Totus

2213 4975 2415 5044 utique
2471 4976 2675 5042 praeter
2733 4973 2926 5041 pedes,
2968 4972 3078 5043 vel,
3136 4973 3250 5030 nisi
3307 4977 3501 5046 pedes,
3543 4995 3687 5049 quos
3746 4981 3925 5039 habet

2213 5079 2359 5133 opus
2392 5062 2598 5116 lavare.

2283 5155 2335 5207 4.
2369 5150 2479 5206 Sed
2513 5149 2650 5221 quid
2674 5154 2763 5206 est
2792 5149 2900 5206 hoc
2921 5150 2948 5206 ?
2968 5151 3104 5220 quid
3137 5152 3249 5207 sibi
3270 5152 3438 5210 vult?
3468 5156 3606 5227 quid
3635 5157 3746 5214 hoc
3775 5159 3797 5194 ²
3821 5175 3924 5214 ne-

2213 5243 2529 5302 cessarium
2559 5247 2646 5297 est
2679 5247 2740 5297 ut
2770 5259 3098 5313 quaeramus
3125 5242 3151 5297 ?
3194 5243 3479 5302 Dominus
3511 5246 3673 5312 dicit,
3706 5251 3919 5306 veritas

2214 5332 2488 5403 loquitur,
2519 5331 2666 5400 quod
2715 5346 2858 5399 opus
2890 5329 3096 5386 habeat
3155 5332 3327 5403 pedes
3376 5332 3568 5391 lavare
3606 5335 3781 5391 etiam
3820 5337 3918 5392 ille

2213 5423 2310 5493 qui
2343 5420 2490 5476 lotus
2521 5422 2627 5474 est.
2682 5419 2851 5483 Quid,
2887 5420 3091 5476 fratres
3143 5420 3279 5486 mei,
3311 5420 3450 5491 quid
3496 5424 3711 5494 putatis
3740 5425 3767 5480 ?
3800 5425 3915 5480 nisi

2279 5550 2294 5582 ι
2321 5545 2470 5608 Unus
2498 5545 2699 5608 e_Mss.,
2731 5557 2855 5608 quos
2876 5547 3087 5594 tantum
3118 5546 3274 5596 lavet.

2276 5609 2298 5645 ²
2319 5607 2460 5670 Quid
2487 5606 2592 5664 hic,
2619 5606 2774 5670 juxta
2802 5607 2887 5657 Er.
2921 5609 3083 5671 Lugd.
3118 5609 3251 5660 Van.
3287 5611 3414 5661 Lov.
3473 5613 3540 5662 Μ.
