4148 6190
257 285 414 346 1789

251 424 389 494 quin
413 423 590 482 homo
615 427 674 482 in
701 432 900 483 sancto
923 430 1159 501 quidem
1188 433 1481 502 Baptismo
1506 439 1657 489 totus
1683 433 1959 502 abluitur,

251 531 363 570 non
389 521 599 586 praeter
638 520 828 588 pedes,
878 521 977 575 sed
1026 523 1184 576 totus
1241 526 1478 580 omnino
1524 529 1960 581 :verumtamen

1413 296 1882 356 TltACTA'I‘US
1929 296 2106 355 LVII.
2159 298 2410 359 CAPUT
2454 297 2611 358 XIII.

3626 289 3778 354 I790

2072 434 2271 501 leram,
2309 441 2369 489 ut
2399 437 2746 507 explicarem
2783 434 2932 488 sicut
2973 449 3224 502 possem,
3275 433 3772 502 quemadmodum

2071 523 2244 579 etiam
2282 543 2381 596 per
2409 531 2620 583 terram
2647 525 2910 580 veniatur
2941 524 3010 578 ad
3041 523 3374 592 Christum;
3405 539 3540 580 cum
3583 525 3775 593 potius

249 620 379 658 cum
413 606 470 659 in
506 607 681 662 rebus
732 608 1004 665 humanis
1055 620 1248 680 postea
1297 613 1530 680 vivitur,
1562 616 1763 686 utique
1811 621 1964 672 terra
2062 616 2378 685 jubeamur
2407 636 2531 689 quae
2563 634 2799 673 sursum
2833 621 2973 672 sunt
3021 632 3296 686 quaerere,
3335 632 3447 672 non
3489 633 3616 686 quae
3675 633 3773 671 su-

249 693 524 750 calcatur.
550 695 663 767 Ipsi
698 696 876 768 igitur
904 700 1142 755 humani
1180 701 1440 769 affectus,
1477 706 1603 760 sine
1654 706 1871 775 quibus
1902 707 1959 761 in

2067 724 2167 779 per
2197 720 2408 768 terram
2443 715 2661 782 (Coloss.
2699 731 2782 778 ιιι,
2825 715 2869 780 ι,
2902 713 2980 782 2).
3017 711 3264 766 Sursum
3299 707 3454 762 enim
3504 707 3773 762 Christus

248 783 354 839 hac
375 783 731 840 mortalitate
754 803 866 841 non
891 789 1116 856 vivitur,
1143 793 1302 862 quasi
1341 793 1515 863 pedes
1561 802 1715 860 sunt,
1762 794 1857 848 ubi
1893 810 1960 850 ex
2064 805 2148 855 est
2174 805 2377 859 sedens
2400 805 2469 858 ad
2497 806 2785 859 dexteram
2809 803 3025 857 Patris:
3053 801 3152 856 sed
3177 799 3432 870 profecto
3451 802 3507 853 et
3530 797 3620 852 hic
3643 802 3732 852 est
3759 815 3769 852 :

247 874 528 930 humanis
553 877 726 932 rebus
751 878 1074 947 efﬁcimur;
1103 885 1157 935 et
1183 882 1262 936 sic
1287 883 1596 952 efﬁcimur,
1633 883 1766 939 utsi
1799 886 1958 940 dixe-

247 963 434 1019 rimus
465 965 603 1036 quia
637 972 936 1036 peccatum
972 985 1083 1024 non
1119 969 1422 1039 habemus,
1459 989 1570 1027 non
1605 973 1762 1044 ipsos
1802 974 1956 1027 deci-

245 1055 577 1124 piamus,et
598 1057 813 1113 veritas
841 1060 893 1113 in
922 1058 1088 1115 nobis
1114 1077 1226 1116 non
1252 1062 1326 1117 sit
1349 1063 1395 1134 (I
1428 1065 1640 1129 Joan.1,
1677 1065 1751 1134 8).
1802 1065 1956 1128 Quo-

243 1144 382 1200 tidie
424 1144 607 1216 igitur
657 1147 832 1215 pedes
882 1147 1035 1204 lavat
1087 1150 1279 1217 nobis,
1315 1151 1407 1220 qui
1469 1151 1800 1223 interpellat
1850 1169 1951 1223 pro

238 1235 408 1290 nobis
439 1237 620 1303 (Rom.
650 1253 769 1300 νιιι,
790 1237 876 1307 34)
903 1255 914 1291 :
940 1245 995 1292 et
1017 1239 1278 1309 quotidie
1303 1256 1405 1294 nos
1442 1257 1588 1310 opus
1631 1242 1835 1296 habere
1887 1244 1951 1295 ut

236 1324 416 1396 pedes
450 1323 734 1395 lavemus,
769 1327 826 1382 id
857 1331 966 1395 est,
1018 1328 1140 1384 vias
1191 1329 1589 1401 spiritualium
1641 1346 1950 1400 gressuum

232 1415 588 1486 dirigamus,
641 1415 697 1470 in
746 1417 872 1488 ipsa
925 1419 1182 1474 oratione
1237 1420 1532 1476 dominica
1581 1420 1947 1481 conﬁtemur.

231 1521 364 1559 cum
390 1505 660 1568 dicimus.
693 1507 918 1562 Dimitte
938 1509 1092 1563 nobis
1113 1508 1293 1564 debita
1333 1518 1542 1577 nostra,
1583 1513 1722 1564 sicut
1760 1517 1812 1565 et
1849 1527 1950 1565 nos

229 1593 572 1647 dimittimus
591 1593 934 1650 debitoribus
957 1596 1158 1651 nostris
1186 1597 1406 1666 (Matth.
1432 1615 1506 1658 v1,
1547 1599 1652 1665 l2).
1680 1598 1739 1652 Si
1792 1599 1946 1653 enim

228 1683 618 1751 can/iteamur,
651 1683 1103 1756 sicutscriptum
1147 1691 1252 1756 est,
1295 1694 1515 1757 peccata
1557 1691 1762 1745 nostra.
1816 1703 1946 1758 pro-

230 1773 384 1828 tecto
408 1773 506 1827 ille
525 1774 622 1844 qui
650 1773 781 1827 lavit
817 1775 988 1844 pedes
1040 1774 1460 1844 discipulorum
1519 1792 1784 1841 suorum,
1815 1776 1945 1844 ﬁde-

229 1864 300 1917 lis
321 1870 402 1917 est
432 1867 483 1917 et
500 1863 684 1932 justus
704 1866 798 1934 qui
844 1864 1092 1918 dimittat
1139 1865 1291 1919 nobis
1328 1872 1570 1936 peccata,
1620 1875 1668 1920 et
1719 1864 1943 1920 munde!

229 1972 331 2010 nos
354 1955 423 2009 ab
445 1954 915 2026 omniiniquitate
936 1956 978 2022 (l
1009 1957 1173 2010 Joan.
1202 1973 1240 2015 1,
1272 1957 1346 2022 9),
1381 1955 1435 2010 id
1489 1963 1594 2022 est,
1634 1971 1820 2025 usque
1880 1955 1948 2009 ad

233 2048 411 2118 pedes
445 2047 665 2116 quibus
704 2061 1120 2101 conversamur
1150 2046 1209 2100 in
1244 2054 1413 2100 terra.

301 2142 355 2194 5.
386 2139 634 2195 Proinde
659 2137 908 2193 Ecclesia
930 2153 1104 2206 quam
1139 2138 1378 2192 mundat
1415 2136 1686 2191 Christus
1729 2137 1949 2191 lavacro

227 2230 481 2301 aquain
505 2231 699 2294 verbo,
724 2244 837 2282 non
861 2226 1267 2282 soluminillis
1308 2232 1396 2282 est
1439 2227 1564 2282 sine
1613 2225 1845 2282 macula
1893 2229 1951 2281 et

230 2333 380 2386 ruga
410 2316 634 2385 (Ephes.
669 2333 721 2383 v,
751 2317 844 2383 26,
865 2316 976 2386 27),
1012 2317 1111 2386 qui
1147 2325 1276 2387 post
1307 2317 1601 2371 lavacrum
1633 2331 1949 2388 regenera-

226 2405 412 2460 tionis
444 2407 724 2460 continuo
756 2423 824 2459 ex
852 2405 1028 2475 hujus
1070 2406 1202 2462 vitae
1250 2406 1590 2476 contagione
1645 2405 1948 2470 tolluntur,

227 2511 334 2550 nec
367 2494 598 2550 calcant
630 2500 842 2551 terram
887 2501 952 2549 ut
1001 2511 1148 2566 cpus
1199 2496 1442 2551 habeant
1491 2497 1666 2566 pedes
1717 2495 1947 2554 lavare;

223 2601 432 2640 verum
458 2585 635 2640 etiam
661 2585 717 2639 in
743 2585 813 2640 iis
838 2585 1056 2656 quibus
1086 2584 1261 2640 istam
1307 2585 1761 2641 misericordiam
1813 2601 1950 2654 prte-

231 2677 381 2731 bene
412 2676 724 2738 Dominus,
760 2675 891 2730 fecit
922 2691 1020 2730 eos
1069 2675 1139 2730 de
1187 2675 1399 2731 saeculo
1451 2676 1559 2730 isto
1601 2675 1731 2730 lotis
1773 2675 1946 2730 etiam

222 2766 479 2834 pedibus
503 2765 806 2835 emigrare.
833 2765 896 2818 In
920 2763 1011 2818 hi
1036 2769 1229 2820 autem
1265 2765 1363 2835 qui
1409 2765 1502 2818 hic
1548 2765 1946 2830 demorentur,

218 2855 464 2910 etiamsi
488 2855 706 2910 munda
727 2854 826 2919 sit,
848 2854 1123 2923 quoniam
1142 2856 1298 2924 juste
1323 2855 1557 2922 vivunt;
1583 2871 1730 2924 opus
1753 2859 1946 2910 tamen

221 2947 447 3001 habent
506 2947 680 3015 pedes
729 2944 944 3010 lavare,
986 2944 1260 3014 quoniam
1304 2944 1430 3000 sine
1481 2950 1713 3014 peccato
1751 2945 1948 3013 utique

224 3052 345 3088 non
382 3040 546 3088 sunt.
583 3033 824 3103 Propter
853 3032 961 3087 hoc
994 3031 1134 3087 dicit
1169 3032 1228 3086 in
1277 3032 1514 3088 Cantico
1563 3033 1946 3098 canticorum,

223 3127 362 3178 Lari
391 3126 556 3194 pedes
581 3122 1034 3192 meos;quomodo
1061 3122 1362 3192 inquinabo
1394 3122 1515 3176 illos
1539 3123 1726 3190 (Cant.
1766 3139 1818 3189 ν,
1849 3120 1946 3188 3)?

224 3213 381 3270 Dicit
407 3212 564 3268 enim
591 3213 694 3267 hoc
733 3227 863 3266 cum
906 3212 1132 3281 cogitur
1170 3213 1239 3266 ad
1279 3211 1571 3266 Christum
1623 3212 1836 3277 venire,
1890 3215 1948 3265 et

233 3307 454 3356 terram
484 3301 705 3356 calcare
737 3317 870 3356 cum
901 3301 1077 3356 venit.
1103 3301 1227 3355 Alia
1258 3301 1500 3370 quaestio
1525 3316 1725 3354 rursus
1769 3300 1948 3354 exori-

218 3400 340 3448 tur.
370 3391 581 3446 Nonne
601 3390 872 3445 Christus
903 3407 1138 3444 sursum
1170 3391 1304 3444 est?
1335 3406 1527 3444 uonne
1575 3390 1835 3444 ascendit
1885 3389 1944 3444 in

221 3482 468 3547 cmlum,
494 3485 551 3535 et
575 3481 735 3534 sedet
760 3481 828 3534 ad
851 3480 1144 3535 dexteram
1185 3479 1372 3535 Patris
1393 3480 1420 3533 ‘t
1461 3495 1650 3533 nonne
1699 3481 1913 3548 Aposto
1931 3509 1944 3516 -

219 3573 315 3627 lus
350 3570 591 3634 clamat,
628 3574 683 3624 et
705 3568 864 3632 dicit,
898 3569 954 3624 Si
983 3585 1108 3638 ergo
1143 3568 1522 3625 resurrexistis
1559 3585 1682 3623 cum
1719 3568 1944 3636 Christo,

219 3675 351 3731 quae
373 3675 598 3714 sursum
629 3665 753 3713 sunt
785 3659 982 3728 sapite,
1013 3659 1108 3713 ubi
1139 3659 1381 3713 Christus
1413 3663 1490 3712 est
1539 3661 1606 3712 ad
1664 3658 1946 3713 dexteram

217 3753 312 3806 Dei
343 3749 556 3812 sedens,
593 3764 714 3819 quae
750 3764 968 3805 sursum
1007 3757 1135 3803 sunt
1174 3750 1427 3818 quaerite,
1473 3765 1583 3804 non
1630 3764 1750 3816 qua
1785 3764 1948 3816 super

219 3850 430 3894 terram
451 3839 674 3901 (Coloss.
703 3855 786 3906 111,
825 3837 1369 3904 tet2)?Quomodo
1409 3853 1547 3907 ergo
1590 3846 1648 3891 ut
1673 3839 1738 3890 ad
1780 3835 1948 3889 Chri-

217 3941 380 3986 stum
404 3945 633 3997 eamus,
662 3934 878 3983 terram
903 3928 1126 3983 calcare
1152 3928 1586 3998 compellimur;
1605 3943 1735 3981 cum
1755 3926 1946 3997 potius

225 4020 406 4075 nobis
429 4035 664 4073 sursum
689 4035 787 4072 cor
809 4018 1144 4073 habendum
1168 4018 1243 4072 sit
1263 4019 1332 4072 ad
1362 4019 1694 4082 Dominum,
1722 4022 1784 4072 ut
1813 4031 1947 4071 cum

219 4108 329 4162 illo
364 4122 491 4161 esse
523 4106 820 4176 possimus
842 4105 868 4158 ?
900 4105 1145 4171 Videtis,
1181 4106 1410 4170 fratres,
1444 4105 1704 4160 hodierni
1732 4113 1946 4174 tempo-

223 4198 308 4251 ris
336 4196 638 4266 angustias
662 4196 837 4249 istam
868 4200 1161 4250 coarctare
1187 4197 1590 4265 quaestionem.
1625 4196 1785 4258 Quod
1821 4200 1877 4248 et
1898 4192 1946 4248 si

224 4303 329 4340 vos
364 4286 510 4340 torte
542 4285 740 4339 minus
774 4284 998 4351 videtis,
1026 4301 1130 4355 ego
1164 4290 1484 4356 utcumque
1522 4286 1686 4339 video
1719 4292 1946 4354 quantas

225 4374 649 4444 disputationis
674 4373 948 4444 indigeat.
978 4372 1137 4428 Unde
1162 4378 1290 4443 peto
1323 4379 1386 4427 ut
1418 4389 1542 4427 eam
1587 4373 1779 4444 potius
1820 4389 1946 4427 sus-

228 4464 425 4532 pendi,
441 4479 620 4532 quam
637 4462 725 4516 vel
747 4461 1133 4533 negligentiue
1154 4462 1241 4517 vel
1263 4463 1564 4533 angustius
1589 4460 1945 4532 pertractari,

233 4570 358 4608 non
415 4553 709 4617 fraudata,
761 4555 860 4607 sed
920 4551 1096 4607 dilata
1144 4553 1568 4624 exspectatione
1627 4551 1944 4624 patiamini.

226 4641 429 4696 Aderit
451 4642 607 4695 enim
629 4642 912 4696 Dominus
931 4641 1031 4712 qui
1075 4658 1178 4697 nos
1222 4641 1509 4698 debitores
1548 4642 1703 4707 facit,
1762 4646 1824 4696 ut
1875 4641 1949 4696 fa-

221 4729 340 4782 ciat
369 4728 548 4783 etiam
584 4728 926 4783 redditores.

776 4853 1199 4912 TRACTATUS
1242 4855 1406 4909 LVII.

296 4969 545 5036 Quonam
567 4969 724 5024 modo
747 4969 1193 5026 Ecclesiatimeat
1226 4973 1516 5041 inquinare
1541 4969 1717 5042 pedes,
1746 4969 1876 5024 dum

793 5062 970 5130 pergit
989 5061 1057 5115 ad
1082 5061 1373 5116 Christum.

297 5190 347 5238 t.
374 5183 839 5239 Nonimmemor
860 5187 972 5240 mei
1011 5186 1358 5256 debiii,jam
1403 5187 1681 5240 reddendi
1715 5193 1945 5257 tempus

228 5290 498 5345 agnosco.
529 5274 714 5327 Donet
736 5275 886 5328 unde
911 5277 1172 5342 reddam,
1197 5277 1296 5346 qui
1326 5277 1565 5330 donavit
1586 5281 1646 5330 ut
1679 5277 1943 5333 debeam.

230 5363 646 5419 Donavitenim
681 5362 1075 5433 dilectionem,
1100 5366 1171 5420 de
1194 5381 1306 5435 qua
1324 5365 1542 5420 dictum
1581 5371 1691 5430 est,
1727 5365 1945 5423 Nemini

231 5457 529 5523 quidquam
551 5451 814 5518 debeatis,
836 5454 949 5508 nisi
966 5461 1025 5508 ut
1048 5455 1279 5507 invicem
1306 5454 1554 5525 diligatis
1591 5456 1764 5520 (Rom.
1817 5471 1940 5524 x111,

229 5545 317 5610 8);
350 5545 532 5598 donet
562 5540 739 5596 etiam
772 5557 1126 5611 sermonem,
1166 5559 1339 5613 quem
1390 5545 1556 5600 video
1608 5560 1700 5599 me
1738 5544 1943 5601 debere

235 5633 474 5692 dilectis.
495 5630 1005 5704 Exspcctationem
1026 5636 1279 5696 vestram
1299 5635 1366 5692 ad
1395 5634 1504 5692 hoc
1533 5651 1742 5714 nempe
1762 5635 1942 5694 distu-

2066 898 2298 964 propter
2331 900 2484 965 quod
2520 902 2574 951 et
2604 896 2775 952 Saulo
2829 897 2886 949 in
2936 899 3087 949 terra
3137 891 3392 947 saevienti
3438 889 3597 956 dicit,
3633 890 3773 957 Quid

2060 997 2146 1036 me
2168 987 2507 1056 persequeris
2536 987 2674 1055 (Act.
2714 1003 2790 1050 ιιι,
2814 986 2866 1054 Il)
2891 983 2918 1037 ‘i’
2942 983 3013 1037 Ut
3036 987 3228 1036 autem
3255 980 3360 1034 hoc
3387 979 3765 1050 quaerendum

2059 1073 2513 1144 susciperemus,
2538 1077 2590 1130 id
2623 1077 2982 1131 tractabatur
3003 1073 3153 1144 quod
3180 1072 3354 1142 pedes
3380 1070 3660 1123 Dominus
3683 1071 3768 1123 di-

2059 1161 2297 1229 scipulis
2327 1162 2487 1228 lavit,
2521 1180 2651 1218 cum
2681 1165 2803 1233 jam
2837 1163 2946 1232 ipsi
2978 1159 3251 1231 discipuli
3279 1158 3374 1214 loti
3409 1162 3627 1224 essent,
3663 1173 3766 1212 nec

2057 1263 2202 1318 opus
2229 1249 2521 1314 haberent,
2548 1249 2658 1304 nisi
2685 1251 2858 1320 pedes
2884 1251 3090 1303 lavare.
3118 1247 3223 1301 Ubi
3244 1247 3434 1300 visum
3473 1253 3556 1299 est
3591 1244 3763 1298 intel-

2057 1337 2352 1407 ligendum
2385 1341 2538 1410 quod
2575 1341 2868 1410 Baptismo
2903 1339 3139 1409 quidem
3175 1337 3346 1390 homo
3382 1339 3537 1390 totus
3570 1333 3763 1388 ablui-

2055 1431 2179 1494 tur;
2233 1429 2331 1483 sed
2357 1430 2495 1484 dum
2523 1430 2634 1484 isto
2658 1433 2858 1499 postea
2880 1429 3014 1482 vivit
3039 1428 3096 1481 in
3121 1427 3348 1490 saeculo,
3379 1424 3646 1478 humanis
3675 1425 3765 1477 af-

2054 1516 2302 1571 fectibus
2337 1523 2550 1574 terram
2585 1518 2741 1573 velut
2773 1517 3020 1589 pedibus
3069 1515 3322 1579 calcans,
3373 1513 3500 1584 ipsa
3545 1511 3766 1566 scilicet

2053 1608 2488 1662 conversatione
2522 1608 2649 1662 vitze
2685 1608 2879 1677 hujus,
2916 1604 3210 1660 contrahit
3258 1603 3409 1657 unde
3460 1601 3636 1665 dicat,
3672 1602 3764 1655 Di-

2049 1697 2204 1748 mitte
2223 1695 2375 1749 nobis
2405 1698 2590 1752 debita
2622 1706 2807 1752 nostra
2836 1697 3046 1767 (Matth.
3084 1711 3158 1760 v1,
3195 1694 3304 1763 12).
3339 1693 3417 1746 Ac
3454 1690 3537 1745 sic
3584 1689 3760 1744 etiam

2050 1779 2186 1834 inde
2223 1784 2534 1838 inundatur
2565 1785 2636 1838 ab
2668 1800 2733 1839 eo
2775 1786 2873 1854 qui
2909 1782 3084 1854 pedes
3109 1780 3249 1835 lavit
3288 1776 3592 1848 discipulis
3637 1775 3762 1831 suis

2050 1872 2230 1939 (Joan.
2283 1889 2406 1939 xm,
2458 1874 2536 1944 5),
2593 1891 2692 1928 nec
2760 1873 2974 1928 desinit
3023 1869 3388 1941 interpellare
3439 1884 3541 1936 pro
3593 1866 3761 1921 nobis

2057 1959 2232 2030 (Rom.
2265 1977 2384 2026 vm,
2411 1963 2519 2032 34).
2553 1964 2695 2018 Hinc
2727 1967 3104 2018 occurrerunt
3142 1977 3208 2016 ex
3247 1960 3481 2013 Cantico
3521 1955 3768 2010 cantico-

2059 2065 2187 2104 rum
2215 2052 2478 2108 Ecclesire
2509 2055 2683 2108 verba
2729 2053 2998 2120 dicentis,
3051 2054 3182 2106 Lavi
3213 2049 3372 2121 pedes
3409 2063 3588 2106 meos;
3629 2061 3764 2116 quo-

2058 2140 2215 2196 modo
2241 2141 2540 2212 inquinabo
2562 2159 2649 2198 eos
2670 2146 2696 2195 ?
2725 2160 2857 2198 cum
2884 2143 3048 2198 vellet
3083 2142 3184 2209 ire,
3229 2145 3286 2195 et
3324 2138 3547 2208 aperire
3584 2136 3634 2189 ei
3667 2135 3765 2205 qui

2057 2235 2288 2285 venerat
2311 2234 2381 2286 ad
2429 2247 2576 2298 eam,
2617 2237 2672 2287 et
2713 2232 3061 2303 pulsaverat,
3087 2229 3314 2300 sibique
3355 2225 3560 2296 aperiri
3591 2242 3764 2295 popo-

2059 2324 2267 2388 scerat,
2293 2319 2387 2375 ille
2409 2323 2707 2392 speciosus
2730 2323 2915 2375 forma
2941 2337 3058 2391 pres
3083 2319 3216 2374 filiis
3249 2315 3557 2372 hominum
3581 2312 3763 2383 (Psal.

2060 2423 2203 2472 xuv,
2237 2409 2310 2478 3).
2346 2410 2492 2466 Hinc
2514 2409 2750 2481 quaestio
2784 2415 2914 2465 nata
2950 2414 3039 2464 est
3084 2423 3261 2478 quam
3313 2407 3602 2460 coarctare
3656 2417 3766 2455 no-

2060 2495 2274 2552 luimus
2305 2499 2594 2570 anguetiis
2625 2500 2924 2569 temporis,
2949 2497 3195 2567 ideoque
3221 2493 3578 2557 distulimus,
3614 2507 3766 2562 quo-

2056 2600 2190 2640 nam
2255 2590 2425 2644 modo
2475 2588 2730 2645 Ecclesia
2779 2588 2978 2642 timeat
3024 2587 3329 2655 inquinare
3379 2583 3576 2652 pedes,
3625 2581 3765 2632 dum

2059 2675 2246 2745 pergit
2267 2677 2335 2731 ad
2360 2677 2680 2746 Christum,
2704 2694 2848 2746 quos
2882 2677 3228 2746 baptismate
3266 2673 3485 2727 laverat
3532 2667 3762 2724 Christi.

2126 2765 2180 2816 2:
2206 2765 2298 2820 Sic
2320 2766 2475 2822 enim
2500 2768 2616 2822 ait:
2649 2790 2676 2816 ‹‹
2721 2767 2836 2838 Ego
2877 2765 3128 2832 dormio,
3152 2767 3208 2818 et
3241 2777 3339 2817 cor
3385 2775 3578 2815 meum
3620 2757 3764 2827 vigi-

2058 2853 2140 2909 lat
2165 2871 2177 2921 ;
2205 2871 2304 2910 vos
2333 2857 2625 2912 fratrueli
2647 2857 2754 2912 mei
2814 2857 3007 2927 pulsat
3045 2855 3116 2910 ad
3156 2854 3389 2922 ianuam
3419 2848 3631 2904 Deinde
3679 2846 3765 2899 di-

2057 2946 2134 3000 cit
2164 2947 2336 3000 etiam
2371 2948 2494 3017 ipse
2531 2965 2543 3002 :
2578 2969 2605 2996 ‹‹
2660 2948 2829 3017 Aperi
2881 2946 3048 3014 mihi,
3103 2961 3268 3001 soror
3307 2957 3455 3005 mea,
3509 2937 3767 3008 proxima

2060 3051 2206 3103 mea,
2236 3035 2505 3090 columba
2529 3051 2678 3106 mea,
2699 3037 2954 3108 perfecta
2976 3050 3145 3100 mea;
3182 3033 3322 3104 quia
3362 3033 3529 3100 caput
3568 3041 3766 3082 meum

2059 3121 2340 3192 repletum
2377 3127 2464 3177 est
2523 3141 2671 3192 rore,
2731 3127 2786 3178 et
2842 3123 3033 3179 crines
3093 3122 3205 3175 mei
3257 3118 3445 3175 noctis
3499 3114 3701 3186 guttis.
3739 3132 3764 3162 ι

2058 3215 2120 3265 Et
2142 3213 2454 3282 respondet
2487 3212 2611 3268 illa:
2645 3213 2833 3268 «Exui
2859 3211 3263 3266 memetunica
3285 3223 3436 3270 mea;
3472 3203 3764 3274 quomodo

2057 3300 2298 3355 induam
2323 3317 2450 3355 eam
2473 3302 2500 3356 ?
2524 3303 2651 3356 Lavi
2678 3303 2850 3371 pedes
2875 3316 3035 3355 meos
3061 3319 3074 3356 :
3109 3297 3399 3367 quomodo
3440 3291 3760 3362 inquinabo

2057 3388 2188 3444 illos
2223 3411 2250 3440 ››
2283 3391 2468 3458 (Cant.
2502 3407 2553 3460 ν,
2585 3394 2640 3459 2,
2663 3389 2764 3459 3)?
2806 3390 2848 3444 Ο
2899 3384 3244 3444 admirabile
3289 3386 3722 3439 sacramentum
3750 3379 3762 3431 ι

2054 3495 2088 3536 o
2109 3480 2328 3550 grande
2352 3482 2687 3550 mysterium
2713 3480 2723 3532 l
2747 3481 2969 3551 Ergone
3000 3477 3166 3532 timet
3205 3471 3514 3543 inquinare
3567 3467 3760 3538 pedes,

2060 3569 2346 3623 veniendo
2373 3569 2443 3624 ad
2468 3585 2598 3624 eum
2629 3571 2722 3640 qui
2758 3569 2898 3624 lavit
2935 3580 3172 3622 suorum
3211 3560 3632 3631 discipulorum
3667 3571 3766 3625 pe-

2055 3658 2158 3713 des
2179 3657 2204 3711 ?
2226 3657 2416 3713 Timet
2443 3662 2615 3725 certe,
2644 3659 2778 3730 quia
2803 3675 2903 3730 per
2925 3665 3138 3712 terram
3163 3652 3321 3707 venit
3359 3649 3430 3704 ad
3470 3662 3629 3711 eum,
3661 3643 3762 3714 qui

2055 3749 2227 3803 etiam
2252 3750 2306 3802 in
2327 3753 2482 3804 terra
2501 3754 2609 3815 est,
2634 3749 2772 3821 quia
2803 3765 2937 3805 suos
2984 3746 3078 3802 hic
3118 3742 3462 3800 constitutos
3498 3754 3612 3793 non
3657 3736 3764 3791 de-

2055 3837 2324 3892 eerit.An
2353 3854 2464 3892 non
2491 3839 2614 3908 ipse
2652 3844 2748 3905 ait,
2797 3840 2924 3894 Ecce
2970 3853 3063 3908 ego
3104 3835 3375 3889 vobiscum
3423 3845 3545 3884 sum
3594 3840 3764 3895 usque

2054 3928 2123 3983 ad
2143 3933 2663 3985 consummationem
2686 3930 2879 3986 saeculi
2907 3927 3112 3998 (Matth.
3138 3940 3333 3988 xxvru,
3359 3921 3449 3989 20)
3471 3919 3498 3972 ‘t
3522 3921 3604 3971 An
3649 3929 3763 3970 non

2057 4020 2181 4091 ipse
2204 4021 2304 4086 ait,
2343 4019 2597 4075 Videbitis
2619 4020 2776 4074 caelos
2809 4027 3044 4090 apertos,
3090 4020 3137 4071 et
3179 4014 3404 4084 Angelos
3451 4010 3540 4063 Dei
3580 4020 3766 4061 ascen-

2055 4110 2242 4164 dentes
2264 4116 2314 4166 et
2334 4111 2715 4166 descendentes
2735 4110 2803 4164 ad
2840 4108 3050 4164 Filium
3083 4106 3322 4160 hominis
3360 4103 3537 4171 (Joan.
3563 4113 3601 4166 1,
3623 4096 3715 4165 51)
3736 4095 3762 4148 ?

2056 4199 2112 4253 Si
2140 4201 2464 4254 ascendunt
2485 4201 2553 4254 ad
2579 4215 2711 4254 eum
2738 4203 3037 4270 propterea
3066 4195 3206 4266 quia
3229 4205 3466 4247 sursum
3489 4190 3600 4250 est,
3625 4200 3765 4251 quo-

2058 4289 2228 4344 modo
2259 4291 2326 4344 ad
2359 4304 2492 4344 eum
2527 4289 2906 4354 descendunt,
2943 4287 2989 4342 si
3023 4301 3136 4339 non
3169 4283 3340 4336 etiam
3369 4277 3463 4330 hic
3508 4272 3642 4329 est?
3675 4271 3762 4324 Di—

2056 4380 2136 4434 cit
2165 4395 2298 4450 ergo
2323 4379 2615 4434 Ecclesia:
2650 4381 2779 4432 Lavi
2828 4378 2986 4446 pedes
3035 4387 3213 4436 meos,-
3244 4365 3518 4440 quomodo
3579 4361 3762 4429 inqui-

2056 4469 2194 4523 nabo
2217 4485 2304 4523 eos
2326 4472 2350 4520 γ
2371 4469 2432 4523 In
2450 4469 2534 4523 eis
2557 4467 2664 4522 hoc
2687 4465 2828 4520 dicit
2850 4465 2948 4536 qui
2969 4466 3211 4532 possunt
3237 4455 3394 4513 omni
3421 4455 3555 4507 fasce
3589 4465 3760 4502 mun-

2057 4557 2174 4611 dati
2199 4557 2387 4612 dicere
2412 4575 2424 4610 :
2450 4556 2618 4626 Cupio
2645 4554 2865 4610 dissolvi
2886 4557 2940 4607 et
2961 4566 3074 4606 esse
3103 4563 3226 4602 cum
3250 4545 3494 4609 Christo,
3538 4553 3764 4608 perma-

2056 4661 2185 4700 nere
2213 4654 2396 4701 autem
2428 4648 2483 4698 in
2540 4661 2705 4700 carne
2757 4645 2935 4711 magis
2983 4638 3351 4694 necessarium
3404 4633 3625 4702 prapter
3675 4641 3763 4680 vos

2055 4735 2325 4806 (Philipp.
2364 4753 2402 4801 1,
2433 4735 2500 4788 23
2524 4741 2574 4789 et
2602 4733 2742 4804 21s)?
2775 4733 2837 4786 In
2873 4731 2956 4787 eis
2988 4729 3098 4785 hoc
3128 4725 3273 4781 dicit
3303 4723 3402 4794 qui
3445 4717 3762 4790 pradicant

2057 4825 2354 4881 Christum
2373 4830 2430 4881 et
2451 4825 2717 4896 aperiunt
2738 4821 2821 4878 illi
2843 4819 3083 4884 ostium,
3111 4823 3174 4872 ut
3197 4816 3412 4871 habitet
3435 4826 3536 4882 per
3585 4807 3758 4896 ﬁdem

2057 4915 2115 4969 in
2139 4916 2412 4971 cordibus
2434 4895 2739 4969 hominum
2762 4911 2974 4982 (Ephes.
3003 4925 3087 4977 ιιι,
3115 4907 3223 4978 17).
3245 4906 3309 4960 In
3337 4903 3428 4958 bis
3452 4901 3557 4954 hoc
3598 4895 3756 4957 dicit.

2057 5020 2189 5059 cum
2223 5004 2544 5061 deliberant
2575 5008 2772 5058 utrum
2821 4998 3213 5056 ministerium
3263 4992 3377 5048 tale
3415 4984 3758 5056 suscipiant,

2056 5098 2148 5152 cui
2178 5115 2236 5152 se
2271 5098 2465 5152 minus
2495 5095 2733 5150 idoneos
2764 5091 3120 5154 existimant,
3155 5095 3213 5142 ut
3255 5085 3378 5138 sine
3427 5077 3599 5148 culpa
3655 5076 3762 5127 im-

2057 5188 2271 5256 pleant,
2306 5203 2374 5242 ne
2410 5188 2549 5241 forte
2584 5185 2713 5238 aliis
2757 5181 3153 5251 praedicantes,
3190 5174 3297 5244 ipsi
3344 5168 3569 5240 reprobi
3622 5166 3760 5218 llant

2052 5277 2100 5345 (l
2133 5278 2249 5331 Cor.
2278 5294 2354 5343 ιιι,
2378 5277 2488 5344 27).
2514 5275 2724 5329 Tutius
2747 5270 2900 5324 enim
2925 5269 3130 5324 veritas
3154 5262 3383 5318 audilur
3406 5273 3575 5329 quam
3615 5270 3760 5323 prae—

2053 5368 2312 5422 dicatur:
2339 5365 2613 5436 quoniam
2639 5378 2769 5415 cum
2796 5358 3046 5421 auditur,
3075 5351 3376 5408 humilitas
3399 5346 3754 5436 custoditur;

2051 5473 2184 5512 cum
2219 5435 2414 5510 autem
2449 5450 2808 5523 praedicatur,
2842 5447 2933 5501 vix
2965 5461 3080 5500 non
3123 5441 3388 5512 subrepit
3432 5437 3616 5493 cuivis
3650 5435 3757 5491 ho-

2052 5548 2274 5602 minum
2301 5534 3154 5614 quantulacumquejactantia,
3184 5533 3241 5586 in
3276 5547 3388 5602 qua
3430 5528 3630 5598 utique
3664 5525 3755 5582 in-

2048 5638 2369 5711 quinentur
2401 5633 2596 5707 pedes.
