4178 6192
399 273 548 334 1791

463 410 515 463 3.
553 410 721 483 Ergo,
749 421 803 468 ut
822 416 1119 486 apostolus
1142 417 1394 474 Jacobus
1418 419 1579 488 dicit,
1605 421 1661 474 Si
1719 418 1898 476 omnis
1946 419 2108 474 homo

391 498 550 554 velox
572 503 656 558 ad
680 504 1040 574 audiendum,
1077 511 1265 564 tardus
1294 513 1476 564 autem
1506 509 1575 564 ad
1624 509 1951 582 loquendum
2002 508 2109 579 (Ja-

392 589 513 644 cobi
545 609 582 656 ι,
616 592 724 661 19).
766 594 908 650 Dicit
940 603 996 651 et
1027 598 1174 654 alius
1219 599 1393 654 homo
1428 599 1545 665 Dei,
1581 599 1811 654 Auditui
1843 615 1960 654 meo
2005 597 2110 652 da-

397 678 474 733 bis
498 681 762 747 gaudium
783 689 833 738 ct
861 685 1142 753 laetitiam,
1167 699 1218 742 et
1266 689 1615 743 exsultabant
1647 706 1767 743 ossa
1814 688 2110 742 humiliata

397 769 573 834 (Psal.
608 788 662 838 ι,
693 774 797 834 10).
825 775 942 831 Hoc
963 781 1051 830 est
1073 778 1223 847 quod
1249 779 1386 847 dixi,
1411 783 1547 833 Cum
1586 780 1802 834 veritas
1848 779 2106 840 auditur,

398 857 701 915 humilitas
723 864 1065 918 custoditur.
1120 866 1270 920 Dicit
1320 872 1375 921 et
1425 867 1600 935 alius,
1650 870 1867 923 Amicus
1925 877 2110 922 autem

398 951 580 1017 sponsi
599 958 702 1004 stat
721 956 771 1004 et
793 953 956 1007 audit
973 969 1118 1018 eum,
1151 963 1201 1009 et
1229 956 1433 1024 gaudio
1455 959 1659 1027 gaudet
1680 963 1906 1029 propter
1927 973 2110 1012 vocem

393 1041 575 1106 sponsi
603 1041 780 1107 (Joan.
820 1059 904 1105 iu,
936 1045 1048 1115 29).
1096 1046 1381 1102 Fruamur
1429 1050 1659 1116 auditu,
1693 1050 1818 1104 sine
1864 1049 2109 1119 strepitu

399 1127 567 1181 nobis
592 1127 1239 1200 loquenteintrinsecus
1259 1138 1519 1194 veritate.
1558 1141 1898 1210 Quanquam
1936 1139 2106 1192 etiam

399 1232 532 1271 cum
558 1218 883 1279 forinsecus
908 1223 1140 1280 insonat
1163 1243 1262 1297 per
1281 1227 1594 1298 legentem,
1621 1246 1722 1300 per
1753 1229 2107 1284 annuntian-

398 1313 532 1400 tem,
569 1325 664 1378 per
696 1314 1131 1383 praedicantem,
1167 1334 1268 1389 per
1300 1319 1726 1390 disputantem,
1761 1337 1861 1400 per
1905 1319 2110 1390 praeci-

399 1396 672 1465 pientem,
736 1417 833 1472 per
893 1406 1310 1474 consolantem,
1371 1423 1468 1478 per
1526 1396 1949 1476 exhortantem,
2010 1424 2111 1480 per

396 1485 592 1553 ipsum
623 1489 797 1544 etiam
831 1497 1166 1550 cantantem
1195 1501 1368 1567 atque
1412 1497 1793 1569 psallentem;
1847 1499 1958 1569 ipsi
2009 1499 2107 1568 qui

396 1574 515 1628 hinc
539 1583 740 1647 agunt,
776 1579 1089 1652 inquinare
1119 1587 1293 1655 pedes
1330 1603 1470 1642 suos
1525 1589 1787 1655 timeant,
1813 1604 1945 1642 cum
1999 1587 2112 1656 pla-

396 1678 524 1719 cere
553 1665 892 1727 hominibus
917 1674 1264 1745 subrepente
1289 1693 1483 1732 amore
1509 1677 1778 1732 humanae
1804 1676 1990 1732 laudis
2027 1677 2114 1731 ai-

400 1753 638 1811 fectant.
674 1759 950 1819 Czeterum
986 1766 1083 1835 qui
1121 1782 1219 1822 eos
1250 1767 1413 1823 audit
1447 1769 1697 1824 libenter
1747 1773 1802 1824 et
1855 1770 1965 1839 pie,
2001 1785 2112 1823 non

401 1841 572 1898 habet
600 1845 787 1902 locum
813 1850 1073 1919 jactandi
1098 1870 1155 1907 se
1198 1855 1254 1908 in
1303 1854 1599 1910 laboribus
1640 1856 1880 1922 alienis;
1913 1861 1970 1910 et
2003 1872 2116 1909 non

399 1932 620 1991 inflatis
647 1939 901 2006 ossibus,
926 1944 1022 1997 sed
1053 1942 1375 1999 humiliatis
1398 1947 1610 2017 gaudio
1632 1948 1847 2018 gaudet
1888 1950 2120 2016 propter

405 2040 600 2079 vocem
629 2028 937 2085 dominica:
959 2032 1232 2086 veritatis.
1261 2034 1506 2090 Proinde
1527 2035 1585 2090 in
1620 2036 1704 2090 eis
1743 2036 1841 2107 qui
1875 2036 2121 2090 libenter

405 2118 461 2166 et
491 2113 793 2171 humiliter
841 2120 1038 2175 audire
1089 2127 1396 2189 noverunt,
1429 2128 1486 2178 et
1533 2125 1708 2180 vitam
1760 2124 2018 2195 quietam
2061 2125 2118 2178 in

402 2205 610 2260 studiis
633 2206 906 2263 dulcibus
945 2215 1002 2264 et
1025 2211 1360 2268 salubribus
1383 2218 1582 2284 agunt,
1608 2220 1806 2270 sancta
1825 2214 2122 2270 delicietur

397 2292 672 2360 Ecclesia,
707 2301 764 2352 et
785 2297 961 2365 dicat,
992 2300 1103 2368 Ego
1135 2300 1366 2369 dormio,
1414 2308 1466 2358 et
1513 2320 1604 2360 eor
1655 2322 1836 2361 meum
1892 2304 2107 2376 vigilat.

395 2383 540 2446 Quid
573 2389 680 2451 est,
715 2389 821 2458 Ego
851 2388 1082 2459 dormio,
1117 2395 1171 2445 et
1213 2407 1308 2445 cor
1356 2409 1536 2448 meum
1583 2396 1826 2464 vigilat;
1870 2397 2005 2461 nisi,
2037 2393 2118 2449 ita

399 2473 633 2542 quiesco
653 2479 716 2529 ut
736 2477 1227 2534 audiam‘lOtium
1255 2497 1442 2536 meum
1471 2500 1585 2538 non
1616 2484 1982 2556 impenditur
2021 2499 2121 2539 nu-

394 2565 631 2621 triendae
654 2567 908 2636 desidiae,
949 2571 1048 2625 sed
1077 2571 1460 2642 percipiendas
1508 2576 1825 2645 sapientiai.
1870 2577 1979 2643 Ego
1999 2575 2123 2630 dor-

395 2654 526 2720 mio,
549 2664 600 2711 et
620 2673 713 2711 cor
734 2675 913 2713 meum
939 2660 1171 2731 vigilat:
1195 2677 1353 2730 vaco,
1377 2668 1432 2717 et
1453 2665 1612 2720 video
1631 2666 1908 2736 quoniam
1954 2670 2013 2719 tu
2053 2679 2115 2719 es

399 2745 686 2802 Dominus
716 2749 890 2818 (Psal.
923 2769 1052 2819 xav,
1085 2754 1135 2824 1)
1172 2772 1184 2809 :
1211 2753 1351 2827 quia
1378 2754 1654 2825 sapientia
1673 2755 1870 2812 scribw
1892 2755 1948 2809 in
1984 2763 2120 2809 tem-

390 2848 523 2902 pore
539 2836 670 2888 otii:
696 2845 747 2890 et
779 2841 876 2907 qui
905 2839 1225 2897 minoratur
1257 2847 1534 2916 netu,ipse
1566 2843 1826 2914 percipiet
1856 2859 1973 2898 eam
2006 2844 2119 2914 (Ec.

389 2923 481 2980 cli.
516 2929 748 2992 xxxviii,
789 2929 901 3000 25).
957 2930 1063 3001 Ego
1116 2931 1351 2998 dormio,
1395 2943 1444 2988 et
1491 2948 1585 2988 cor
1629 2949 1810 2989 meum
1872 2932 2107 3002 vigilat:

389 3028 502 3084 ego
525 3015 830 3086 requiesco
869 3035 903 3073 ο.
934 3021 1254 3093 negotiosis
1282 3023 1531 3090 actibus,
1566 3029 1622 3079 et
1671 3025 1900 3079 animus
1953 3040 2115 3080 meus

397 3101 620 3158 divinis
653 3121 714 3160 se
751 3107 999 3164 intendit
1027 3111 1336 3166 affectibus
1367 3115 1407 3167 ¹.

465 3191 516 3245 4.
540 3193 646 3247 Sed
674 3194 729 3249 in
754 3195 826 3251 iis
849 3198 946 3269 qui
973 3198 1082 3255 isto
1107 3201 1276 3256 modo
1300 3201 1555 3256 suaviter
1587 3208 1638 3256 et
1675 3201 1980 3258 humiliter
2016 3219 2102 3258 re-

393 3279 720 3349 quiescunt,
740 3284 878 3339 dum
909 3287 1089 3343 otiose
1116 3288 1442 3344 oblectatur
1467 3289 1890 3359 Ecclesia,ecce
1909 3291 2121 3362 'pulat

401 3368 497 3425 ille
520 3371 618 3441 qui
638 3372 722 3428 ait
746 3389 758 3427 :
786 3396 815 3424 ‹‹
837 3377 971 3440 Quae
995 3378 1123 3434 dico
1145 3380 1310 3435 vobis
1335 3379 1393 3435 in
1417 3381 1693 3448 tenebris,
1714 3380 1889 3436 dicite
1928 3382 1980 3435 in
2026 3383 2116 3438 ln-

391 3461 579 3527 mine;
601 3470 652 3516 et
679 3465 836 3534 quod
861 3466 916 3520 in
939 3484 1078 3524 aure
1099 3470 1337 3537 auditis,
1375 3470 1684 3542 praidicate
1703 3488 1885 3542 super
1908 3476 2058 3528 tecta
2089 3495 2116 3524 ››

381 3548 585 3617 (Matth.
621 3570 673 3620 χ,
709 3555 818 3624 27).
860 3556 972 3613 Vox
1011 3573 1150 3628 ergo
1202 3561 1330 3630 ejus
1385 3559 1586 3633 pulsat
1637 3562 1709 3617 ad
1754 3563 2030 3633 januam,
2063 3573 2120 3623 et

385 3638 525 3693 dicit
562 3657 574 3693 :
611 3663 638 3689 ‹‹
673 3645 840 3714 Aperi
879 3646 1046 3712 mihi,
1096 3665 1264 3704 soror
1316 3665 1463 3716 mea,
1520 3651 1788 3722 proxima
1835 3668 1988 3720 mea,
2022 3669 2116 3707 co-

387 3727 590 3784 tumba
610 3735 1021 3804 mea,pert‘ecta
1035 3753 1193 3806 mea;
1224 3740 1362 3810 quia
1385 3745 1565 3812 caput
1604 3757 1797 3797 meum
1831 3741 2113 3813 repletum

392 3823 482 3873 est
513 3836 658 3887 rore,
685 3828 742 3878 et
767 3825 956 3880 crines
981 3828 1082 3882 mei
1109 3828 1297 3885 noctis
1321 3831 1519 3901 guttis.
1570 3854 1598 3880 »
1648 3832 1816 3887 Velut
1861 3832 1908 3887 si
1960 3832 2112 3890 dice-

393 3913 496 3972 ret,
529 3909 612 3964 Tu
646 3927 836 3980 vacas,
870 3918 928 3969 et
955 3921 1158 3970 contra
1193 3933 1284 3972 me
1335 3920 1554 3974 ostium
1607 3920 1875 3976 clausum
1923 3927 2012 3977 est
2041 3922 2064 3956 ³
2093 3929 2113 3973 :

394 4001 456 4051 tu
488 4000 690 4056 studes
719 4003 832 4057 otio
866 4021 1207 4074 paucorum,
1234 4009 1641 4064 etabundante
1679 4011 1987 4083 iniquitate
2017 4030 2113 4070 re-

387 4085 643 4158 frigescit
705 4091 958 4148 charitas
1028 4096 1345 4152 multorum
1405 4099 1512 4169 (Id.
1589 4116 1744 4170 xxxv,
1808 4102 1916 4172 l2).
1989 4102 2112 4159 Nox

389 4176 620 4248 quippe,
646 4179 924 4253 iniquitas
945 4201 1005 4240 es
1029 4201 1042 4239 :
1068 4202 1162 4241 ros
1199 4202 1331 4243 vero
1367 4187 1495 4257 ejus
1534 4197 1584 4244 et
1620 4194 1820 4261 guttas,
1854 4190 1913 4245 hi
1964 4195 2101 4247 sunt

389 4270 486 4340 qui
514 4272 896 4345 refrigescunt
921 4282 977 4332 et
1007 4279 1246 4346 cadunt,
1269 4285 1324 4335 et
1342 4280 1563 4336 faciunt
1586 4282 1963 4355 refrigescere
2011 4301 2110 4340 ca—

392 4368 493 4430 put
516 4361 751 4433 Christi,
778 4365 883 4421 hoc
905 4373 1015 4432 est,
1047 4374 1245 4425 utnon
1273 4375 1514 4426 ametur
1535 4373 1710 4427 Deus.
1749 4373 1928 4444 Caput
1961 4374 2116 4431 enim

396 4451 610 4508 Christi
635 4456 784 4510 Deus
807 4458 852 4528 (l
885 4461 1006 4514 Cor.
1037 4475 1109 4526 ιι,
1140 4460 1211 4532 3).
1240 4459 1345 4515 Sed
1381 4466 1686 4532 portantur
1727 4461 1785 4516 in
1829 4463 2112 4535 crinibus,

393 4543 452 4597 id
479 4547 587 4609 est,
623 4544 678 4598 in
713 4549 1097 4604 sacramentis
1128 4549 1462 4606 visibilibus
1496 4551 1854 4607 tolerantur:
1894 4569 2110 4625 nequa.

390 4650 564 4703 quam
585 4634 858 4693 interiora
883 4656 1092 4694 sensus
1120 4642 1653 4713 attingunt.Pulsat
1683 4661 1818 4716 ergo
1843 4649 1906 4699 ut
1937 4662 2113 4701 excu-

382 4717 756 4793 tiatquietem
780 4729 994 4782 sanctis
1018 4730 1240 4798 otiosis,
1279 4737 1334 4787 et
1373 4732 1608 4800 clamat,
1642 4736 1803 4806 Aperi
1846 4735 2008 4804 mihi,
2043 4736 2111 4792 de

392 4814 678 4886 sanguine
721 4831 847 4872 meo
887 4833 1042 4873 soror
1093 4836 1233 4889 mea,
1277 4821 1348 4876 de
1387 4838 1620 4878 accessu
1679 4839 1806 4879 meo
1854 4827 2108 4896 proxima

389 4920 529 4972 mea,
563 4904 633 4959 de
665 4904 870 4976 spiritu
907 4923 1032 4963 meo
1070 4909 1326 4967 columba
1365 4927 1507 4982 mea,
1541 4912 1612 4969 de
1661 4928 1929 4969 sermone
1979 4929 2107 4971 meo

391 5012 564 5068 quem
607 4994 834 5066 plenius
879 5013 944 5051 ex
988 4997 1105 5054 otio
1145 4999 1396 5056 didicisti
1446 5004 1696 5073 perfecta
1745 5018 1903 5068 mea;
1950 5003 2106 5074 aperi

399 5087 563 5153 mihi,
586 5087 1066 5158 praedicameAd
1097 5103 1196 5144 eos
1229 5091 1445 5162 quippe
1475 5091 1571 5162 qui
1607 5091 1946 5148 clauserunt
1969 5109 2105 5149 con-

398 5180 486 5229 tra
512 5193 619 5240 mc,
649 5177 942 5248 quomodo
975 5177 1204 5234 intrabo
1244 5179 1369 5235 sine
1415 5181 1705 5252 aperiente
1729 5183 1757 5237 ?
1808 5183 2105 5255 quomodo

397 5265 549 5320 enim
584 5268 818 5323 audient
850 5267 976 5324 sine
1007 5269 1353 5340 prmdicante
1382 5271 1557 5342 (Rom.
1593 5289 1647 5338 x,
1684 5273 1768 5343 14)
1791 5273 1820 5328 ?

462 5356 514 5409 5.
542 5355 680 5412 Hinc
707 5357 768 5413 tit
792 5361 1049 5414 utetiam
1079 5359 1133 5414 hi
1165 5359 1263 5432 qui
1300 5366 1500 5416 amant
1543 5361 1722 5417 otium
1771 5362 2099 5419 studiorum

395 5440 701 5513 bonorum,
737 5451 792 5502 et
824 5449 1028 5504 nolunt
1059 5451 1278 5522 perpeti
1324 5448 1747 5508 laboriosarum
1803 5453 2104 5510 molestias

466 5591 483 5653 ξ
507 5586 634 5653 '_I'_res
662 5591 801 5645 Mss.,
827 5595 1102 5653 aﬂatibus.

463 5650 484 5685 2
505 5649 652 5713 Mss.,
677 5655 725 5702 et
748 5649 931 5704 contra
951 5669 1030 5703 me
1051 5654 1290 5710 clausum
1311 5661 1419 5725 est;
1437 5661 1634 5715 omissa
1650 5674 1800 5728 voco,
1829 5661 2036 5715 ostium.

1353 283 1428 341 lN
1475 283 1797 344 JOANNlS
1839 280 2372 352 EVANGELIUM,
2420 283 2485 340 S.
2534 281 2956 342 AUGUSTlNl

3772 278 3913 338 1792

2222 415 2540 482 actionum,
2565 433 2630 471 eo
2644 417 2800 488 quod
2824 416 3020 470 minus
3036 416 3276 472 idoneos
3293 416 3365 471 ad
3380 415 3499 470 hac
3515 413 3923 479 ministranda,

2220 508 2277 559 et
2302 503 2427 560 sine
2460 505 2909 577 reprehensione
2949 506 3174 576 agenda
3223 521 3284 560 se
3334 505 3624 569 sentiunt;
3672 501 3924 567 mallent,

2221 594 2272 649 si
2305 593 2424 648 fieri
2450 599 2664 663 posset,
2698 599 2928 650 sanctos
2959 594 3246 666 apostolos
3276 598 3332 648 et
3379 592 3782 663 praedicatores
3829 607 3926 645 ve-

2221 683 2410 738 ritatis
2443 684 2718 754 antiquos
2760 682 2992 739 excitari
3031 684 3307 739 adversus
3359 682 3775 738 abundantiam
3820 681 3928 733 ini-

2221 772 2478 844 quitatis,
2513 789 2630 844 qua
2661 775 2845 828 fervor
2878 773 3074 844 friguit
3105 773 3427 828 charitatis.
3460 771 3571 826 Sed
3614 771 3673 826 in
3715 771 3797 826 eis
3825 770 3925 841 qui

2212 862 2336 932 jam
2359 863 2429 916 de
2453 878 2687 933 corpore
2709 863 2990 929 exierunt,
3015 868 3072 918 et
3105 862 3299 918 carnis
3341 862 3680 918 indumento
3719 876 3925 931 exspo-

2221 949 2344 1004 liuti
2369 958 2503 1005 sunt
2527 952 2738 1021 (neque
2760 952 2912 1006 enim
2936 951 3006 1005 ab
3031 966 3092 1005 ea
3119 951 3367 1020 separati
3395 950 3577 1020 sunt),
3611 949 3928 1020 respondet

2221 1039 2500 1107 Ecclesia,
2523 1041 2670 1095 Exui
2700 1058 2784 1096 me
2807 1040 2996 1095 tunica
3019 1057 3178 1107 mea;
3205 1041 3467 1113 quomodo
3491 1041 3730 1096 induam
3769 1056 3886 1094 eam
3907 1044 3930 1092 ?

2222 1128 2551 1198 Recipietur
2572 1130 2812 1201 quidem
2845 1128 2944 1184 illa
2971 1132 3190 1198 tunica,
3225 1134 3280 1186 et
3309 1130 3369 1186 in
3397 1131 3481 1186 eis
3498 1130 3742 1201 quijam
3767 1129 3928 1184 exuti

2220 1223 2381 1288 sunt,
2435 1236 2641 1274 rursus
2685 1219 2962 1276 vestietur
3009 1236 3179 1275 carne
3230 1219 3530 1276 Ecclesia:
3567 1236 3683 1276 non
3734 1223 3929 1275 tamen

2221 1323 2372 1363 nunc
2420 1310 2653 1380 quando
2705 1311 3111 1365 fervefaciendi
3172 1314 3309 1366 sunt
3364 1309 3579 1377 frigidi,
3633 1310 3733 1366 sed
3791 1313 3935 1364 tunc

2221 1401 2450 1470 quando
2474 1400 2852 1456 resurrecturi
2885 1406 3024 1456 sunt
3051 1402 3283 1457 mortui.
3309 1403 3489 1457 Passa
3512 1417 3644 1470 ergo
3681 1399 3937 1455 difﬁcul-

2219 1492 2400 1544 tatem
2463 1495 2694 1560 propter
2743 1489 2996 1559 inOpiam
3051 1490 3520 1561 praedicatorum,
3564 1496 3622 1546 et
3679 1489 3939 1545 recolens

2219 1572 2324 1633 illa
2353 1596 2461 1634 sua
2491 1581 2751 1634 membra
2781 1596 2924 1634 sana
2975 1581 3367 1647 sermonibus,
3400 1584 3600 1636 sancta
3650 1580 3938 1646 moribus,

2223 1670 2321 1724 sed
2347 1670 2471 1738 jam
2505 1673 2674 1724 exuta
2704 1670 3067 1740 corporibus,
3097 1668 3340 1739 ingemit
3379 1674 3435 1724 et
3476 1670 3618 1725 dicit
3658 1669 3938 1740 Ecclesia,

2225 1761 2373 1814 Exui
2399 1776 2482 1813 me
2513 1760 2701 1814 tunica
2725 1774 2878 1824 mea;
2899 1758 3159 1829 quomodo
3207 1759 3433 1813 induam
3477 1775 3596 1814 eam
3620 1767 3646 1813 Ρ
3679 1759 3940 1815 Membra

2227 1847 2320 1902 illa
2346 1865 2472 1904 mea
2497 1865 2621 1919 quas
2645 1848 2867 1902 Christo
2899 1847 3122 1919 aperire
3158 1847 3609 1920 evangelizando
3651 1849 3936 1904 excellen-

2229 1937 2449 1994 tissime
2474 1942 2807 2007 potuerunt,
2833 1938 3126 2009 quomodo
3149 1939 3218 1992 ad
3249 1953 3491 2010 corpora
3529 1938 3741 2008 quibus
3766 1945 3938 1993 exuta

2229 2036 2387 2094 sunt,
2420 2029 2604 2083 redire
2639 2045 2793 2083 nunc
2833 2027 3121 2098 possunt?

2300 2123 2352 2175 6.
2389 2119 2602 2175 Deinde
2634 2118 2945 2190 respiciens
2977 2120 3044 2174 ad
3087 2135 3181 2174 eos
3213 2119 3312 2190 qui
3373 2120 3702 2192 pradicare,
3735 2126 3791 2175 et
3844 2138 3940 2192 po-

2231 2211 2402 2281 pulos
2433 2209 2733 2280 acquirere
2754 2225 2820 2263 ac
2854 2224 3064 2280 regere,
3098 2226 3162 2264 ac
3195 2209 3277 2264 sic
3317 2209 3543 2265 Christo
3594 2211 3818 2281 aperire
3853 2217 3943 2264 ut-

2230 2314 2478 2370 cumque
2502 2306 2764 2369 possunt,
2797 2299 2896 2354 sed
2932 2299 2990 2354 in
3034 2299 3126 2353 his
3158 2299 3606 2354 difﬁcultatibus
3639 2299 3939 2355 actionum

2231 2404 2468 2461 peccare
2502 2392 2790 2454 metuunt,
2829 2387 3212 2459 Lavi,inquit,
3242 2387 3399 2459 pedes
3451 2405 3638 2454 meos;
3682 2390 3947 2461 quomodo

2230 2478 2531 2549 inquinabo
2555 2476 2684 2532 illos
2707 2479 2737 2530 ?
2758 2477 3031 2548 Quisquis
3053 2477 3206 2532 enim
3233 2477 3288 2533 in
3315 2478 3486 2532 verbo
3523 2495 3638 2533 non
3679 2480 3946 2550 oti‘endit,

2232 2566 2326 2622 hic
2360 2567 2648 2637 perfectus
2681 2575 2768 2621 est
2797 2566 2898 2620 vir.
2935 2568 3002 2623 Et
3035 2566 3166 2637 quis
3201 2571 3287 2621 est
3322 2568 3609 2638 perfectus
3631 2567 3658 2621 ?
3692 2569 3828 2640 quis
3862 2573 3950 2625 est

2230 2655 2324 2726 qui
2348 2672 2464 2710 non
2488 2654 2728 2709 offendit
2752 2655 2806 2709 in
2834 2660 2995 2710 tanta
3018 2656 3377 2710 abundantia
3400 2654 3756 2728 iniquitatis,
3777 2661 3948 2713 tanto

2232 2745 2446 2818 frigore
2477 2745 2779 2801 charitatis
2802 2745 2828 2799 ‘i
2854 2746 2982 2801 Lavi
3009 2745 3168 2818 pedes
3218 2762 3424 2807 meos
3449 2749 3713 2818 quomodo
3764 2750 3948 2821 inqui.

2229 2837 2366 2892 nabo
2387 2838 2513 2891 eos?
2534 2835 3018 2906 Quandoquidem
3053 2836 3197 2910 lego,
3223 2841 3278 2891 et
3317 2837 3512 2902 audio,
3549 2839 3725 2894 Nolite
3778 2841 3948 2894 multi

2228 2927 2490 2998 magistri
2497 2924 2650 2995 ﬁeri,
2663 2929 2888 2996 fratres,
2910 2927 3168 2998 quoniam
3181 2926 3359 2998 majus
3372 2927 3654 2996 judicium
3682 2931 3906 2985 sumitis
3929 2949 3946 2982 :

2229 3015 2290 3070 in
2315 3016 2499 3070 multis
2519 3015 2669 3070 enim
2693 3016 3019 3087 offendimus
3039 3031 3228 3071 omnes
3251 3016 3480 3078 (Jacobi.
3518 3033 3602 3083 lil,
3630 3019 3678 3083 1,
3702 3021 3776 3089 2).
3814 3020 3950 3074 Lavi

2228 3106 2384 3178 pedes
2403 3121 2546 3163 meos
2568 3106 2868 3179 ;quomodo
2892 3107 3194 3178 inquinabo
3232 3111 3366 3162 eos?
3404 3107 3514 3162 Sed
3557 3124 3688 3165 ecce
3741 3126 3948 3181 surgo,

2229 3203 2281 3252 et
2303 3196 2519 3268 aperio.
2564 3196 2812 3264 Christe,
2859 3195 2990 3252 lava
3023 3213 3143 3265 eos,
3185 3198 3399 3252 Dimitte
3430 3197 3584 3252 nobis
3623 3197 3809 3252 debita
3852 3216 3949 3256 no-

2227 3289 2363 3352 stra,
2396 3285 2668 3355 quoniam
2695 3302 2810 3339 non
2832 3289 2922 3340 est
2942 3286 3226 3341 exstincta
3255 3285 3506 3340 charitas
3532 3295 3730 3341 nostra
3764 3304 3776 3341 :
3810 3287 3953 3358 quia

2229 3379 2279 3430 et
2307 3390 2402 3430 nos
2441 3375 2774 3430 dimittimus
2822 3375 3155 3430 debitoribus
3202 3378 3400 3431 nostris
3456 3375 3666 3446 (Matth.
3699 3393 3778 3446 Vi,
3838 3379 3950 3448 12).

2229 3465 2461 3530 Quando
2503 3471 2558 3521 te
2599 3466 2893 3532 audimus,
2925 3465 3213 3521 exsultant
3262 3471 3456 3520 tecum
3499 3466 3558 3520 in
3607 3465 3952 3524 coelestibus

2227 3572 2359 3612 ossa
2392 3556 2697 3613 humiliata
2721 3557 2893 3628 (Psal.
2927 3575 2976 3622 ι,
3013 3558 3121 3628 10).
3155 3557 3262 3613 Sed
3296 3557 3528 3628 quando
3562 3561 3617 3612 te
3665 3558 3952 3628 praedica-

2228 3661 2382 3709 mus,
2409 3656 2618 3702 terram
2650 3647 2944 3702 calcamus
2975 3650 3038 3701 ut
3069 3646 3175 3701 tibi
3209 3647 3533 3717 aperiamus
3567 3663 3578 3700 :
3616 3651 3671 3702 et
3713 3647 3852 3703 ideo
3904 3650 3948 3703 si

2227 3736 2730 3809 reprehendimur,
2756 3736 3195 3808 perturbamur;
3220 3735 3265 3791 si
3284 3735 3942 3804 laudamur,inﬂamur.

2228 3826 2379 3882 Lava
2397 3827 2570 3897 pedes
2584 3831 2810 3884 nostros
2825 3831 2958 3882 ante
2978 3828 3309 3897 mundatos,
3325 3828 3423 3881 sed
3445 3843 3580 3883 cum
3591 3829 3660 3883 ad
3679 3830 3948 3900 aperien-

2223 3917 2363 3973 dum
2388 3917 2487 3972 tibi
2514 3934 2610 3988 per
2631 3921 2844 3972 terram
2887 3916 3203 3988 pergimus,
3225 3916 3582 3988 inquinatos.
3622 3917 3747 3973 Haec
3767 3919 3941 3975 vobis

2225 4005 2397 4062 hodie
2410 4007 2551 4062 satis
2566 4007 2704 4072 sint,
2721 4007 3111 4063 dilectissimi.
3135 4006 3193 4062 Si
3215 4006 3345 4078 quid
3361 4023 3522 4065 secus
3544 4025 3720 4080 quam
3748 4025 3938 4081 opor-

2222 4095 2305 4150 tui
2329 4095 2587 4152 dicentes
2611 4096 2868 4153 fortassis
2892 4097 3257 4164 offendimus,
3289 4097 3375 4153 vel
3413 4097 3685 4154 laudibus
3724 4101 3939 4156 vestris

2217 4185 2661 4242 immoderatius
2693 4203 2870 4258 quam
2903 4187 3154 4258 oportuit
3199 4186 3402 4243 elevati
3443 4203 3690 4254 sumus;
3743 4189 3940 4262 impe-

2223 4277 2368 4332 trate
2391 4276 2830 4332 mundationem
2866 4275 3111 4348 pedibus
3143 4275 3383 4343 nostris,
3407 4277 3522 4333 Deo
3565 4277 3939 4349 placentihus

2222 4365 2583 4422 orationibus
2614 4366 2840 4423 vestris.

2735 4493 3169 4550 TRACTATUS
3211 4492 3406 4548 LVIII.

2221 4621 2295 4677 Ab
2325 4636 2384 4676 eo
2424 4620 2562 4691 quod
2603 4622 2863 4675 Dominus
2897 4619 3053 4689 dicit,
3103 4621 3173 4675 Et
3220 4636 3320 4675 vos
3371 4622 3572 4676 mundi
3633 4623 3791 4690 estis,
3830 4627 3933 4683 sed

2291 4728 2404 4766 non
2438 4727 2670 4778 omnes;
2704 4726 2872 4782 usque
2911 4709 2980 4764 ad
3028 4711 3108 4773 id.
3160 4710 3506 4781 Exemplum
3557 4712 3687 4768 dedi
3739 4716 3932 4782 vobis,

2289 4800 2865 4871 utquemadmodum
2884 4814 2989 4869 ego
3011 4799 3118 4854 feci
3139 4800 3325 4866 vobis,
3351 4801 3428 4854 ita
3445 4809 3499 4855 et
3537 4818 3636 4857 vos
3673 4803 3926 4862 faciali.

2288 4889 2418 4961 Cap.
2458 4905 2581 4955 xm,
2614 4890 2663 4949 1.
2701 4889 2875 4942 1οο15.

2289 5017 2337 5072 1.
2371 5015 2496 5071 Jam
2529 5015 2628 5070 illa
2666 5015 2837 5070 verba
2888 5013 3206 5086 Evangelii,
3239 5014 3336 5070 ubi
3386 5015 3671 5073 Dominus
3720 5018 3930 5078 lavana

2214 5106 2390 5179 pedes
2430 5103 2730 5173 discipulis
2781 5103 2925 5170 suis,
2977 5103 3076 5170 ait,
3130 5103 3236 5171 Qui
3277 5103 3417 5159 lotus
3461 5114 3538 5161 est
3592 5107 3779 5174 semel,
3813 5126 3928 5167 non

2215 5198 2375 5254 habet
2393 5197 2766 5251 necessitatem
2787 5196 2896 5250 nisi
2914 5193 3070 5264 pedes
3102 5199 3310 5262 lavare,
3332 5197 3430 5252 sed
3472 5201 3549 5251 est
3585 5200 3826 5256 mundus
3848 5209 3928 5258 to-

2211 5297 2300 5348 tus
2329 5294 2503 5363 (Joan.
2538 5305 2660 5354 xui,
2720 5290 2831 5361 10),
2881 5288 3191 5345 Dilectioni
3244 5295 3466 5359 vestro,
3519 5295 3581 5346 ut
3630 5291 3922 5350 Dominus

2213 5383 2426 5439 donare
2456 5380 2733 5451 dignatus
2763 5383 2871 5446 est,
2904 5380 3283 5452 exposuimus
3313 5396 3328 5434 :
3363 5396 3521 5436 nunc
3549 5381 3700 5453 quod
3728 5384 3923 5452 sequi-

2211 5477 2307 5529 tur
2363 5472 2684 5528 videamus.
2741 5471 2803 5526 Et
2831 5484 2937 5536 vos,
3001 5469 3212 5540 inquit,
3243 5471 3451 5526 mundi
3489 5474 3638 5538 estis,
3681 5471 3772 5528 sed
3809 5489 3924 5529 non

2211 5560 2556 5618 omnes.Hoc
2578 5561 2718 5631 quid
2735 5558 2809 5614 sit
2839 5573 2910 5614 ne
2947 5574 3357 5629 quareremus,
3393 5560 3515 5630 ipse
3556 5561 3926 5632 Evangelista

2211 5649 2502 5726 patefecit,
2549 5650 2872 5724 adiungens
2897 5665 2912 5722 ί
2944 5648 3156 5709 Sciebat
3187 5651 3333 5709 enim
3367 5649 3620 5725 quisnam
3659 5661 3797 5711 esset
3827 5653 3928 5723 qui
