4178 6192
300 288 463 353 1793

300 430 543 485 traderet
575 446 698 487 eum
718 448 740 496 ;
759 431 1043 500 propterea
1072 426 1213 482 dixit
1238 444 1253 480 :
1286 427 1402 482 Non
1433 430 1559 483 estis
1588 430 1784 485 mundi
1811 447 2012 486 omnes.

302 520 453 585 Quid
487 520 596 575 hoc
620 518 915 591 apertius?
937 516 1184 573 Proinde
1207 517 1273 571 ad
1298 521 1602 589 sequentia
1623 525 2011 576 transeamus.

373 610 427 663 2.
464 613 763 679 Postquam
801 622 925 679 ergo
956 608 1090 661 lavit
1127 605 1285 677 pedes
1313 622 1521 672 eorum,
1544 619 1595 664 et
1620 613 1822 680 accepit
1850 612 2014 665 vesti-

301 704 491 754 menta
538 716 639 753 sua
662 715 682 760 ;
712 714 839 753 cum
876 697 1214 753 recubuisset
1245 695 1468 763 iterum,
1491 698 1634 754 dixit
1669 703 1746 755 eis
1788 719 1806 754 :
1856 702 2017 757 Scitis

300 788 435 859 quid
462 791 691 859 fecerim
720 787 868 843 vobis
890 789 917 841 ?
946 787 1109 841 Nunc
1140 790 1228 842 est
1258 792 1321 843 ut
1351 787 1517 843 beato
1550 789 1713 845 Petro
1745 791 2017 845 reddatur

300 877 401 932 illa
427 877 741 949 promissio
775 894 787 932 :
823 875 1036 932 dilatus
1066 877 1218 931 enim
1271 878 1477 946 fuerat,
1511 880 1741 948 quando
1772 895 2013 950 expave-

299 968 513 1035 scenti,
546 976 601 1022 et
628 966 861 1035 dicenti,
902 968 1019 1023 Non
1041 966 1249 1021 lavabis
1278 967 1419 1021 mihi
1445 967 1604 1039 pedes
1629 971 1686 1024 in
1715 971 2013 1040 aeternum,

299 1073 654 1128 responsum
714 1062 803 1113 est
859 1057 932 1125 ei,
967 1057 1121 1125 Quod
1173 1074 1273 1127 ego
1312 1058 1480 1127 facio,
1513 1062 1575 1113 tu
1624 1062 1803 1116 nescis
1835 1059 2010 1129 modo,

294 1149 433 1202 scies
465 1156 652 1202 autem
680 1150 860 1217 postea
892 1147 1061 1217 (Ibid.
1092 1148 1152 1216 8,
1183 1147 1257 1218 7).
1294 1147 1435 1202 Ecce
1457 1151 1541 1203 est
1564 1149 1755 1219 ipsum
1780 1158 1975 1221 postea
1990 1167 2012 1213 ;

291 1237 413 1305 jam
451 1242 678 1308 tempus
728 1240 816 1291 est
859 1240 924 1291 ut
959 1235 1186 1291 dicatur
1216 1236 1370 1307 quod
1405 1236 1577 1307 paulo
1610 1243 1743 1294 ante
1773 1238 2009 1295 dilatum

294 1329 407 1380 est.
442 1324 663 1380 Memor
694 1323 891 1395 itaque
914 1323 1193 1379 Dominus
1215 1340 1276 1380 se
1299 1326 1769 1397 promisissejam
1789 1328 2009 1384 dudum

296 1416 602 1470 scientiam
637 1415 771 1470 facti
803 1416 893 1470 sui
926 1420 1043 1469 tam
1068 1414 1375 1486 inopinati,
1400 1420 1518 1473 tam
1555 1418 1860 1487 mirabilis,
1888 1424 2007 1474 tam

294 1507 740 1577 expavescendi,
786 1514 839 1561 et
890 1505 1000 1561 nisi
1059 1505 1184 1575 ipse
1246 1506 1621 1563 vehementer
1682 1510 2007 1574 terruisset,

297 1594 461 1651 nullo
498 1596 667 1651 modo
698 1595 1015 1662 sineudi,ut
1038 1596 1445 1665 magisternon
1474 1602 1696 1652 tantum
1722 1599 2008 1669 ipsorum,

296 1687 396 1741 sed
436 1684 806 1756 Angelorum,
853 1691 909 1740 et
957 1684 1238 1740 Dominus
1294 1703 1405 1741 non
1462 1692 1686 1743 tantum
1722 1688 2005 1759 ipsorum,

294 1776 395 1831 sed
432 1792 624 1830 rerum
686 1775 971 1842 omnium,
1021 1774 1236 1830 levaret
1286 1776 1459 1845 pedes
1500 1777 1922 1848 discipulorum
1952 1782 2008 1834 et

295 1882 599 1921 servorum
650 1880 889 1920 suorum
926 1883 938 1920 :
986 1864 1161 1935 hujus
1202 1880 1336 1937 ergo
1374 1867 1519 1921 tanti
1562 1867 1694 1921 facti
1729 1868 2003 1938 quoniam

296 1956 649 2027 promiserat
719 1954 1024 2010 scientiam
1083 1956 1305 2023 dicens,
1351 1956 1498 2012 Scies
1540 1966 1724 2012 autem
1779 1966 2007 2029 postea;

295 2046 435 2117 quid
470 2044 541 2100 sit
576 2044 730 2116 quod
758 2043 914 2112 fecit,
946 2044 1152 2101 docere
1186 2060 1340 2101 nunc
1372 2045 1594 2117 incipit.

362 2135 417 2189 3.
464 2136 588 2200 Vos,
640 2132 855 2205 inquit,
898 2136 1097 2190 vocatis
1156 2151 1266 2203 me,
1310 2135 1593 2205 Magister,
1643 2138 1691 2190 et
1738 2138 2006 2194 Domine:

294 2230 346 2278 et
382 2223 517 2279 bene
536 2224 721 2278 dicitis
741 2240 761 2287 ;
792 2239 913 2277 sum
960 2224 1179 2278 etenim.
1216 2224 1359 2277 Bene
1404 2222 1606 2292 dicitis,
1640 2224 1777 2295 quia
1807 2241 2003 2282 verum

292 2312 487 2368 dicitis
514 2331 527 2380 ;
553 2328 681 2368 sum
716 2311 929 2383 quippe
958 2312 1113 2383 quod
1147 2311 1360 2367 dicitis.
1383 2311 1615 2367 Homini
1648 2318 2002 2385 praeceptum

293 2411 399 2470 est,
439 2402 555 2457 Non
615 2410 665 2457 te
721 2400 903 2456 laudet
960 2417 1016 2456 os
1064 2406 1239 2467 tuum,
1271 2402 1366 2457 sed
1394 2402 1576 2457 laudet
1608 2410 1660 2458 te
1688 2419 1744 2458 os
1762 2405 2009 2474 proximi

292 2494 377 2547 tui
409 2494 593 2564 (Prov.
627 2508 805 2558 xxvn,
838 2495 913 2559 2).
966 2491 1362 2547 Periculosum
1416 2496 1503 2546 est
1552 2492 1706 2547 enim
1741 2493 1851 2548 sibi
1884 2493 2007 2565 pla-

290 2599 438 2649 cere,
464 2583 558 2638 cui
593 2582 916 2637 cavendum
948 2586 1037 2637 est
1066 2582 1387 2652 superbire.
1434 2581 1535 2636 Ille
1562 2588 1751 2638 autem
1786 2584 1885 2655 qui
1908 2598 2010 2639 su—

291 2692 390 2744 per
420 2674 621 2730 omnia
638 2677 746 2739 est,
780 2676 1325 2745 quantumcumque
1346 2689 1406 2727 se
1440 2672 1652 2744 laudet,
1690 2691 1802 2729 non
1819 2691 1879 2729 se
1910 2692 2006 2731 ex-

292 2763 438 2818 tollit
470 2763 767 2820 excelsus:
805 2779 909 2817 nec
958 2766 1137 2833 potest
1182 2767 1333 2817 recte
1376 2762 1483 2816 dici
1520 2778 1797 2833 arrogans
1832 2763 2003 2821 Deus.

285 2852 467 2908 Nobis
501 2869 752 2925 namque
782 2853 1016 2923 expedit
1044 2866 1178 2906 eum
1205 2868 1396 2912 nosse,
1433 2868 1545 2906 non
1576 2851 1697 2907 illi:
1737 2868 1839 2907 nec
1871 2870 2005 2909 eum

287 2944 540 3015 quisque
570 2943 883 3012 cognoscit,
917 2945 963 2997 si
1000 2959 1111 2997 non
1150 2959 1211 2997 se
1243 2942 1458 2997 indicet
1480 2941 1605 3013 ipse
1638 2943 1735 3014 qui
1758 2942 2005 2998 novit.Si

286 3049 425 3103 ergo
455 3049 568 3088 non
603 3048 661 3087 se
694 3031 980 3087 laudando
1006 3031 1167 3104 quasi
1196 3032 1583 3101 arrogantiam
1608 3033 1790 3087 vitare
1814 3032 2009 3089 volue-

289 3126 386 3192 rit,
422 3124 593 3179 nobis
626 3122 971 3196 sapientiam
1017 3122 1344 3193 denegabit.
1388 3123 1453 3176 Et
1495 3122 1839 3192 magistrum
1876 3123 2009 3194 qui-

289 3214 423 3268 dem
458 3214 612 3284 quod
656 3230 717 3268 se
763 3228 887 3269 esse
928 3212 1086 3276 dicit,
1142 3228 1297 3268 nemo
1330 3211 1795 3282 reprehenderet,
1831 3213 2005 3269 etiam

292 3303 391 3374 qui
425 3319 562 3357 eum
588 3301 733 3358 nihil
782 3318 906 3357 esse
938 3301 1095 3356 aliud
1148 3316 1324 3371 quam
1378 3300 1672 3356 hominem
1708 3304 2005 3372 crederet;

290 3394 572 3463 quoniam
597 3391 655 3447 id
678 3392 975 3462 profitetur
995 3391 1150 3462 quod
1181 3395 1236 3446 et
1255 3390 1367 3462 ipsi
1400 3390 1667 3447 homines
1690 3391 1746 3446 in
1772 3392 2009 3463 quibus-

288 3482 433 3537 libet
463 3482 689 3537 artibus
714 3496 897 3552 usque
931 3480 1074 3535 adeo
1107 3480 1235 3535 sine
1271 3482 1599 3550 arrogantia
1632 3481 1999 3553 profitentur,

290 3577 353 3626 ut
391 3571 743 3640 professores
775 3573 1071 3625 vocentur.
1107 3570 1265 3637 Quod
1299 3586 1429 3625 vero
1461 3570 1763 3625 dominum
1798 3576 1853 3625 et
1882 3571 2005 3642 ipse

288 3678 346 3715 se
381 3661 524 3715 dicit
554 3659 975 3732 discipulorum
1012 3675 1275 3726 suorum,
1308 3675 1437 3715 cum
1464 3659 1579 3713 sint
1608 3659 1690 3713 illi
1715 3660 1885 3715 etiam
1912 3678 2001 3718 se-

287 3751 552 3805 cundum
587 3748 858 3805 saeculum
884 3748 1145 3821 ingenui,
1170 3750 1302 3819 quis
1327 3750 1470 3804 ferat
1494 3748 1547 3803 in
1583 3749 1818 3805 homine
1840 3750 1867 3805 ?
1891 3752 2001 3808 Sed

288 3840 439 3896 Deus
471 3839 751 3912 loquitur.
780 3837 952 3894 Nulla
973 3844 1062 3895 est
1092 3838 1186 3893 hic
1205 3838 1377 3893 elatio
1412 3843 1585 3894 tantm
1617 3840 2000 3911 celsitudinis,

287 3929 520 3986 nullum
548 3929 918 3986 mendacium
944 3928 1227 3984 veritatis:
1254 3928 1420 3985 nobis
1440 3929 1739 3998 subjacere
1757 3929 1839 3985 illi
1866 3931 2003 3988 utile

283 4026 381 4076 est
403 4019 753 4087 celsitudini,
797 4019 963 4075 nobis
1009 4018 1227 4075 servire
1288 4018 1429 4074 utile
1461 4024 1550 4074 est
1576 4021 2001 4086 veritati.Quod

282 4126 355 4167 se
394 4110 693 4166 Dominum
724 4109 882 4177 dicit,
918 4125 1029 4166 non
1065 4109 1147 4163 illi
1190 4109 1391 4164 vitium
1424 4113 1532 4175 est,
1565 4111 1665 4165 sed
1700 4111 1867 4166 nobis
1900 4110 2005 4167 be—

283 4200 589 4258 neﬁcium.
622 4200 939 4271 Cujusdam
959 4198 1254 4255 saecularis
1280 4198 1531 4255 auctoris
1558 4199 1726 4255 verba
1760 4200 2002 4257 laudan-

284 4297 409 4358 tur,
442 4291 581 4361 quia
614 4290 775 4359 dixit,
813 4310 836 4340 α
871 4288 1016 4343 Cum
1067 4289 1257 4344 omnis
1310 4288 1639 4359 arrogantia
1669 4290 1869 4345 odiosa
1891 4295 2001 4362 est,

284 4403 313 4430 α
341 4388 461 4435 tum
499 4378 596 4434 illa
627 4378 841 4449 ingenii
868 4382 925 4434 et
957 4377 1299 4449 eloquentiae
1325 4377 1506 4432 multo
1540 4378 1999 4435 molestissima»

283 4470 423 4541 (Cic.
458 4472 514 4523 in
549 4470 611 4538 ρ.
645 4468 949 4539 (Racilium)
986 4485 1003 4522 :
1061 4470 1116 4523 et
1174 4474 1367 4522 tamen
1426 4466 1573 4521 idem
1624 4468 1749 4539 ipse
1770 4484 1899 4523 cum
1934 4470 2005 4527 de

283 4575 394 4615 sua
442 4557 775 4630 eloquentia
830 4555 1189 4635 loqueretur,
1233 4578 1261 4605 ‹‹
1304 4554 1587 4622 Dicerem,
1630 4556 1840 4628 inquit,
1878 4574 2008 4628 per-

286 4672 313 4699 α
351 4650 588 4716 fectam,
620 4648 669 4702 si
704 4647 784 4703 ita
806 4645 1129 4717 judicarem
1162 4662 1177 4713 ;
1210 4644 1389 4700 necin
1413 4644 1650 4701 veritate
1671 4646 1889 4702 crimen
1916 4666 2005 4704 ar-

283 4752 311 4777 η
349 4728 627 4799 rogantize
661 4726 1130 4799 pertimescerem
1167 4746 1194 4774 »
1228 4723 1326 4793 (Id.
1356 4727 1412 4779 in
1447 4724 1712 4797 Oratore).
1735 4726 1793 4781 Si
1830 4726 2009 4798 igitur

282 4818 385 4873 ille
406 4817 580 4872 homo
602 4816 1119 4889 eloquentissimus
1140 4816 1197 4868 in
1220 4813 1453 4869 veritate
1476 4815 1865 4883 arrogantiam
1890 4833 2006 4873 non

280 4901 548 4963 timeret,
581 4898 873 4969 quomodo
933 4896 1320 4967 arrogantiam
1374 4895 1500 4966 ipsa
1549 4895 1761 4951 veritas
1795 4898 2012 4953 timet?

285 4989 456 5044 Dicat
486 5003 547 5041 se
579 4986 883 5042 Dominum
913 4985 1014 5056 qui
1046 4984 1334 5039 Dominus
1368 4991 1475 5049 est,
1498 4984 1653 5039 dicat
1692 5000 1888 5039 verum
1913 4987 2011 5057 qui

285 5080 599 5135 veritasest
624 5101 639 5140 ;
665 5093 732 5133 ne
756 5094 867 5131 non
888 5077 1111 5131 discam
1132 5090 1233 5143 ego
1257 5074 1411 5145 quod
1447 5074 1586 5130 utile
1608 5083 1713 5140 est,
1746 5076 1882 5129 dum
1920 5079 2007 5131 ta-

287 5166 499 5223 cetille
520 5167 670 5238 quod
696 5170 803 5221 est.
839 5163 1223 5221 Beatissimus
1255 5163 1486 5230 Paulus,
1521 5179 1633 5219 non
1658 5164 1856 5233 utique
1886 5164 2016 5219 uni-

285 5256 523 5329 genitus
556 5255 654 5311 Dei
693 5256 893 5321 Filius,
954 5254 1052 5309 sed
1102 5251 1384 5323 unigeniti
1427 5252 1523 5307 Dei
1562 5252 1686 5307 Filii
1722 5267 1922 5307 servus
1956 5257 2011 5309 et

285 5345 594 5419 apostolus
624 5365 638 5414 ;
673 5362 787 5401 non
838 5342 1083 5409 veritas,
1115 5342 1213 5397 sed
1260 5342 1549 5413 particeps
1606 5340 1897 5409 veritatis;
1931 5344 2010 5399 ait

288 5435 471 5491 libere
505 5439 563 5489 et
613 5437 971 5501 constanter,
1032 5432 1093 5486 Et
1127 5432 1177 5485 si
1234 5430 1456 5486 voluero
1485 5431 1743 5500 gloriari,
1777 5446 1886 5485 non
1917 5447 2009 5487 ero

287 5525 565 5597 insipiens
586 5541 605 5584 :
637 5527 922 5579 veritatem
964 5525 1109 5577 enim
1159 5520 1278 5576 diro
1308 5520 1383 5591 (ll
1414 5520 1533 5576 Cor.
1568 5538 1667 5587 xu,
1700 5521 1778 5592 6).
1811 5519 2009 5593 Neque

290 5616 447 5672 enim
484 5615 542 5670 in
568 5614 783 5687 seipse,
818 5614 917 5670 sed
947 5611 1006 5668 in
1040 5612 1169 5685 ipsa
1207 5609 1445 5665 veritate
1478 5624 1601 5683 qua:
1634 5610 1900 5683 superior
1918 5616 2009 5667 est

1443 290 1907 354 TRACTA'I‘US
1956 292 2161 354 LVIII.
2209 296 2470 356 CAPUT
2515 292 2673 355 XIII.

3672 294 3831 353 1794

2124 431 2347 503 ipso,et
2369 429 2667 485 humiliter
2686 428 3034 483 etveraciter
3057 428 3403 499 gloriaretur
3430 445 3441 483 :
3477 428 3752 499 quoniam
3786 434 3841 485 et

2124 522 2246 592 ipse
2264 523 2535 593 precepit
2549 521 2722 590 utqui
2740 518 3026 590 gloriatur
3039 518 3095 573 in
3111 517 3353 573 Domino
3370 517 3698 588 glorietur(l
3716 518 3834 573 Cor.

2126 627 2165 675 t,
2197 611 2309 680 3t).
2334 609 2494 665 Itane
2512 624 2626 664 non
2646 607 2875 662 timeret
2897 607 3315 677 insipientiam,
3342 607 3389 661 si
3410 606 3644 679 gloriari
3667 606 3839 661 vellet

2125 705 2347 755 amator
2362 700 2660 771 sapientiae
2688 705 2773 768 ;et
2793 700 2849 753 in
2873 698 3053 765 gloria
3075 696 3834 767 suatimeretinsipicutiam

2122 788 2248 859 ipsa
2262 790 2545 861 sapientia
2566 790 2723 847 tNon
2739 785 3332 855 timuitarrogantiam
3350 786 3449 856 qui
3467 786 3630 851 dixit,
3648 787 3708 840 In
3728 788 3835 842 Do-

2122 884 2272 937 mino
2334 880 2667 936 laudabitur
2713 879 2903 935 anima
2949 894 3071 933 mea
3098 877 3270 948 (Psal.
3331 892 3529 944 xxxiii,
3562 876 3659 947 3);
3692 880 3749 931 et
3774 875 3829 930 in

2122 968 2292 1025 laude
2305 985 2405 1025 sua
2425 967 3057 1037 timeretarrogantiam
3096 968 3352 1036 potestas
3378 964 3629 1030 Domini,
3646 964 3703 1019 in
3720 980 3834 1035 qua

2123 1057 2396 1113 laudatur
2418 1060 2614 1113 anima
2635 1056 2783 1114 servi
2798 1056 2955 1123 Was,
2970 1054 3182 1126 inquit,
3203 1055 3406 1109 vocatis
3428 1068 3537 1121 me,
3556 1055 3833 1124 Magister,

2123 1153 2172 1203 et
2203 1148 2470 1210 Domine;
2500 1152 2551 1204 et
2583 1148 2712 1204 bene
2740 1148 2956 1209 dicitis;
2975 1161 3096 1200 sum
3111 1144 3333 1199 etenim.
3363 1144 3491 1199 Ideo
3521 1143 3671 1199 bene
3692 1144 3837 1198 dici-

2122 1238 2217 1305 tis,
2253 1237 2391 1309 quia
2422 1254 2548 1292 sum
2585 1253 2598 1292 :
2634 1254 2764 1293 nam
2792 1236 2840 1291 si
2874 1252 2986 1291 non
3018 1249 3204 1290 essem
3247 1234 3400 1305 quod
3433 1232 3645 1303 dicitis,
3678 1234 3829 1291 male

2122 1326 2406 1391 diceretis,
2439 1326 2673 1382 etiamsi
2722 1342 2814 1381 me
2856 1323 3188 1379 laudaretis.
3222 1322 3521 1387 Quomodo
3552 1338 3689 1393 ergo
3722 1339 3828 1378 nc-

2120 1422 2279 1486 garet
2307 1418 2541 1482 veritas,
2575 1416 2725 1486 quod
2777 1416 2978 1469 dicunt
3016 1412 3283 1482 discipuli
3340 1412 3645 1468 veritatis?
3674 1430 3823 1485 quo-

2120 1504 2292 1559 modo
2323 1504 2480 1575 quod
2512 1504 2715 1559 dicunt
2742 1503 2839 1574 qui
2873 1502 3227 1565 didicerunt,
3255 1505 3491 1571 negaret
3525 1501 3651 1570 ipsa
3675 1502 3825 1557 unde

2118 1592 2464 1649 didicerunt.
2516 1592 2816 1656 Quomodo
2864 1591 2994 1646 fons
3054 1594 3224 1660 negat
3266 1590 3419 1659 quod
3454 1589 3660 1644 bibens
3695 1607 3837 1661 prte-

2119 1681 2273 1735 dicat
2297 1683 2325 1735 ?
2355 1682 2641 1753 quomodo
2673 1681 2768 1734 lux
2799 1678 3047 1734 occultat
3077 1681 3228 1747 quod
3262 1677 3465 1732 videns
3490 1676 3711 1732 indicat
3733 1678 3760 1732 ‘2

2190 1771 2239 1824 4.
2288 1792 2308 1822 ο
2345 1770 2405 1825 Si
2436 1786 2588 1838 ergo,
2622 1770 2829 1839 inquit,
2853 1784 2957 1838 ego
2989 1768 3101 1822 lavi
3153 1768 3323 1838 pedes
3367 1772 3589 1821 vestros
3632 1766 3828 1823 Domi-

2118 1874 2228 1913 nus
2248 1863 2304 1913 et
2362 1858 2653 1929 Magister,
2689 1857 2910 1911 debetis
2955 1860 3013 1911 et
3056 1872 3158 1911 vos
3188 1854 3333 1910 alter
3360 1854 3600 1910 alterius
3630 1855 3821 1910 lavare

2116 1949 2311 2020 pedes.
2338 1948 2675 2019 Exemplum
2699 1947 2853 2002 enim
2877 1946 3007 2001 dedi
3029 1946 3211 2011 vobis,
3236 1949 3299 2000 ut
3320 1945 3815 2015 quemadmodum

2113 2056 2220 2110 ego
2252 2039 2357 2095 feci
2390 2039 2571 2105 vobis,
2599 2043 2656 2094 et
2703 2055 2802 2093 vos
2847 2038 2928 2091 ita
2986 2036 3232 2092 faciatis.
3265 2054 3291 2087 ιι
3342 2037 3457 2090 Hoc
3504 2039 3615 2101 est,
3650 2037 3817 2092 beate

2116 2128 2297 2198 Petra,
2331 2129 2479 2200 quod
2516 2127 2832 2194 nesciebas,
2857 2126 3091 2197 quando
3116 2124 3236 2179 ﬁeri
3282 2141 3398 2181 non
3429 2125 3679 2181 sinebas.
3701 2125 3819 2183 Hoc

2115 2217 2219 2273 tibi
2247 2222 2439 2288 postea
2472 2216 2772 2274 sciendum
2808 2214 3094 2286 promisit,
3127 2214 3360 2284 quando
3393 2213 3693 2269 utsineres
3720 2219 3830 2270 ter-

2116 2306 2233 2361 ruit
2252 2310 2308 2362 te
2339 2305 2618 2377 Magister
2648 2308 2782 2360 tuus
2814 2309 2869 2360 et
2908 2303 3192 2359 Dominus
3223 2306 3385 2371 tuus,
3419 2302 3621 2358 lavans
3653 2304 3829 2375 pedes

2114 2404 2267 2452 tuos.
2307 2395 2647 2460 Didicimus,
2682 2396 2904 2461 fratres,
2938 2392 3331 2448 humilitatem
3361 2392 3432 2447 ab
3454 2392 3828 2457 Excelso;fa—

2115 2488 2340 2541 ciamus
2370 2486 2616 2542 invicem
2637 2485 2908 2550 humiles,
2943 2484 3098 2555 quod
3124 2482 3428 2538 humiliter
3466 2482 3598 2539 fecit
3629 2483 3825 2539 Excel-

2116 2575 2475 2645 sus.’Magna
2496 2582 2579 2629 est
2620 2575 2738 2629 haec
2769 2570 3198 2628 commendatio
3230 2569 3621 2626 humilitatis:
3656 2576 3713 2626 et
3743 2571 3823 2627 fa-

2116 2663 2281 2719 ciunt
2310 2664 2421 2718 sibi
2452 2663 2560 2718 hoc
2592 2663 2834 2717 invicem
2869 2662 3094 2727 fratres,
3128 2660 3304 2716 etiam
3328 2674 3498 2731 Opere
3528 2658 3656 2731 ipso
3681 2660 3830 2715 visi-

2118 2752 2242 2819 bili,
2263 2769 2391 2807 cum
2410 2754 2728 2808 scinvicem
2746 2750 2997 2823 hospitio
3022 2749 3343 2819 recipiunt;
3378 2752 3469 2804 est
3486 2749 3641 2804 enim
3666 2749 3826 2819 quod

2118 2843 2417 2913 plerosque
2474 2842 2837 2899 consuetudo
2888 2840 3063 2910 hujus
3116 2838 3495 2905 humilitatis,
3530 2854 3718 2910 usque
3750 2840 3822 2895 ad

2120 2934 2332 2987 factum
2368 2948 2484 3002 quo
2515 2940 2782 2987 cernatur
2813 2946 3107 3001 expressa.
3155 2928 3316 2984 Unde
3346 2928 3659 2999 Apostolus
3688 2944 3825 2985 cum

2116 3021 2345 3075 viduam
2428 3021 2573 3075 bene
2625 3020 2891 3074 meritam
2952 3017 3409 3084 commendaret,
3459 3018 3522 3072 Si
3567 3017 3822 3089 hospitio,

2116 3110 2325 3183 inquit,
2360 3111 2578 3182 recepit,
2611 3113 2662 3166 si
2689 3116 3007 3164 sanctorum
3028 3110 3189 3179 pedes
3223 3107 3360 3163 lavit
3383 3108 3427 3177 (Ι
3462 3110 3607 3165 Tim.
3636 3125 3689 3175 v,
3718 3109 3821 3178 10).

2116 3203 2185 3258 Et
2215 3203 2365 3275 apud
2402 3210 2632 3258 sanctos
2664 3200 3018 3270 ubicumque
3037 3200 3160 3254 haec
3185 3200 3540 3255 consuetudo
3575 3216 3688 3255 non
3708 3205 3821 3267 est,

2116 3294 2267 3365 quod
2301 3308 2477 3347 manu
2513 3307 2626 3347 non
2662 3290 2896 3351 faciunt,
2932 3288 3105 3345 corde
3133 3288 3369 3354 faciunt,
3404 3288 3451 3342 si
3486 3288 3541 3341 in
3576 3288 3822 3345 illorum

2117 3398 2358 3438 numero
2389 3381 2753 3449 suntquibus
2768 3378 2982 3433 dicitur
3003 3378 3060 3433 in
3085 3377 3301 3445 hymno
3323 3377 3619 3433 beatorum
3644 3378 3821 3432 trium

2113 3474 2393 3539 virorum,
2450 3471 2771 3537 Benedicite,
2804 3468 2983 3523 sancti
3020 3475 3071 3523 et
3117 3466 3353 3521 humiles
3381 3466 3564 3535 corde,
3600 3466 3827 3523 Domino

2114 3560 2279 3627 (Dan.
2316 3579 2400 3629 ιιι,
2435 3562 2548 3633 87).
2581 3558 2760 3614 Multo
2808 3566 3000 3613 autem
3051 3564 3139 3612 est
3197 3554 3420 3623 melius,
3446 3559 3503 3610 et
3533 3556 3659 3612 sine
3682 3571 3821 3611 con-

2109 3652 2391 3710 troversia
2420 3650 2631 3717 verius,
2665 3652 2729 3704 ut
2758 3647 2929 3703 etiam
2962 3646 3233 3701 manibus
3257 3645 3392 3711 fiat;
3419 3660 3523 3701 nec
3554 3645 3825 3716 dedigne-

2111 3746 2209 3798 tur
2236 3741 2388 3813 quod
2422 3740 2557 3796 fecit
2584 3738 3072 3801 Christus,facere
3093 3734 3464 3790 Christianus.
3498 3734 3641 3791 Cum
3664 3735 3820 3792 enim

2113 3833 2181 3888 ad
2240 3830 2414 3902 pedes
2474 3827 2665 3884 fratris
2713 3824 3030 3881 inclinatur
3060 3840 3295 3896 corpus,
3333 3824 3509 3881 etiam
3560 3824 3616 3879 in
3649 3824 3821 3881 corde

2113 3920 2238 3992 ipso
2286 3919 2372 3973 vel
2416 3917 2719 3984 excitatur,
2741 3914 2828 3970 vel
2855 3915 2903 3970 si
2931 3914 3051 3983 jam
3085 3913 3291 3982 inerat,
3324 3913 3699 3969 conﬁrmatur
3730 3914 3827 3985 ip-

2112 4009 2231 4064 sius
2263 4006 2616 4063 humilitatis
2639 4005 2898 4062 affectus.

2180 4097 2233 4150 5.
2267 4096 2371 4151 Sed
2405 4098 2640 4167 excepto
2661 4095 2774 4150 isto
2816 4092 3019 4150 morali
3050 4092 3370 4159 intellectu,
3401 4092 3477 4147 ita
3510 4110 3615 4148 nos
3648 4093 3829 4163 hujus

2113 4185 2390 4242 dominici
2414 4184 2549 4240 facti
2566 4183 2935 4239 altitudinem
2961 4182 3403 4237 commendasse
3427 4181 3828 4247 meminimus,

2115 4277 2263 4345 quod
2287 4274 2529 4330 lavando
2563 4275 2738 4345 pedes
2774 4274 2900 4342 jam
2960 4272 3215 4327 lotorum
3258 4276 3433 4341 atque
3463 4271 3823 4325 mundorum

2115 4366 2561 4437 discipulorum,
2594 4360 3001 4433 signiﬁcaverit
3047 4360 3328 4415 Dominus
3363 4363 3594 4430 propter
3615 4358 3826 4413 huma-

2118 4471 2222 4510 nos
2253 4454 2464 4524 quibus
2492 4452 2551 4506 in
2593 4455 2747 4507 terra
2774 4466 3073 4505 versamur
3104 4448 3362 4510 affectus.
3394 4451 3460 4502 ut
3490 4452 3829 4519 quamtum-

2110 4542 2253 4597 libet
2292 4540 2701 4612 profecerimus
2719 4537 2781 4593 in
2803 4535 3261 4608 apprehensione
3276 4534 3543 4605 justitiaa.
3568 4534 3827 4591 sciamus

2112 4647 2218 4686 nos
2250 4630 2375 4686 sine
2407 4631 2643 4700 peccato
2666 4643 2781 4682 non
2807 4642 2933 4681 esse
2967 4625 3148 4696 :quod
3180 4623 3428 4681 subinde
3455 4623 3638 4680 abluit
3658 4622 3827 4681 inter-

2111 4718 2382 4791 pellendo
2408 4733 2509 4789 pro
2542 4715 2729 4784 nobis,
2760 4730 2894 4771 cum
2928 4730 3166 4770 oramus
3199 4714 3425 4769 Patrem
3459 4714 3557 4785 qui
3581 4714 3641 4769 in
3663 4713 3825 4770 caelis

2112 4814 2222 4877 est,
2256 4813 2319 4864 ut
2350 4809 2541 4863 debita
2586 4811 2785 4863 nostra
2825 4804 3081 4861 dimittat
3120 4803 3307 4871 nobis,
3342 4804 3496 4861 sicut
3525 4811 3579 4860 et
3613 4821 3719 4859 nos
3742 4805 3827 4859 di-

2110 4900 2397 4956 mittimus
2461 4896 2816 4953 debitoribus
2874 4896 3086 4952 nostris
3138 4894 3349 4965 (Matlh.
3400 4910 3480 4962 vr,
3526 4895 3631 4963 t2).
3665 4894 3822 4957 Quo-

2110 4990 2283 5045 modo
2308 5004 2446 5061 ergo
2480 4990 2546 5043 ad
2575 4988 2735 5043 hunc
2756 4985 3121 5042 intellectum
3156 4986 3370 5058 poterit
3402 4983 3685 5054 pertinere
3707 4982 3817 5038 hoc

2109 5080 2262 5149 quod
2297 5078 2421 5149 ipse
2454 5082 2652 5149 postea
2680 5077 2897 5138 docuit,
2932 5076 3030 5131 ubi
3054 5076 3143 5130 sui
3175 5075 3306 5130 facti
3340 5072 3613 5143 exposuit
3645 5071 3821 5126 ratio-

2109 5184 2241 5223 nem
2276 5168 2491 5231 dicens,
2533 5187 2553 5218 ι
2585 5166 2643 5221 Si
2667 5181 2800 5236 ergo
2831 5182 2933 5236 ego
2966 5164 3075 5219 lavi
3093 5167 3317 5220 vestros
3342 5162 3515 5233 pedes
3536 5160 3820 5216 Dominus

2108 5264 2161 5313 et
2192 5257 2481 5327 Magister,
2515 5256 2738 5310 debetis
2769 5258 2825 5310 et
2854 5270 2954 5308 vos
2984 5255 3130 5309 alter
3148 5252 3386 5307 alterius
3405 5250 3599 5306 lavare
3622 5250 3818 5321 pedes.

2108 5345 2448 5416 Exemplum
2471 5346 2624 5400 enim
2676 5343 2809 5399 dedi
2855 5344 3037 5409 vobis,
3076 5348 3138 5399 ut
3186 5340 3681 5414 quemadmodum
3711 5358 3817 5411 ego

2106 5436 2269 5493 vobis
2294 5436 2418 5505 feci,
2446 5436 2521 5491 ita
2543 5439 2712 5490 etvos
2733 5433 2958 5489 faciatis
2982 5432 2996 5489 ι
3016 5452 3043 5482 ι
3068 5432 3363 5504 Numquid
3388 5431 3580 5487 dicere
3602 5446 3819 5504 possu-

2107 5541 2235 5580 mus
2270 5525 2421 5595 quod
2447 5523 2621 5579 etiam
2646 5523 2822 5575 frater
2855 5522 3087 5577 fratrem
3110 5540 3136 5576 ιι
3158 5521 3350 5578 delicti
3385 5521 3595 5593 poterit
3614 5526 3813 5578 conta«

2108 5613 2622 5686 gionemundare?
2648 5611 2766 5666 lmo
2787 5626 2919 5668 vero
2954 5611 3006 5665 ιιι
3042 5614 3214 5669 etiam
3252 5628 3365 5667 non
3399 5611 3827 5675 esseadmoni-
