4148 6190
357 277 511 341 1795

1320 271 1397 331 ΙΝ
1444 272 1779 333 JOANNIS
1830 266 2367 336 EVANGELIUM,
2419 265 2478 326 S.
2527 264 2956 327 AUGUSTINI

3747 247 3902 308 1796

361 418 454 469 tos
484 413 541 467 in
576 410 755 481 hujus
778 407 1053 466 dominici
1075 407 1268 480 operis
1297 407 1606 464 altitudine
1628 406 1981 472 noverimus,
2013 406 2081 459 ut
2188 402 2445 475 elegerit.
2478 404 2603 459 Non
2627 405 2716 459 est
2742 418 2810 457 ex
2840 399 2927 455 eis
2955 398 3066 453 iste
3097 392 3195 464 qui
3231 404 3436 462 panem
3468 387 3627 444 illius
3657 385 3743 441 sic
3766 387 3904 441 ede-

364 502 618 559 conl‘essi
665 501 915 557 invicem
965 499 1181 555 delicta
1224 504 1423 554 nostra
1461 516 1700 555 oremus
1743 514 1843 569 pro
1884 496 2073 566 nobis,

367 602 520 656 sicut
548 603 605 654 et
634 598 901 655 Christus
934 593 1259 663 interpellat
1292 611 1391 665 pro
1422 595 1592 650 nobis
1623 595 1791 655 tRom.
1814 609 1935 659 vui,
1959 594 2070 657 34).

366 689 686 745 Audiamus
718 684 1052 759 Apostolum
1084 684 1364 739 Jacobum
1415 685 1523 740 hoc
1555 686 1743 754 ipsum
1766 682 2069 739 evidentis-

368 780 516 835 sime
539 778 965 850 pracipientem
1016 780 1073 830 et
1116 774 1425 841 dicentem,
1459 775 1806 844 Conﬁtemini
1837 774 2073 826 invicem

365 869 576 924 delicta
608 875 806 932 vestra,
837 874 885 921 el
905 868 1056 919 orate
1082 881 1179 934 pro
1209 866 1355 919 vobis
1375 864 1581 930 (Jacobi
1632 880 1686 930 v,
1721 862 1829 932 16).
1856 862 1994 927 Quia
2018 864 2074 914 et

371 960 439 1013 ad
474 958 581 1013 hoc
614 956 898 1011 Dominus
932 954 1099 1009 nobis
1130 954 1291 1008 dedit
1319 955 1676 1025 exemplum.
1705 952 1759 1007 Si
1796 951 1944 1007 enim
1979 948 2072 1005 ille

372 1049 469 1117 qui
501 1047 685 1102 ullum
710 1049 1009 1115 peccatum
1044 1060 1146 1099 nec
1178 1042 1372 1106 habet,
1398 1059 1501 1099 nec
1522 1042 1747 1110 habuit,
1770 1058 1873 1096 nec
1899 1040 2072 1095 habe-

371 1138 477 1203 bit,
509 1140 635 1190 orat
668 1151 769 1206 pro
793 1134 1045 1205 peccatis
1080 1132 1337 1200 nostris;
1372 1133 1605 1203 quando
1639 1131 1825 1201 magis
1858 1146 1964 1185 nos
1986 1129 2073 1183 in-

371 1229 553 1283 vicem
587 1243 688 1298 pro
722 1226 940 1281 nostris
974 1240 1136 1280 orare
1175 1224 1452 1279 debemus
1476 1223 1587 1277 ?Et
1619 1223 1669 1278 si
1700 1222 1942 1276 dimittit
1972 1236 2073 1275 no-

371 1320 457 1373 bis
490 1318 584 1373 ille
631 1317 724 1373 cui
768 1332 882 1371 non
916 1316 1204 1369 habemus
1234 1314 1388 1385 quod
1420 1314 1822 1379 dimittamus;
1854 1315 2075 1381 quanto

372 1408 560 1479 magis
617 1407 913 1461 dimittere
964 1405 1135 1459 nobis
1186 1402 1466 1458 debemus
1513 1402 1783 1468 invicem,
1818 1400 1917 1472 qui
1951 1399 2077 1455 sine

376 1502 609 1569 peccato
649 1495 745 1550 hic
774 1494 963 1549 vivere
996 1510 1110 1547 non
1163 1493 1422 1547 valemus
1442 1492 1469 1546 ‘l
1492 1491 1638 1555 Quid
1670 1491 1825 1546 enim
1848 1490 2079 1544 videtur

372 1590 430 1640 in
449 1586 555 1640 hac
576 1584 881 1639 altitudine
902 1581 1925 1652 sacramenti,Dominussignificare,
1948 1594 2078 1634 cum

371 1675 531 1739 dicit,
569 1693 596 1722 ι(
627 1671 963 1743 Exemplum
998 1672 1153 1726 enim
1208 1670 1340 1726 dedi
1389 1671 1576 1735 vobis,
1608 1676 1673 1725 ut
1701 1671 2078 1740 quemadmo-

372 1767 509 1819 dum
523 1778 627 1833 ego
647 1763 753 1819 feci
776 1762 959 1827 vobis,
987 1762 1064 1816 ita
1079 1767 1137 1817 et
1160 1778 1259 1817 vos
1284 1761 1533 1829 faciatis;
1566 1785 1590 1814 ι
1622 1761 1731 1816 nisi
1755 1760 1908 1831 quod
1926 1774 2080 1829 aper-

373 1854 596 1909 tissime
617 1852 760 1907 dicit
806 1852 1140 1923 Apostolus,
1179 1872 1204 1917 ᾳ
1232 1852 1523 1906 Donantes
1554 1850 2004 1921 vobismetipsis,
2029 1850 2077 1904 si

372 1942 506 2012 quis
537 1942 815 1996 adversus
845 1942 1100 2011 aliquem
1144 1942 1314 1995 habet
1355 1941 1671 2010 querelam,
1702 1941 1854 1995 sicut
1883 1945 1941 1995 et
1963 1940 2077 1994 Do-

374 2030 569 2085 minus
600 2028 836 2085 donavit
856 2029 1041 2093 vobis,
1073 2028 1149 2083 ita
1187 2036 1242 2083 et
1263 2045 1360 2086 vos
1390 2051 1417 2079 ››
1450 2029 1675 2099 (σίνιοδε.
1704 2042 1789 2095 ιιι,
1824 2027 1946 2094 l3)!
1984 2029 2077 2082 ln-

374 2120 551 2175 viceui
602 2120 795 2188 itaque
852 2117 1018 2173 nobis
1067 2116 1273 2171 delicta
1308 2120 1615 2184 donemus,
1649 2122 1706 2170 et
1737 2132 1836 2186 pro
1869 2114 2081 2171 nostris

374 2209 601 2263 delictis
641 2208 883 2263 invicem
916 2222 1176 2273 oremus,
1207 2212 1380 2276 atque
1421 2206 1503 2261 ita
1531 2206 1961 2276 quodammodo
1991 2203 2081 2258 in-

372 2296 554 2352 vicem
589 2296 767 2367 pedes
797 2300 1031 2349 nostros
1070 2291 1346 2349 lavemus.
1379 2293 1655 2349 Nostrum
1688 2297 1796 2360 est,
1830 2294 2081 2347 donante

379 2387 529 2458 ipso,
563 2384 949 2440 ministerium
983 2367 1279 2438 chart/tatis
1310 2382 1739 2437 ethumilitatis
1771 2382 2078 2437 adhibere:

379 2478 540 2533 illius
570 2483 661 2532 est
680 2476 973 2543 exaudire,
997 2492 1063 2529 ac
1087 2490 1194 2529 nos
1238 2474 1312 2528 ab
1351 2474 1507 2529 omni
1540 2477 1906 2543 peccatorum
1937 2488 2081 2527 con-

376 2568 758 2625 taminatione
788 2568 1071 2621 mundare
1104 2582 1202 2635 per
1224 2564 1538 2631 Christum,
1570 2571 1627 2618 et
1657 2566 1713 2618 in
1736 2564 1993 2622 Christo:
2020 2568 2081 2617 ut

375 2659 530 2732 quod
556 2658 688 2713 aliis
710 2658 884 2712 etiam
902 2656 1279 2721 dimittimus,
1296 2654 1402 2709 hoc
1420 2659 1505 2708 est
1522 2654 1578 2708 in
1604 2658 1753 2708 terra
1775 2652 2076 2720 solvimus,

374 2749 638 2804 solvatur
667 2746 724 2800 in
759 2743 923 2800 caelo.

930 2830 1360 2888 TRAC'l‘ATUS
1394 2830 1535 2887 LIX.

372 2932 447 2987 Ab
477 2944 540 2984 eo
574 2928 715 2998 quod
749 2926 1022 2981 Dominus
1066 2921 1224 2984 dicit,
1267 2926 1472 2986 Amen,
1504 2937 1675 2976 amen
1707 2920 1835 2974 dico
1883 2920 2077 2984 vobis;

446 3035 558 3073 non
584 3021 671 3071 est
695 3029 894 3070 servus
924 3012 1111 3080 major
1131 3010 1367 3067 domino
1385 3026 1492 3064 suo
1516 3029 1531 3079 ;
1560 3026 1731 3080 usque
1771 3010 1843 3064 ad
1873 3009 1949 3077 id,
1972 3006 2079 3073 Qui

449 3120 641 3164 autem
677 3120 766 3159 me
787 3104 1017 3172 accipit,
1058 3101 1269 3171 accipit
1316 3116 1449 3156 eum
1482 3100 1579 3171 qui
1603 3100 1760 3155 misit
1794 3115 1903 3156 me.
1941 3103 2077 3170 Cap.

442 3213 565 3266 xm,
598 3196 653 3265 ᾗ.
688 3193 882 3248 16-20.

449 3290 499 3343 1.
531 3282 878 3340 Audivimus
905 3279 964 3334 in
1019 3283 1225 3333 sancto
1270 3278 1575 3349 Evangelio
1606 3277 1938 3348 loquentem
1970 3276 2080 3332 Do-

378 3377 606 3432 minum
638 3379 810 3441 atque
851 3369 1164 3432 dicentem,
1196 3390 1224 3418 α
1263 3369 1468 3433 Amen,
1499 3382 1667 3421 amen
1725 3366 1854 3421 dico
1876 3366 2034 3421 vobis
2065 3383 2078 3433 ;

375 3483 488 3522 non
521 3467 610 3519 est
638 3475 841 3517 servus
869 3458 1057 3528 major
1115 3456 1352 3513 domino
1402 3472 1529 3522 suo,
1576 3470 1763 3525 neque
1785 3455 2083 3525 apostolus

374 3555 554 3624 major
582 3567 650 3607 eo
683 3549 781 3621 qui
804 3547 959 3602 misit
984 3546 1178 3601 illum:
1209 3546 1291 3600 sic
1313 3544 1433 3599 haec
1456 3544 1643 3610 scitis,
1669 3544 1826 3597 beati
1848 3542 2010 3597 eritis
2031 3543 2078 3598 si

371 3641 623 3700 feceritis
646 3654 777 3693 ea.«
800 3638 915 3692 Hoc
939 3636 1066 3689 ideo
1089 3633 1253 3701 dixit,
1270 3632 1408 3703 quia
1425 3631 1641 3687 laverat
1660 3630 2081 3700 discipulorum

372 3734 571 3805 pedes,
602 3730 878 3799 magister
908 3723 1260 3779 humilitatis
1290 3730 1344 3776 et
1373 3721 1546 3777 verbo
1576 3732 1631 3775 et
1658 3725 1922 3790 exemplo
1950 3720 2078 3775 :sed

375 3821 691 3894 poterimus
720 3833 787 3872 ea
819 3830 949 3885 qua:
980 3821 1114 3868 sunt
1137 3812 1440 3883 operosius
1473 3810 1812 3865 disserenda
1833 3810 1958 3879 ipso
1981 3810 2081 3864 ad-

366 3913 605 3981 jnvante
627 3902 986 3969 disserere,si
1008 3918 1122 3956 non
1146 3901 1204 3955 in
1230 3900 1313 3955 eis
1337 3917 1463 3971 quae
1490 3900 1796 3954 manifesta
1820 3902 1957 3953 sunt
1977 3897 2084 3953 im-

374 4013 683 4056 moremur.
704 3995 847 4049 Cum
864 4006 999 4062 ergo
1022 3990 1141 4044 hac
1159 3988 1445 4044 Dominus
1465 3988 1859 4059 praemisisset,
1884 3988 2083 4057 adjun-

372 4092 473 4157 xit,
506 4111 534 4138 ‹‹
568 4086 692 4141 Non
726 4084 796 4138 de
826 4079 1100 4137 omnibus
1131 4078 1294 4134 vobis
1318 4078 1447 4133 dico
1473 4095 1486 4132 :
1521 4094 1623 4146 ego
1658 4076 1777 4132 scio
1802 4094 1945 4148 quos
1969 4076 2083 4132 ele-

373 4178 552 4251 gerim
588 4176 724 4230 :sed
751 4170 1138 4241 ntimpleatur
1171 4167 1491 4237 Scriptura,
1528 4166 1632 4231 Qui
1663 4166 2087 4238 inanducatpa-

374 4285 504 4326 nem
540 4280 795 4329 mecum,
825 4259 1039 4317 levabit
1059 4273 1235 4329 super
1260 4272 1351 4311 me
1384 4255 1719 4311 calcaneum
1745 4271 1896 4310 sum.
1918 4278 1937 4304 ι
1967 4255 2083 4310 Ηοο

378 4358 517 4432 quid
540 4360 630 4410 est
660 4352 819 4408 aliud
854 4348 987 4415 nisi,
1014 4344 1743 4403 conculcabitme‘tNotum
1763 4344 1943 4399 estde
1965 4359 2080 4414 quo

378 4451 689 4516 loquatur;
730 4440 913 4495 Judas
953 4436 1047 4491 ille
1098 4435 1342 4490 traditor
1398 4434 1525 4503 ejus
1578 4432 1902 4503 attingitur.
1936 4432 2081 4501 Ergo

374 4540 569 4610 ipsum
603 4548 717 4587 non
747 4530 1019 4600 elegerat,
1054 4524 1207 4580 unde
1236 4524 1307 4578 ab
1332 4523 1416 4579 eis
1446 4538 1585 4593 quos
1605 4521 1798 4592 elegit,
1834 4521 1940 4575 isto
1961 4535 2082 4575 ser-

375 4606 547 4681 mone
579 4618 851 4676 secernit.
884 4616 1043 4681 Quod
1075 4628 1208 4683 ergo
1231 4610 1381 4676 dico,
1416 4609 1624 4681 inquit,
1658 4608 1814 4663 Beati
1846 4609 2000 4663 eritis
2031 4606 2082 4662 si

372 4712 615 4785 feceritis
645 4726 728 4775 ea,
760 4723 871 4762 non
901 4706 965 4759 de
994 4702 1250 4759 omnibus
1296 4700 1447 4757 vobis
1478 4700 1597 4754 dico
1631 4716 1647 4753 :
1680 4704 1765 4753 est
1795 4698 1950 4753 inter
1981 4713 2081 4753 vos

374 4804 476 4878 qui
522 4817 635 4857 non
676 4798 783 4854 erit
839 4797 1058 4860 beatus,
1093 4808 1279 4862 neque
1327 4790 1498 4846 faciet
1537 4805 1621 4844 ea.
1668 4790 1777 4857 Ego
1806 4790 1918 4843 scio
1949 4804 2078 4857 quos

372 4876 654 4965 elegerim.
687 4887 861 4950 Quos,
887 4882 1000 4938 nisi
1030 4896 1127 4936 eos
1159 4880 1258 4951 qui
1290 4878 1438 4934 beati
1468 4882 1639 4933 erunt
1671 4876 1931 4932 iaciendo
1953 4892 2079 4946 quas

377 4980 669 5060 praecepit,
704 4992 769 5032 ac
801 4972 1061 5031 facienda
1103 4967 1467 5032 monstravit,
1506 4968 1604 5036 qui
1632 4965 1858 5020 efﬁcere
1889 4965 2083 5020 beatos

377 5055 611 5150 potest?
641 5069 764 5125 Non
796 5074 903 5129 est,
939 5060 1147 5133 inquit,
1173 5058 1420 5114 traditor
1449 5057 1634 5112 Judas
1674 5055 1910 5110 electus.
1937 5055 2082 5120 Quid

377 5145 467 5223 est
495 5178 630 5234 ergo
662 5158 810 5230 quod
844 5155 955 5210 alio
983 5151 1108 5208 loco
1131 5148 1289 5216 dicit,
1320 5147 1508 5202 Nonne
1544 5162 1637 5217 ego
1686 5161 1774 5200 vos
1804 5145 2084 5201 duodecim

381 5257 546 5326 elegi,
567 5233 628 5307 Wet
659 5266 800 5305 unus
832 5262 903 5302 ex
933 5241 1079 5300 vobis
1123 5237 1373 5294 diabolus
1407 5243 1485 5291 est
1515 5238 1692 5304 (Joan.
1727 5251 1801 5300 γι,
1832 5233 1968 5304 7t}?
1995 5236 2082 5290 An

385 5348 442 5397 et
469 5343 591 5410 ipse
612 5340 685 5394 ad
710 5337 923 5408 aliquid
942 5338 1029 5390 est
1060 5328 1377 5396 electus,ad
1412 5326 1564 5395 quod
1603 5326 1803 5394 utique
1826 5330 1950 5379 erat
1983 5339 2081 5378 ne-

384 5430 708 5495 cessarius;
742 5445 854 5484 non
878 5432 1074 5481 autem
1105 5423 1176 5478 ad
1216 5418 1653 5482 beatitudinem,
1677 5416 1747 5471 de
1770 5434 1880 5485 qua
1914 5413 2084 5470 modo

386 5519 487 5586 ait,
510 5518 668 5571 Beati
695 5519 847 5572 eritis
877 5520 923 5570 si
970 5511 1211 5585 feceritis
1252 5526 1315 5566 ea
1337 5512 1364 5563 ?
1396 5508 1513 5563 Hoc
1561 5524 1671 5562 non
1708 5506 1778 5560 de
1809 5506 2083 5560 omnibus

381 5606 558 5671 dicit:
585 5604 696 5660 scit
715 5604 867 5658 enim
892 5619 1037 5675 quos
1059 5601 1129 5658 ad
1153 5601 1488 5657 societatem
1513 5595 1885 5653 beatitudinis
1910 5595 2084 5666 hujus

2189 494 2310 563 bat,
2349 500 2412 550 ut
2441 512 2615 567 super
2637 511 2768 550 eum
2827 491 3041 547 levaret
3070 484 3427 541 caleanenm.
3466 479 3549 535 Illi
3577 478 3906 567 manduca—

2185 585 2324 640 bant
2356 564 2559 656 panem
2584 577 3032 647 Dominum,ills
3066 590 3275 648 panem
3312 570 3540 627 Domini
3566 575 3768 623 contra
3791 564 3905 621 Do—

2191 675 2417 729 minum
2455 691 2468 729 :
2504 674 2588 729 illi
2622 673 2819 740 vitam,
2854 668 2950 724 ille
2986 681 3234 739 pcenatn.
3270 686 3296 712 ‹‹
3332 661 3437 727 Qui
3471 660 3626 715 enim
3661 656 3909 711 mandu-

2182 770 2274 819 cat
2296 766 2532 835 indigne
2557 785 2581 815 s
2599 765 2677 818 ait
2699 758 3037 832 Apostolus,
3062 753 3386 835 «judicium
3408 750 3516 805 sibi
3538 749 3898 835 manducet»

2180 846 2227 913 (Ι
2260 845 2380 900 Cor.
2417 828 2493 910 ξι,
2514 845 2629 913 ‘26),
2657 866 2681 891 ι(
2708 828 2944 904 Αἶῖιοάο,
2989 859 3014 889 ιο
3042 835 3254 907 inquit,
3281 854 3308 881 ‹‹
3335 832 3460 887 dico
3502 830 3663 886 vobis
3700 828 3905 899 prius-

2184 951 2358 1006 quam
2387 936 2517 1000 ﬁat;
2554 940 2614 989 ut
2672 949 2803 987 cum
2856 932 3070 985 factum
3123 927 3317 989 fuerit,
3352 921 3596 977 credatis
3626 919 3761 990 quia
3791 933 3902 988 ego

2184 1042 2315 1079 sum
2353 1041 2365 1079 :
2396 1046 2424 1074 »
2459 1023 2517 1078 id
2547 1027 2653 1083 est,
2677 1038 2781 1092 ego
2814 1036 2942 1075 sum
2966 1020 3035 1073 de
3061 1033 3172 1088 quo
3196 1013 3295 1069 illa
3321 1012 3623 1083 Scriptura
3651 1021 3909 1080 princes-

2184 1113 2281 1180 sit,
2320 1112 2418 1167 ubi
2471 1112 2688 1167 dictum
2738 1115 2846 1175 est,
2902 1108 3009 1171 Qui
3067 1103 3359 1160 manduca:
3422 1115 3633 1155 mecum
3680 1112 3906 1169 panem,

2188 1203 2387 1257 levabit
2408 1218 2571 1272 super
2600 1216 2684 1256 me
2714 1200 3053 1255 calcaneum.

2253 1312 2307 1365 2.
2341 1310 2558 1366 Deinde
2595 1308 2875 1378 sequitur,
2908 1310 2963 1361 et
3021 1303 3197 1359 dicit:
3222 1303 3410 1366 Amen,
3461 1311 3627 1353 amen
3662 1294 3783 1350 dico
3813 1308 3905 1348 vo-

2188 1400 2305 1462 bis;
2326 1403 2421 1471 qui
2450 1399 2649 1470 accipit
2678 1397 2726 1453 si
2756 1412 2913 1467 quem
2944 1396 3167 1459 misero,
3198 1406 3284 1446 me
3313 1386 3512 1460 accipit
3542 1405 3563 1452 ;
3595 1387 3691 1457 qui
3720 1388 3906 1439 autem

2185 1491 2501 1560 meaccipit,
2528 1490 2729 1559 accipit
2787 1502 2910 1541 eum
2961 1485 3057 1554 qui
3112 1498 3198 1537 me
3250 1481 3413 1535 misit.
3447 1478 3786 1532 Tantumne
3809 1473 3905 1526 di-

2187 1586 2342 1636 stare
2370 1578 2616 1649 intelligi
2649 1576 2826 1632 voluit
2844 1575 2990 1629 inter
3006 1588 3141 1627 eum
3164 1585 3335 1641 quem
3359 1567 3603 1622 mittitet
3622 1562 3904 1634 seipsum,

2188 1672 2473 1739 quantum
2524 1667 2675 1721 inter
2718 1665 2978 1735 seipsum
3031 1666 3085 1717 et
3144 1660 3366 1715 Patrem
3433 1657 3612 1711 Deum
3644 1652 3673 1705 ?
3704 1652 3823 1706 Hoc
3844 1650 3903 1739 si

2190 1738 2301 1814 isto
2333 1755 2501 1812 modo
2526 1754 2945 1825 acceperimus,
2975 1749 3166 1805 nescio
3189 1763 3336 1818 quos
3360 1745 3594 1815 gradus,
3622 1741 3773 1812 quod
3804 1738 3904 1791 ab-

2190 1847 2287 1913 sit,
2320 1845 2659 1900 Arianorum
2694 1858 2846 1897 tnore
2873 1841 3173 1896 faciemus.
3207 1835 3294 1891 llli
3337 1832 3593 1905 quipppe
3627 1844 3761 1885 cum
3796 1842 3901 1880 au-

2189 1937 2358 1990 diunt
2406 1936 2527 1991 haec
2574 1934 2909 2001 evangelica
2960 1929 3158 1995 verba,
3193 1942 3291 1982 seu
3330 1924 3551 1995 legunt,
3591 1918 3794 1975 statim
3831 1915 3902 1970 ad

2188 2026 2319 2081 illos
2350 2024 2567 2096 gradus
2597 2021 2689 2078 sui
2719 2019 3010 2091 dogmatis
3031 2025 3290 2081 currunt,
3323 2013 3537 2084 quibus
3560 2025 3669 2064 non
3695 2022 3901 2096 ascen-

2189 2116 2337 2171 dunt
2363 2095 2442 2168 ad
2474 2115 2668 2178 vitam,
2704 2109 2805 2166 sed
2842 2107 3276 2181 praecipitantur
3320 2102 3378 2157 in
3414 2095 3901 2181 mortem._Conti-

2191 2212 2305 2250 nuo
2338 2193 2552 2267 quippe
2582 2177 2781 2247 dicunt
2819 2177 3153 2253 {Quantum
3178 2182 3481 2255 apostolus
3514 2180 3636 2236 Filii
3668 2177 3848 2231 distat
3872 2192 3903 2228 a

2190 2283 2353 2352 Filio,
2415 2282 2676 2353 quamvis
2729 2278 2961 2343 dixerit,
2998 2275 3104 2343 Qui
3159 2272 3359 2343 accipit
3416 2270 3466 2325 si
3495 2284 3649 2342 quem
3680 2267 3903 2330 misero,

2187 2389 2273 2428 me
2308 2374 2507 2442 accipit
2528 2387 2547 2431 ;
2571 2375 2797 2425 tantum
2842 2371 2899 2421 et
2930 2364 3113 2421 Filius
3144 2364 3323 2418 distat
3352 2378 3384 2415 a
3415 2360 3602 2425 Patre,
3636 2354 3906 2426 quamvis

2189 2464 2415 2528 dixerit,
2449 2462 2554 2529 Qui
2584 2469 2767 2514 autem
2796 2474 2880 2511 me
2921 2455 3139 2526 accipit,
3173 2453 3369 2522 accipit
3398 2466 3522 2505 eum
3552 2449 3648 2519 qui
3675 2462 3762 2501 me
3788 2447 3907 2499 mi-

2187 2555 2281 2608 sit.
2314 2552 2421 2606 Sed
2479 2551 2525 2604 si
2560 2549 2667 2604 boc
2714 2548 2880 2613 dicis,
2941 2543 3162 2599 oblitus
3212 2558 3293 2601 es.
3343 2539 3627 2603 heretica,
3690 2534 3911 2608 gradus

2189 2632 2375 2697 t‘uoos.
2407 2641 2459 2693 Si
2494 2639 2651 2694 enim
2684 2642 2845 2692 tanto
2899 2630 3196 2689 interVallo
3244 2635 3481 2702 propter
3514 2631 3634 2682 haec
3672 2625 3904 2693 Domini

2187 2731 2359 2786 verba
2389 2729 2596 2784 Filium
2630 2747 2659 2781 a
2690 2726 2878 2792 Patre,
2912 2728 3196 2795 quantum
3220 2717 3549 2791 apostolum
3576 2714 3908 2785 distinguis

2188 2837 2219 2876 a
2243 2820 2406 2889 Filio,
2442 2818 2536 2873 ubi
2610 2815 2908 2889 positurus
2953 2829 3015 2867 es
3064 2810 3345 2881 Spiritum
3383 2810 3652 2863 sanctum
3676 2806 3704 2857 Ρ
3736 2804 3902 2858 Exci-

2189 2909 2369 2964 ditiuc
2404 2907 2527 2976 tibi,
2567 2922 2700 2962 eum
2753 2921 2848 2959 vos
2889 2918 3099 2974 ponere
3122 2900 3303 2955 solere
3327 2901 3457 2969 post
3490 2895 3699 2951 Filium
3723 2893 3751 2948 ‘I
3785 2892 3908 2947 Erit

2190 3014 2325 3069 ergo
2356 2999 2477 3067 ipse
2498 2996 2648 3051 inter
2674 2991 3003 3066 apostolum
3031 2996 3085 3045 et
3109 2988 3315 3043 Filium
3336 2990 3431 3069 iet
3452 2982 3907 3069 multo_ampliua

2190 3064 2432 3134 distabit
2462 3077 2642 3132 Filius
2693 3064 2764 3129 ab
2804 3071 3062 3144 apostolo
3111 3084 3285 3140 quam
3342 3066 3506 3122 Pater
3559 3082 3593 3120 a
3626 3064 3788 3118 Filio.
3816 3069 3904 3116 An

2192 3168 2356 3234 forte,
2394 3166 2629 3221 utinter
2660 3162 2870 3218 Filium
2906 3166 2963 3215 et
3010 3156 3366 3230 apostolum,
3399 3159 3571 3225 atque
3619 3151 3771 3207 inter
3804 3151 3905 3206 Pa-

2190 3262 2338 3312 trem
2369 3262 2424 3311 ct
2455 3254 2665 3310 Filium
2694 3257 2921 3307 maneat
2944 3249 3181 3321 paribus
3211 3244 3533 3301 intervallis
3566 3246 3676 3299 ista
3699 3241 3904 3297 distin-

2190 3346 2325 3410 ctio,
2357 3344 2591 3416 aequalis
2623 3342 2733 3399 erit
2762 3340 3009 3413 Spiritus
3041 3346 3278 3393 sanctus
3313 3334 3494 3390 Filio?
3523 3334 3632 3389 Sed
3656 3348 3761 3387 nec
3793 3332 3906 3388 hoc

2191 3435 2383 3491 vultis.
2418 3432 2523 3490 Ubi
2566 3447 2697 3504 ergo
2729 3446 2859 3487 eum
2895 3428 3138 3501 posituri
3174 3424 3392 3493 estis,si
3425 3427 3645 3495 quanta
3688 3420 3903 3476 Filium

2192 3525 2365 3592 Patri,
2400 3526 2560 3578 tanta
2599 3520 2925 3593 apostolum
2968 3516 3111 3573 Filio
3143 3515 3490 3571 discretione
3519 3510 3855 3584 supponitis
3876 3510 3905 3565 ?

2190 3613 2463 3669 Cohibete
2495 3610 2688 3681 itaque
2718 3613 2923 3664 vestris
2956 3603 3431 3679 praesumptionis
3473 3601 3776 3657 audaciam
3804 3616 3818 3668 ;
3848 3604 3907 3654 et

2190 3704 2250 3759 in
2287 3703 2372 3758 his
2406 3699 2597 3756 verbis
2632 3697 2808 3753 nolito
2832 3712 3088 3769 quazrere
3121 3698 3398 3766 quantam
3433 3692 3559 3746 Filii
3582 3696 3637 3747 et
3666 3697 3906 3761 aposto-

2191 3792 2313 3858 toli,
2341 3795 2557 3846 tantam
2591 3788 2777 3843 Patris
2812 3786 3055 3856 Filiiqne
3086 3784 3445 3839 distantiam.
3470 3781 3665 3851 Ipsum
3692 3778 3905 3835 Filium

2192 3884 2387 3941 audite
2440 3880 2633 3953 potius
2682 3879 2992 3941 dicentem,
3031 3877 3143 3946 Ego
3182 3879 3234 3929 et
3280 3875 3451 3929 Pater
3498 3889 3669 3927 unum
3712 3887 3907 3925 sumus

2192 3974 2366 4043 (Joan.
2410 3987 2465 4037 x,
2498 3970 2611 4039 30).
2646 3967 2749 4023 Ubi
2803 3967 3011 4022 veritas
3061 3965 3222 4019 vobis
3266 3964 3414 4019 inter
3462 3962 3788 4018 Genitorem
3848 3966 3905 4016 et

2194 4062 2570 4134 Unigenitum
2614 4058 2837 4114 nullam
2888 4058 3173 4112 distantiis
3222 4055 3616 4126 suspicionem
3651 4052 3900 4125 reliquit,

2194 4153 2293 4209 ubi
2326 4152 2542 4224 gradus
2574 4153 2799 4204 vestros
2831 4146 3087 4202 Christus
3120 4144 3295 4209 elisit,
3332 4144 3427 4199 ubi
3461 4142 3647 4199 scalas
3676 4149 3903 4199 vestras

2194 4247 2352 4315 petra
2382 4238 2679 4309 confregit.

2262 4343 2316 4397 3.
2369 4340 2475 4395 Sed
2528 4337 2931 4393 hiereticorum
2982 4332 3272 4391 calumnia
3322 4334 3590 4402 refutatu,
3639 4336 3897 4405 quonam

2194 4432 2362 4488 modo
2421 4447 2526 4486 nos
2585 4428 2873 4499 accepturi
2924 4441 3129 4482 sumus
3174 4424 3296 4479 haec
3355 4424 3650 4480 dominica
3703 4427 3901 4490 verba,

2193 4521 2299 4591 Qui
2329 4521 2527 4592 accipit
2556 4519 2609 4573 si
2637 4533 2795 4590 quem
2845 4517 3063 4582 misero,
3094 4530 3180 4570 me
3226 4514 3451 4585 accipit;
3482 4514 3576 4585 qui
3606 4517 3788 4569 autem
3817 4530 3904 4570 me

2190 4609 2411 4683 accipit,
2432 4607 2632 4680 accipit
2656 4624 2781 4662 eum
2800 4608 2901 4677 qui
2929 4620 3014 4660 me
3045 4604 3238 4659 misit?
3265 4604 3321 4657 Si
3364 4604 3518 4658 enim
3546 4602 3904 4659 voluerimus

2190 4701 2511 4770 intelligere
2562 4698 2687 4753 ideo
2737 4696 2980 4763 dictum,
3014 4695 3120 4762 Qui
3167 4709 3250 4748 me
3278 4694 3501 4764 accipit,
3534 4693 3737 4761 accipit
3779 4709 3904 4748 eum

2191 4792 2286 4863 qui
2336 4804 2422 4844 me
2449 4790 2614 4850 misit,
2650 4785 2801 4857 quod
2836 4784 3011 4840 unius
3040 4790 3253 4838 natura:
3286 4782 3404 4837 sint
3430 4782 3592 4837 Pater
3609 4793 3667 4836 et
3697 4781 3900 4849 Filius;

2190 4893 2552 4949 consequens
2577 4874 2863 4931 videbitur
2883 4889 2948 4929 ex
2983 4873 3315 4927 eorumdem
3343 4872 3651 4926 verborum
3679 4872 3901 4942 regula,

2193 4984 2307 5040 qua
2336 4968 2557 5022 dictum
2589 4966 2820 5035 cst,Qui
2838 4963 3035 5033 accipit
3067 4964 3117 5017 si
3138 4977 3295 5033 quem
3320 4960 3540 5024 misero,
3569 4976 3653 5015 me
3682 4960 3902 5030 accipit,

2196 5062 2259 5112 ut
2298 5057 2470 5111 unius
2505 5060 2729 5110 natura:
2756 5054 2829 5108 sit
2861 5051 3040 5107 Filius
3072 5055 3130 5107 et
3167 5052 3485 5123 apostolus.
3536 5053 3740 5105 Posset
3771 5052 3906 5121 qui-

2194 5148 2321 5202 dem
2375 5162 2487 5200 non
2536 5144 3009 5200 inconvenienter
3038 5145 3095 5196 et
3146 5140 3252 5195 hoc
3302 5140 3572 5211 intelligi,
3622 5141 3905 5211 quoniam

2192 5234 2435 5308 geminae
2466 5238 2551 5289 est
2584 5233 2679 5288 ille
2728 5232 2894 5304 gigas
2946 5231 3309 5297 substantiae,
3362 5228 3458 5301 qui
3493 5228 3801 5285 exsultavit
3831 5232 3908 5286 ad

2192 5325 2537 5382 currendam
2571 5323 2721 5378 viam
2769 5322 2935 5392 (Psat.
2971 5336 3131 5388 xviii,
3155 5320 3218 5390 6)
3250 5336 3263 5376 :
3299 5319 3545 5375 Verbum
3580 5318 3736 5374 enim
3771 5335 3908 5377 caro

2195 5413 2412 5469 factum
2443 5420 2528 5466 est
2568 5411 2745 5481 (Joan.
2781 5410 2832 5464 1.
2870 5409 2978 5480 lli),
3013 5408 3121 5464 hoc
3156 5412 3264 5475 est,
3299 5407 3450 5463 Deus
3508 5405 3677 5462 homo
3714 5407 3908 5462 tactus

2194 5508 2301 5559 est.
2361 5501 2605 5556 Proinde
2639 5501 2722 5555 ita
2756 5498 2971 5554 dixisse
3022 5501 3219 5569 posset
3259 5497 3459 5563 videri,
3494 5497 3595 5565 Qui
3624 5497 3825 5567 accipit
3857 5500 3908 5553 si

2193 5605 2351 5661 quem
2382 5590 2604 5657 misero,
2634 5605 2719 5643 me
2744 5589 2938 5659 accipit
2961 5587 3283 5644 secundum
3310 5584 3601 5641 hominem
3632 5599 3643 5638 :
3676 5584 3907 5652 Quiau-
