4148 6190
245 305 392 362 1Ἱ9Ἰ

239 449 344 496 tem
373 456 457 495 me
488 441 818 496 secundum
852 441 1032 496 Deum
1081 443 1300 513 accipit,
1339 443 1535 512 accipit
1577 460 1699 497 eum
1730 446 1824 513 qui
1853 457 1938 496 me

238 534 395 587 misit.
428 531 537 586 Sed
580 547 712 586 cum
747 531 860 587 ista
890 531 1134 602 dicebat,
1169 549 1284 588 non
1318 533 1387 587 ab
1419 532 1518 588 illo
1553 538 1770 589 natura)
1808 535 1936 589 uni-

235 626 358 685 tas;
394 623 488 675 sed
517 622 574 676 in
598 637 664 676 eo
687 622 786 692 qui
808 622 1080 689 mittitur,
1109 623 1391 678 mittentis
1417 627 1940 682 commendabatur

231 711 567 766 auctoritas.
602 711 696 765 Sic
730 711 921 781 itaque
952 727 1082 766 eum
1118 712 1217 782 qui
1251 713 1467 768 missus
1498 719 1585 769 est
1618 716 1935 786 unusquis-

231 817 337 870 que
389 803 656 871 accipiat,
709 803 860 856 utin
897 801 994 857 illo
1038 819 1166 857 eum
1229 804 1325 877 qui
1371 805 1524 859 misit
1571 806 1846 860 attendat.
1879 806 1937 862 Si

231 907 364 963 ergo
395 893 656 948 attendas
697 893 990 948 Christum
1044 894 1100 948 in
1149 899 1332 960 Petro,
1369 895 1627 951 invenies
1667 896 1940 966 discipuli

230 991 683 1054 praeceptorem;
736 983 783 1038 si
834 988 1025 1040 autem
1079 985 1345 1041 attendas
1394 985 1620 1040 Patrem
1669 987 1725 1041 in
1775 986 1938 1053 Filio,

229 1072 492 1128 invenies
517 1073 803 1144 Unigeniti
829 1074 1156 1131 Genitorem
1187 1092 1198 1128 :
1225 1092 1290 1130 ac
1311 1077 1396 1131 sic
1418 1077 1474 1131 in
1509 1094 1574 1132 eo
1607 1079 1702 1147 qui
1728 1081 1939 1138 missus

225 1168 337 1228 est,
374 1163 503 1218 sine
534 1163 653 1218 ullo
687 1164 902 1235 accipis
933 1181 1125 1220 errore
1185 1166 1529 1224 mittentem.
1567 1169 1643 1224 Ea
1674 1187 1800 1240 qua:
1844 1188 1936 1228 se-

221 1255 496 1319 quuntur
526 1252 581 1304 in
638 1252 963 1322 Evangelio,
1016 1268 1128 1307 non
1182 1259 1318 1307 sunt
1353 1256 1629 1324 temporis
1661 1257 1938 1314 brevitate

220 1342 598 1395 coarctanda.
658 1341 724 1395 Et
776 1342 902 1395 ideo
964 1357 1154 1396 sermo
1203 1342 1334 1410 iste,
1385 1344 1733 1411 charissimi,
1782 1348 1941 1404 velut

217 1429 418 1484 ovium
463 1436 796 1485 sanctarum
831 1430 1013 1497 cibus,
1049 1431 1098 1485 si
1133 1432 1370 1499 sufficit,
1403 1434 1718 1490 salubriter
1749 1439 1940 1509 capia-

218 1524 316 1573 tur
353 1539 366 1584 ;
401 1521 449 1574 si
480 1522 726 1590 exiguus
758 1529 864 1587 est,
896 1521 1367 1578 desiderabiliter
1417 1525 1758 1581 ruminetur.

803 1627 1221 1684 TRACTATUS
1264 1630 1372 1684 LX.

214 1739 273 1790 In
313 1737 489 1806 illud,
521 1737 666 1792 Cum
696 1737 816 1792 hinc
849 1737 1090 1793 dixisset
1109 1740 1279 1793 Jesus
1298 1742 1568 1796 turbatus
1595 1749 1681 1797 est
1703 1745 1933 1813 spiritu.

831 1828 969 1898 Cap.
999 1846 1122 1896 xm,
1153 1831 1205 1896 in
1239 1830 1329 1884 21.

285 1940 338 1992 1.
383 1937 506 1994 Non
541 1953 735 2009 parva,
775 1938 996 2004 fratres,
1057 1955 1123 1992 ex
1173 1939 1479 2008 Evangelio
1513 1940 1660 1995 beati
1691 1943 1934 1999 Joannis

210 2029 390 2084 nobis
420 2028 772 2099 proponitur
799 2029 1064 2098 quaestio,
1099 2029 1195 2084 ubi
1231 2029 1349 2097 ait;
1383 2029 1518 2084 Cum
1546 2032 1660 2087 hac
1704 2032 1934 2089 dixisset

206 2121 390 2184 Iesus,
423 2119 680 2172 turbatus
711 2126 786 2173 est
806 2120 1032 2188 spiritu,
1065 2127 1118 2174 et
1143 2123 1472 2189 protestatus
1511 2125 1606 2188 est,
1657 2126 1708 2176 et
1735 2122 1879 2178 dixit
1910 2139 1931 2180 :

206 2214 408 2278 Amen,
441 2223 604 2263 amen
636 2207 754 2262 (tiro
786 2207 948 2271 vobis,
981 2210 1108 2280 quia
1141 2225 1283 2264 unus
1325 2225 1394 2264 ex
1425 2211 1572 2266 vobis
1614 2211 1792 2267 tradet
1824 2229 1925 2270 me.

206 2297 442 2354 Hincne
475 2297 744 2354 turbatus
791 2303 878 2353 est
922 2297 1115 2366 Jesus,
1167 2315 1283 2354 non
1333 2317 1528 2368 carne,
1560 2303 1660 2357 sed
1696 2302 1927 2372 spiritu,

207 2389 355 2459 quia
385 2389 654 2443 dicturus
687 2390 890 2452 fuerat,
927 2390 1071 2445 Unus
1100 2405 1170 2444 ex
1197 2390 1344 2444 vobis
1372 2392 1554 2445 tradet
1579 2395 1710 2446 me?
1740 2396 1922 2448 Num-

209 2479 502 2548 quidnam
540 2476 622 2532 illi
657 2477 764 2532 hoc
796 2483 934 2533 tunc
975 2478 1227 2549 primum
1253 2478 1409 2533 venit
1438 2478 1496 2533 in
1533 2486 1804 2547 mentem,
1839 2480 1927 2537 vel

207 2575 355 2622 tunc
383 2567 642 2638 primum
675 2566 725 2622 ei
757 2567 947 2623 subito
966 2567 1281 2623 revelatum
1307 2573 1416 2637 est,
1440 2586 1692 2640 eumque
1724 2587 1924 2640 repen-

207 2659 336 2712 tina
372 2658 518 2712 tanti
555 2658 687 2712 mali
721 2659 946 2714 novitas
978 2659 1289 2714 turbavit?
1336 2661 1538 2717 Nonne
1589 2662 1724 2718 hinc
1756 2660 1927 2733 paulo

205 2754 349 2804 ante
382 2749 736 2819 loquebatur
768 2747 987 2816 dicens,
1023 2748 1448 2817 Quimanducat
1469 2767 1680 2807 mecum
1709 2767 1924 2822 panem,

204 2841 414 2894 levabit
447 2854 619 2910 super
647 2855 734 2893 me
759 2839 1078 2893 ealcaneum
1107 2846 1133 2892 Ρ
1162 2840 1360 2895 Nonne
1393 2841 1565 2896 etiam
1593 2843 1715 2912 jam
1749 2857 1928 2912 supe-

202 2934 330 2984 rius
363 2929 614 2993 dixerat,
656 2930 722 2983 Et
760 2944 850 2983 vos
882 2929 1074 2984 mundi
1101 2933 1250 2996 estis,
1289 2931 1378 2984 sed
1417 2947 1523 2986 non
1556 2947 1740 2986 omnes
1766 2936 1790 2984 .9
1820 2931 1925 2986 Ubi

204 3017 587 3088 Evangelista
621 3020 947 3088 subjunxit,
980 3019 1190 3075 Sciebat
1219 3022 1367 3075 enim
1391 3024 1646 3092 quisnam
1675 3027 1812 3076 esset
1832 3025 1926 3093 qui

201 3109 460 3165 traderet
517 3125 646 3163 eum
699 3110 876 3179 (Joan.
933 3126 1055 3175 xm,
1126 3111 1212 3178 18,
1264 3111 1521 3179 1Ο,11);
1580 3127 1751 3181 quem
1800 3112 1922 3182 jam

203 3205 256 3253 et
301 3203 448 3253 ante
499 3196 925 3268 signiﬁcaverat
973 3198 1196 3266 dicens,
1249 3200 1433 3253 Nonne
1462 3216 1564 3272 ego
1608 3215 1695 3255 vos
1725 3200 1925 3255 duode-

201 3290 312 3343 cim
349 3289 518 3357 elegi,
569 3297 619 3342 et
662 3303 805 3342 unus
834 3304 904 3343 ex
949 3289 1098 3343 vobis
1145 3289 1396 3344 diabolus
1426 3299 1502 3344 est
1535 3291 1639 3356 (Id.
1673 3307 1747 3360 vx,
1777 3291 1870 3360 7t)
1899 3289 1927 3344 τι

203 3379 354 3442 Quid
380 3385 469 3432 est
503 3395 638 3446 ergo
661 3379 811 3447 quod
841 3394 996 3432 nunc
1021 3379 1278 3432 turbatus
1299 3384 1375 3434 est
1401 3383 1622 3450 spiritu,
1647 3397 1779 3435 cum
1806 3395 1931 3451 pro-

204 3473 442 3523 testatus
501 3473 602 3532 est,
655 3473 710 3520 et
749 3465 945 3520 dixit:
994 3468 1184 3534 Amen,
1220 3483 1382 3522 amen
1432 3469 1550 3524 dico
1581 3470 1747 3530 vobis,
1799 3468 1930 3538 quia

207 3574 355 3612 unus
387 3573 462 3612 ex
485 3557 637 3611 vobis
667 3554 846 3610 tradet
873 3559 1004 3610 me?
1036 3561 1118 3611 An
1145 3556 1280 3625 quia
1311 3573 1443 3612 eum
1470 3558 1593 3628 jam
1631 3560 1816 3614 fuerat
1837 3574 1932 3612 ex-

210 3662 558 3717 pressurus,
589 3649 652 3699 ut
683 3661 794 3699 non
829 3645 1034 3700 lateret
1066 3645 1122 3700 in
1156 3648 1396 3712 eteteris,
1429 3649 1527 3703 sed
1574 3648 1933 3703 discernere-

214 3741 310 3789 tur
344 3752 378 3788 a
404 3734 648 3801 caeteris,
683 3734 809 3788 ideo
838 3735 1088 3790 turbatus
1118 3742 1199 3789 est
1231 3735 1432 3805 spiritu
1461 3739 1486 3788 .9
1511 3741 1596 3790 An
1631 3737 1768 3807 quia
1809 3737 1935 3807 ipse

215 3823 469 3880 traditor
491 3823 617 3893 jam
651 3824 838 3878 fuerat
868 3824 1152 3888 exiturus,
1187 3829 1247 3878 ut
1277 3825 1532 3890 Judieos,
1567 3826 1781 3897 quibus
1821 3825 1937 3882 Do-

218 3914 425 3967 minus
459 3913 530 3967 ab
562 3929 627 3967 eo
661 3913 1003 3981 traderetur,
1029 3913 1363 3981 adduceret,
1389 3915 1642 3969 turbavit
1662 3931 1794 3969 eum
1828 3915 1935 3970 im-

217 4004 460 4057 minens
491 4002 706 4072 passio,
737 4007 793 4057 et
825 4001 1144 4073 periculum
1176 4003 1528 4071 proximum,
1553 4007 1609 4058 et
1635 4005 1936 4061 traditoris

215 4093 576 4162 impendens
601 4109 828 4157 manus,
854 4093 1018 4161 cujus
1044 4093 1229 4147 fuerat
1251 4096 1640 4165 przecognitus
1664 4095 1936 4151 animus?

215 4181 362 4239 Tale
394 4185 610 4254 quippe
641 4184 750 4238 hoc
799 4188 886 4239 est
926 4184 1077 4255 quod
1129 4185 1297 4239 Iesus
1332 4185 1581 4240 turbatus
1611 4191 1683 4240 est
1714 4187 1936 4256 spiritu,

219 4274 397 4344 quale
429 4276 602 4330 etiam
633 4275 775 4330 illud
809 4276 958 4346 quod
991 4275 1092 4341 ait,
1143 4276 1298 4330 Nune
1336 4277 1530 4332 anima
1561 4294 1678 4333 mea
1711 4281 1938 4335 turbata

217 4373 298 4420 est
335 4384 352 4426 ;
383 4371 436 4420 et
466 4365 596 4436 quid
626 4365 802 4420 dicam
824 4368 851 4418 γ
882 4367 1067 4428 Pater,
1099 4367 1249 4421 salva
1279 4382 1364 4420 me
1393 4383 1462 4422 ex
1491 4367 1622 4422 hora
1660 4368 1764 4423 hac
1791 4388 1812 4432 ;
1841 4371 1939 4425 sed

221 4461 513 4528 prapterea
570 4459 694 4510 veni
749 4459 808 4510 in
867 4455 1058 4510 horam
1109 4457 1247 4510 hanc
1305 4457 1404 4527 (Id.
1458 4473 1556 4521 xu,
1607 4459 1718 4529 27).
1777 4459 1940 4516 Sicut

225 4563 362 4615 ergo
398 4551 533 4600 tunc
561 4547 685 4615 ejus
715 4545 911 4601 anima
941 4545 1176 4600 turbata
1205 4550 1292 4600 est
1332 4546 1476 4601 hora
1509 4548 1938 4620 propinquante

231 4637 563 4707 passionis;
599 4635 676 4690 ita
699 4637 872 4690 etiam
898 4651 1054 4690 nunc
1074 4635 1295 4691 exituro
1315 4636 1464 4690 Juda
1483 4641 1656 4707 atque
1679 4644 1938 4708 venturo,

231 4732 290 4783 et
334 4727 765 4798 prOpinquante
800 4728 958 4780 tanto
991 4725 1204 4780 scelero
1238 4725 1552 4792 traditoris,
1587 4729 1838 4783 turbatus
1865 4735 1941 4786 est

229 4819 458 4890 spiritu.

303 4910 357 4962 2.
393 4908 684 4964 Turbatus
729 4913 814 4962 est
845 4924 982 4978 ergo
1030 4911 1370 4978 potestatem
1423 4907 1642 4962 habens
1690 4911 1939 4979 ponendi

234 5002 498 5056 animam
526 5002 788 5063 suam,et
814 5001 1156 5068 potestatem
1182 4995 1402 5052 habens
1432 4997 1641 5052 iterum
1667 5003 1938 5056 sumendi

234 5112 361 5152 eam
415 5091 516 5162 (1d.
569 5107 624 5156 χ,
675 5090 781 5161 18).
850 5088 1144 5144 Turbatur
1216 5097 1328 5143 tam
1391 5089 1598 5159 ingens
1657 5095 1935 5165 potestas,

235 5186 513 5241 turbatur
546 5184 715 5252 petrae
751 5179 993 5234 firmitas
1023 5196 1034 5231 :
1068 5195 1137 5233 an
1176 5177 1360 5248 potius
1391 5178 1449 5233 in
1481 5193 1547 5233 eo
1578 5185 1774 5234 nostra
1813 5191 1942 5239 tur-

237 5280 405 5333 batur
437 5270 793 5327 inﬁrmitas?
823 5269 906 5324 Ita
936 5284 1070 5324 vero
1105 5285 1116 5322 :
1166 5267 1310 5322 nihil
1351 5268 1659 5339 indignum
1705 5273 1942 5330 credant

236 5366 380 5422 servi
414 5365 486 5418 de
516 5359 764 5416 Domino
795 5375 923 5425 suo,
973 5362 1071 5414 sed
1124 5363 1446 5431 agnoscant
1495 5373 1554 5414 se
1588 5359 1850 5416 membra
1880 5364 1936 5419 in

237 5457 417 5524 capite
449 5466 580 5506 suo.
614 5448 721 5513 Qui
772 5453 1038 5503 mortuus
1070 5456 1151 5503 est
1185 5465 1286 5519 pro
1319 5447 1507 5513 nobis,
1541 5448 1804 5505 turbatus
1852 5460 1937 5508 est

239 5549 388 5602 idem
425 5545 553 5614 ipse
591 5554 690 5608 pro
715 5537 901 5593 nobis.
936 5537 1040 5600 Qui
1066 5553 1200 5608 ergo
1233 5541 1516 5608 potestate
1542 5541 1805 5594 mortuus
1835 5546 1944 5610 est,

195 5687 207 5700 .
243 5637 525 5709 potestate
558 5628 827 5683 turbatus
856 5632 943 5683 est
977 5644 988 5682 :
1024 5626 1122 5698 qui
1153 5625 1588 5696 transfiguravit
1609 5644 1820 5699 corpus
1845 5631 1945 5687 hu-

1440 304 1904 366 THACTA'I‘US
1950 309 2076 364 LX.
2125 305 2372 365 CAPUT
2419 303 2580 364 XIII.

3604 309 3756 367 I798

2049 441 2307 497 militatis
2341 446 2547 497 nostris
2579 441 2870 494 contorme
2912 438 3138 509 covpori
3198 437 3390 509 glorias
3424 457 3538 494 suae
3596 443 3746 510 (Plii-

2054 534 2188 604 lipp.
2242 549 2324 597 ιιι,
2365 533 2478 601 2t),
2540 529 2967 600 transfiguravit
3026 528 3198 583 etiam
3263 529 3319 582 in
3382 545 3441 584 se
3487 532 3750 587 affectum

2048 623 2408 681 inﬁrmitatis
2439 627 2667 688 nostra},
2707 620 3062 689 compatiens
3105 619 3268 674 nobis
3301 620 3505 676 alfectu
3541 625 3750 682 animus

2048 731 2185 769 suis.
2221 715 2464 770 Proinde
2487 714 2719 782 quando
2737 712 3008 764 turbatur
3033 726 3295 781 magnus,
3320 712 3504 779 fortis,
3535 721 3751 784 certus,

2047 804 2315 870 invictus,
2352 820 2461 857 non
2512 803 2560 855 ei
2592 801 2901 855 timeamus
2934 800 3095 869 quasi
3128 801 3394 868 deficiat;
3432 820 3544 859 non
3589 808 3754 876 perit,

2049 896 2146 949 sed
2183 911 2287 949 nos
2325 895 2551 964 quierit.
2584 892 2720 957 Nos,
2755 893 3015 960 inquam,
3054 907 3157 944 nos
3197 893 3435 948 omnino
3476 895 3559 950 sic
3595 914 3756 967 qua:-

2051 985 2119 1042 rit
2170 1001 2270 1040 nos
2317 985 2472 1055 ipsos
2521 983 2576 1036 in
2631 981 2789 1036 illius
2833 981 3263 1050 perturbatione
3312 982 3624 1052 videamus,
3690 994 3754 1042 ut

2049 1075 2280 1144 quando
2303 1073 2632 1138 turbamur,
2657 1086 2770 1125 non
2790 1067 3189 1139 desperatione
3213 1086 3536 1140 pereamus.
3565 1074 3751 1138 Quan-

2047 1165 2118 1218 do
2150 1163 2418 1217 turbatur
2447 1161 2545 1231 qui
2581 1177 2692 1215 non
2728 1159 3056 1212 turbaretur
3079 1159 3188 1214 nisi
3223 1160 3440 1231 volens,
3465 1179 3594 1219 eum
3619 1182 3751 1222 con-

2049 1261 2271 1317 solatur
2303 1260 2399 1331 qui
2435 1260 2706 1314 turbatur
2735 1262 2790 1311 et
2824 1257 3045 1312 nolens.

2119 1351 2170 1404 3.
2207 1354 2450 1405 Pereunt
2482 1350 2824 1416 argumenta
2860 1345 3366 1416 phiIOSOphorum,
3401 1353 3500 1422 qui
3537 1360 3751 1425 negant

2050 1443 2108 1497 in
2141 1442 2460 1512 sapientem
2495 1441 2698 1494 calere
2732 1437 3198 1508 perturbationes
3227 1442 3577 1504 animorum.
3604 1448 3757 1502 Stul-

2051 1538 2166 1586 tam
2221 1532 2353 1585 fecit
2402 1530 2550 1584 Deus
2596 1527 2938 1598 sapientiam
2995 1527 3168 1596 hujus
3224 1533 3424 1585 mundi
3463 1535 3504 1602 (Ι
3563 1537 3680 1591 Cor.
3715 1554 3752 1601 ι,

2049 1624 2165 1690 20.)
2200 1637 2213 1686 ;
2246 1626 2301 1674 et
2344 1620 2623 1673 Dominus
2677 1617 2830 1670 novit
2861 1617 3234 1686 cogitationes
3270 1619 3590 1689 hominum,
3617 1642 3757 1694 quu-

2050 1711 2204 1764 niam
2256 1726 2412 1762 vana:
2472 1713 2606 1762 sunt
2667 1705 2840 1777 (Psal.
2875 1722 3030 1772 xcui,
3093 1707 3199 1775 11).
3257 1707 3541 1766 Turbatur
3589 1713 3760 1783 plane

2047 1801 2278 1854 animus
2327 1798 2705 1862 christianus,
2743 1813 2852 1850 non
2888 1796 3145 1862 miseria,
3199 1799 3297 1852 sed
3333 1800 3756 1859 misericordia:

2047 1890 2248 1944 timeat
2281 1905 2350 1943 ne
2385 1892 2621 1958 pereant
2653 1887 2916 1941 homines
2941 1886 3188 1955 Christo,
3215 1889 3590 1946 contristetur
3623 1910 3756 1950 cum

2044 1979 2193 2050 perit
2225 1978 2437 2048 aliquis
2487 1976 2761 2042 Christo;
2812 1973 3188 2045 concupiscat
3230 1978 3443 2047 acquiri
3490 1979 3757 2039 homines

2042 2067 2289 2134 Christo,
2327 2070 2554 2121 laetetur
2586 2081 2720 2121 cum
2769 2065 3152 2134 acquiruntur
3186 2065 3446 2122 homines
3479 2069 3748 2126 Christo:

2041 2155 2240 2211 timeat
2284 2166 2334 2212 et
2396 2156 2506 2210 sibi
2563 2171 2633 2209 ne
2686 2160 2884 2226 pereat
2932 2153 3185 2218 Christo,
3221 2157 3594 2215 contristetur
3625 2177 3756 2231 per-

2039 2247 2291 2316 egrinari
2322 2262 2382 2300 se
2415 2262 2446 2300 a
2480 2243 2704 2299 Christo
2730 2261 2742 2309 ;
2766 2245 3141 2313 concupiscat
3173 2260 3413 2314 regnare
3437 2262 3565 2302 cum
3589 2249 3747 2303 Chri-

2039 2339 2152 2402 sto,
2187 2334 2408 2390 latetur
2437 2333 2573 2388 dum
2607 2337 2803 2403 sperat
2832 2335 3022 2402 sperat
3044 2338 3418 2402 regnaturum
3452 2352 3579 2390 esse
3609 2353 3744 2392 cum

2039 2423 2282 2479 Christo.
2340 2425 2464 2478 Istas
2489 2427 2626 2478 sunt
2651 2430 2798 2476 certe
2827 2425 3074 2490 quatuor
3103 2439 3249 2492 quas
3282 2425 3746 2492 perturbationes

2037 2510 2263 2570 vocant,
2296 2505 2470 2560 timor
2518 2511 2574 2558 et
2621 2501 2876 2569 tristitia,
2928 2518 3092 2556 amor
3138 2507 3194 2556 et
3225 2503 3440 2558 laetitia.
3495 2505 3754 2563 Habeant

2038 2594 2324 2664 easjustis
2356 2596 2425 2648 de
2455 2592 2646 2648 causis
2679 2591 2855 2645 animi
2890 2589 3212 2657 christiani,
3248 2608 3353 2648 nec
3387 2593 3756 2666 phil030pho-

2038 2699 2165 2738 rum
2207 2683 2557 2751 Stoicorum,
2600 2682 2686 2737 vel
2735 2695 3243 2751 quorumcumque
3293 2682 3572 2738 similium
3609 2701 3753 2740 con-

2038 2772 2324 2828 sentiatur
2353 2774 2529 2827 errori
2565 2789 2577 2827 :
2615 2771 2707 2842 qui
2745 2771 2998 2842 profecto
3041 2771 3538 2840 quemadmodum
3589 2775 3751 2829 vani-

2043 2866 2214 2917 tatem
2251 2862 2589 2917 existimant
2633 2860 2951 2925 veritatem,
3000 2860 3082 2914 sic
3134 2864 3432 2930 stuporem
3466 2862 3751 2934 deputant

2043 2951 2358 3005 sanitatem
2387 2971 2398 3016 ;
2428 2952 2754 3018 ignorantes
2780 2949 2860 3003 sic
2887 2949 3142 3003 hominis
3165 2950 3448 3020 animum,
3474 2954 3755 3022 quemad-

2040 3041 2276 3094 modum
2331 3041 2591 3110 corporis
2641 3039 2985 3104 membrum,
3039 3039 3404 3110 desperatius
3449 3047 3753 3112 aegrotare,

2037 3130 2267 3199 quando
2301 3134 2355 3184 et
2385 3129 2600 3184 doloris
2638 3128 2900 3183 amiserit
2942 3144 3197 3183 sensum.

2110 3219 2160 3272 Ιι.
2195 3219 2304 3273 Sed
2339 3217 2480 3272 dicit
2510 3216 2722 3288 aliquis
2759 3233 2770 3270 :
2826 3215 3120 3286 Numquid
3174 3219 3410 3273 animus
3441 3220 3751 3277 christiani

2039 3309 2207 3364 debet
2228 3307 2394 3362 etiam
2435 3311 2618 3361 morte
2649 3305 3022 3376 impendente
3054 3305 3315 3360 turbari?
3344 3305 3448 3360 Ubi
3482 3314 3566 3363 est
3598 3312 3752 3366 enim

2040 3400 2191 3471 quod
2229 3398 2308 3454 ait
2348 3396 2680 3469 Apostolus,
2713 3394 3249 3464 concupiscentiam
3286 3410 3343 3450 se
3385 3394 3595 3452 habere
3626 3399 3751 3452 dis-

2041 3488 2185 3544 solvi
2243 3491 2298 3543 et
2362 3503 2486 3541 esse
2559 3501 2687 3540 cum
2763 3483 2994 3540 Christo
3061 3482 3321 3554 (Philipp.
3401 3501 3438 3552 ι,
3506 3486 3643 3554 23);
3699 3487 3750 3541 si

2042 3577 2182 3632 illud
2207 3577 2357 3647 quod
2385 3574 2760 3645 concupiscit,
2788 3577 2976 3643 potest
2997 3589 3128 3627 eum
3161 3573 3400 3628 turbare
3423 3589 3556 3628 cum
3579 3589 3749 3629 vene-

2046 3666 2159 3721 rit?
2184 3663 2369 3720 Facile
2391 3669 2477 3718 est
2499 3663 2731 3734 quidem
2759 3663 2886 3716 istis
2909 3663 2978 3716 ad
3020 3661 3138 3716 haec
3164 3662 3536 3732 respondere,
3572 3664 3668 3734 qui
3701 3671 3755 3719 et

2047 3757 2228 3827 ipsam
2263 3753 2520 3808 laetitiam
2556 3751 3048 3823 perturbationem
3083 3754 3308 3806 vocant.
3345 3752 3492 3817 Quid
3527 3753 3574 3807 si
3598 3753 3754 3808 enim

2049 3847 2354 3917 propterea
2387 3847 2570 3896 morte
2593 3841 2939 3896 imminente
2970 3841 3261 3908 turbatur,
3289 3840 3425 3912 quia
3445 3849 3626 3897 morte
3651 3842 3758 3897 im-

2050 3935 2303 3987 minente
2336 3929 2607 3985 ltetatur?
2638 3931 2747 3985 Sed
2783 3929 2911 3996 hoc,
2957 3930 3255 4000 inquiunt,
3294 3931 3598 4002 gaudium,
3639 3948 3754 3986 non

2047 4021 2247 4077 laetitia
2278 4019 2636 4075 nominanda
2665 4023 2772 4074 est.
2810 4019 2953 4086 Quid
2991 4028 3074 4074 est
3107 4018 3237 4086 hoc,
3265 4020 3372 4075 nisi
3404 4023 3635 4077 easdem
3662 4038 3752 4075 res

2049 4111 2286 4178 sentire,
2319 4117 2374 4166 et
2425 4127 2616 4166 rerum
2653 4111 2889 4166 nomina
2919 4111 3065 4166 velle
3100 4121 3323 4166 mutare
3346 4112 3373 4166 ‘t
3403 4112 3611 4168 Verum
3646 4130 3752 4168 nos

2049 4201 2227 4257 sacris
2253 4201 2483 4256 Litteris
2511 4203 3020 4257 accommodamus
3038 4203 3326 4268 auditum,
3353 4206 3409 4255 et
3430 4202 3751 4257 secundum

2051 4293 2208 4364 ipsas
2260 4291 2452 4363 potius
2489 4291 2660 4345 istam
2714 4291 3095 4361 quastionem
3155 4290 3399 4344 Domino
3443 4291 3758 4359 adjuvante

2051 4386 2380 4437 solvamus:
2409 4396 2512 4434 nec
2535 4380 2813 4450 quoniam
2838 4379 3121 4449 scriptum
3147 4387 3251 4445 est,
3289 4379 3421 4432 Cum
3453 4379 3564 4432 haec
3585 4377 3760 4432 dixis-

2049 4476 2128 4524 set
2157 4470 2324 4533 Jesus,
2369 4468 2621 4521 turbatus
2669 4473 2745 4519 est
2791 4466 3018 4535 spiritu,
3073 4465 3338 4520 dicamus
3369 4481 3500 4519 cum
3555 4463 3756 4519 laetitia

2051 4558 2232 4613 fuisse
2263 4557 2563 4611 turbatum
2601 4571 2614 4622 ;
2655 4571 2724 4608 ne
2754 4554 2942 4608 verbis
2976 4554 3100 4607 suis
3156 4570 3262 4608 nos
3294 4553 3420 4624 ipse
3452 4553 3760 4608 convincat

2054 4646 2147 4700 ubi
2180 4643 2341 4712 dicit,
2395 4641 2586 4696 Tristis
2628 4650 2704 4697 est
2765 4643 2953 4695 anima
3010 4658 3131 4696 mea
3191 4658 3357 4712 usque
3411 4642 3480 4696 ad
3523 4648 3756 4696 mortem

2052 4733 2269 4806 (Matth.
2304 4748 2450 4798 xx",
2484 4732 2594 4798 38).
2636 4730 2773 4785 Tale
2821 4730 3043 4801 aliquid
3090 4733 3263 4787 etiam
3298 4731 3391 4788 hic
3422 4731 3754 4802 intelligen-

2053 4824 2192 4878 dum
2227 4830 2332 4889 est,
2367 4821 2596 4892 quando
2622 4835 2720 4875 suo
2753 4820 3170 4892 traditorejam
3195 4827 3330 4878 tunc
3363 4821 3486 4878 solo
3509 4821 3760 4884 exituro.

2053 4921 2255 4967 etcum
2280 4912 2400 4966 suis
2424 4909 2594 4966 sociis
2619 4911 2897 4965 continuo
2928 4913 3203 4978 redituro,
3223 4912 3372 4966 Iesus
3407 4911 3659 4964 turbatus
3680 4914 3759 4962 est

2052 5003 2288 5073 Spiritu.

2121 5093 2174 5146 5.
2210 5090 2548 5146 Firmissimi
2583 5089 2813 5160 quidem
2848 5095 2988 5145 sunt
3017 5090 3345 5154 christiani,
3380 5089 3427 5144 si
3463 5087 3561 5157 qui
3595 5089 3755 5153 sunt,

2050 5183 2148 5252 qui
2205 5195 2575 5252 nequaquam
2630 5183 2810 5234 morte
2856 5180 3192 5234 imminente
3238 5177 3599 5232 turbantur:
3654 5178 3756 5231 sed

2051 5270 2328 5340 numquid
2362 5269 2588 5323 Christo
2622 5267 2947 5322 ﬁrmiores?
2996 5269 3133 5330 Quis
3184 5268 3288 5322 hoc
3334 5265 3754 5321 insanissimus

2049 5359 2260 5416 dixerit
2289 5357 2327 5418 ?,
2354 5357 2500 5421 Quid
2553 5360 2642 5410 est
2687 5371 2819 5425 ergo
2867 5358 3021 5426 quod
3056 5355 3148 5410 ille
3196 5357 3465 5411 turbatus
3499 5363 3605 5418 est,
3640 5355 3764 5428 nisi

2049 5450 2186 5520 quia
2217 5447 2480 5502 inﬁrmos
2511 5445 2564 5497 in
2587 5460 2692 5498 suo
2715 5460 2972 5514 corpore,
3009 5446 3114 5501 hoc
3137 5450 3225 5500 est
3248 5446 3302 5500 in
3339 5463 3444 5501 sua
3478 5443 3758 5511 Ecclesia,

2058 5556 2173 5594 sua:
2220 5534 2576 5590 infirmitatis
2618 5533 2937 5588 voluntaria
2983 5535 3374 5591 similitudine
3425 5534 3760 5591 consolatus

2057 5637 2137 5684 est
2173 5645 2182 5680 :
2239 5635 2294 5682 ut
2328 5625 2370 5680 si
2405 5625 2505 5694 qui
2550 5639 2787 5679 suorum
2820 5624 3009 5679 adhuc
3044 5632 3226 5682 morte
3257 5627 3601 5683 imminente
3631 5629 3754 5680 tur-
