4148 6190
393 242 548 304 1799

391 397 599 453 bantur
630 397 687 452 in
722 397 951 468 spiritu,
985 396 1177 469 ipsum
1228 397 1585 468 intueantur,
1628 415 1700 454 ue
1740 398 1849 455 hoc
1879 400 2001 471 ipso
2034 415 2095 455 se

387 490 660 557 putantes
716 486 1010 557 reprobos,
1053 487 1246 559 pejore
1293 488 1712 559 desperationis
1753 494 1936 544 morte
1967 506 2094 544 sor-

389 574 680 630 beantur?
728 576 1022 641 Quantum
1058 578 1254 648 itaque
1287 580 1498 633 bonum
1542 578 1612 633 de
1653 578 2093 650 participatione

386 664 711 721 divinitatis
742 666 870 735 ejus
902 671 1232 737 exspectare
1264 671 1319 721 et
1342 683 1572 738 sperare
1589 668 1885 737 debemus,
1920 669 2089 738 cujus

384 770 487 808 nos
518 759 574 810 et
613 756 971 826 perturbatio
1021 754 1382 827 tranquillet,
1414 762 1468 811 et
1497 756 1811 811 infirmitas
1846 753 2089 811 firmat?

382 842 514 898 Sive
545 859 679 915 ergo
711 843 824 899 isto
872 843 996 900 loco
1027 845 1220 915 ipsum
1270 846 1472 900 ludam
1516 850 1851 918 pereuntem
1904 847 2086 902 mise-

383 933 562 987 rando
612 932 878 989 turbatus
926 938 1035 1001 est,
1083 932 1200 989 sive
1259 951 1368 989 sua
1424 940 1611 991 morte
1654 936 2084 1008 propinquante

382 1023 648 1077 turbatus
678 1029 761 1078 est
788 1040 801 1079 ε
836 1038 951 1078 non
983 1029 1073 1079 est
1104 1028 1296 1079 tamen
1332 1024 1447 1079 ullo
1470 1026 1642 1080 modo
1668 1024 2079 1086 dubitandum.

376 1122 489 1164 non
522 1127 652 1165 eum
686 1111 869 1167 animi
901 1112 1258 1173 infirmitate,
1300 1114 1397 1168 sed
1433 1118 1713 1185 potestate
1743 1115 2076 1182 turbatum;

376 1214 446 1253 ne
486 1199 649 1255 nobis
682 1202 1006 1272 desperatio
1041 1202 1245 1258 salutis
1276 1204 1518 1270 oriatur,
1566 1203 1799 1274 quando
1829 1220 1943 1261 non
1977 1221 2079 1274 po-

371 1292 597 1357 testate,
641 1291 740 1345 sed
775 1290 1112 1346 inﬁrmitate
1144 1293 1471 1348 turbamur.
1494 1292 1700 1349 Carnis
1730 1293 1948 1364 quippe
1979 1292 2077 1350 ille

372 1378 607 1446 gerebat
648 1379 1074 1446 infirmitatem,
1124 1396 1251 1451 quas
1296 1381 1603 1437 infirmitas
1652 1380 2073 1437 resurrectione

372 1474 719 1540 consumpta
767 1477 871 1526 est.
935 1469 1037 1525 Sed
1091 1471 1185 1541 qui
1242 1487 1354 1525 non
1405 1470 1597 1527 solum
1640 1472 1836 1540 homo,
1868 1487 2068 1527 verum

369 1557 539 1610 etiam
574 1556 724 1613 Deus
754 1563 896 1625 erat,
932 1560 1213 1614 ineffabili
1235 1560 1511 1615 distantia
1533 1561 1861 1616 universum
1882 1575 2069 1631 genus

371 1646 685 1700 humanum
717 1648 895 1702 animi
929 1648 1261 1705 fortitudine
1293 1651 1625 1720 superabat.
1659 1649 1781 1704 Non
1804 1664 1938 1721 ergo
1961 1648 2067 1704 ali-

367 1752 481 1806 quo
507 1743 589 1791 est
620 1743 858 1808 cogente
888 1740 1180 1807 turbatus,
1224 1739 1326 1795 sed
1358 1740 1614 1795 turbavit
1642 1739 2022 1810 semetipsum
2049 1757 2063 1807 ;

364 1824 515 1891 quod
549 1825 619 1879 de
660 1826 757 1880 illo
788 1827 1079 1882 evidenter
1110 1842 1445 1899 expressum
1476 1836 1577 1895 est,
1608 1829 1840 1899 quando
1884 1829 2068 1883 Laza-

365 1928 495 1967 rum
528 1915 831 1971 suscitavit
862 1932 876 1971 :
913 1933 1044 1972 nam
1076 1916 1153 1971 ibi
1186 1917 1467 1989 scriptum
1498 1922 1589 1972 est
1618 1918 1765 1988 quod
1798 1917 2063 1973 turbave-

363 2002 439 2056 rit
470 2005 851 2075 semetipsum
884 2006 1062 2077 (Joan.
1104 2023 1181 2074 xi,
1215 2006 1325 2077 33),
1383 2012 1445 2061 ut
1476 2006 1583 2063 hoc
1621 2006 1978 2077 intelligatur
2006 2012 2065 2063 et

361 2091 459 2145 ubi
488 2108 603 2148 non
627 2095 905 2166 scriptum
937 2095 1171 2168 legitur,
1194 2100 1251 2152 et
1270 2105 1461 2152 tamen
1486 2112 1619 2152 eum
1648 2096 1860 2168 legitur
1888 2096 2064 2152 fuisse

358 2180 671 2237 turbatum.
704 2183 986 2240 Aﬁ'ectum
1013 2186 1228 2257 quippe
1258 2185 1609 2256 humanum,
1632 2186 1867 2258 quando
1896 2201 2063 2257 opor-

358 2269 539 2327 tuisse
579 2273 885 2344 judicavit,
920 2274 980 2329 in
1030 2274 1220 2347 seipso
1252 2281 1537 2347 potestate
1584 2277 1917 2342 commovit,
1960 2274 2061 2346 qui

358 2359 648 2418 hominem
683 2367 869 2420 totum
905 2371 1188 2436 potestate
1219 2367 1495 2437 suscepit.

912 2490 1329 2547 TBACTATUS
1370 2490 1504 2545 LXI.

352 2597 426 2647 Ab
456 2611 514 2651 eo
544 2596 685 2667 quod
715 2598 977 2652 Dominus
1008 2598 1109 2665 ait,
1131 2600 1522 2665 Amen,ameu
1556 2598 1681 2653 dico
1713 2598 1894 2664 vobis,
1916 2597 2056 2668 quia

426 2701 583 2740 unux
611 2702 679 2741 ex
723 2688 884 2741 vobis
916 2688 1096 2741 tradet
1130 2702 1217 2740 me
1251 2703 1265 2751 ;
1300 2702 1469 2755 usque
1498 2686 1568 2740 ad
1599 2685 1671 2745 id.
1706 2684 1808 2740 Illo
1839 2692 1927 2741 est
1959 2686 2051 2740 cui

419 2789 525 2843 ego
556 2776 806 2829 tinctum
841 2790 1049 2844 panem
1082 2790 1405 2844 porrexero.
1442 2774 1570 2845 Cap.
1606 2791 1729 2841 xm,
1769 2775 1820 2842 ᾗ.
1853 2776 2048 2829 21-26.

421 2882 473 2934 1.
508 2880 625 2937 Hoc
656 2880 945 2950 Evangelii
978 2880 1321 2951 capitulum,
1356 2881 1583 2951 fratres,
1633 2882 1711 2936 ita
1747 2884 1910 2938 nobis
1941 2899 2048 2939 ex-

350 2970 682 3040 ponendum
718 2968 821 3024 hac
846 2969 1088 3025 lectione
1111 2972 1470 3041 propositum
1492 2976 1601 3039 est,
1636 2977 1698 3025 ut
1719 2972 1843 3041 jam
1871 2973 2047 3029 etiam

345 3064 415 3113 de
447 3060 720 3114 traditore
751 3058 980 3115 Domini
1035 3075 1134 3130 per
1182 3076 1385 3131 panem
1437 3060 1684 3115 tinctum
1716 3064 1881 3133 eique
1911 3080 2050 3132 por-

348 3155 570 3204 rectum
602 3150 746 3206 satis
772 3149 1069 3205 evidenter
1085 3165 1353 3218 expresso
1376 3150 1593 3220 aliquid
1620 3151 1809 3206 dicere
1838 3153 2047 3210 debea-

348 3255 496 3295 mus.
530 3238 600 3294 Et
628 3240 700 3295 de
730 3239 829 3294 illo
860 3241 1121 3309 quidem,
1144 3239 1295 3309 quod
1318 3255 1449 3294 eum
1472 3240 1593 3309 jam
1617 3241 2047 3299 demonstratu-

343 3344 441 3382 rus
470 3327 643 3383 Jesus
694 3328 965 3383 turbatus
1012 3334 1103 3383 est
1150 3327 1385 3398 spiritu,
1441 3330 1731 3398 praeterito
1777 3346 2046 3389 sermone

340 3415 591 3469 disserui
622 3430 641 3469 :
674 3415 772 3469 sed
804 3414 1067 3470 fortassis
1098 3416 1250 3485 quod
1284 3414 1361 3468 ibi
1395 3430 1507 3468 non
1552 3415 1688 3484 dixi,
1721 3417 1895 3471 etiam
1936 3420 2044 3477 hoc

340 3504 506 3560 nobis
539 3504 823 3561 Dominus
854 3504 1180 3577 significare
1211 3521 1320 3560 sua
1369 3505 1798 3575 perturbatione
1836 3509 2041 3579 digna-

339 3601 573 3665 tuaest,
604 3597 755 3667 quod
803 3596 1028 3651 scilicet
1060 3595 1239 3651 falsos
1268 3596 1496 3664 fratres,
1529 3602 1584 3651 et
1606 3595 1883 3652 dominici
1915 3600 2039 3669 agri

336 3687 437 3739 illa
466 3687 690 3740 zizania
720 3686 798 3739 ita
831 3701 1066 3742 necesse
1088 3695 1174 3741 est
1197 3700 1382 3756 usque
1417 3686 1489 3740 ad
1532 3687 1738 3741 messis
1796 3694 2035 3758 tempus

339 3774 487 3824 inter
508 3774 799 3826 frumenta
828 3772 1063 3826 tolerari
1086 3772 1294 3841 (Jfatth.
1314 3787 1434 3840 xui,
1459 3771 1547 3833 29,
1570 3772 1680 3843 30),
1716 3778 1775 3827 ut
1805 3774 2037 3843 quando

334 3874 401 3913 ex
434 3863 518 3914 eis
568 3859 766 3928 aliqua
817 3861 1069 3931 separari
1114 3861 1286 3915 etiam
1327 3872 1458 3915 ante
1517 3877 1769 3917 messem
1821 3879 2036 3934 urgens

335 3964 511 4003 causa
541 3948 853 4017 compellit,
879 3949 1001 4003 ﬁeri
1023 3949 1149 4003 sine
1169 3949 1433 4004 Ecclesiae
1458 3952 1894 4019 perturbatione
1918 3970 2032 4009 non

336 4039 542 4108 possit.
574 4039 734 4094 Hanc
766 4038 1256 4109 perturbationem
1298 4044 1637 4093 sanctorum
1668 4057 1908 4096 suorum
1934 4059 2033 4114 per

331 4127 806 4183 schismaticoset
823 4128 1122 4183 haereticos
1147 4128 1870 4197 futuram,quodammodo
1894 4148 2033 4201 prae-

331 4220 607 4274 nuntians
641 4219 937 4285 Dominus,
976 4219 1363 4290 prefiguravit
1393 4218 1451 4272 in
1484 4219 1695 4288 seipso,
1746 4236 1878 4275 cum
1911 4222 2027 4277 exi-

327 4321 457 4366 turo
487 4310 637 4366 Juda
665 4310 902 4366 homine
934 4310 1107 4374 malo,
1139 4313 1193 4364 et
1224 4308 1697 4365 commixtiouem
1723 4312 2025 4379 frumenti,

323 4400 383 4455 in
416 4418 531 4473 qua
562 4402 659 4457 diu
694 4403 875 4459 fuerat
902 4399 1202 4466 toleratus,
1251 4400 1616 4471 separatione
1656 4402 2026 4472 apertissima

322 4492 615 4559 relicturo,
654 4492 929 4548 turbatus
956 4496 1046 4547 est
1077 4506 1193 4547 non
1214 4506 1408 4557 carne,
1441 4492 1541 4546 sed
1574 4492 1807 4563 spiritu.
1841 4492 2022 4565 Spiri-

322 4585 508 4638 tuales
536 4582 691 4638 enim
721 4585 845 4651 ejus
873 4582 932 4637 iu
966 4581 1302 4651 bujusmodi
1334 4580 1623 4637 scandulis
1654 4599 1767 4637 non
1800 4598 2022 4652 perver-

320 4679 507 4744 sitate,
542 4675 644 4730 sed
676 4673 958 4729 cbaritate
1005 4673 1354 4739 turbantur;
1400 4688 1471 4726 ne
1520 4672 1662 4727 forte
1693 4672 1748 4726 in
1782 4688 2018 4742 separa-

319 4768 472 4823 tione
488 4766 817 4835 aliquorum
841 4763 1217 4822 zizaniorum.
1241 4762 1415 4817 simul
1438 4761 1673 4832 aliquod
1695 4762 2019 4817 eradicatur

313 4864 369 4916 et
398 4857 675 4914 triticum.

382 4954 437 5007 2.
475 4949 737 5005 Turbatus
766 4944 961 5015 itaque
1008 4949 1089 4998 est
1132 4944 1284 4998 Jesus
1328 4942 1555 5011 spiritu,
1606 4944 1657 4994 et
1684 4947 2016 5012 protestatus

311 5050 407 5111 est,
440 5048 491 5097 et
523 5038 670 5095 dixit
702 5054 720 5092 :
753 5037 938 5099 Amen,
973 5049 1131 5088 amen
1162 5033 1283 5088 dico
1302 5032 1469 5099 vobis,
1500 5032 1633 5101 quia
1662 5047 1805 5086 unus
1831 5047 1900 5087 ex
1920 5049 2011 5090 vo-

315 5137 394 5190 bis
428 5132 611 5187 tradet
641 5145 748 5184 me.
787 5128 935 5183 Unus
981 5139 1051 5181 ex
1078 5124 1248 5192 vobis,
1298 5137 1559 5188 numero,
1612 5138 1726 5178 non
1769 5126 2009 5195 merito;

309 5229 522 5301 specie,
557 5243 670 5283 non
702 5223 950 5286 virtute;
983 5216 1389 5274 commixtione
1419 5217 1724 5288 corporali,
1753 5234 1864 5275 non
1892 5220 2017 5281 vin-

1348 242 1425 302 ΙΝ
1468 241 1794 307 JOANNIS
1841 246 2367 326 EVANGELIUM,
2418 254 2481 315 S.
2527 258 2951 322 AUGUSTINI

3764 257 3915 317 {800

2200 402 2397 443 verum
2431 394 2522 446 est
2551 394 2703 464 quod
2742 396 2822 450 ait
2851 394 3005 450 idem
3038 394 3165 465 ipse
3194 392 3251 448 in
3286 391 3549 465 Epistula
3578 408 3703 459 sua,
3747 394 3913 463 cujus

2200 480 2289 530 est
2321 477 2426 533 hoc
2459 480 2855 553 Evangelium,
2890 485 2972 537 Ex
3001 483 3156 538 nobis
3185 483 3463 549 exierunt,
3486 483 3580 537 sed
3610 496 3721 537 non
3750 488 3912 537 erant

2195 581 2264 621 ex
2291 569 2449 623 nobis
2479 590 2497 630 :
2531 589 2656 626 nam
2687 576 2735 627 si
2762 575 2999 642 fuissent
3028 588 3096 627 es:
3143 572 3317 639 nobis,
3350 572 3683 627 mansissent
3729 574 3913 643 utique

2196 658 2480 714 nobiscum
2519 661 2560 729 (Ι
2589 662 2753 717 Joan.
2787 678 2850 727 ιι,
2891 660 2969 730 19)
3001 661 3027 715 τ
3053 660 3177 716 Non
3200 666 3325 716 erat
3356 660 3534 732 igitur
3562 677 3631 716 ex
3661 661 3775 717 illis
3803 665 3908 716 Ju-

2196 748 2299 803 das
2336 765 2348 803 :
2383 750 2689 806 mansisset
2718 753 2875 806 enim
2906 767 3039 806 cum
3073 751 3208 817 illis,
3243 750 3292 805 si
3314 755 3469 805 esset
3498 766 3565 805 ex
3593 750 3729 807 illis.
3756 751 3904 814 Quid

2194 844 2283 894 est
2308 856 2463 910 ergo,
2500 842 2646 896 Unus
2676 857 2745 896 ex
2780 840 2926 896 vobis
2959 840 3137 895 tradet
3163 855 3290 904 me;
3341 840 3471 907 nisi,
3504 857 3655 895 unus
3697 857 3765 895 ex
3797 858 3905 896 vo-

2195 926 2281 981 bis
2310 930 2571 983 exiturus
2600 933 2709 997 est,
2742 927 2839 999 qui
2877 943 2968 982 me
3002 929 3187 982 tradet
3218 926 3244 980 τ
3278 928 3424 992 Quia
3455 934 3509 981 et
3542 926 3634 982 ille
3666 928 3766 999 qui
3796 927 3897 998 ait,

2192 1017 2253 1072 Si
2277 1019 2515 1087 fuissent
2534 1035 2603 1075 ex
2633 1021 2808 1084 nobis,
2840 1020 3168 1073 mansissent
3200 1017 3393 1088 utique
3425 1018 3709 1073 nobiscum
3730 1036 3749 1079 ;
3772 1019 3898 1089 jam

2190 1107 2432 1177 dixerat,
2458 1110 2541 1163 Ex
2556 1108 2707 1163 nobis
2720 1107 3002 1163 exierunt.
3022 1114 3101 1162 Ac
3124 1121 3220 1176 per
3243 1107 3353 1162 hoc
3366 1112 3679 1178 utrumque
3692 1124 3897 1165 verum

2188 1205 2293 1265 ost,
2327 1202 2383 1253 et
2411 1213 2481 1253 ea:
2509 1200 2684 1265 nobis,
2717 1203 2775 1252 et
2806 1214 2909 1251 non
2948 1211 3018 1253 ex
3047 1198 3199 1252 nobis
3220 1214 3238 1251 :
3271 1198 3594 1253 secundum
3638 1197 3797 1254 aliud
3828 1215 3900 1254 ea:

2185 1289 2358 1355 nobis,
2391 1289 2713 1343 secundum
2747 1287 2904 1342 aliud
2928 1303 3036 1343 non
3066 1302 3141 1342 ea:
3158 1286 3314 1341 nobis
3332 1302 3354 1348 ;
3385 1287 3710 1343 secundum
3736 1304 3893 1344 com-

2186 1377 2522 1432 munionem
2561 1381 3069 1432 Sacramentorum
3100 1392 3170 1431 ex
3198 1376 3376 1443 nobis,
3411 1379 3734 1433 secundum
3768 1395 3895 1434 suo-

2182 1482 2308 1522 rum
2343 1467 2751 1539 proprietatem
2784 1465 3119 1533 criminum,
3151 1481 3259 1521 non
3289 1482 3360 1520 ea:
3388 1465 3565 1521 nobis.

2251 1557 2303 1609 3.
2339 1556 2680 1627 Aspiciebant
2710 1571 2838 1623 ergo
2877 1554 2948 1609 ad
2988 1556 3220 1610 invicem
3250 1554 3533 1625 discipuli,
3565 1556 3886 1612 haesitantes

2178 1644 2243 1699 de
2272 1660 2375 1715 quo
2404 1645 2623 1700 diceret.
2656 1644 2747 1699 Sic
2768 1645 2983 1715 quippe
3015 1646 3070 1698 in
3107 1644 3191 1698 eis
3222 1650 3345 1699 erat
3367 1660 3505 1714 erga
3538 1644 3883 1716 Magistrum

2177 1748 2347 1787 suum
2401 1735 2494 1805 pia
2532 1734 2799 1800 cbarilas,
2847 1737 2912 1787 ut
2959 1737 3149 1787 tamen
3201 1749 3297 1787 eos
3346 1732 3603 1788 humana
3633 1734 3879 1790 alterum

2175 1824 2246 1876 de
2277 1822 2459 1877 altero
2486 1823 2813 1877 stimularet
2836 1820 3167 1877 infirmitas.
3193 1820 3338 1876 Nota
3366 1822 3597 1892 quidem
3623 1823 3732 1877 sibi
3758 1833 3879 1879 erat

2174 1916 2461 1984 cujusque
2481 1914 2870 1979 conscientia;
2906 1918 3307 1967 verumtamen
3330 1913 3466 1983 quia
3489 1914 3733 1984 proximi
3756 1922 3881 1969 erat

2173 2000 2388 2071 ignota,
2431 2002 2513 2055 ita
2554 2001 2665 2056 sibi
2698 2000 3108 2071 unusquisque
3163 2007 3289 2055 erat
3331 2005 3545 2067 certus,
3578 2006 3639 2056 ut
3669 2001 3878 2059 incerti

2171 2096 2363 2145 sissent
2394 2095 2450 2145 et
2478 2091 2537 2145 in
2568 2091 2791 2145 caeteris
2821 2089 3063 2160 singuli,
3096 2095 3154 2144 et
3183 2089 3244 2145 in
3275 2090 3521 2160 singulis
3551 2091 3757 2146 ceteri.

2243 2181 2293 2234 4.
2328 2182 2456 2236 Erat
2492 2196 2616 2250 ergo
2660 2178 2980 2235 recumbens
3027 2196 3171 2233 unus
3217 2196 3290 2235 ea:
3353 2179 3634 2251 discipulis
3660 2181 3781 2251 ejus
3806 2184 3873 2237 in

2166 2270 2293 2325 sinu
2321 2273 2468 2337 Jesu,
2501 2286 2661 2341 quem
2707 2269 2967 2338 diligebat
2997 2270 3170 2324 Jesus.
3197 2270 3341 2335 Quid
3374 2270 3601 2337 dixerit,
3632 2270 3692 2325 in
3720 2270 3874 2337 sinu,

2169 2359 2339 2429 paulo
2372 2364 2503 2431 post
2534 2360 2635 2428 ait,
2670 2359 2769 2413 ubi
2800 2358 2961 2425 dicit,
2992 2374 3161 2429 supra
3202 2365 3390 2429 pectus
3417 2362 3571 2416 Iesu.
3625 2359 3754 2429 Ipse
3782 2368 3876 2416 est

2163 2449 2421 2506 Joannes
2447 2450 2617 2520 cujus
2648 2453 2735 2505 est
2767 2449 2875 2505 boc
2908 2447 3306 2520 Evangelium,
3337 2449 3490 2504 sicut
3514 2455 3712 2520 postea
3742 2467 3873 2506 ma-

2166 2540 2401 2595 nifestat
2440 2541 2627 2609 (Joan.
2674 2556 2787 2608 xxi,
2835 2539 3052 2607 20.24).
3103 2539 3236 2594 Erat
3293 2541 3447 2594 enim
3498 2555 3700 2595 eorum
3748 2540 3872 2597 haec

2164 2632 2518 2685 consuetudo
2562 2630 2659 2699 qui
2709 2644 2908 2684 sacras
2962 2629 3204 2683 Litteras
3237 2629 3402 2683 nobis
3437 2629 3868 2695 ministrarunt,

2165 2725 2227 2772 ut
2247 2720 2474 2787 quando
2498 2720 2569 2772 ab
2591 2718 2789 2787 aliquo
2805 2734 3005 2772 eorum
3028 2718 3221 2773 divina
3245 2717 3594 2773 narrabatur
3611 2717 3878 2799 historia’

2161 2822 2292 2863 cum
2329 2809 2397 2861 ad
2433 2807 2692 2877 seipsum
2726 2806 2969 2873 veniret,
3028 2812 3304 2877 tanquam
3338 2808 3408 2862 de
3451 2806 3564 2863 alio
3607 2808 3877 2880 loquere-

2160 2902 2256 2952 tur
2288 2913 2301 2964 ;
2336 2909 2384 2952 et
2419 2898 2504 2953 sic
2535 2914 2596 2952 se
2630 2899 2909 2952 insereret
2951 2898 3142 2951 ordini
3177 2897 3526 2952 narrationis
3558 2914 3698 2965 suae,
3730 2906 3871 2955 tan-

2159 3003 2335 3057 quam
2381 3003 2573 3042 rerum
2627 2994 2924 3058 gestarum
2976 2986 3241 3056 scriptor,
3293 3002 3407 3041 nou
3455 2992 3736 3058 tanquam
3769 2991 3865 3044 sui

2159 3079 2346 3149 ipsius
2379 3079 2735 3148 praedicator.
2768 3079 2913 3132 Nam
2946 3082 3001 3131 et
3034 3077 3140 3132 hoc
3171 3082 3412 3132 sanctus
3444 3077 3748 3135 Matthaeus
3779 3082 3869 3136 fe-

2156 3168 2249 3235 cit,
2287 3169 2549 3238 quicum
2587 3169 2642 3222 in
2700 3172 2855 3222 textu
2910 3166 3261 3222 narrationis
3310 3183 3430 3222 suae
3477 3168 3736 3225 venisset
3788 3172 3865 3226 ad

2154 3258 2432 3328 seipsum,
2474 3257 2645 3321 Vidit,
2678 3258 2890 3327 inquit,
2926 3259 2983 3311 in
3017 3256 3218 3311 telonio
3263 3256 3543 3312 sedentem
3570 3260 3865 3329 quemdam

2151 3348 2526 3417 publicanum,
2558 3349 2782 3401 nomine
2815 3347 3155 3410 Matianum,
3178 3354 3229 3400 et
3257 3345 3341 3401 ait
3360 3346 3477 3415 illi,
3509 3347 3746 3419 Sequere
3772 3366 3868 3406 me

2151 3436 2362 3507 (Matth.
2392 3451 2468 3499 ix,
2500 3438 2555 3504 9)
2584 3453 2597 3490 :
2630 3453 2743 3492 non
2777 3435 2875 3503 ait,
2911 3436 3068 3491 Vidit
3108 3452 3221 3501 me,
3256 3441 3314 3491 et
3353 3436 3499 3492 dixit
3539 3438 3704 3494 mihi.
3738 3439 3862 3497 Hoc

2150 3525 2283 3581 fecit
2307 3530 2363 3580 et
2386 3526 2584 3581 beatus
2608 3525 2852 3594 Moyses,
2888 3526 2970 3580 ita
2997 3526 3069 3579 de
3100 3526 3294 3596 seipso
3324 3530 3606 3597 tanquam
3640 3527 3710 3583 de
3739 3530 3861 3586 alio

2148 3618 2356 3667 cuncta
2387 3613 2667 3679 narravit,
2713 3618 2769 3667 et
2799 3614 2918 3667 ait:
2974 3612 3131 3667 Dixit
3193 3612 3454 3667 Dominus
3511 3614 3580 3668 ad
3637 3615 3859 3686 Moysen

2146 3702 2338 3771 (Exod.
2376 3719 2450 3769 vr,
2487 3705 2558 3773 t).
2620 3702 2958 3757 lnusitatius
3002 3702 3301 3772 apostolus
3357 3702 3595 3770 Paulus,
3646 3721 3762 3760 non
3794 3708 3854 3762 in

2145 3790 2407 3851 historia,
2456 3791 2552 3845 ubi
2587 3807 2778 3846 rerum
2821 3796 3119 3861 gestarum
3156 3790 3477 3861 suscipitur
3510 3790 3856 3863 explicanda

2143 3882 2421 3945 narratio.
2452 3884 2548 3937 sed
2600 3882 2657 3935 in
2711 3880 2965 3952 Epistula
3020 3882 3126 3935 hoc
3160 3880 3315 3936 fecit.
3366 3880 3513 3937 Nam
3547 3882 3743 3952 utique
3772 3884 3852 3941 de

2141 3970 2333 4040 seipso
2364 3972 2463 4027 ait.
2524 3972 2641 4027 Scio
2680 3971 2953 4027 hominem
2984 3974 3046 4025 in
3090 3970 3303 4025 Christo
3351 3979 3480 4027 ante
3506 3989 3675 4028 annos
3705 3990 3851 4046 qua-

2140 4060 2432 4116 tuor-decim
2462 4063 2604 4131 (sive
2640 4065 2699 4116 in
2732 4077 2975 4132 corpore,
3008 4060 3123 4116 sire
3171 4067 3333 4116 extra
3359 4078 3571 4133 corpus,
3613 4069 3795 4120 nescio
3828 4085 3849 4130 ;

2139 4151 2275 4205 Deus
2306 4152 2453 4222 scit),
2500 4158 2719 4223 raptum
2768 4149 3080 4219 huiusmodi
3110 4166 3278 4221 usque
3307 4153 3366 4205 in
3396 4155 3620 4207 tertium
3649 4154 3844 4210 caelum

2136 4242 2208 4312 (Il
2236 4242 2357 4298 Cor.
2390 4259 2487 4310 xu,
2518 4243 2593 4315 2).
2629 4243 2907 4308 Quocirca
2935 4244 3085 4314 quod
3109 4242 3282 4298 etiam
3315 4241 3407 4298 hic
3429 4242 3633 4299 beatus
3654 4245 3841 4301 Evan-

2134 4334 2341 4404 gelista
2372 4350 2484 4389 non
2519 4335 2619 4403 ait,
2652 4333 2820 4389 Eram
2855 4334 3205 4389 recumbens
3252 4334 3308 4388 in
3360 4333 3493 4389 sinu
3525 4334 3683 4401 .lesu,
3736 4337 3839 4391 sed

2134 4423 2236 4489 ait,
2272 4424 2401 4477 Erat
2440 4424 2759 4479 recumbens
2793 4439 2934 4478 unus
2982 4439 3052 4478 ex
3106 4422 3402 4494 discipulis
3420 4438 3443 4483 ;
3503 4431 3840 4481 nostrorum

2132 4516 2435 4567 auctorum
2478 4512 2960 4568 consuetudinem
3001 4527 3392 4583 agnoscamus
3431 4514 3624 4582 potius
3656 4530 3833 4585 quam

2132 4601 2434 4656 miremur.
2468 4601 2614 4667 Quid
2647 4602 2802 4657 enim
2835 4601 3060 4673 deperit
3106 4600 3353 4667 veritati,
3394 4602 3621 4671 quando
3652 4608 3710 4658 et
3739 4619 3836 4660 res

2128 4691 2257 4763 ipsa
2286 4692 2517 4759 dicitur,
2551 4697 2608 4747 et
2642 4691 2809 4747 modo
2840 4692 3089 4762 quodam
3124 4690 3351 4747 dicendi
3372 4690 3656 4761 jactantia
3688 4694 3836 4749 devi-

2128 4782 2334 4837 tatur‘t
2382 4781 2498 4837 Hoc
2546 4782 2762 4852 quippe
2810 4780 3080 4836 narrabat
3128 4781 3280 4851 quod
3315 4782 3382 4836 ad
3437 4782 3562 4851 ejus
3594 4782 3829 4839 laudem

2129 4871 2443 4927 maximam
2479 4870 2824 4941 pertinebat.

2193 4963 2249 5016 5.
2282 4960 2429 5026 Quid
2451 4964 2541 5015 est
2561 4967 2778 5029 autem,
2800 4975 2956 5031 quem
2973 4960 3239 5029 diligebat
3260 4962 3453 5017 Iesus?
3481 4961 3657 5027 Quasi
3680 4961 3829 5020 alios

2125 5068 2239 5108 non
2271 5050 2556 5120 diligeret,
2590 5051 2660 5105 de
2690 5050 2902 5121 quibus
2934 5051 3085 5105 idem
3116 5050 3239 5122 ipse
3269 5052 3523 5106 Joannes
3552 5053 3824 5123 superius

2122 5143 2222 5210 ait,
2256 5144 2316 5198 1η
2345 5141 2511 5210 ﬁnem
2538 5139 2736 5197 dilexit
2764 5154 2851 5195 eos
2875 5144 3063 5207 (Joan.
3098 5156 3221 5206 xm,
3260 5142 3332 5210 t).
3368 5140 3429 5195 Et
3472 5140 3591 5212 ipse
3621 5140 3823 5197 Domi-

2122 5251 2254 5300 nus,
2288 5235 2555 5305 Majorem
2586 5233 2686 5287 hac
2704 5231 3032 5288 charitatem
3051 5247 3210 5289 nemo
3231 5232 3412 5297 habet,
3435 5248 3599 5302 quam
3620 5239 3682 5286 ut
3700 5234 3824 5288 ani-

312 5320 443 5375 culo
464 5315 781 5388 spirituali;
816 5312 1005 5368 carnis
1037 5310 1433 5382 adjunctione,
1457 5325 1568 5364 non
1597 5310 1784 5365 cordis
1814 5311 2010 5369 socius
2118 5340 2265 5380 mam
2298 5340 2452 5378 suam
2480 5328 2652 5394 ροηατ
2676 5337 2781 5393 pro
2810 5320 3004 5377 amicis
3031 5320 3147 5377 sui;
3176 5320 3277 5393 (ιά,
3309 5337 3400 5387 κν,
3442 5320 3552 5390 13),
3587 5320 3652 5373 Et
3683 5322 3822 5391 quis

315 5407 534 5463 unitate
567 5423 579 5461 :
616 5404 855 5474 proinde
879 5418 989 5456 non
1024 5402 1118 5471 qui
1152 5416 1221 5456 ex
1251 5400 1415 5455 vobis
1444 5404 1552 5465 est,
1578 5400 1676 5454 sed
1700 5401 1798 5471 qui
1822 5418 1887 5457 ex
1912 5419 2009 5459 vo-

310 5497 399 5553 bis
428 5493 693 5550 exiturus
722 5502 829 5547 est.
854 5491 996 5547 Nam
1018 5492 1306 5561 quomodo
1337 5492 1448 5545 erit
1468 5506 1667 5545 verum
1699 5493 1853 5563 quod
1880 5510 2006 5565 pro-

2116 5419 2415 5471 enumeret
2455 5414 2652 5470 omnia
2690 5412 3014 5468 divinarum
3055 5411 3392 5467 testimonia
3448 5409 3818 5481 paginarum,

2115 5506 2328 5575 quibus
2362 5504 2640 5559 Dominus
2671 5503 2858 5569 Jesus,
2890 5518 3005 5558 non
3040 5502 3198 5557 illius
3230 5517 3418 5572 neque
3446 5516 3649 5555 eorum
3682 5517 3815 5571 qua:

306 5594 554 5650 testatus
601 5586 690 5638 est
736 5580 1042 5650 Dominus,
1100 5585 1158 5638 et
1200 5579 1362 5652 dixit,
1415 5582 1557 5638 Unus
1598 5597 1669 5638 ac
1712 5582 1861 5641 vobis
1888 5601 1911 5650 ;
1953 5587 2003 5645 si
2111 5610 2266 5652 nunc
2295 5598 2461 5651 erant
2491 5597 2739 5665 tantum,
2770 5594 2873 5650 sed
2903 5593 3077 5652 etiam
3108 5599 3235 5665 post
3268 5592 3596 5649 futurorum
3630 5606 3812 5647 meme
