4148 6190
304 266 457 331 1801

308 404 549 461 brorum
581 421 846 474 suorum,
870 409 927 462 et
944 404 1123 461 totius
1141 401 1406 459 Ecclesiae
1428 418 1547 458 suae
1570 400 1809 458 dilector
1828 403 2023 457 osten-

310 494 470 549 ditur
497 494 525 549 ?
558 495 667 551 Sed
705 495 963 566 profecto
994 494 1135 550 latet
1182 493 1279 549 hic
1308 491 1554 564 aliquid,
1585 496 1642 547 et
1674 492 1923 562 pertinet
1954 490 2025 545 ad

314 583 509 638 sinum
536 585 595 638 in
620 601 735 655 quo
759 585 1133 640 recumbebat
1162 584 1264 655 qui
1295 582 1407 638 ista
1426 581 1671 637 dicebat.
1709 586 1808 636 Per
1829 579 2025 635 sinum

317 672 531 742 quippe
565 674 706 743 quid
739 673 1106 745 signiﬁcatur
1136 673 1293 727 aliud
1327 688 1504 742 quam
1553 678 1838 727 secretum
1860 668 1887 723 ‘t
1918 670 2027 724 Sed

316 762 472 817 aliud
533 768 625 819 est
677 766 1060 836 opportunior
1115 763 1299 832 locus,
1364 762 1459 817 ubi
1522 761 1689 817 nobis
1748 762 2028 815 Dominus

315 852 539 923 aliquid
590 854 763 910 donet
807 855 877 910 de
935 854 1043 910 hoc
1117 857 1359 923 secreto,
1418 856 1697 922 quantum
1753 850 2027 916 sufﬁciat,

314 942 527 998 dicere.
1662 980 1690 1003 .

386 1032 441 1085 6.
475 1030 675 1087 Innuit
719 1048 844 1102 ergo
892 1030 1081 1088 Simon
1111 1033 1330 1098 Petrus,
1360 1034 1415 1085 et
1468 1028 1604 1085 dicit
1648 1028 1723 1083 ei.
1768 1025 2033 1083 Notanda

312 1121 533 1177 locutio
556 1128 670 1190 est,
692 1122 806 1176 dici
829 1122 1049 1193 aliquid
1069 1138 1179 1176 non
1200 1122 1479 1186 sonando,
1504 1120 1606 1175 sed
1628 1116 2032 1173 tantummodo

313 1212 658 1267 innuendo:
691 1212 900 1277 lnnuit,
936 1211 1149 1281 inquit,
1182 1218 1233 1266 et
1261 1210 1435 1277 dicit;
1486 1210 1690 1279 utique
1737 1204 2035 1262 innuendo

313 1298 483 1355 dicit.
516 1299 579 1355 Si
610 1300 767 1355 enim
819 1298 1130 1371 cogitando
1175 1298 1396 1369 aliquid
1427 1297 1662 1361 dicitur,
1697 1296 1850 1353 sicut
1881 1293 2037 1351 Scri-

315 1394 495 1459 ptura
525 1389 808 1461 loquitur,
842 1391 1118 1446 Dixerunt
1146 1390 1293 1460 apud
1310 1390 1624 1461 semetipsos
1656 1389 1815 1459 (Sap.
1849 1402 1911 1453 ιι,
1947 1388 2035 1458 1);

318 1485 545 1551 quanto
587 1481 776 1552 magis
839 1480 1161 1549 innuendo,
1213 1481 1310 1535 ubi
1354 1482 1480 1550 jam
1540 1480 1692 1535 foras
1730 1478 2041 1549 qualibus-

315 1584 580 1640 cumque
594 1569 778 1641 signis
792 1569 1237 1641 promiturquod
1255 1570 1443 1625 fuerat
1454 1570 1628 1625 corde
1648 1571 1993 1638 conceptum
2011 1556 2038 1611 7

314 1660 470 1724 Quid
502 1675 638 1731 ergo
670 1660 814 1714 dixit
845 1659 1139 1715 inneundo
1167 1660 1195 1714 ?
1222 1658 1391 1726 Quid,
1421 1659 1533 1714 nisi
1562 1659 1715 1728 quod
1734 1657 2042 1727 sequitur?

319 1751 471 1818 Quid
500 1757 580 1805 est
607 1751 673 1806 de
702 1766 804 1822 quo
824 1750 955 1806 dicit
983 1754 1011 1805 ?
1040 1749 1168 1805 Haec
1199 1751 1369 1805 verba
1397 1750 1603 1805 Petrus
1639 1748 1866 1815 innuit;
1907 1747 2042 1819 quia

319 1856 441 1896 non
476 1855 619 1896 sono
651 1841 829 1909 vocis,
858 1840 961 1895 sed
994 1848 1154 1895 motu
1200 1839 1459 1910 corporis
1488 1838 1651 1894 dixit.
1702 1840 1890 1908 Itaque
1918 1854 2041 1891 cum

317 1929 660 1986 recubuisset
682 1928 783 1985 itte
806 1945 973 2000 supra
998 1938 1185 2001 pectus
1212 1930 1359 1985 Jesu.
1390 1928 1493 1983 Hic
1523 1935 1613 1984 est
1641 1929 1839 1998 utique
1858 1934 2042 1997 pecto-

317 2019 407 2074 ris
438 2018 632 2087 sinus,
657 2019 958 2089 sapientiai
999 2025 1309 2074 secretum.
1358 2017 1504 2073 Dicit
1523 2017 1577 2073 ei
1596 2035 1616 2073 :
1649 2016 1898 2082 Domine,
1920 2015 2043 2088 quis

315 2114 403 2162 est
430 2111 457 2161 .'
489 2107 777 2177 Respondit
821 2108 974 2163 Iesus
1004 2124 1024 2161 :
1068 2108 1170 2163 Itte
1214 2111 1293 2163 est
1322 2107 1413 2162 cui
1454 2122 1547 2177 ego
1579 2108 1813 2162 tinctum
1840 2122 2041 2176 panem

312 2212 638 2269 porrexero.
673 2199 734 2251 Et
764 2214 889 2253 cum
935 2200 1193 2252 tinxisset
1238 2213 1456 2267 panem,
1496 2196 1647 2251 dedit
1664 2197 1822 2252 Iudae
1852 2196 2041 2251 Simo-

314 2287 411 2340 nis
434 2287 733 2341 Iscariotat.
764 2286 829 2340 Et
851 2294 978 2355 post
1004 2301 1225 2355 panem,
1250 2290 1379 2340 tunc
1394 2287 1643 2340 introivit
1670 2288 1729 2339 in
1760 2285 1919 2339 illum
1949 2300 2037 2339 sa-

310 2379 499 2431 tanas.
534 2376 860 2447 Expressus
892 2380 982 2431 est
1030 2375 1297 2444 traditor,
1330 2377 1560 2431 nudatos
1620 2380 1758 2431 sunt
1806 2375 2036 2430 latebra:

312 2466 720 2522 tenebrarum.
756 2467 979 2522 Bonum
1010 2470 1099 2521 est
1137 2464 1293 2536 quod
1340 2466 1582 2537 accepit.
1615 2467 1714 2521 sed
1748 2466 1900 2521 malo
1930 2482 2035 2521 suo

309 2557 562 2626 accepit,
596 2556 737 2626 quia
768 2555 912 2611 male
956 2554 1171 2611 bonum
1205 2556 1393 2612 malus
1440 2555 1683 2627 accepit.
1719 2555 1930 2610 Verum
1963 2556 2036 2610 de

306 2646 433 2702 isto
462 2661 614 2717 pane
646 2645 826 2700 tincto
849 2644 949 2716 qui
981 2651 1281 2716 porrectus
1313 2651 1403 2701 est
1426 2646 1579 2715 ﬁcto,
1610 2650 1666 2701 et
1692 2645 1761 2701 de
1792 2646 1881 2701 his
1905 2662 2033 2717 quis

307 2740 678 2809 sequuntur,
698 2735 882 2790 multa
904 2735 1151 2791 dicenda
1181 2742 1320 2791 sunt
1353 2752 1367 2790 :
1399 2736 1616 2807 quibus
1640 2737 2032 2792 necessarium

307 2834 404 2882 est
434 2825 566 2897 plus
594 2825 897 2896 temporis,
937 2841 1111 2896 quam
1144 2839 1301 2882 nunc
1322 2825 1606 2882 habemus
1625 2826 1750 2896 jam
1780 2842 1841 2881 in
1861 2826 2033 2882 istius

310 2916 435 2971 ﬁne
467 2914 789 2971 sermonis.

855 3040 1277 3097 TBACTATUS
1318 3041 1482 3097 LXII.

308 3146 394 3203 Ab
418 3162 479 3203 eo
509 3144 654 3217 quod
682 3145 953 3217 scriptum
978 3149 1075 3215 est,
1110 3146 1326 3202 Etcum
1362 3147 1629 3204 tinxisset
1662 3162 1891 3218 panem,
1924 3148 2030 3203 de-

391 3236 477 3290 dit
504 3235 673 3292 Judae
705 3254 719 3303 ;
754 3251 921 3307 usque
948 3235 1023 3290 ad
1048 3234 1124 3305 id,
1154 3235 1315 3291 Nunc
1348 3238 1701 3294 clariﬁcatus
1732 3241 1820 3293 est
1850 3235 2032 3293 Filius

391 3324 674 3381 hominis.
713 3324 841 3397 Cap.
872 3340 998 3387 xm,
1034 3326 1085 3394 ᾖ.
1118 3325 1302 3380 26-31.

394 3455 444 3506 1.
477 3450 628 3518 Scio,
678 3450 1033 3519 cbarissimi,
1069 3451 1280 3507 moveri
1330 3468 1499 3525 posse
1532 3452 1866 3520 nonnullos,
1917 3452 2037 3509 sive

314 3544 450 3615 pios
485 3546 553 3597 ut
582 3542 911 3612 requirant,
940 3544 1055 3600 sive
1076 3544 1291 3613 impios
1310 3548 1375 3599 ut
1406 3543 1855 3615 reprehendant,
1881 3544 2035 3614 quod

320 3638 710 3705 posteaquam
759 3649 970 3705 panem
1011 3637 1260 3690 tinctum
1302 3636 1564 3691 traditori
1608 3651 1709 3691 suo
1758 3634 2039 3690 Dominus

321 3722 508 3789 dedit,
544 3722 852 3776 intraverit
881 3721 941 3776 in
966 3720 1135 3777 illum
1158 3727 1415 3778 satanas.
1442 3722 1536 3777 Sic
1565 3724 1721 3778 enim
1755 3723 2040 3793 scriptum

322 3818 465 3868 est:
544 3812 618 3865 Et
658 3826 781 3865 cum
846 3814 1096 3866 tinxisset
1136 3828 1357 3881 panem,
1405 3811 1555 3866 dedit
1600 3814 1758 3866 Iudae
1807 3811 2044 3866 Simonis

322 3902 608 3957 Iscariotae
632 3915 651 3959 ;
674 3907 726 3955 et
751 3908 869 3970 post
897 3915 1095 3971 panem
1116 3909 1247 3955 tunc
1269 3902 1520 3957 introivit
1539 3903 1599 3955 in
1620 3901 1783 3956 illum
1801 3906 2046 3955 satanas.

326 3989 546 4046 Dicunt
575 3990 763 4045 enim:
792 3990 951 4045 itane
979 3991 1083 4045 hoc
1104 3991 1315 4046 meruit
1330 3992 1496 4062 panis
1518 3991 1728 4047 Christi
1750 3995 2047 4061 porrectus

331 4087 409 4139 de
440 4094 646 4135 mensa
672 4078 916 4147 Christi,
950 4085 1011 4133 ut
1034 4084 1166 4149 post
1188 4078 1693 4135 illumintraretin
1724 4082 1853 4151 ejus
1879 4079 2053 4135 disci-

331 4168 537 4242 pulum
564 4168 841 4224 satanas?
863 4168 1088 4234 Quibus
1103 4171 1545 4240 respondemus,
1574 4171 1710 4227 hinc
1732 4189 1837 4228 nos
1857 4175 2053 4244 potius

330 4258 526 4315 doceri
571 4273 750 4329 quam
801 4258 877 4313 sit
920 4258 1242 4313 cavendum
1283 4262 1438 4314 male
1494 4259 1755 4331 accipere
1810 4262 2049 4319 bonum.
2118 4255 2124 4259 ’

336 4348 587 4405 Multum
620 4346 837 4417 quippe
869 4348 1129 4413 interest,
1164 4362 1278 4403 non
1310 4346 1446 4419 quid
1495 4348 1764 4419 accipiat,
1797 4353 1895 4407 sed
1927 4355 2056 4422 quis

332 4438 623 4509 accipiat;
660 4451 763 4490 nec
796 4434 966 4505 quale
996 4435 1072 4490 sit
1094 4436 1246 4505 quod
1271 4436 1466 4502 datur,
1493 4439 1596 4493 sed
1617 4439 1808 4511 qualis
1831 4443 1909 4497 sit
1932 4443 2057 4515 ipse

334 4528 423 4584 cui
447 4527 643 4582 datur.
671 4525 815 4581 Nam
841 4534 896 4580 et
920 4526 1064 4584 bona
1084 4525 1319 4591 obsunt,
1343 4531 1401 4581 et
1422 4528 1575 4582 mala
1606 4535 1872 4600 prosunt,
1904 4533 2059 4589 sicut

332 4618 555 4675 fuerint
586 4615 802 4686 quibus
831 4616 1064 4671 dantur.
1131 4616 1445 4683 Peccatum,
1486 4617 1687 4688 inquit
1716 4621 2054 4691 Apostolus,

334 4712 395 4762 ut
426 4712 697 4777 appareat
726 4711 1038 4773 peccatum,
1086 4719 1182 4775 per
1234 4703 1434 4759 bonum
1478 4705 1621 4761 mihi
1666 4715 1947 4778 apemtum
1977 4716 2060 4767 est

338 4804 577 4853 mortem
612 4794 791 4863 (Rom.
845 4811 947 4864 vn,
1008 4794 1117 4864 13).
1168 4796 1311 4850 Ecce
1344 4809 1442 4865 per
1471 4795 1687 4852 bonum
1720 4800 1937 4856 factum
1969 4804 2059 4857 est

339 4887 590 4951 malum,
624 4886 763 4939 dum
785 4885 936 4940 male
959 4885 1241 4955 accipitur
1265 4884 1504 4940 bonum.
1530 4886 1789 4959 Itemque
1810 4890 1932 4960 ipse
1956 4892 2054 4952 ait,

348 4999 377 5026 «ι
412 4979 473 5032 ln
509 4974 914 5045 magnitudine
946 4974 1365 5029 revelationum
1400 4991 1659 5032 mearum
1700 4994 1768 5034 ne
1798 4980 2057 5048 extollar,

342 5070 520 5122 datus
551 5070 639 5120 est
670 5062 810 5119 mihi
841 5063 1118 5120 stimulus
1148 5064 1343 5120 carnis
1374 5081 1537 5132 meas,
1570 5068 1813 5137 angelus
1847 5077 2060 5126 satanas

344 5155 443 5227 qui
476 5170 573 5209 me
595 5152 937 5224 colaphizet.
963 5152 1200 5223 Propter
1222 5154 1376 5223 quod
1402 5159 1489 5208 ter
1505 5152 1820 5211 Dominum
1844 5159 2059 5230 rogavi,

345 5248 411 5299 ut
438 5242 698 5299 auferret
722 5254 855 5297 eum
876 5257 910 5296 a
933 5256 1045 5309 me,
1077 5244 1134 5296 et
1155 5241 1300 5296 dixit
1331 5241 1475 5296 mihi
1500 5260 1512 5296 :
1547 5242 1777 5300 Sufﬁcit
1800 5246 1901 5300 tibi
1928 5263 2061 5317 gra-

347 5336 425 5389 tia
456 5348 626 5399 mea;
660 5346 793 5386 nam
814 5330 1001 5386 virtus
1024 5330 1083 5385 in
1106 5330 1431 5386 inﬁrmitate
1456 5332 1751 5402 perﬁcitur
1783 5356 1809 5382 ››
1837 5335 1908 5405 (ll
1933 5337 2059 5393 Cor.

348 5440 450 5490 xu,
479 5423 621 5493 7-9).
672 5421 815 5477 Ecce
864 5437 965 5493 per
1014 5421 1235 5477 malum
1264 5420 1485 5478 factum
1518 5427 1608 5477 est
1640 5423 1882 5494 bonum,
1924 5427 2065 5483 dum

350 5516 497 5571 bene
522 5509 811 5582 accipitur
841 5509 1085 5566 malum.
1121 5510 1268 5577 Quid
1298 5526 1429 5582 ergo
1458 5511 1691 5568 miraris
1714 5513 1761 5568 si
1792 5514 1962 5571 datus
1984 5522 2069 5573 est

348 5604 511 5663 Judas
545 5598 718 5675 panis
739 5598 971 5669 Christi,
1003 5616 1107 5671 per
1127 5616 1301 5672 quem
1324 5600 1764 5675 manciparetur
1792 5604 2065 5681 diabolo;

685 5698 950 5763 PATROL.
996 5699 1235 5767 XXXV.

1470 264 1934 327 TRAC'I‘ATUS
1978 260 2163 325 LXII.
2210 264 2469 328 CAPUT
2515 264 2674 328 XIlI.

3614 240 3617 241 ί
3696 272 3849 335 1802

2133 414 2268 456 cum
2299 400 2498 456 videas
2518 417 2549 456 e
2572 399 2860 457 contrario
2879 402 3079 458 datum
3100 403 3282 459 Paulo
3299 404 3575 476 angelum
3608 406 3850 470 diaboli,

2136 506 2237 561 per
2262 506 2436 560 quem
2464 491 2832 562 perﬁceretur
2853 492 2912 546 in
2938 491 3169 548 Christo
3191 492 3217 545 ?
3248 496 3336 549 Ita
3359 501 3411 551 et
3436 496 3589 552 malo
3630 497 3850 553 bonum

2136 578 2342 645 obfuit,
2377 584 2432 634 et
2463 580 2683 634 malum
2714 582 2863 636 bono
2897 582 3132 651 profuit.
3168 582 3568 639 Recordamini
3602 585 3754 641 unde
3777 586 3853 640 sit

2135 667 2443 737 scriptum.
2481 669 2812 741 Quicumque
2842 671 3251 726 manducauerit
3278 688 3495 742 panem,
3528 682 3623 728 aut
3656 672 3853 729 biberit

2135 757 2372 812 calicem
2403 760 2621 813 Domini
2639 759 2881 830 indigne,
2906 776 3029 815 reus
3060 763 3165 816 erit
3194 764 3441 832 corporis
3482 766 3530 817 et
3556 765 3851 832 sanguinis

2138 846 2361 901 Domini
2390 848 2433 917 (Ι
2464 849 2585 904 Cor.
2618 865 2696 919 x1,
2726 850 2839 921 27).
2874 851 2941 905 Et
2971 852 3039 905 de
3070 851 3161 906 bis
3184 861 3303 907 erat
3330 869 3541 920 sermo,
3575 870 3707 909 cum
3745 853 3854 909 hoc

2137 935 2449 1008 Apostolus
2475 938 2711 1009 diceret,
2745 941 2847 1011 qui
2876 939 3343 1013 Dominicorpus
3373 942 3531 998 velut
3562 943 3739 999 alium
3775 943 3853 999 ci-

2141 1026 2278 1082 bum
2310 1029 2629 1098 quemlibet
2658 1031 2972 1086 indiscrete
3004 1031 3481 1104 negligenterque
3520 1035 3851 1101 sumebant,

2142 1117 2244 1171 llic
2275 1132 2411 1187 ergo
2443 1118 2493 1174 si
2515 1120 2826 1189 corripitur
2856 1121 2954 1190 qui
2979 1138 3091 1177 non
3124 1122 3425 1192 dijudicat,
3461 1124 3569 1179 hoc
3598 1128 3704 1192 est,
3740 1139 3855 1180 non

2145 1206 2425 1262 discernit
2481 1225 2514 1263 a
2572 1209 2795 1264 caeteris
2839 1209 2983 1265 cibis
3024 1211 3391 1268 Dominicum
3434 1230 3677 1284 corpus;
3739 1229 3853 1285 quo

2148 1297 2321 1352 modo
2353 1298 2667 1353 damnatur
2697 1298 2713 1330 ¹
2748 1299 2881 1369 quid
2916 1300 2986 1354 ad
3019 1301 3146 1371 ejus
3174 1318 3435 1358 mensam
3459 1304 3684 1374 ﬁngens
3706 1302 3855 1358 ami-

2148 1404 2302 1456 cum,
2335 1390 2553 1444 accedit
2585 1390 2859 1445 inimicus
2879 1389 2906 1444 “t
2929 1390 2985 1444 Si
3018 1395 3467 1464 reprehensione
3484 1397 3740 1467 tangitur
3753 1414 3856 1453 ne-

2147 1478 2423 1550 gligentia
2453 1480 2831 1549 convivantis,
2866 1497 2989 1550 quas
3024 1499 3193 1552 pmna
3241 1484 3558 1553 perculitur
3600 1488 3857 1543 venditor

2149 1568 2445 1625 invitantis
2462 1571 2489 1623 ?
2508 1572 2650 1633 Quid
2674 1575 2798 1625 erat
2816 1575 3012 1626 autem
3036 1574 3205 1643 panis
3229 1575 3494 1629 traditori
3526 1576 3716 1644 datus,
3741 1577 3856 1633 nisi

2152 1656 2571 1713 demonstratio
2603 1658 2695 1713 cui
2726 1661 2919 1731 gratia:
2946 1660 3154 1717 fuisset
3192 1662 3504 1733 ingratus?

2222 1751 2276 1801 2.
2311 1747 2549 1803 Intravit
2577 1763 2712 1819 ergo
2754 1756 2885 1820 post
2916 1749 3071 1805 hunc
3115 1768 3324 1822 panem
3358 1757 3593 1810 satanas
3635 1756 3693 1810 in
3748 1757 3858 1811 Do-

2154 1838 2299 1893 mini
2331 1840 2681 1905 traditorem,
2710 1846 2774 1893 ut
2814 1839 2925 1895 sibi
2950 1840 3074 1910 jam
3105 1843 3383 1897 traditum
3414 1842 3646 1914 plenius
3674 1846 3857 1916 possi-

2151 1926 2332 1995 deret,
2378 1928 2438 1983 in
2467 1944 2638 1997 quem
2685 1928 2843 1997 prius
2874 1930 3190 1985 intraverat
3220 1939 3279 1986 ut
3326 1933 3635 2003 deciperet.
3660 1934 3859 2005 Neque

2150 2018 2307 2074 enim
2340 2034 2456 2072 non
2480 2018 2537 2073 in
2571 2018 2671 2072 illo
2702 2023 2826 2073 erat
2855 2021 3088 2090 quando
3124 2022 3370 2091 perrexit
3412 2023 3483 2078 ad
3511 2023 3768 2095 Judasos,
3801 2029 3861 2080 et

2148 2108 2219 2163 de
2251 2108 2432 2178 pretio
2460 2108 2707 2164 tradenti
2739 2107 2970 2163 Domini
3001 2115 3201 2180 pactus
3227 2119 3333 2178 est,
3366 2128 3500 2167 cum
3533 2113 3652 2168 haec
3676 2129 3858 2184 ,aper-

2149 2196 2374 2254 tissime
2406 2199 2591 2253 Lucas
2639 2199 2995 2271 evangelista
3025 2204 3268 2255 testetur
3297 2206 3353 2255 et
3383 2202 3574 2256 dicat:
3618 2203 3858 2258 Intravit

2147 2297 2329 2345 autem
2357 2296 2580 2343 satanas
2608 2288 2670 2342 in
2704 2288 2925 2357 Judam,
2969 2290 3063 2359 qui
3108 2292 3602 2359 cognominabatur
3629 2294 3860 2347 Iscarz'o-

2147 2385 2248 2445 tes,
2284 2395 2457 2434 unum
2497 2378 2561 2433 de
2598 2378 2885 2433 duodecim
2914 2396 2935 2445 ;
2985 2386 3037 2433 et
3077 2380 3238 2446 abiit,
3281 2386 3331 2435 et
3362 2381 3567 2435 locutus
3612 2390 3690 2436 est
3733 2398 3859 2436 cum

2143 2469 2491 2541 principibus
2538 2468 2878 2524 sacerdotum
2934 2469 3081 2536 (Luc.
3130 2485 3273 2535 XXII,
3303 2470 3411 2525 Bet
3434 2470 3509 2541 4).
3548 2470 3690 2526 Ecce
3758 2470 3859 2525 ubi

2145 2558 2473 2616 ostenditur
2502 2558 2657 2628 quod
2700 2561 2824 2628 jam
2856 2558 3171 2614 intraverat
3228 2563 3459 2614 satanas
3507 2559 3564 2614 in
3623 2560 3857 2614 Judam.

2144 2647 2314 2703 Prius
2344 2662 2477 2716 ergo
2508 2646 2838 2711 intraverat,
2872 2645 3236 2701 immittendo
3268 2645 3327 2701 in
3362 2662 3460 2701 cor
3490 2647 3617 2717 ejus
3644 2648 3860 2717 cogita-

2142 2737 2360 2793 tionem
2389 2752 2505 2806 qua
2536 2736 2785 2791 traderet
2815 2735 3107 2790 Christum
3142 2751 3155 2790 :
3192 2736 3323 2791 talis
3355 2736 3511 2792 enim
3539 2738 3663 2806 jam
3697 2752 3860 2791 vene-

2141 2831 2232 2882 rat
2262 2827 2333 2882 ad
2366 2826 2734 2882 cmnandum.
2768 2823 2935 2880 Nunc
2965 2831 3160 2880 autem
3193 2834 3325 2896 post
3361 2841 3571 2896 panem
3612 2826 3850 2882 intravit

2141 2918 2201 2972 in
2233 2932 2391 2984 eum,
2425 2932 2540 2971 non
2573 2920 2634 2970 ut
2672 2915 2863 2971 adhuc
2900 2914 3158 2971 alienum
3191 2920 3459 2985 tentaret,
3494 2917 3594 2973 sed
3624 2921 3685 2971 ut
3713 2932 3852 2987 pro-

2143 3007 2339 3077 prium
2374 3004 2720 3075 possideret.

2212 3096 2393 3151 3.Non
2415 3098 2628 3161 autem,
2664 3096 2727 3147 ut
2757 3097 2964 3163 putant
2994 3094 3231 3164 quidam
3269 3094 3622 3166 negligenter
3652 3096 3851 3167 legen-

2142 3193 2244 3245 tes.
2276 3188 2416 3239 tunc
2445 3182 2626 3238 Judas
2656 3181 2867 3237 Christi
2890 3198 3099 3251 corpus
3131 3184 3371 3254 accepit.
3400 3184 3854 3255 Intelligendum

2143 3279 2230 3331 est
2251 3273 2406 3329 enim
2428 3272 2581 3343 quod
2599 3272 2722 3341 jam
2743 3271 3016 3326 omnibus
3038 3272 3121 3326 eis
3163 3271 3542 3327 distribuerat
3572 3273 3857 3344 Dominus

2144 3364 2585 3420 Saeramentum
2617 3358 2873 3429 corporis
2904 3364 2959 3414 et
3010 3358 3312 3429 sanguinis
3344 3360 3457 3426 sui,
3509 3361 3606 3415 ubi
3639 3370 3692 3417 et
3730 3362 3856 3432 ipse

2144 3454 2175 3510 J
2185 3454 2331 3508 udas
2359 3457 2503 3517 erat,
2534 3452 2685 3506 sicut
2714 3458 2949 3505 sanctus
2980 3448 3162 3503 Lucas
3190 3449 3627 3504 evidentissima
3658 3456 3859 3505 narrat

2148 3541 2329 3611 (lbid.,
2364 3538 2592 3609 19-21):
2626 3553 2691 3592 ac
2723 3536 2929 3591 deinde
2960 3537 3029 3591 ad
3064 3536 3171 3590 hoc
3214 3540 3449 3590 ventum
3492 3543 3602 3601 est,
3647 3536 3745 3591 ubi
3778 3552 3860 3592 se-

2149 3629 2407 3684 cundum
2424 3625 2813 3681 narrationem
2826 3623 3068 3679 Joannis
3084 3624 3441 3694 apertissime
3464 3624 3745 3679 Dominus
3762 3640 3861 3696 per

2153 3717 2477 3775 buccellam
2509 3716 2750 3770 tinctam
2792 3720 2967 3786 atque
3010 3724 3329 3785 porrectam
3370 3731 3547 3770 suum
3595 3716 3865 3785 exprimit

2154 3808 2514 3873 traditorem,
2539 3804 2803 3861 fortassis
2828 3820 2927 3874 per
2947 3803 3113 3875 panis
3126 3803 3472 3860 tinctionem
3496 3803 3654 3860 illius
3677 3805 3864 3876 signi-

2156 3898 2340 3953 ﬁcans
2371 3897 2666 3952 ﬁctionem
2700 3901 2743 3951 2.
2792 3895 2916 3950 Non
2949 3896 3103 3951 enim
3135 3896 3335 3950 omnia
3364 3914 3493 3967 qua:
3536 3897 3863 3968 tinguntur,

2158 3986 2480 4043 abluuntur
2512 4003 2527 4053 ;
2560 3983 2741 4055 sedjut
2772 3984 3128 4050 inﬁciantur,
3155 3986 3436 4040 nonnulla
3468 3985 3789 4057 tinguntur.
3811 3988 3865 4039 Si

2161 4080 2357 4133 autem
2373 4075 2593 4130 bonum
2618 4073 2837 4143 aliquid
2859 4071 2951 4127 hic
2969 4072 3257 4143 signiﬁcat
3272 4074 3496 4143 tiuctio,
3511 4076 3699 4130 eidem
3717 4077 3868 4131 bono

2162 4164 2455 4236 ingratum
2488 4179 2605 4218 non
2643 4162 2934 4217 immerito
2972 4167 3059 4217 est
3088 4168 3283 4218 secuta
3311 4164 3629 4218 damnatio.

2235 4255 2286 4308 4.
2320 4254 2524 4309 Adhuc
2554 4256 2749 4307 tamen
2799 4251 2961 4307 Judas
3011 4268 3297 4321 possessu.
3342 4268 3456 4306 non
3505 4268 3538 4306 a
3603 4252 3869 4318 Domino,

2165 4347 2266 4403 sed
2298 4362 2331 4400 a
2353 4344 2606 4410 diabolo,
2637 4360 2767 4398 cum
2800 4343 3025 4398 homini
3063 4343 3286 4413 ingrato
3320 4344 3596 4397 intrasset
3626 4344 3787 4413 panis
3813 4343 3869 4396 in

2164 4432 2725 4500 ventrem,hostisin
2749 4436 2999 4486 mentem
3025 4431 3269 4498 ;adhuc,
3289 4432 3708 4500 inquam,tanti
3734 4433 3871 4486 mali

2159 4527 2281 4597 jam
2322 4524 2493 4579 corde
2527 4519 2788 4591 concepti
2840 4522 3043 4589 plenus
3094 4520 3349 4575 restabat
3396 4519 3652 4589 elIectus,
3704 4522 3873 4591 cujus

2159 4618 2286 4686 jam
2347 4614 2718 4683 praecesserat
2765 4610 3129 4665 damnandus
3179 4608 3438 4664 affectus.
3492 4610 3687 4679 Itaque
3743 4627 3875 4665 cum

2170 4702 2453 4759 Dominus
2484 4698 2652 4771 panis
2683 4700 2845 4754 vivus
2892 4715 3093 4769 panem
3149 4704 3374 4754 mortuo
3432 4700 3787 4767 tradidisset,
3820 4705 3877 4754 et

2168 4808 2376 4865 panem
2406 4790 2686 4845 tradendo
2718 4788 2887 4859 panis
2920 4788 3261 4844 traditorem
3294 4790 3647 4844 ostendisset
3680 4806 3692 4843 :
3728 4789 3878 4856 Quod

2166 4881 2323 4953 lacis,
2376 4880 2585 4950 inquit,
2642 4880 2734 4948 [ac
2766 4880 2948 4933 citius.
2982 4881 3107 4933 Non
3155 4878 3430 4950 praecepit
3487 4879 3742 4944 facinus;
3776 4880 3877 4932 sed

2172 4972 2435 5048 praedixit
2455 4970 2621 5026 Judas
2646 4970 2888 5039 malum,
2912 4970 3080 5025 uoibs
3105 4972 3341 5025 bonum.
3368 4970 3513 5034 Quid
3538 4970 3693 5024 enim
3714 4968 3881 5023 Judas

2172 5066 2363 5136 pejus,
2394 5070 2451 5119 et
2481 5062 2619 5135 quid
2654 5060 2823 5116 nobis
2858 5060 3064 5116 melius
3097 5078 3265 5132 quam
3299 5061 3542 5115 traditus
3598 5058 3881 5121 Christus.

2173 5156 2244 5212 ab
2277 5154 2375 5211 illo
2406 5155 2685 5209 adversus
2708 5152 2893 5221 illum,
2929 5168 3029 5223 pro
3060 5152 3226 5207 nobis
3249 5156 3457 5221 praeter
3482 5149 3647 5204 illum
3669 5151 3695 5204 ?
3727 5151 3885 5217 Quod

2168 5245 2331 5313 facis,
2359 5246 2446 5313 fac
2489 5244 2668 5297 citius.
2704 5240 2746 5295 Ο
2799 5240 3036 5295 verbum
3099 5240 3376 5295 libentius
3426 5240 3635 5310 parati,
3708 5256 3884 5311 quam

2170 5332 2301 5403 irati
2340 5331 2352 5386 Ι
2387 5348 2418 5387 o
2450 5332 2686 5386 verbum
2721 5334 2977 5384 nontam
3011 5345 3238 5398 poenam
3263 5328 3590 5399 exprimens
3633 5331 3885 5400 prodito-

2241 5498 2257 5531 ί
2280 5494 2366 5543 Sic
2397 5508 2584 5543 omnes
2614 5492 2738 5542 Mss.
2770 5494 2836 5542 At
2865 5490 3019 5553 Editi,
3051 5490 3299 5555 quomodo
3329 5505 3430 5541 non
3458 5492 3764 5544 damnatur.

2242 5558 2411 5607 “Mss.
2449 5556 2709 5619 plerique,
2761 5555 3041 5619 factionem
3071 5570 3087 5604 :
3142 5556 3318 5606 minus
3355 5556 3509 5619 bene,
3564 5562 3621 5607 ut
3650 5561 3795 5622 patet
3826 5571 3889 5607 ex

2176 5622 2349 5672 Tract.
2381 5619 2461 5682 61,
2495 5633 2549 5671 n.
2578 5620 2625 5670 6.

2985 5712 3568 5794 (Cingitante-sept.)
