4178 6192
355 241 508 302 1803

342 377 444 444 ris,
477 394 651 449 quam
689 380 1014 435 mercedem
1048 380 1385 453 signiﬁcans
1418 378 1819 450 Redemptoris
1848 377 1859 431 ι
1889 376 2045 432 Dixit

337 466 517 534 enim,
552 468 704 536 Quod
748 470 906 539 facis,
952 472 1043 540 [ac
1074 470 1257 539 cilius,
1305 486 1419 526 non
1471 478 1583 525 tam
1618 470 1674 523 in
1728 466 2041 540 perniciem

334 556 537 625 perﬁdi
571 558 876 627 saeviendo,
932 577 1105 631 quam
1139 562 1210 615 ad
1265 560 1512 616 salutem
1568 558 1829 614 ﬁdelium
1882 556 2046 611 festi-

332 647 565 711 nando;
600 650 733 718 quia
765 649 1015 704 traditus
1038 654 1127 705 est
1156 655 1391 720 propter
1414 648 1623 704 delicta
1648 651 1842 702 nostra
1864 646 2043 715 (Rom.

1314 248 1390 306 IN
1434 246 1768 307 JOANNIS
1815 242 2351 317 EVANGELIUM,
2402 250 2465 310 S.
2514 251 2936 319 AUGUSTINI

3720 268 3878 330 1804

2151 382 2404 451 oceperit.
2440 388 2559 440 Non
2592 403 2723 460 ergo
2755 391 2832 445 ita
2862 392 3081 449 dictum
3114 400 3222 463 est,
3249 399 3491 466 Quaerite
3523 404 3725 470 faciem
3753 404 3874 473 eius

2151 484 2378 539 semper,
2396 478 2895 543 quemadmodum
2916 484 2985 537 de
3006 485 3378 554 quibusdam.
3407 490 3628 562 Semper
3647 493 3876 551 discen-

2154 563 2250 625 tes,
2300 561 2349 613 el
2404 563 2473 616 ad
2528 568 2817 623 scientiam
2865 576 3112 629 veritatis
3170 594 3453 649 nunquam
3496 588 3877 653 pervenientes

2149 644 2224 713 (ΙΙ
2260 647 2391 701 Tim.
2426 667 2507 719 nl,
2541 654 2636 723 7);
2690 659 2785 711 sed
2838 662 3038 729 potius
3088 664 3235 718 sicut
3282 644 3379 721 ille
3420 644 3522 733 ait,
3576 670 3704 725 Cum
3736 690 3868 727 con-

335 750 411 800 IV,
444 736 556 803 25),
589 739 645 792 et
671 738 872 793 dilexit
900 737 1241 807 Ecclesium,
1279 742 1334 794 et
1383 738 1765 809 semetipsum
1805 733 2048 789 tradidit
2150 743 2512 830 summaverit
2544 742 2723 814 homo,
2758 752 2885 804 tunc
2906 752 3107 822 incipit
3137 756 3331 822 (Harii.
3368 774 3523 825 xvm,
3553 761 3607 830 6)
3635 778 3647 814 :
3682 763 3869 819 donec

333 842 435 896 pro
466 842 532 881 ea
561 826 775 898 (Ephes.
808 844 864 894 v,
895 828 1005 899 25).
1039 827 1203 883 Unde
1251 832 1308 883 et
1356 829 1427 882 de
1456 826 1643 898 seipse
1691 825 1832 879 dicit
1889 825 2038 893 Apo-

334 913 558 970 stolus:
592 919 702 985 Qui
747 916 943 971 dilexit
991 932 1098 984 me,
1141 924 1193 971 et
1243 915 1484 971 tradidit
1540 916 1778 986 seipsum
1823 927 1924 983 pro
1954 926 2037 1004 me

330 1005 533 1075 (Galat.
571 1022 634 1072 ιι,
665 1006 779 1070 20).
814 1006 933 1060 Nisi
973 1023 1107 1077 ergo
1136 1023 1197 1063 se
1230 1006 1477 1061 traderet
1524 1004 1813 1065 Christus,
1863 1018 2034 1057 nemo

329 1096 579 1149 traderet
606 1092 922 1151 Christum.
957 1095 1105 1160 Quid
1126 1095 1295 1151 habet
1317 1096 1519 1163 Judas,
1546 1094 1657 1148 nisi
1692 1097 1988 1162 peccatum
2008 1090 2035 1143 ?

325 1182 521 1253 Neque
550 1183 707 1238 enim
741 1184 801 1239 in
848 1186 1130 1241 tradendo
1189 1186 1417 1243 Christo
1476 1184 1720 1241 salutem
1772 1185 2028 1237 nostram

322 1272 618 1344 cogitavit,
651 1278 888 1346 propter
917 1292 1092 1347 quam
1115 1276 1362 1333 traditus
1384 1279 1472 1332 est
1501 1273 1786 1339 Christus,
1819 1272 1919 1327 sed
1945 1287 2029 1326 co-

318 1362 524 1434 gitavit
554 1364 808 1435 pecunia
838 1365 1089 1429 lucrum,
1123 1370 1177 1422 et
1208 1366 1432 1422 invenit
1476 1364 1683 1421 animos
1714 1361 2028 1419 detrimen-

317 1458 461 1509 tum.
494 1455 732 1527 Accepit
755 1458 1076 1512 mercedem
1113 1473 1288 1528 quam
1312 1456 1515 1525 voluit,
1549 1454 1650 1510 sed
1692 1452 1907 1509 nolenti
1937 1454 2027 1506 est

315 1543 446 1597 data
478 1558 654 1613 quam
690 1545 922 1599 meruit.
947 1545 1207 1601 Tradidit
1236 1546 1414 1601 Judas
1435 1544 1753 1608 Christum,
1786 1541 2023 1596 tradidit

315 1630 579 1688 Christus
601 1632 859 1705 seipsum
887 1651 899 1689 :
925 1633 1020 1691 ille
1042 1636 1250 1707 agebat
1272 1634 1565 1707 negotium
1590 1648 1706 1687 suae
1736 1629 2021 1686 venditio-

314 1721 427 1789 nis,
461 1722 571 1778 iste
602 1729 811 1780 nostra
860 1725 1276 1794 redemptionis
1309 1724 1460 1793 Quod
1501 1725 1657 1792 facis,
1697 1722 1787 1790 fac
1832 1720 2015 1789 citius,

316 1827 429 1867 non
474 1812 612 1883 quia
658 1819 717 1869 tu
772 1821 949 1885 potes,
1010 1815 1109 1871 sed
1161 1815 1299 1885 quia
1360 1814 1470 1870 hoc
1512 1811 1629 1868 vult
1679 1811 1778 1881 qui
1828 1813 2015 1865 totum

312 1905 521 1973 potest.

377 1991 433 2047 5.
474 1992 581 2048 Hoc
627 1999 813 2050 autem
860 2009 1015 2050 nemo
1062 1993 1218 2050 scivit
1256 1992 1716 2049 discumbentium
1763 1989 1833 2045 ad
1880 1989 2016 2061 quid

308 2083 511 2138 dixerit
550 2085 604 2139 ei
630 2083 860 2151 Quidam
890 2088 1032 2141 enim
1065 2085 1355 2157 putabant,
1388 2085 1514 2155 quia
1557 2084 1758 2139 loculos
1788 2081 2018 2137 habebat

301 2173 491 2244 ludas,
522 2175 649 2245 quia
679 2175 815 2231 dicit
843 2176 897 2231 ei
914 2178 1087 2243 Jesus,
1139 2176 1261 2231 Eme
1290 2191 1354 2232 ea
1374 2190 1495 2247 quae
1525 2190 1654 2246 opus
1685 2177 1810 2228 sunt
1857 2171 2014 2228 nobis

301 2262 371 2317 ad
403 2263 552 2319 diem
579 2266 782 2335 festum
810 2283 830 2329 ;
870 2274 964 2321 aut
993 2265 1177 2337 egenis
1216 2272 1276 2321 ut
1305 2264 1514 2337 aliquid
1542 2264 1715 2319 daret.
1752 2262 2013 2318 Habebat

301 2369 434 2425 ergo
465 2356 522 2408 et
541 2353 827 2410 Dominus
849 2353 1089 2422 loculos,
1120 2358 1176 2412 et
1200 2372 1232 2410 a
1254 2354 1529 2410 ﬁdelibus
1559 2353 1755 2408 oblata
1780 2366 2011 2407 conser-

298 2458 459 2510 vans,
482 2447 539 2498 et
568 2459 803 2499 suorum
849 2444 1291 2500 necessitatibus
1340 2451 1393 2499 et
1425 2443 1556 2498 aliis
1605 2440 2007 2512 indigentibus

298 2531 612 2585 tribuebat.
647 2532 808 2587 Tunc
840 2534 1092 2603 primum
1113 2531 1518 2588 ecclesiasticae
1542 2530 1799 2601 pecuniae
1822 2529 2008 2584 forma

300 2624 387 2675 est
416 2621 704 2689 instituta,
756 2622 855 2676 ubi
896 2622 1353 2693 intelligeremus
1384 2621 1534 2691 quod
1590 2620 1859 2691 praecepit
1890 2634 2003 2673 non

300 2710 670 2778 cogitandum
703 2726 828 2767 esse
859 2712 927 2767 de
978 2711 1231 2767 crastino
1277 2710 1490 2784 (Matth.
1524 2725 1601 2777 vr,
1642 2708 1753 2779 34),
1786 2724 1898 2763 non
1933 2708 2006 2763 ad

300 2797 409 2851 hoc
444 2796 622 2853 fuisse
673 2804 1045 2869 preceptum,
1097 2805 1157 2853 ut
1202 2797 1347 2853 nihil
1399 2796 1655 2869 pecunias
1686 2800 1945 2852 servetur
1973 2813 2006 2852 a

300 2888 558 2957 sanctis;
592 2890 689 2945 sed
737 2906 807 2945 ne
856 2889 970 2945 Deo
1021 2905 1123 2961 pro
1175 2888 1287 2945 ista
1344 2888 1649 2956 serviatur,
1681 2891 1738 2942 et
1775 2895 2007 2957 propter

301 2978 506 3049 inopiae
538 2981 809 3036 timorem
835 2980 1064 3050 justitia
1087 2981 1405 3036 deseratur.
1438 2978 1577 3036 Nam
1610 2981 1667 3034 et
1695 2976 2005 3048 Apostolus

296 3068 353 3122 in
386 3074 684 3140 posterum
744 3071 1076 3142 providens,
1122 3069 1239 3126 ait:
1288 3069 1345 3125 Si
1388 3070 1511 3139 quis
1528 3067 1704 3140 ﬁdelis
1734 3067 1902 3123 habet
1925 3068 2006 3120 vi-

292 3157 451 3228 duas,
500 3162 842 3231 sufﬁcienter
866 3162 1076 3218 tribuat
1105 3161 1202 3227 eis,
1229 3165 1283 3216 ut
1314 3176 1423 3216 non
1460 3162 1719 3231 gravetur
1747 3157 2001 3227 Ecclesia,

297 3264 399 3319 quo
427 3252 575 3305 veris
600 3249 777 3307 viduis
807 3252 1059 3320 sufﬁcere
1081 3251 1247 3324 possit
1277 3250 1323 3323 (Ι
1358 3250 1495 3305 Tim.
1528 3267 1581 3316 v,
1617 3250 1724 3319 16).

361 3340 416 3394 6.
454 3342 588 3396 Cum
618 3359 741 3414 ergo
770 3342 1029 3414 acepisset
1066 3343 1164 3399 ille
1196 3343 1509 3409 burcellam,
1549 3340 1693 3397 exiit
1722 3339 2000 3395 continuo.

293 3430 427 3484 Erat
474 3435 655 3487 autem
684 3449 816 3488 non.
869 3434 938 3488 Et
985 3432 1109 3504 ipse
1167 3432 1267 3504 qui
1316 3431 1507 3497 exivit,
1544 3434 1664 3485 erat
1696 3445 1826 3486 nox.
1872 3428 2003 3483 Cum

285 3534 413 3589 ergo
444 3520 647 3576 exisset
680 3538 810 3588 nox,
842 3524 923 3578 ait
944 3524 1100 3579 Jesus
1126 3540 1145 3577 :
1178 3522 1330 3577 Nunc
1358 3519 1695 3590 clariﬁcatus
1728 3523 1809 3575 est
1830 3519 2003 3574 Filius

284 3609 545 3667 hominis.
614 3612 740 3667 Dies
790 3628 924 3683 ergo
976 3611 1089 3667 diei
1148 3610 1431 3667 eructavit
1472 3608 1734 3677 verbum,
1787 3608 1847 3663 id
1892 3612 2001 3676 est,

281 3696 545 3755 Christus
566 3699 871 3771 discipulis
899 3700 1195 3768 ﬁdelibus,
1214 3703 1277 3755 ut
1301 3700 1564 3755 audirent
1589 3713 1744 3765 eum,
1770 3703 1824 3753 et
1845 3713 2002 3753 ama-

284 3793 770 3864 rcntsequendo;
834 3795 890 3847 et
943 3808 1053 3845 nox
1085 3790 1235 3847 nocti
1286 3790 1656 3846 annuntiavit
1696 3789 1997 3845 scientiam

286 3885 455 3956 (Psal.
487 3899 645 3950 xvm,
678 3882 756 3952 3),
778 3880 831 3936 id
866 3883 974 3947 est,
998 3879 1180 3935 Judas
1197 3879 1411 3935 Judteis
1433 3877 1878 3940 inﬁdelibus,ut
1902 3893 1997 3933 ve-

289 3978 473 4033 nirent
522 3976 592 4031 ad
626 3990 782 4039 cum,
816 3975 871 4026 et
901 3971 1402 4043 apprehenderent
1434 3968 1850 4042 persequendo.
1886 3967 1995 4023 Sed

280 4070 401 4139 jam
437 4067 573 4123 hinc
594 4065 651 4121 in
675 4079 1004 4119 sermonem
1036 4062 1287 4129 Domini,
1312 4062 1407 4132 qui
1442 4062 1625 4117 factus
1648 4064 1733 4117 est
1755 4061 1823 4116 ad
1851 4060 1996 4131 pios,

286 4165 597 4229 antequam
658 4159 949 4209 teneretur
994 4151 1065 4206 ab
1118 4150 1336 4223 impiis,
1389 4150 1662 4206 intentior
1702 4149 1996 4221 flagitetur

287 4248 512 4305 auditor
541 4263 554 4314 ;
594 4245 798 4302 etideo
828 4257 960 4299 eum
996 4240 1344 4314 praecipitare
1378 4258 1489 4297 non
1522 4241 1707 4309 debet,
1741 4243 1839 4297 sed
1873 4241 1992 4296 dif-

282 4341 431 4396 ferre
461 4335 652 4409 potius
682 4334 1024 4405 disputator.

802 4420 1218 4477 TRACTATUS
1262 4421 1465 4479 LXIII.

278 4522 350 4575 De
375 4532 434 4574 eo
474 4513 614 4588 quod
661 4513 920 4568 Dominus
969 4514 1068 4579 ait,
1100 4511 1267 4568 Nunc
1299 4512 1647 4567 elariﬁcatus
1681 4514 1770 4566 est
1810 4508 1989 4564 Filius

350 4605 603 4662 hominis
636 4619 650 4672 ;
684 4618 853 4673 usque
881 4602 950 4657 ad
984 4603 1058 4667 id,
1084 4606 1146 4657 Et
1166 4604 1438 4658 continuo
1471 4600 1985 4657 clariﬁcabiteum.

354 4696 489 4765 Cap.
522 4709 645 4760 xui,
678 4693 711 4760 ᾗ
742 4694 795 4761 in
828 4691 917 4761 31,
950 4691 1039 4745 32.

352 4788 405 4841 1.
446 4782 823 4841 Intendamus
856 4782 1064 4837 mentis
1095 4782 1389 4851 obtutum,
1430 4786 1486 4838 et
1532 4782 1839 4852 adjuvante
1872 4782 1988 4837 Do-

282 4877 465 4941 mino,
513 4877 693 4927 Deum
763 4870 1145 4941 requiramus.
1206 4870 1389 4925 Divini
1453 4871 1664 4927 cantici
1714 4887 1817 4927 vox
1874 4876 1983 4939 est,

282 4962 523 5037 Quzrite
560 4962 751 5028 Deum,
784 4963 833 5015 et
866 4961 1006 5014 vivet
1037 4962 1221 5014 anima
1254 4963 1427 5015 vestra
1460 4960 1629 5030 (Psai.
1662 4960 1987 5031 vam,33).

278 5059 618 5123 Quaeramus
668 5046 1107 5115 inveniendum,
1168 5064 1494 5117 queremus
1544 5048 1864 5104 inventum.
1917 5049 1989 5106 Ut

274 5142 658 5203 inveniendus
716 5141 1031 5210 quaeratur,
1084 5136 1348 5193 occultus
1399 5142 1526 5206 est;
1595 5144 1654 5192 ut
1713 5137 1989 5207 inventus

271 5237 581 5309 quaeratur,
614 5230 940 5284 immensus
976 5231 1082 5283 est.
1119 5225 1278 5282 Unde
1321 5226 1454 5283 alibi
1489 5227 1720 5299 dicitur,
1754 5228 1989 5296 Quaerite

263 5328 462 5397 [aciem
490 5324 605 5393 ejus
625 5335 837 5390 semper
855 5318 1025 5389 (Psal.
1051 5319 1271 5420 σιμά).
1304 5318 1489 5419 satiat
1530 5318 1687 5374 enim
1729 5336 1991 5420 quinm"-

270 5422 384 5470 tem
416 5412 475 5465 in
507 5414 792 5481 quantum
833 5408 1032 5480 capit;
1073 5414 1130 5464 et
1171 5408 1557 5465 invenientem
1625 5408 1984 5482 capaciorem

272 5502 411 5566 facit
448 5503 515 5556 ut
562 5514 766 5553 rursus
812 5502 1030 5567 quaerat
1080 5498 1309 5572 impleri
1356 5501 1393 5569 ‘,
1448 5499 1543 5557 ubi
1594 5498 1725 5573 plus
1786 5504 1987 5575 capere

344 5606 363 5643 ι
388 5600 473 5654 Sic
504 5595 705 5661 aliquot
733 5594 857 5646 Mss.
879 5594 945 5647 At
979 5594 1136 5660 Editi,
1167 5596 1404 5663 implere.

2150 824 2219 877 ad
2254 824 2411 882 illam
2443 831 2616 887 vitam
2653 838 2971 907 veniamus,
3007 842 3100 897 ubi
3133 844 3219 900 sic
3260 847 3630 918 impleamur,
3673 857 3735 906 ut
3765 870 3864 909 ca-

2149 915 2407 982 paciores
2456 937 2570 976 non
2602 924 2948 994 efﬁciamur,
2982 935 3119 1003 quia
3145 935 3225 989 ita
3259 938 3489 1005 perfecti
3522 941 3765 1007 erimus,
3796 949 3869 999 ut.

2140 1002 2261 1070 jam
2299 1022 2409 1061 non
2463 1011 2857 1076 perﬁciamus.
2905 1019 3068 1076 Tunc
3099 1025 3253 1079 enim
3301 1028 3640 1083 ostendetur
3690 1032 3865 1087 nobis

2144 1093 2296 1186 quod
2331 1096 2549 1153 sufﬁcit
2585 1103 2769 1158 nobis.
2800 1106 2903 1161 Hic
2935 1114 3128 1165 autem
3164 1129 3397 1184 semper
3426 1133 3778 1186 quaeramus,
3804 1126 3865 1175 et

2141 1179 2364 1238 fructus
2396 1186 2747 1247 inventionis
2781 1212 2893 1250 non
2926 1198 3001 1253 sit
3024 1200 3156 1256 ﬁnis
3189 1202 3611 1274 inquisitionis.
3661 1208 3861 1279 Neque

2139 1270 2294 1325 enim
2346 1280 2645 1346 propterea
2695 1298 2806 1337 non
2860 1301 3115 1358 semper,
3150 1270 3286 1360 quia
3326 1293 3422 1349 hic
3456 1299 3725 1365 tantum;
3756 1300 3860 1354 sed

2137 1360 2263 1423 ideo
2296 1361 2387 1415 hic
2428 1380 2661 1437 semper
2702 1372 2957 1431 dicimus
3000 1392 3128 1433 esse
3176 1382 3573 1451 quaerendum,
3617 1402 3687 1441 ne
3745 1387 3857 1442 ali-

2135 1452 2368 1521 quando
2391 1453 2483 1508 hic
2499 1462 2761 1525 putemus
2792 1463 2863 1518 ab
2886 1464 3266 1537 inquisitione
3293 1475 3663 1529 cessandum.
3698 1475 3848 1533 Nam

2133 1546 2188 1596 et
2217 1542 2288 1596 de
2319 1543 2530 1612 quibus
2560 1548 2778 1604 dictum
2814 1557 2921 1618 est,
2945 1557 3165 1627 Semper
3193 1558 3483 1629 discentes,
3514 1567 3567 1617 et
3605 1564 3675 1619 ad
3706 1569 3853 1620 veri-

2128 1631 2259 1684 tatis
2278 1634 2566 1688 scientiam
2592 1654 2879 1709 nunquam
2916 1647 3288 1711 pervenientes
3306 1666 3327 1713 ;
3360 1648 3452 1706 hic
3483 1658 3618 1706 sunt
3648 1654 3849 1726 utique

2129 1730 2359 1787 semper
2386 1721 2676 1780 discentes
2704 1742 2716 1794 ;
2744 1745 2875 1784 cum
2906 1747 3036 1787 vero
3058 1735 3128 1790 de
3154 1736 3261 1791 hac
3293 1739 3409 1794 vita
3435 1740 3844 1813 exierint,jam

2130 1819 2243 1859 non
2276 1815 2450 1865 erunt
2480 1812 2794 1886 discentes,
2826 1822 2949 1888 sed,
2982 1826 3193 1880 erroris
3223 1828 3310 1881 sui
3339 1831 3661 1887 mercedem
3694 1833 3844 1888 reci-

2127 1894 2370 1964 pientes.
2406 1900 2497 1954 Sic
2528 1904 2683 1959 enim
2711 1906 2930 1963 dictum
2965 1916 3072 1978 est,
3108 1914 3325 1985 Semper
3364 1917 3651 1988 discentes,
3687 1930 3737 1977 et
3765 1921 3840 1977 ad

2123 1988 2371 2041 veritatis
2392 1988 2685 2048 scientiam
2710 2013 2992 2069 nunquam
3005 2006 3377 2072 pervenientes
3400 2025 3422 2069 ;
3440 2012 3715 2079 tanquam
3741 2012 3838 2067 di-

2125 2084 2366 2131 ceretur.
2416 2080 2655 2151 Semper
2700 2088 3090 2158 ambulantes,
3138 2100 3195 2150 et
3233 2098 3302 2151 ad
3336 2097 3485 2153 viam
3528 2117 3831 2170 nunquam

2125 2169 2545 2233 pervenientes.
2583 2176 2693 2230 Nos
2724 2184 2919 2236 autem
2966 2198 3197 2255 semper
3229 2187 3592 2244 ambulemus
3622 2190 3676 2244 in
3710 2191 3833 2254 via,

2124 2256 2307 2313 donec
2335 2273 2400 2312 eo
2426 2262 2727 2320 veniamus
2752 2284 2866 2338 quo
2885 2270 3047 2327 ducit
3075 2273 3163 2329 via
3189 2290 3201 2338 ;
3238 2293 3521 2347 nusquam
3562 2278 3616 2333 in
3651 2296 3717 2334 ea
3741 2296 3837 2335 re-

2121 2360 2484 2416 maneamus,
2532 2352 2712 2409 donec
2764 2361 3041 2427 perducat
3094 2363 3187 2417 ubi
3226 2381 3606 2423 maneamus:
3654 2373 3837 2440 atque

2116 2431 2218 2500 ita,
2251 2441 2308 2491 et
2338 2443 2647 2509 quaerendo
2678 2448 2994 2519 tendimus,
3026 2456 3081 2506 et
3128 2453 3475 2511 inveniendo
3505 2459 3572 2512 ad
3605 2431 3832 2529 aliquid

2119 2525 2507 2593 pervenimus,
2541 2534 2597 2586 et
2625 2534 2695 2587 ad
2731 2533 2789 2588 id
2818 2539 2973 2607 quod
3025 2545 3203 2595 restat
3234 2547 3542 2613 quaerendo
3574 2551 3630 2602 et
3667 2525 3835 2602 inve-

2118 2613 2327 2669 niendo
2360 2620 2694 2689 transimus,
2721 2639 2836 2695 quo
2869 2643 3053 2697 usque
3094 2631 3170 2685 ibi
3204 2632 3304 2687 ﬁat
3347 2635 3479 2689 ﬁnis
3510 2638 3832 2708 quaerendi,

2117 2701 2211 2756 ubi
2247 2706 2581 2773 perfectioni
2608 2727 2718 2766 non
2754 2718 3284 2785 superestintentio
3310 2701 3670 2793 proﬁciendi.
3695 2701 3832 2786 Haec

2118 2790 2466 2863 prmiocutio,
2500 2797 2883 2871 dilectissimi,
2927 2805 3208 2863 intentam
3245 2790 3443 2867 fecerit
3472 2814 3827 2874 Charitatem

2114 2885 2361 2938 vestram
2396 2886 2466 2939 ad
2500 2888 2676 2944 istum
2713 2892 3308 2965 Dominisermonem,
3335 2919 3508 2974 quem
3542 2906 3613 2959 ad
3657 2907 3833 2963 disci-

2116 2970 2284 3040 pulos
2317 2974 2522 3031 habuit
2554 2982 2689 3034 ante
2711 2983 3042 3051 passionem
3071 3005 3083 3041 :
3113 2970 3435 3058 profundus
3466 2998 3555 3048 est
3576 2995 3830 3061 enim,et

2116 3062 2314 3133 utique
2333 3064 2430 3120 ubi
2455 3067 2702 3123 multum
2729 3071 3092 3131 laboraturus
3114 3083 3202 3133 est
3223 3080 3570 3152 disputator,
3598 3102 3708 3141 non
3736 3103 3827 3143 re-

2115 3152 2329 3208 missus
2363 3156 2533 3212 debet
2562 3174 2687 3215 esse
2722 3164 2978 3220 auditor.

2183 3243 2236 3297 2.
2270 3245 2417 3309 Quid
2451 3262 2585 3318 ergo
2619 3250 2700 3305 ait
2732 3252 3011 3311 Dominus
3033 3263 3409 3332 posteaquam
3442 3263 3626 3320 Judas
3656 3267 3825 3332 exiit,

2111 3336 2171 3387 ut
2193 3333 2589 3393 citiusfaceret
2610 3340 2762 3409 quod
2788 3353 2905 3398 erat
2933 3345 3213 3414 facturus,
3240 3349 3347 3405 hoc
3366 3359 3471 3417 est,
3507 3354 3820 3413 Dominum

2112 3423 2433 3479 traditurus
2453 3426 2481 3479 ?
2509 3429 2656 3492 Quid
2680 3431 2755 3486 ait
2787 3433 2931 3502 dies,
2967 3451 3097 3490 cum
3125 3438 3339 3494 exisset
3369 3458 3480 3497 nox
3510 3442 3537 3496 ‘l
3564 3443 3710 3507 Quid
3739 3446 3827 3502 ait

2114 3511 2486 3585 Redemptor,
2527 3532 2659 3573 cum
2692 3522 2898 3577 exisset
2920 3525 3233 3581 venditor?
3255 3531 3430 3598 Nunc,
3464 3532 3669 3603 inquit,
3694 3534 3825 3589 cla-

2110 3605 2356 3675 riﬁcatus
2376 3612 2454 3662 est
2475 3609 2647 3663 Filius
2668 3612 2927 3668 hominis.
2955 3618 3137 3681 Quare
3152 3634 3299 3673 nunc
3319 3622 3347 3673 ?
3366 3620 3663 3693 Numquid
3679 3627 3826 3696 quia

2110 3696 2359 3767 exiitqui
2376 3700 2584 3766 tradat,
2609 3700 3180 3777 quiaimminentqui
3196 3712 3771 3771 teneantetoccident
3792 3718 3824 3773 Ἰ

2108 3787 2268 3842 Itane
2290 3804 2438 3843 nunc
2453 3789 2788 3860 clariﬁcatus
2804 3799 2901 3861 est,
2926 3797 3063 3865 quia
3086 3814 3258 3867 prope
3278 3808 3365 3854 est
3389 3807 3452 3856 ut
3475 3803 3822 3861 humilistur

2108 3870 2364 3941 amplius
2381 3888 2392 3927 :
2409 3872 3315 3950 cuijamimpendetutalligetur,
3334 3884 3724 3953 utjudicetur,
3743 3893 3819 3943 ut

2107 3959 2545 4026 condemnetur,
2563 3960 3506 4039 utirrideatur,utcruciﬁgatur,ut
3520 3972 3821 4031 interima-

2106 4048 3816 4128 tur?[Icsccineestclariticatio,anpotiusbumiliatio'tNonne

2106 4139 2339 4209 quando
2355 4139 2632 4195 miracula
2648 4141 2997 4211 faciebat,ait
3012 4150 3205 4202 tamen
3219 4148 3402 4205 deillo
3416 4149 3676 4208 isteJoan
3687 4170 3814 4219 nes,

2103 4227 2347 4299 Spiritus
2364 4245 2471 4285 non
2481 4236 2601 4286 erat
2624 4232 2806 4300 datus,
2821 4234 2954 4305 quia
2971 4236 3117 4291 Iesus
3131 4239 3374 4294 nondum
3384 4251 3507 4296 erat
3524 4241 3818 4312 gloriﬁca-

2104 4324 2190 4373 tus
2214 4320 2387 4386 (Joan.
2412 4336 2509 4387 vn,
2525 4321 2623 4389 39)
2641 4322 2668 4375 ‘t
2690 4323 2998 4395 'l‘uncergo
3012 4328 3269 4383 nondum
3296 4330 3813 4403 eratgloriﬁcatus,

2102 4426 2234 4464 cum
2269 4415 2528 4466 mortuos
2553 4413 2865 4469 suscitaret
2894 4420 3150 4482 ;etnunc
3173 4418 3647 4489 estgloriﬁcatus,
3671 4440 3813 4482 cum

2102 4500 2343 4555 mortuis
2358 4500 2808 4571 propinquaret?
2824 4506 3081 4560 nondum
3094 4512 3214 4562 erat
3225 4507 3578 4577 gloriﬁcatus
3591 4512 3815 4578 iaciens

2099 4592 2313 4659 divina,
2345 4596 2401 4646 et
2430 4590 2786 4661 gloriﬁcatus
2818 4598 2905 4651 est
2938 4613 3213 4666 passurus
3243 4598 3549 4657 humana?
3581 4602 3808 4674 Mirum,

2098 4682 2147 4736 si
2182 4681 2285 4735 hoc
2329 4685 2473 4736 Deus
2504 4680 2600 4736 ille
2631 4684 2907 4753 magister
2937 4684 3306 4757 signiﬁcabat
3353 4693 3410 4744 et
3440 4691 3683 4748 docebat
3712 4695 3812 4751 his

2095 4770 2305 4826 verbis.
2338 4771 2526 4826 Altius
2568 4776 2656 4826 est
2706 4776 3186 4845 perscrutandum
3235 4776 3515 4835 Altissimi
3567 4782 3807 4855 dictum,

2098 4860 2194 4932 qui
2227 4875 2287 4916 se
2332 4860 2688 4932 aliquantum
2732 4863 3063 4920 manifestat
3104 4872 3167 4921 ut
3199 4868 3579 4938 inveniamus,
3621 4880 3674 4927 et
3706 4874 3810 4932 ite-

2097 4968 2222 5008 rum
2265 4952 2517 5008 occultat
2549 4956 2612 5007 ut
2643 4954 3034 5024 inquiramus,
3068 4965 3123 5011 et
3154 4958 3225 5012 de
3256 4959 3503 5016 inventis
3533 4962 3602 5015 ad
3635 4963 3804 5021 inve-

2098 5043 2305 5098 nienda
2321 5050 2596 5113 tanquam
2616 5044 2884 5114 passibus
2902 5046 3243 5102 innitamur.
3265 5048 3446 5104 Video
3469 5049 3562 5107 hic
3575 5052 3803 5124 aliquid

2100 5134 2251 5204 quod
2284 5133 2613 5203 prseﬁguret
2646 5150 2912 5203 magnum
2942 5135 3184 5207 aliquid.
3212 5137 3580 5207 ExiitJudas,
3615 5147 3672 5197 et
3691 5144 3808 5201 cla-

2096 5223 2359 5278 riﬁcatus
2390 5229 2470 5277 est
2499 5222 2710 5289 Jesus;
2746 5223 2886 5280 exiit
2916 5224 3069 5281 ﬁlius
3102 5226 3465 5297 perditionis,
3507 5235 3564 5286 et
3584 5230 3808 5289 clariﬁ-

2099 5318 2262 5370 catus
2292 5316 2382 5367 est
2412 5312 2594 5368 Filius
2626 5314 2902 5371 hominis.
2928 5316 3028 5372 Ille
3059 5318 3277 5389 quippe
3308 5318 3538 5387 exierat,
3572 5332 3811 5394 propter

2095 5424 2264 5481 quem
2297 5407 2517 5462 dictum
2569 5409 2693 5461 erat
2739 5404 2845 5476 eis,
2896 5406 2959 5460 Et
3001 5422 3091 5463 vos
3139 5408 3336 5464 mundi
3379 5410 3529 5481 estis,
3573 5412 3664 5468 sed
3692 5431 3809 5473 non

2095 5513 2281 5554 omnes
2332 5497 2431 5566 (Id.
2491 5511 2613 5562 xm,
2691 5495 2799 5566 10).
2878 5496 3127 5553 Exeunte
3202 5497 3395 5569 itaque
3468 5500 3803 5577 immundo,

2044 5590 2051 5595 “
2095 5600 2301 5644 omnes
2333 5585 2535 5642 mundi
2567 5588 2992 5655 remanserunt,
3028 5590 3084 5643 et
3110 5602 3250 5646 cum
3300 5604 3404 5648 suo
3452 5592 3810 5657 mundatare
