4148 6190
312 312 339 370 i
352 311 466 372 805

304 446 672 500 manserunt.
704 442 839 496 Tale
884 437 1099 509 aliquid
1150 436 1255 492 erit
1294 449 1426 491 cum
1460 433 1649 488 victus
1697 449 1731 488 a
1779 431 2010 489 Christo

304 534 603 590 transierit
648 532 744 586 hic
795 529 1073 596 mundus,
1107 530 1162 584 et
1212 540 1381 582 nemo
1427 522 1486 579 in
1538 520 1751 595 populo
1800 520 2011 576 Christi

302 622 631 680 remanebit
674 620 1052 689 immundus;
1087 633 1219 672 cum
1267 614 1505 671 zizaniis
1537 630 1570 667 a
1599 612 1787 667 tritico
1837 626 2013 682 sepa-

304 713 463 781 ratis,
490 713 639 782 justi
692 709 997 781 fulgebunt
1040 706 1190 763 sicut
1237 704 1319 761 sol
1369 704 1429 757 in
1480 718 1657 773 regno
1708 700 1888 756 Patris
1920 699 2011 754 sui

300 803 509 873 (Matth.
562 816 685 869 xm,
712 802 824 871 43).
860 798 977 854 Hoc
1026 799 1284 852 futurum
1334 792 1655 865 praevidens
1705 789 2008 856 Dominus,

299 898 359 948 et
379 909 540 947 nunc
564 891 964 963 signiﬁcatum
986 904 1110 944 esse
1131 888 1483 953 contestans,
1510 880 1844 935 discedente
1864 878 2018 932 Juda

301 988 587 1054 tanquam
633 980 872 1036 zizaniis
922 977 1227 1050 separatis,
1262 972 1702 1029 remanentibus
1734 975 2015 1041 tanquam

295 1075 494 1131 tritico
526 1072 822 1145 Apostolis
853 1069 1095 1132 sanctis,
1124 1068 1298 1134 Nunc,
1333 1064 1541 1135 inquit,
1574 1063 1912 1133 clariﬁcatus
1940 1067 2014 1115 est

296 1164 474 1220 Filius
506 1164 789 1218 hominis:
812 1166 1092 1232 tanquam
1116 1157 1351 1221 diceret,
1380 1156 1518 1210 Ecce
1541 1155 1598 1208 in
1622 1152 1719 1206 illa
1743 1167 1871 1206 mea
1896 1150 2013 1205 cla-

295 1254 624 1309 riﬁcatione
672 1251 824 1323 quod
858 1249 984 1316 erit,
1018 1248 1119 1303 ubi
1170 1245 1457 1301 malorum
1503 1242 1700 1299 nullus
1750 1243 1879 1308 erit,
1915 1239 2014 1295 ubi

296 1345 589 1399 bonorum
642 1340 841 1397 nullus
888 1338 1054 1409 perit.
1087 1336 1182 1392 Sic
1231 1338 1426 1391 autem
1480 1348 1590 1387 non
1637 1334 1728 1387 est
1772 1329 2014 1396 dictum,

292 1432 463 1489 Nunc
512 1429 843 1503 signiﬁcata
890 1431 979 1483 est
1021 1423 1357 1483 clariﬁcatio
1407 1421 1533 1477 Filii
1586 1419 1883 1485 hominis;
1918 1418 2013 1471 sed

290 1524 521 1580 dictum
555 1525 662 1589 est,
687 1521 843 1576 Nunc
861 1516 1199 1587 clariﬁcatus
1216 1521 1289 1570 est
1310 1512 1484 1568 Filius
1506 1509 1746 1565 hominis
1768 1526 1785 1565 :
1807 1521 2015 1581 quem-

290 1612 615 1667 admodum
649 1626 763 1665 nou
795 1612 885 1664 est
913 1605 1161 1671 dictum,
1192 1604 1362 1659 Petra
1414 1600 1781 1673 signiﬁcabat
1809 1599 2016 1656 Chris-

289 1707 497 1770 stum;
529 1699 655 1767 sed,
688 1699 853 1753 Petra
882 1702 1005 1753 erat
1056 1693 1303 1751 Christus
1333 1692 1379 1763 (l
1413 1690 1533 1746 Cor.
1568 1706 1625 1759 x,
1654 1689 1731 1761 4).
1764 1688 1879 1746 Nec
1920 1689 2014 1745 di-

288 1796 459 1847 ctum
486 1793 596 1855 est,
626 1789 846 1843 Bonum
879 1800 1072 1842 semen
1108 1781 1475 1855 signiﬁcabat
1507 1780 1655 1835 ﬁlios
1687 1779 1869 1850 regni,
1893 1788 2009 1851 aut,

289 1879 521 1935 zizania
570 1875 981 1948 signiﬁcabant
1010 1872 1161 1929 ﬁlios
1206 1868 1471 1942 maligni,
1504 1870 1604 1924 sed
1653 1868 1868 1923 dictum
1904 1877 2010 1938 est,

290 1973 509 2025 Bonum
541 1983 727 2023 semen
784 1966 845 2021 hi
872 1970 999 2021 sunt
1055 1962 1164 2033 ﬁlii
1194 1962 1349 2032 regni
1367 1976 1387 2022 ;
1418 1961 1641 2015 ciconia
1672 1965 1871 2027 autem,
1904 1958 2015 2029 ﬁlii

286 2059 534 2128 maligni
564 2056 773 2126 (Matth.
805 2054 1059 2123 xm,38).
1083 2052 1245 2108 Sicut
1291 2065 1427 2120 ergo
1472 2047 1613 2103 solet
1645 2046 1803 2119 loqui
1854 2047 2012 2103 Scri-

284 2154 586 2222 ptura,res
614 2145 1011 2217 signiﬁcantes
1032 2146 1315 2212 tanquam
1347 2138 1481 2194 illas
1512 2153 1639 2209 quae
1672 2136 2012 2208 signiﬁcan-

281 2246 383 2293 tur
415 2234 760 2309 appellans;
795 2234 875 2289 ita
905 2231 1133 2289 loculus
1168 2236 1253 2287 est
1283 2227 1565 2284 Dominus
1605 2227 1826 2294 dicens,
1858 2226 2013 2281 Nunc

277 2328 636 2398 clari/iectus
685 2328 760 2381 est
794 2324 967 2380 Filius
1016 2320 1261 2377 hominis
1289 2337 1307 2373 :
1338 2322 1714 2389 posteaquam
1745 2320 2009 2388 separato

276 2420 419 2475 inde
454 2416 842 2489 nequissimo,
874 2421 929 2470 et
960 2428 1161 2469 secum
1195 2408 1631 2466 remanentibus
1665 2408 1908 2476 sanctis,
1933 2406 2010 2463 si-

275 2506 563 2581 gniﬁcata
585 2511 675 2562 est
699 2503 1041 2577 gloriﬁcatio
1063 2501 1464 2573 ejus,quando
1488 2498 1772 2571 separatis
1788 2496 2006 2568 iniquis

279 2594 551 2651 manebit
580 2594 640 2648 in
672 2590 992 2648 aeternitate
1024 2605 1157 2644 cum
1192 2585 1433 2643 sanctis.

354 2685 410 2740 3.
444 2685 591 2740 Cum
627 2686 818 2738 autem
860 2680 1119 2746 dixisset,
1151 2680 1311 2734 Nunc
1339 2675 1672 2745 clariﬁcatus
1709 2678 1787 2730 est
1814 2672 2005 2730 Filius

278 2774 550 2837 hominis,
583 2769 871 2841 adjunxit,
904 2770 965 2824 Et
1000 2769 1141 2824 Deus
1178 2764 1527 2835 clariﬁcatus
1559 2769 1638 2819 est
1669 2765 1728 2817 in
1757 2779 1839 2819 eo.
1871 2764 2005 2835 Ipsa

274 2869 375 2920 est
405 2863 567 2918 enim
598 2859 939 2916 clariﬁcatio
972 2856 1098 2913 Filii
1131 2854 1413 2922 hominis,
1447 2856 1510 2908 ut
1549 2852 1703 2909 Deus
1735 2852 2004 2909 claritice-

278 2960 381 3008 tur
410 2953 469 3007 in
522 2967 611 3006 eo.
645 2948 705 3005 Si
737 2948 895 3005 enim
948 2962 1062 3002 non
1096 2946 1221 3017 ipse
1256 2944 1314 2998 in
1366 2943 1579 3013 seipso,
1613 2943 1712 2996 sed
1765 2944 1910 2997 Deus
1939 2943 1997 2997 in

270 3043 381 3099 illo
411 3041 786 3105 clariﬁcatur,
812 3043 951 3093 tunc
983 3034 1151 3091 illum
1178 3038 1327 3089 Deus
1377 3033 1433 3087 in
1468 3048 1529 3087 se
1562 3031 1862 3087 clariﬁcat.
1889 3031 1999 3087 De-

272 3134 465 3205 nique
496 3136 774 3201 tanquam
806 3128 920 3183 ista
950 3140 1267 3197 exponens,
1302 3121 1588 3193 adjuugit,
1621 3124 1678 3176 et
1719 3121 1860 3175 dicit
1891 3137 1905 3177 :
1942 3121 2001 3176 Si

267 3224 422 3278 Deus
452 3219 788 3289 clariﬁcatus
818 3225 896 3273 est
940 3216 997 3271 in
1030 3230 1112 3281 eo,
1144 3220 1197 3269 et
1251 3214 1390 3267 Deus
1435 3210 1762 3279 clariﬁcabit
1790 3225 1915 3266 eum
1939 3213 1999 3266 in

267 3315 584 3383 semetipso.
613 3310 727 3366 Hoc
772 3312 881 3376 est,
915 3307 975 3363 Si
1008 3310 1149 3362 Deus
1179 3302 1517 3373 clari/tentus
1554 3310 1631 3358 est
1661 3301 1721 3357 in
1750 3318 1829 3370 eo,
1864 3303 1999 3373 quia

269 3418 399 3458 non
429 3400 590 3456 venit
633 3398 817 3454 facere
867 3395 1226 3452 voluntatem
1262 3408 1453 3458 suam,
1491 3392 1590 3447 sed
1632 3391 1991 3447 voluntatem

265 3493 407 3563 ejus
431 3489 532 3563 qui
559 3488 720 3545 misit
739 3486 906 3543 illum
934 3503 948 3554 ;
982 3492 1033 3541 et
1056 3486 1195 3539 Deus
1216 3481 1547 3550 clariﬁcabit
1574 3496 1695 3536 eum
1722 3481 1782 3536 in
1801 3490 1996 3538 semet-

264 3584 415 3654 ipso,
440 3583 505 3635 ut
529 3581 736 3634 natura
756 3576 1017 3632 humana
1039 3574 1099 3628 in
1122 3588 1238 3644 qua
1267 3576 1355 3626 est
1378 3569 1534 3625 ﬁlius
1563 3569 1840 3639 hominis,
1865 3587 1992 3643 quis

268 3688 309 3727 a
341 3670 535 3726 Verbo
568 3672 781 3723 aeterno
814 3667 1084 3734 suscepta
1112 3666 1222 3728 est,
1257 3661 1428 3717 etiam
1477 3659 1790 3715 immortali
1822 3664 1993 3716 aeter-

267 3760 464 3815 nitate
504 3758 774 3812 donetur.
807 3754 870 3810 Et
915 3754 1195 3817 continuo,
1228 3748 1444 3821 inquit,
1473 3747 1798 3817 clariﬁcavit
1842 3764 1989 3803 eum.

272 3847 786 3905 Resurrectionem
821 3842 1041 3899 scilicet
1080 3855 1272 3906 suam,
1307 3854 1421 3893 non
1453 3838 1604 3893 sicut
1635 3841 1895 3893 nostram
1928 3838 1987 3894 in

268 3941 394 3995 ﬁne
445 3934 662 3995 saeculi.
695 3934 796 3990 sed
848 3932 1121 3989 continuo
1164 3930 1421 3985 futuram
1468 3928 1576 3983 bac
1617 3928 1989 3985 attestatione

269 4026 619 4099 praedicens.
650 4024 781 4095 Ipsa
823 4025 913 4078 est
941 4019 1095 4076 enim
1145 4017 1500 4085 clariﬁcatio,
1535 4017 1605 4072 de
1655 4033 1769 4088 qua
1796 4020 1988 4074 Evan-

263 4113 487 4186 gelista
507 4114 630 4183 jam
662 4110 903 4174 dixerat,
937 4106 1091 4179 quod
1125 4105 1298 4178 paulo
1343 4108 1479 4160 ante
1509 4105 1980 4173 commemoravi,

266 4202 414 4275 quia
443 4205 743 4273 propterea
772 4198 1035 4255 nondum
1063 4194 1317 4267 Spiritus
1355 4194 1527 4250 datus
1560 4198 1681 4249 erat
1709 4193 1806 4248 illo
1838 4209 1983 4250 novo

268 4295 448 4352 modo
479 4292 537 4348 in
587 4291 690 4357 eis,
741 4288 957 4361 quibus
1004 4286 1189 4341 fuerat
1232 4298 1298 4340 eo
1342 4285 1514 4340 modo
1564 4287 1692 4354 post
1723 4299 1983 4339 resurre-

268 4383 527 4441 ctionem
559 4377 938 4435 credentibus
960 4373 1209 4443 dandus,
1237 4372 1366 4444 quia
1386 4372 1559 4429 Jesus
1576 4373 1837 4427 nondum
1861 4371 1985 4427 fue-

271 4478 367 4530 rat
394 4471 747 4529 clariﬁcatus
771 4484 784 4523 :
808 4468 864 4523 id
889 4469 998 4535 est,
1024 4464 1282 4520 nondum
1311 4464 1497 4519 fuerat
1528 4462 1853 4519 mortalitas
1879 4462 1985 4520 im-

270 4561 636 4620 mortalitate
657 4558 880 4624 vestita,
899 4555 1032 4611 etin
1055 4558 1328 4611 aeternam
1352 4553 1620 4609 virtutem
1644 4553 1983 4623 temporalis

266 4652 588 4711 inﬁrmitas
611 4649 971 4705 commutata
994 4643 1033 4696 ί.
1049 4644 1243 4699 Potest
1263 4646 1320 4699 et
1339 4643 1409 4699 de
1430 4642 1546 4697 ista
1568 4641 1984 4699 clariﬁcatione

268 4744 497 4799 dictum
545 4735 928 4804 videri,Nunc
973 4732 1315 4803 clarificatus
1362 4735 1439 4786 est
1486 4732 1658 4785 Filius
1709 4732 1983 4816 hominis;

270 4837 338 4888 ut
366 4831 522 4903 quod
554 4829 632 4885 ait
657 4841 807 4881 nunc
827 4840 938 4880 non
966 4823 1037 4878 ad
1070 4821 1473 4877 imminentem
1496 4821 1850 4891 passionem,
1883 4822 1985 4878 sed

268 4924 343 4980 ad
375 4921 627 4977 vicinam
676 4914 1158 4972 resurrectionem
1206 4912 1491 4984 pertinere
1530 4911 1817 4979 credatur,
1850 4917 1983 4969 tan-

268 5027 446 5087 quam
481 5007 653 5066 tuerit
676 5008 890 5062 factum
915 5003 1069 5075 quod
1095 5010 1211 5057 erat
1242 5006 1362 5056 tam
1393 5000 1789 5072 proximejam
1820 5003 1981 5057 futu-

269 5118 420 5160 rum.
454 5096 636 5155 Hodie
684 5092 983 5150 Dilectioni
1024 5096 1227 5148 vestra:
1292 5089 1402 5144 ista
1443 5088 1811 5157 suffecerint;
1846 5107 1975 5147 cum

268 5186 574 5251 donaverit
620 5183 921 5247 Dominus,
954 5182 1025 5236 de
1055 5179 1549 5250 consequentibus
1596 5178 1972 5237 disseremus.

792 5268 1218 5328 TRAC'I‘ATUS
1263 5269 1448 5324 LXIV.

266 5378 327 5431 In
364 5371 423 5427 id
470 5363 615 5441 quod
661 5363 923 5420 Dominus
979 5361 1128 5427 dicit,
1177 5357 1387 5426 Filioli,
1435 5357 1626 5413 adhuc
1680 5358 1971 5415 modicum

330 5460 639 5518 vobiscum
670 5466 799 5509 sum
829 5466 844 5506 :
877 5448 1144 5521 quaeretis
1166 5463 1280 5518 me,
1312 5452 1369 5505 et
1400 5445 1554 5503 sicut
1582 5445 1699 5500 dixi
1730 5445 1972 5515 Judznis,

326 5594 342 5626 ι
364 5584 613 5646 Plerique
631 5577 759 5646 Mss.
790 5576 1060 5646 omittunt.
1096 5577 1147 5625 et
1175 5574 1237 5627 in
1269 5582 1520 5626 sternam
1551 5571 1795 5623 virtutem
1837 5581 1968 5624 tem-

256 5651 457 5717 poralis
488 5642 779 5710 inﬁrmitas
807 5642 1139 5691 aonimutata.

1465 293 1921 360 TRACTATUS
1968 294 2165 359 LXIV.
2212 298 2465 361 CAPUT
2512 302 2669 366 XIII.

3680 321 3832 381 1806

2194 448 2309 504 quo
2322 450 2426 507 ego
2452 438 2618 506 vado,
2642 455 2741 495 vos
2766 457 2880 497 non
2905 442 3145 513 potestis
3176 445 3373 504 venire
3397 464 3411 519 ;
3445 455 3499 505 et
3520 448 3682 507 vobis
3704 452 3832 510 dico

2192 523 2385 580 modo.
2421 528 2529 599 Cap
2558 545 2683 599 xm,
2718 531 2772 601 ᾖ,
2804 532 2892 585 33.

2198 615 2245 668 1.
2279 617 2641 675 Advertenda
2683 626 2789 688 est,
2823 624 3177 695 charissimi,
3228 630 3651 687 dominicorum
3703 649 3832 689 ver-

2123 704 2329 759 borum
2363 708 2629 764 ordinata
2661 713 2959 767 connexio.
2994 714 3132 770 Cum
3167 718 3319 775 enim
3349 723 3623 792 superius
3655 724 3834 780 dixis--

2125 798 2231 863 set,
2266 804 2641 868 posteaquam
2675 800 2855 857 Judas
2908 819 3179 873 egressus
3212 812 3322 879 est,
3355 815 3412 865 et
3445 812 3514 867 ab
3547 813 3645 869 illa
3696 833 3832 870 san-

2132 887 2356 939 ctorum
2391 888 2558 943 etiam
2596 893 2876 962 corporali
2911 898 3346 957 conversatione
3393 902 3695 970 sejunctus
3725 910 3833 969 est,

2129 973 2285 1027 Nunc
2327 976 2657 1046 clari/Scalas
2687 986 2764 1035 est
2812 982 2980 1037 Filius
3009 983 3263 1054 hominis,
3297 991 3347 1042 et
3378 989 3519 1044 Deus
3559 992 3835 1061 clariﬁca-

2130 1069 2321 1160 tusest
2360 1067 2417 1118 in
2450 1081 2547 1160 eo:
2581 1084 2726 1139 quoc
2756 1072 2873 1126 sive
2925 1073 3179 1129 futurum
3216 1091 3459 1148 regnum
3495 1080 3835 1151 signiﬁcans

2129 1150 2290 1250 dixit,
2323 1156 2555 1223 quando
2591 1159 2726 1250 mali
2758 1162 3177 1231 separabuntur
3208 1183 3241 1220 a
3294 1165 3482 1236 bonis,
3517 1150 3634 1226 sive
3682 1172 3831 1241 quod

2129 1246 2257 1310 ejus
2307 1246 2653 1302 resurrectio
2685 1253 2825 1302 tunc
2857 1252 3052 1306 futura
3082 1262 3252 1323 esset,
3286 1255 3342 1311 id
3377 1267 3483 1330 est,
3518 1260 3836 1316 differenda

2132 1343 2248 1383 non
2280 1335 2455 1398 esset,
2479 1333 2630 1389 sicut
2658 1335 2718 1390 in
2762 1336 2934 1394 ﬁnem
2976 1340 3171 1396 saeculi
3216 1348 3410 1400 nostra
3447 1346 3836 1404 diﬁ‘ertur:ac

2130 1417 2338 1511 deinde
2388 1422 2729 1511 addidisset,
2765 1426 2825 1481 Si
2872 1428 3010 1483 Deus
3056 1430 3395 1488 ctariﬁcatus
3440 1438 3520 1489 est
3566 1438 3623 1489 in
3672 1452 3756 1503 eo,
3787 1446 3837 1493 et

2126 1509 2266 1564 Deus
2295 1510 2627 1581 clariﬁcabit
2655 1531 2782 1571 eum
2813 1518 2871 1571 in
2901 1520 3204 1592 semetipso,
3237 1530 3289 1577 et
3334 1526 3594 1581 continuo
3623 1527 3835 1596 clariﬁ-

2124 1602 2269 1657 cabit
2298 1618 2446 1669 eum,
2480 1605 2633 1674 quod
2672 1606 2793 1662 sine
2835 1607 2950 1663 ulla
2983 1611 3359 1683 ambiguitate
3390 1614 3459 1669 de
3506 1631 3611 1670 sua
3640 1632 3836 1673 resur-

2126 1693 2379 1749 rectlone
2411 1695 2688 1750 continuo
2720 1696 2913 1752 futura
2945 1703 3191 1756 testatus
3224 1707 3311 1757 est
3344 1720 3357 1757 :
3393 1704 3626 1775 adjecit,
3663 1710 3837 1777 atque

2124 1782 2223 1851 ait,
2258 1783 2463 1853 Filioli,
2494 1784 2671 1840 adhuc
2717 1786 2993 1843 modicum
3042 1792 3314 1846 vobiscum
3362 1809 3499 1849 sum.
3536 1794 3615 1849 Ne
3665 1808 3832 1867 puta-

2123 1878 2253 1929 rent
2278 1889 2413 1945 ergo
2440 1875 2592 1945 quod
2628 1876 2711 1931 sic
2740 1892 2869 1931 cum
2905 1879 3329 1937 clariﬁcaturus
3362 1888 3516 1938 esset
3561 1885 3735 1946 Deus.
3770 1892 3835 1942 ut

2123 1978 2237 2017 non
2269 1963 2350 2017 eis
2382 1964 2836 2034 conjungeretur
2872 1966 3112 2025 ulterius
3142 1986 3209 2025 ea
3248 1974 3687 2030 conversatione
3719 1993 3832 2046 qua

2120 2050 2177 2104 in
2209 2054 2363 2106 terra
2392 2058 2517 2117 est;
2550 2053 2735 2111 Adhuc
2768 2056 3058 2125 modicum,
3093 2058 3304 2131 inquit,
3337 2062 3609 2119 vobiscum
3658 2081 3780 2119 sum
3811 2080 3831 2123 :

2121 2143 2397 2211 tanquam
2430 2142 2665 2209 diceret,
2690 2142 2975 2200 Continuo
3007 2148 3242 2217 quidem
3269 2152 3689 2209 resurrectione
3719 2154 3830 2209 cla-

2121 2228 2426 2299 riﬁcabor;
2462 2248 2574 2287 non
2610 2237 2801 2288 tamen
2835 2235 3111 2291 continuo
3136 2254 3481 2295 ascensurus
3515 2240 3569 2294 in
3595 2242 3825 2308 cmlum,

2118 2319 2216 2374 sed
2240 2319 2418 2375 adhuc
2437 2320 2717 2377 modicum
2737 2325 3006 2378 vobiscum
3028 2341 3167 2379 sum.
3192 2326 3352 2382 Sicut
3374 2330 3517 2383 enim
3543 2332 3825 2403 scriptum

2118 2413 2206 2465 est
2234 2408 2291 2464 in
2328 2411 2566 2467 Actibus
2594 2413 3021 2483 Apostolorum,
3047 2413 3181 2471 fecit
3206 2432 3337 2472 cum
3371 2418 3454 2473 eis
3474 2427 3598 2490 post
3629 2436 3824 2477 resur-

2120 2499 2428 2556 rectionem
2465 2503 2854 2574 quadraginta
2885 2503 3011 2559 dies
3045 2506 3268 2562 intrans
3299 2511 3354 2562 et
3402 2509 3619 2578 exiens,
3654 2528 3819 2567 man-

2117 2589 2339 2647 ducans
2390 2596 2446 2648 et
2496 2591 2699 2648 bibens
2748 2593 2877 2662 (Act.
2927 2610 2967 2660 ι,
3000 2594 3103 2663 3):
3151 2611 3267 2651 non
3315 2597 3549 2668 quidem
3601 2600 3823 2657 habens

2115 2677 2406 2732 esuriendi
2454 2693 2519 2733 ac
2560 2676 2792 2733 sitiendi
2824 2683 3165 2749 egestatem,
3216 2682 3313 2736 sed
3368 2699 3547 2754 usque
3598 2686 3667 2739 ad
3710 2687 3824 2741 ista

2114 2767 2305 2821 carnis
2332 2765 2643 2822 insinuans
2674 2768 2996 2836 veritatem,
3031 2784 3157 2840 quae
3209 2770 3438 2828 cibaudi
3474 2790 3539 2828 ac
3588 2777 3825 2845 potandi

2108 2858 2227 2928 jam
2263 2873 2376 2913 non
2409 2856 2662 2912 habebat
2712 2858 3140 2928 necessitatem,
3175 2862 3274 2915 sed
3311 2866 3675 2934 potestatem.
3710 2866 3822 2922 Hos

2111 2963 2247 3018 ergo
2296 2947 2686 3018 quadraginta
2740 2947 2863 3002 dies
2917 2948 3263 3020 signiﬁcavit
3320 2951 3587 3017 dicendo,
3638 2955 3822 3011 Adhuc

2110 3037 2382 3092 modicum
2415 3036 2695 3091 nobiscum
2718 3053 2859 3100 sum,
2882 3054 2952 3090 an
2986 3038 3204 3109 aliquid
3231 3038 3426 3095 aliud?
3449 3042 3643 3098 Potest
3664 3045 3820 3100 enim

2110 3130 2168 3179 et
2196 3124 2281 3180 sic
2310 3123 2572 3195 intelligi,
2609 3124 2791 3177 Adhuc
2818 3124 3091 3180 modicum
3124 3128 3395 3183 vobiscum
3426 3147 3566 3198 sum,
3593 3132 3817 3203 Adhuc,

2109 3214 2259 3268 sicut
2286 3229 2409 3281 vos,
2436 3212 2496 3267 in
2528 3212 2634 3268 hac
2674 3213 3015 3268 inﬁrmitate
3066 3215 3256 3271 carnis
3286 3217 3455 3272 etiam
3508 3220 3630 3291 ipse
3663 3239 3820 3290 sum,

2107 3302 2291 3358 donec
2322 3301 2538 3357 scilicet
2562 3309 2881 3357 moreretur
2901 3306 3073 3373 atque
3098 3314 3421 3375 resurgeret
3450 3323 3463 3360 :
3498 3310 3635 3379 quia
3667 3316 3817 3380 post-

2105 3408 2349 3463 eaquam
2402 3392 2737 3461 resurrexit,
2789 3407 2915 3446 cum
2966 3392 3082 3448 illis
3142 3393 3372 3464 quidem
3429 3396 3533 3450 fuit
3588 3399 3813 3466 diebus,

2106 3486 2170 3538 ut
2220 3482 2440 3537 dictum
2492 3486 2602 3549 est,
2653 3481 3045 3552 quadraginta
3093 3482 3446 3538 exhibitione
3498 3487 3815 3555 corporalis

2105 3569 2464 3643 prasentiaa;
2499 3570 2597 3625 sed
2630 3585 2747 3625 non
2781 3585 2911 3624 curn
2945 3569 3062 3625 illis
3096 3569 3205 3625 fuit
3248 3572 3533 3629 consortio
3566 3572 3814 3628 inﬁrmi-

2100 3662 2233 3718 tatis
2261 3659 2551 3715 humanas.

2167 3750 2221 3803 2.
2276 3748 2371 3803 Est
2418 3753 2476 3803 et
2527 3746 2639 3803 alia
2687 3747 2884 3803 divina
2932 3749 3240 3819 prasentia
3293 3751 3566 3808 sensibus
3616 3752 3812 3823 ignota

2101 3838 2468 3905 mortalibus,
2502 3838 2571 3893 de
2620 3853 2736 3908 qua
2785 3837 2923 3894 item
2975 3838 3163 3894 dicit:
3215 3842 3344 3896 Ecce
3391 3857 3485 3908 ego
3532 3843 3807 3899 vobiscum

2096 3947 2221 3986 sum
2260 3945 2427 3999 usque
2459 3928 2537 3984 ad
2581 3928 3099 3984 consummationem
3143 3930 3337 3987 saeculi
3365 3931 3577 3999 (Matth.
3610 3950 3807 4004 xxvm,

2102 4020 2216 4091 20).
2267 4018 2385 4076 Hoc
2433 4021 2584 4074 certe
2632 4034 2747 4072 non
2796 4021 2904 4084 est,
2953 4018 3139 4073 Adhuc
3196 4020 3471 4075 modicum
3538 4022 3808 4079 vobiscum

2095 4126 2219 4167 sum
2251 4128 2267 4164 :
2302 4125 2417 4166 non
2448 4108 2605 4165 enim
2656 4108 2952 4163 modicum
2985 4113 3073 4164 est
3106 4126 3293 4181 usque
3333 4111 3401 4166 ad
3434 4125 3810 4169 consumma-

2098 4201 2311 4257 tionem
2348 4197 2563 4254 saeculi.
2582 4198 2695 4253 Aut
2724 4196 2768 4251 si
2794 4205 2845 4252 et
2875 4196 2984 4253 hoc
3010 4198 3303 4253 modicum
3338 4203 3427 4255 est
3456 4200 3633 4270 (volat
3654 4204 3804 4256 enim

2096 4296 2257 4359 tetas,
2280 4293 2336 4346 et
2365 4290 2424 4344 in
2458 4286 2643 4345 oculis
2678 4286 2777 4341 Dei
2806 4287 2965 4343 mille
2994 4288 3130 4341 anni
3163 4289 3311 4343 sicut
3345 4289 3468 4343 dies
3500 4306 3673 4355 unus,
3709 4296 3807 4345 aut

2095 4379 2242 4436 sicut
2271 4377 2467 4449 vigilia
2497 4376 2557 4431 in
2590 4379 2759 4432 nocte
2790 4375 2960 4445 [Psal.
2987 4392 3209 4442 LXXXIX,
3231 4376 3306 4446 4],
3333 4392 3448 4432 non
3479 4381 3673 4432 tamen
3699 4378 3805 4431 hoc

2095 4469 2427 4544 signiﬁcare
2456 4465 2709 4522 voluisse
2741 4465 3066 4520 credendus
3101 4469 3192 4521 est
3223 4481 3397 4529 nunc,
3433 4469 3805 4537 quandoqui-

2093 4561 2224 4616 dem
2257 4561 2488 4613 secutus
2536 4553 2819 4623 adjunxit,
2854 4553 3122 4620 Queretis
3150 4570 3255 4619 me,
3288 4558 3338 4607 et
3367 4555 3507 4609 sicut
3548 4555 3668 4610 dixi
3694 4559 3803 4612 Ju-

2096 4650 2247 4718 dzis,
2296 4662 2398 4718 quo
2459 4658 2553 4715 ego
2599 4642 2755 4710 vado,
2787 4658 2874 4698 vos
2918 4660 3031 4696 non
3070 4644 3300 4713 potestis
3348 4646 3552 4699 venire.
3595 4646 3802 4717 Utique

2095 4742 2226 4810 post
2258 4736 2363 4791 hoc
2416 4732 2708 4789 modicum
2742 4747 2857 4803 quo
2888 4731 3185 4788 vobiscum
3222 4748 3375 4795 sum,
3410 4733 3665 4802 Queretis
3696 4752 3797 4805 me,

2092 4836 2147 4887 et
2177 4843 2278 4901 quo
2310 4840 2412 4898 ego
2442 4822 2595 4890 vado,
2621 4838 2708 4877 vos
2735 4837 2846 4878 non
2874 4824 3094 4894 potestis
3120 4827 3323 4879 venire.
3350 4824 3643 4896 Numquid
3677 4833 3801 4895 post

2092 4912 2655 4975 consummationem
2708 4911 2923 4977 saeculi,
2956 4928 3069 4982 quo
3102 4912 3223 4983 ipse
3252 4915 3423 4979 vadit,
3456 4913 3651 4968 venire
3682 4930 3796 4968 non

2092 5003 2408 5081 poterunt?
2443 5003 2511 5058 Et
2543 5000 2639 5057 ubi
2674 5005 2758 5056 est
2790 5002 2944 5072 quod
2973 5001 3269 5073 aliquanto
3294 5007 3425 5074 post
3452 5002 3509 5057 in
3536 5002 3639 5057 hoc
3669 5002 3797 5072 ipso

2089 5111 2357 5156 sermone
2388 5093 2653 5147 dicturus
2687 5094 2774 5146 est
2811 5107 2822 5146 :
2857 5093 3043 5160 Pater,
3075 5093 3194 5148 volo
3244 5097 3303 5146 ut
3335 5090 3431 5146 ubi
3460 5107 3552 5161 ego
3572 5107 3715 5159 sum,
3747 5097 3796 5146 et

2088 5185 2198 5260 ipsi
2244 5187 2353 5240 sint
2404 5196 2617 5236 mecum
2666 5181 2844 5248 (Joan.
2887 5196 3022 5247 xvu,
3056 5180 3194 5251 24)?
3222 5180 3344 5235 Non
3394 5195 3530 5250 ergo
3578 5180 3650 5234 de
3695 5180 3796 5234 illa

2086 5294 2194 5335 sua
2242 5291 2375 5330 cum
2426 5270 2551 5326 suis
2600 5270 2923 5339 praesentia,
2959 5287 3070 5340 qua
3121 5285 3251 5324 cum
3310 5268 3425 5323 illis
3482 5273 3568 5324 est
3617 5285 3797 5341 usque

2085 5366 2160 5424 ad
2207 5358 2768 5419 consummationem
2820 5358 3034 5424 saeculi,
3068 5374 3224 5413 nunc
3273 5357 3504 5414 locutus
3552 5362 3660 5426 est,
3694 5361 3795 5415 ubi

2083 5454 2186 5520 ait,
2239 5450 2431 5506 Adhuc
2488 5446 2776 5501 modicum
2850 5445 3118 5502 vobiscum
3171 5463 3292 5502 sum
3336 5464 3355 5503 :
3404 5446 3506 5503 sed
3578 5447 3667 5504 vel
3725 5452 3796 5504 de

2083 5540 2416 5597 inﬁrmitate
2447 5530 2699 5601 mortali,
2734 5549 2850 5606 qua
2881 5550 3013 5590 cum
3048 5534 3162 5591 illis
3190 5541 3311 5593 erat
3347 5550 3531 5608 usque
3561 5536 3631 5593 ad
3663 5553 3791 5609 pas-

2082 5632 2305 5689 sionem
2375 5638 2599 5696 suam;
2650 5625 2754 5680 aut
2809 5623 2879 5682 de
2936 5626 3244 5696 precantia
3301 5626 3612 5700 corporali,
3671 5642 3789 5700 qua
