4148 6190
329 280 474 339 1811

321 414 761 476 diatoremDeo.
796 409 956 465 Unus
986 405 1143 462 enim
1201 404 1372 467 Deus,
1421 402 1478 454 et
1544 413 1696 452 unus
1747 392 2027 449 mediator

321 509 423 566 Dei
454 511 511 563 et
544 504 845 561 hominum
878 500 1053 554 homo
1084 493 1347 550 Christus
1375 492 1546 545 Jesus
1586 487 1632 559 (Ι
1670 488 1805 541 Tim.
1836 500 1898 544 ιι,
1945 481 2023 552 5).

321 600 429 663 Qui
462 600 634 668 negat
668 592 961 648 hominem
995 585 1306 643 Christum.
1343 577 1831 668 nonjustificatur
1855 599 1869 641 ς
1896 571 2027 643 quia

322 690 475 744 sicut
525 666 625 756 per
668 676 1117 739 inobedientiam
1168 671 1342 726 unius
1392 666 1667 763 hominis,
1698 668 2025 763 peccatores

324 755 621 835 constituti
654 777 791 828 sunt
824 767 991 824 multi
1027 786 1039 833 ;
1075 768 1157 819 ita
1186 768 1242 817 et
1274 776 1373 832 per
1422 755 2025 852 obedientiamﬁ‘un’i‘us

324 866 602 933 hominis,
627 863 773 934 justi
806 857 1232 915 constituentur
1264 848 1431 905 multi
1465 848 1731 945 (Βοηικν,
1766 843 1875 913 19).
1917 841 2023 905 Qui

324 961 494 1027 negat
524 954 820 1008 hominem
852 946 1171 1009 Christum,
1205 957 1317 995 non
1350 940 1614 1007 resurget
1642 940 1702 989 in
1736 947 2022 1031 ressurre-

324 1022 571 1103 stionem
606 1042 764 1108 vitae;
799 1039 935 1110 quia
968 1052 1067 1106 per
1096 1030 1395 1088 hominem
1429 1043 1609 1094 mors,
1633 1029 1689 1082 et
1720 1022 2020 1096 perhomi-

322 1153 453 1191 nem
487 1130 860 1190 ressurrectio
894 1130 1253 1183 mortuorum
1290 1138 1302 1176 :
1339 1119 1491 1175 sicut
1534 1115 1689 1172 enim
1731 1116 1789 1170 in
1837 1116 2021 1170 Adam

321 1244 520 1286 omnes
543 1223 887 1287 moriuntur,
920 1218 1001 1273 ita
1017 1224 1069 1271 et
1092 1216 1152 1270 in
1175 1212 1401 1268 Christo
1419 1224 1623 1264 omnes
1644 1205 2023 1263 vivificabun-

320 1324 414 1374 tur
446 1318 487 1387 (Ι
519 1315 638 1369 Cor.
674 1329 763 1378 xv,
793 1311 856 1363 21
892 1312 941 1363 et
966 1306 1079 1377 22).
1138 1304 1239 1359 Per
1290 1300 1428 1372 quid
1462 1303 1657 1353 autem
1706 1305 1877 1367 caput
1934 1298 2023 1387 est

320 1384 610 1466 Ecclesim,
644 1399 755 1455 nisi
789 1414 887 1469 per
917 1394 1241 1457 hominem,
1292 1389 1445 1460 quod
1478 1387 1733 1442 Verbum
1769 1401 1902 1440 caro
1932 1384 2019 1438 fa-

319 1500 471 1551 ctum
508 1497 597 1548 est
625 1492 652 1545 ‘l
684 1490 738 1544 id
772 1493 877 1553 est,
916 1484 1010 1539 Dei
1051 1481 1234 1537 Patris
1265 1476 1612 1550 Unigenitus
1642 1476 1798 1531 Deus
1847 1474 2020 1529 homo

319 1585 504 1640 factus
535 1586 643 1636 cst.
680 1574 978 1642 Quomodo
1029 1577 1117 1627 est
1173 1570 1356 1641 igitur
1403 1570 1461 1623 in
1511 1581 1751 1637 corpore
1781 1563 2019 1632 Christi,

320 1673 421 1744 qui
468 1674 636 1739 negat
716 1666 994 1721 hominem
1045 1658 1387 1716 Christum?
1441 1656 1549 1720 Qui
1606 1654 1802 1744 enim?
1842 1658 2019 1724 caput

318 1743 514 1833 negat,
549 1756 837 1828 quomodo
862 1761 945 1808 est
976 1749 1299 1807 membrum
1326 1747 1353 1802 τ
1384 1748 1490 1801 Sed
1525 1745 1666 1818 quid
1688 1743 1892 1798 multis
1914 1744 2020 1798 im-

317 1864 533 1914 morer,
558 1863 686 1901 cum
719 1846 840 1915 ipse
872 1841 1155 1897 Dominus
1189 1835 1494 1891 abstulerit
1514 1850 1717 1891 omnes
1753 1834 2015 1890 humanis

315 1934 845 2010 argumentationis
879 1928 1185 2000 ambages?
1208 1927 1333 1983 Non
1351 1926 1507 1981 enim
1541 1924 1638 1990 ait,
1665 1929 1787 1980 Non
1819 1932 2019 1981 canta-

316 2028 399 2081 bit
429 2026 619 2098 gallus
651 2025 831 2079 donec
853 2020 1150 2076 hominem
1186 2032 1398 2088 neges;
1434 2013 1725 2082 aut,sicut
1755 2012 1915 2084 loqui
1941 2014 2019 2067 fa-

315 2116 628 2170 miliariora
660 2129 787 2168 cum
822 2109 1161 2165 hominibus
1192 2104 1519 2177 dignatione
1549 2102 1868 2171 consuevit,
1892 2102 2016 2157 Non

316 2205 571 2260 cantabit
605 2203 789 2275 gallus
821 2202 1004 2256 donec
1037 2197 1248 2251 Filium
1272 2194 1528 2250 hominis
1548 2197 1634 2248 ter
1668 2208 1883 2264 neges:
1918 2192 2015 2247 sed

313 2296 413 2362 ait,
447 2296 612 2351 donec
640 2310 722 2348 me
750 2297 832 2347 ter
861 2306 1043 2360 neges.
1077 2287 1221 2352 Quid
1254 2292 1359 2353 est,
1383 2301 1488 2354 me,
1520 2284 1631 2341 nisi
1662 2285 1813 2355 quod
1846 2283 2017 2340 erat?

313 2391 369 2441 et
398 2386 536 2457 quid
574 2384 683 2440 nisi
717 2382 979 2439 Christus
1009 2386 1127 2435 erat
1157 2380 1185 2432 ?
1215 2376 1499 2447 Quidquid
1520 2392 1658 2448 ergo
1681 2376 1808 2446 ejus
1841 2392 2018 2446 nega-

313 2475 410 2543 vit,
428 2476 616 2545 ipsum
633 2470 1190 2545 negavit,Christum
1216 2466 1789 2539 negavit,Dominum
1832 2467 2013 2522 Deum

312 2580 485 2618 suum
504 2563 756 2633 negavit.
778 2559 922 2626 Quia
936 2564 990 2614 et
1007 2557 1103 2612 ille
1128 2554 1562 2627 condiscipulus
1586 2555 1717 2624 ejus
1740 2556 2012 2621 Thomas,

312 2654 544 2721 quando
574 2650 939 2717 exclamavit,
974 2648 1235 2705 Dominus
1266 2663 1414 2702 meus
1443 2651 1496 2703 et
1531 2646 1665 2701 Deus
1694 2662 1865 2716 meus,
1899 2665 2011 2703 non

311 2740 588 2807 Verbum,
616 2743 714 2795 sed
749 2754 978 2793 carnem
1013 2737 1202 2807 tetigit
1235 2752 1249 2803 ;
1291 2752 1405 2790 non
1466 2736 1861 2805 incorpoream
1916 2738 2012 2792 Dei

310 2826 604 2890 naturam,
640 2824 739 2877 sed
773 2820 1030 2875 hominis
1061 2835 1271 2889 corpus
1303 2818 1546 2874 curiosis
1575 2818 1846 2875 manibus
1878 2837 2013 2876 con-

312 2913 575 2969 trectavit
605 2913 781 2983 (Joan.
814 2927 903 2976 xx,
935 2911 1025 2976 27,
1064 2908 1173 2979 28).
1228 2907 1529 2963 Hominem
1581 2909 1775 2979 itaque
1806 2909 2013 2981 tetigit,

310 3008 367 3057 et
394 3008 583 3058 tamen
631 3002 814 3057 Deum
869 3000 1153 3071 cognovit.
1189 2998 1247 3054 Si
1275 3014 1410 3071 ergo
1439 3000 1594 3069 quod
1636 3000 1743 3054 iste
1800 3000 2011 3073 tetigit,

312 3091 418 3145 hoc
452 3092 650 3146 Petrus
679 3090 940 3162 degavit;
964 3090 1115 3161 quod
1151 3088 1261 3143 iste
1282 3088 1644 3155 exclamavit,
1679 3088 1785 3144 hoc
1808 3091 2013 3147 Petrus

311 3183 571 3239 olfendit.
606 3182 723 3237 Non
746 3181 989 3236 mutabit
1015 3178 1221 3249 gallus,
1253 3179 1420 3235 donec
1450 3187 1533 3234 ter
1561 3196 1647 3233 me
1694 3196 1873 3248 neges.
1909 3182 2008 3237 Dio

309 3288 404 3327 cas
435 3271 587 3338 licet,
621 3273 800 3327 Nescio
830 3271 1100 3325 hominem
1132 3286 1151 3329 ;
1182 3268 1339 3324 dicas
1386 3268 1540 3336 licet,
1592 3269 1777 3337 Homo,
1827 3274 2009 3327 nescio

305 3359 440 3431 quid
468 3361 645 3424 dicis;
689 3361 849 3416 dicas
900 3360 1049 3429 licet,
1107 3360 1223 3415 Non
1276 3375 1395 3413 sum
1436 3375 1507 3413 ea:
1554 3357 1841 3430 discipulis
1887 3362 2005 3430 ejus

303 3449 517 3518 (Matth.
552 3467 699 3514 xxvu,
745 3450 835 3514 3i,
888 3448 1071 3515 69-74,
1123 3457 1173 3502 et
1230 3448 1355 3503 Luc.
1422 3464 1559 3515 xxn,
1616 3446 1859 3519 55-60):
1910 3466 2004 3506 me

302 3540 561 3609 negabis.
588 3541 664 3607 Si,
702 3540 854 3611 quod
889 3539 1156 3593 dubitare
1200 3539 1364 3593 nefas
1417 3542 1522 3604 est,
1572 3538 1833 3595 Christus
1895 3540 2002 3597 hoc

297 3630 462 3696 dixit,
497 3646 805 3699 verumque
838 3628 1122 3700 praedixit,
1156 3628 1350 3699 procul
1382 3629 1558 3684 dubio
1592 3628 1794 3686 Petrus
1837 3631 2000 3686 Chri-

294 3726 447 3774 stum
472 3720 715 3790 ncgavit.
750 3719 872 3774 Non
902 3734 1243 3773 accusemus
1282 3717 1576 3773 Christum
1617 3736 1747 3773 cum
1803 3721 1996 3776 defen-

294 3808 490 3863 dimus
522 3813 781 3864 Petrum.
816 3813 1121 3863 Peccatum
1146 3812 1422 3878 agnoscat
1461 3809 1770 3864 infirmitas
1798 3825 1810 3875 ;
1864 3827 1993 3866 nam

293 3898 663 3953 mendacium
697 3915 807 3954 non
829 3896 1002 3952 habet
1025 3897 1256 3951 veritas.
1284 3898 1530 3967 Agnovit
1560 3898 1774 3969 quippe
1792 3915 1997 3968 pecca-

292 3989 414 4040 tum
440 4002 614 4042 suum
633 3986 947 4040 infirmitas
972 3985 1145 4051 Petri,
1171 4001 1412 4057 prorsus
1427 3986 1660 4055 agnovit
1694 4003 1709 4052 ;
1741 3991 1797 4041 et
1819 4004 1996 4058 quan-

290 4076 416 4128 tum
462 4074 598 4128 mali
632 4073 929 4128 Christum
964 4072 1229 4142 negando
1280 4071 1659 4139 commiserit,
1711 4076 1992 4144 plorando

290 4165 649 4220 monstravit.
683 4167 811 4237 Ipse
868 4180 1008 4219 suos
1040 4164 1336 4235 redarguit
1368 4164 1718 4232 defensores,
1752 4169 1807 4219 et
1836 4168 1991 4222 unde

288 4267 385 4307 eos
419 4254 744 4321 convincat,
780 4255 1049 4325 producit
1082 4255 1365 4326 lacrymas
1399 4260 1591 4310 testes.
1649 4255 1847 4327 Neque
1887 4274 1988 4313 nos

290 4344 550 4399 cumista
579 4342 833 4400 dicimus
867 4344 1122 4415 primum
1158 4345 1560 4415 Apostolorum
1592 4361 1862 4401 accusare
1888 4348 1989 4402 de-

283 4430 452 4488 lectat
485 4451 498 4489 :
533 4435 629 4489 sed
664 4434 817 4489 hunc
847 4433 1126 4490 intuendo
1152 4434 1446 4489 admoneri
1481 4452 1585 4490 nos
1638 4440 1880 4506 oportet,
1913 4454 1987 4493 ne

283 4520 457 4577 homo
485 4523 796 4595 quisquam
821 4525 893 4580 de
927 4525 1202 4580 humanis
1233 4524 1456 4580 viribus
1490 4526 1810 4583 fidat.Nam
1845 4530 1985 4600 quid

282 4610 441 4667 aliud
466 4614 740 4683 pertinuit
768 4614 837 4669 ad
871 4615 1161 4672 doctorem
1195 4615 1666 4688 Salvatoremque
1700 4622 1982 4689 nostrum,

281 4699 390 4754 nisi
424 4703 486 4753 ut
518 4700 687 4755 nobis
703 4718 1071 4773 nequaquam
1089 4703 1160 4758 de
1183 4719 1243 4759 se
1261 4719 1607 4774 quemquam
1637 4722 1984 4777 praesumere

279 4787 508 4854 debere,
560 4788 614 4842 in
669 4788 796 4859 ipso
850 4790 1037 4860 primo
1095 4790 1495 4861 Apostolorum
1556 4794 1983 4854 demonstraret

277 4877 589 4950 exemplo?
621 4878 682 4933 In
717 4877 1125 4951 animaitaque
1157 4880 1301 4936 Petri
1326 4880 1567 4953 contigit
1597 4885 1748 4954 quod
1783 4886 1981 4941 offere-

276 4972 376 5027 bat
405 4971 463 5028 in
497 4987 754 5043 corpore.
790 4969 911 5025 Non
946 4975 1141 5025 tamen
1192 4987 1295 5041 pro
1340 4972 1602 5040 Domino,
1652 4977 1714 5029 ut
1767 4980 1981 5033 temere

278 5063 680 5132 praesumebat,
732 5061 1045 5133 praecessit,
1100 5062 1198 5115 sed
1259 5060 1428 5116 aliter
1486 5078 1653 5132 quam
1716 5067 1978 5136 putabat.

280 5153 534 5223 Namque
583 5154 715 5207 ante
748 5155 992 5207 mortem
1026 5154 1083 5206 et
1109 5151 1586 5207 resurrectionem
1626 5152 1880 5220 Domini,
1923 5160 1979 5211 et

279 5244 541 5297 mortuus
566 5249 649 5298 est
685 5242 971 5315 negando,
1006 5245 1061 5298 et
1090 5241 1291 5299 revixit
1316 5240 1635 5313 plorando:
1687 5245 1789 5300 sed
1824 5260 1979 5301 mor-

280 5330 414 5381 tuus
446 5333 551 5395 est,
585 5334 722 5403 quia
756 5334 1003 5404 superbe
1035 5332 1159 5404 ipse
1188 5332 1553 5405 praesumpsit
1589 5359 1601 5401 ;
1636 5332 1829 5390 revixit
1872 5352 1977 5392 au-

280 5420 421 5483 tem,
444 5418 582 5485 quia
613 5421 858 5491 benigne
889 5422 983 5478 ille
1014 5424 1282 5493 respexit.

789 5512 1221 5569 TRAC'I‘ATUS
1254 5514 1470 5569 LXVII.

284 5596 361 5649 De
391 5607 451 5651 eo
480 5594 621 5665 quod
653 5598 919 5655 Dominus
946 5599 1101 5669 dicit,
1125 5602 1250 5661 Non
1279 5604 1541 5664 turbetur
1567 5621 1663 5663 cor
1692 5604 1983 5669 vestrum:

1272 266 1348 324 ΙΝ
1393 257 1731 324 JOANNIS
1780 249 2307 317 EVANGEL’IUM,
2358 248 2420 310 S.
2468 250 2885 313 AUGUSTINI

3700 261 3854 319 1812

2137 402 2306 460 usque
2335 389 2406 442 ad
2453 386 2527 455 id,
2569 387 2781 443 lterum
2807 388 2997 456 venio,
3031 398 3085 447 et
3136 392 3414 465 accipiam
3465 411 3569 451 vos
3616 398 3689 452 ad
3723 412 3853 452 me-

2134 476 2351 549 ipsum.
2388 475 2517 547 Cap.
2552 491 2669 543 xtv,
2694 478 2727 545 ᾗ
2752 478 2864 532 1-3.

2209 568 2259 624 1.
2293 564 2584 637 Erigenda
2613 572 2702 623 est
2734 568 2923 629 nobis.
2960 570 3191 639 fratres,
3216 574 3285 628 ad
3320 574 3505 630 Deum
3539 578 3848 648 majorin-

2135 656 2337 724 tentio,
2371 660 2436 711 ut
2478 656 2653 714 verba
2709 659 2895 713 sancti
2939 661 3257 733 Evangelii,
3288 680 3417 736 qua:
3451 667 3618 722 modo
3659 667 3719 722 in
3746 685 3848 724 no-

2136 746 2272 802 stris
2303 745 2544 802 auribus
2576 754 2923 816 sonuerunt,
2949 751 3124 807 etiam
3169 759 3366 810 mente
3396 770 3594 826 capere
3620 762 3853 814 utcum-

2135 851 2247 906 que
2265 834 2580 906 possimus.
2605 835 2875 893 Aitenim
2905 840 3183 897 Dominus
3203 843 3407 900 Jesus:
3433 847 3551 901 Non
3582 848 3836 903 turbetur

2128 939 2222 980 cor
2241 931 2499 980 vestrum.
2554 924 2817 981 Credite‘
2869 930 2928 982 in
2956 930 3145 998 Deum,
3196 936 3245 987 et
3282 931 3339 987 in
3379 950 3466 989 me
3499 938 3723 992 credite.
3760 936 3847 993 Ne

2133 1020 2377 1068 mortem
2402 1018 2683 1085 tanquam
2708 1014 2975 1073 homines
2999 1019 3291 1089 timerent,
3316 1026 3372 1077 et
3393 1023 3521 1080 ideo
3543 1026 3847 1081 turbaren-

2130 1105 2243 1169 tur,
2276 1103 2610 1160 consolatur
2640 1120 2737 1161 eos
2778 1107 2953 1162 etiam
2986 1124 3049 1164 se
3084 1109 3267 1167 Deum
3301 1128 3429 1168 esse
3481 1119 3843 1171 contestans.

2131 1192 2372 1259 Credite,
2405 1192 2615 1265 inquit,
2649 1194 2708 1251 in
2739 1197 2904 1252 Deum
2933 1202 2983 1253 et
3015 1200 3075 1253 in
3104 1216 3189 1253 me
3210 1202 3433 1257 credite.
3467 1203 3847 1276 Consequens

2128 1287 2220 1340 est
2282 1284 2439 1340 enim
2500 1290 2561 1339 ut
2606 1286 2651 1341 si
2683 1286 2741 1342 in
2775 1288 2957 1344 Deum
2989 1290 3246 1358 creditis,
3281 1301 3335 1348 et
3382 1293 3441 1348 in
3493 1311 3585 1351 me
3615 1296 3849 1352 credere

2129 1373 2434 1431 debeatis:
2478 1376 2637 1445 quod
2686 1392 2804 1433 non
2843 1384 2999 1435 esset
3044 1397 3429 1453 consequens,
3463 1383 3513 1439 si
3570 1383 3845 1441 Christus

2129 1478 2243 1518 non
2275 1467 2431 1520 esset
2451 1464 2625 1522 Deus.
2660 1466 2869 1522 Credite
2915 1467 2973 1523 in
3007 1470 3196 1537 Deum,
3246 1479 3297 1527 et
3348 1473 3405 1526 in
3451 1487 3593 1528 eum
3642 1473 3848 1529 credits

2126 1554 2220 1608 cui
2251 1558 2457 1610 natura
2487 1559 2598 1622 est,
2631 1572 2744 1611 non
2778 1557 3006 1627 rapina,
3039 1576 3163 1615 esse
3202 1560 3487 1633 aequalem
3523 1561 3641 1617 Deo
3679 1579 3692 1617 :
3748 1580 3845 1617 se-

2128 1638 2442 1711 metipsum
2476 1642 2631 1697 enim
2672 1642 3016 1712 exinanivit;
3051 1663 3167 1702 non
3218 1652 3413 1704 tamen
3446 1649 3683 1705 turmam
3740 1649 3842 1705 Dei

2126 1726 2425 1796 amittens,
2459 1730 2560 1785 sed
2600 1731 2845 1788 formam
2879 1737 3029 1791 servi
3059 1737 3353 1808 accipiens
3373 1738 3643 1810 (Philipp.
3675 1754 3736 1805 ιι,
3783 1738 3843 1801 6.

2122 1818 2202 1889 7).
2236 1818 2476 1874 Mortem
2511 1822 2774 1878 metuitis
2808 1823 2939 1879 huic
2971 1825 3172 1882 formae
3204 1827 3395 1895 servi;
3428 1844 3542 1884 non
3580 1830 3837 1885 turbetur

2123 1922 2215 1962 cor
2243 1916 2497 1976 vestrum,
2531 1910 2842 1967 suscitabit
2872 1912 3031 1968 illam
3068 1915 3255 1970 forma
3286 1916 3406 1971 Dei.

2194 2001 2248 2054 2.
2273 1997 2383 2052 Sed
2419 1998 2558 2069 quid
2593 2004 2683 2056 est
2712 2002 2861 2070 quod
2892 2004 3175 2074 sequitur,
3209 2007 3273 2059 In
3312 2008 3478 2062 domo
3514 2009 3704 2063 Patris
3732 2012 3847 2064 mei

2124 2089 2429 2143 mansiones
2454 2088 2637 2143 multae
2664 2097 2809 2159 sunt,
2845 2090 2952 2146 nisi
2995 2094 3128 2164 quia
3165 2098 3222 2149 et
3275 2095 3390 2151 sibi
3436 2097 3775 2153 metuebant
3814 2098 3845 2153 ?

2126 2176 2288 2232 Unde
2319 2177 2524 2233 audire
2588 2178 2937 2250 debuerunt,
2971 2184 3085 2237 Non
3135 2185 3384 2241 turbetur
3412 2201 3504 2240 cor
3555 2195 3820 2246 vestrum.

2125 2266 2263 2332 Quis
2292 2266 2447 2322 enim
2479 2283 2674 2324 eorum
2726 2286 2840 2326 non
2875 2276 3173 2339 metueret,
3206 2291 3341 2331 cum
3387 2278 3556 2331 Petro
3602 2276 3828 2332 dictum

2124 2363 2279 2412 esset
2310 2355 2595 2413 ﬁdentiori
2626 2361 2799 2429 atque
2830 2362 3197 2432 promptiori,
3229 2365 3342 2420 Non
3374 2365 3621 2421 cantabit
3649 2368 3836 2437 gallus

2124 2445 2293 2502 donec
2323 2454 2402 2502 ter
2432 2464 2515 2500 me
2537 2462 2699 2516 neges
2730 2448 2911 2518 (Joan.
2944 2467 3067 2517 xm,
3119 2453 3207 2521 38)
3240 2453 3266 2506 ?
3320 2454 3644 2524 Tamquam
3692 2472 3827 2527 ergo

2124 2540 2319 2592 essent
2348 2536 2417 2591 ab
2452 2536 2551 2591 illo
2583 2537 2839 2607 perituri,
2866 2540 3068 2595 merito
3101 2541 3526 2598 turbabantur:
3553 2546 3652 2598 sed
3687 2562 3822 2600 cum

2124 2624 2391 2686 audiunt.
2415 2626 2477 2678 In
2505 2624 2657 2680 domo
2695 2628 2867 2695 patris
2912 2630 3022 2682 mei
3050 2633 3359 2686 mansiones
3416 2632 3611 2689 multae
3648 2642 3779 2688 sunt
3810 2654 3832 2690 :

2120 2713 2169 2769 si
2199 2730 2303 2785 quo
2334 2715 2535 2782 minus,
2569 2713 2828 2770 dixissem
2858 2716 3006 2773 vobis
3036 2720 3167 2790 quia
3200 2720 3331 2776 vado
3351 2738 3552 2793 parare
3576 2722 3723 2778 vobis
3747 2725 3829 2779 lo-

2120 2820 2279 2867 cum;
2310 2822 2341 2859 a
2371 2806 2807 2876 perturbatione
2865 2813 3216 2878 recreantur,
3273 2811 3415 2866 certi
3467 2827 3534 2866 ac
3587 2811 3829 2868 fidentes

2121 2897 2290 2951 etiam
2315 2903 2442 2967 post
2474 2895 2732 2967 pericula
2757 2899 3140 2955 tentationum
3173 2917 3236 2955 se
3266 2901 3419 2972 apud
3455 2901 3635 2957 Deum
3691 2916 3829 2957 cum

2122 2984 2349 3042 Christo
2373 3003 2500 3043 esse
2534 3004 2861 3045 mansuros.
2878 2990 3145 3055 Quiaetsi
3167 2989 3321 3046 alius
3348 2994 3438 3047 est
3463 2989 3573 3047 alio
3598 2991 3823 3059 fortior,

2121 3074 2271 3130 alius
2302 3074 2415 3131 alio
2448 3076 2758 3147 sapientor,
2784 3078 2933 3133 alius
2957 3078 3069 3133 alio
3093 3080 3330 3148 justior,
3362 3079 3515 3135 alius
3537 3080 3647 3136 alio
3680 3097 3824 3135 san-

2118 3164 2293 3232 ctior;
2325 3167 2387 3221 In
2418 3166 2580 3221 donw
2612 3166 2793 3222 Patris
2823 3170 3133 3224 mansiones
3168 3170 3354 3225 multae
3397 3175 3564 3234 sunt;
3624 3171 3826 3228 nullus

2117 3270 2319 3311 eorum
2351 3256 2701 3311 alienabitur
2731 3257 2803 3312 ab
2834 3257 2935 3312 illa
2957 3259 3151 3325 domo,
3176 3261 3275 3316 ubi
3315 3262 3680 3319 mansionem
3714 3280 3821 3334 pro

2116 3362 2220 3399 suo
2252 3345 2503 3417 quisque
2534 3351 2872 3416 accepturus
2901 3352 2991 3402 est
3021 3349 3247 3403 merito.
3271 3350 3555 3408 Denarius
3570 3352 3813 3422 quidem

2113 3432 2209 3490 ille
2239 3436 2479 3506 aequalis
2510 3439 2595 3491 est
2620 3434 2909 3505 omnibus,
2934 3453 3109 3507 quem
3142 3439 3562 3508 patertamilias
3592 3441 3679 3497 eis
3710 3441 3814 3514 qui

2112 3525 2329 3596 operati
2360 3524 2562 3580 suntin
2596 3524 3386 3598 vineajubetdariomnibus,
3402 3530 3594 3587 nonin
3613 3532 3819 3587 eodis-
3899 3570 3921 3588 .

2108 3629 2354 3672 cernens
2386 3614 2483 3685 qui
2520 3614 2715 3670 minus
2746 3622 2802 3671 et
2827 3616 2925 3686 qui
2954 3617 3208 3688 amplius
3232 3618 3568 3676 laborarunt
3599 3622 3813 3693 (Matth.

2106 3723 2199 3774 xx,
2259 3706 2381 3777 9):
2454 3722 2569 3775 quo
2665 3704 2864 3776 utique
2941 3708 3180 3763 denario
3254 3710 3371 3765 vita
3454 3710 3819 3782 signiﬁcatur

2106 3804 2340 3866 eterna,
2373 3795 2469 3850 ubi
2488 3794 2739 3866 amplius
2761 3793 2873 3851 alio
2900 3812 3067 3853 nemo
3091 3797 3242 3866 vivit,
3269 3799 3546 3869 quoniam
3584 3799 3810 3856 vivendi

2106 3901 2221 3940 non
2253 3889 2341 3940 est
2371 3884 2599 3940 diversa
2629 3884 2686 3938 in
2728 3885 3048 3942 aeternitate
3097 3903 3388 3943 mensura.
3440 3890 3551 3945 Sed
3581 3890 3805 3955 multa

2104 3972 2458 4041 mansiones,
2491 3973 2748 4029 diversas
2799 3975 3131 4030 meritorum
3161 3974 3218 4030 in
3262 3993 3379 4031 una
3412 3977 3533 4033 vita
3590 3982 3809 4035 aeterna

2101 4062 2437 4134 signiﬁcant
2469 4062 2799 4135 dignitates.
2834 4063 2963 4119 Alia
2992 4068 3081 4118 est
3110 4064 3263 4119 enim
3297 4066 3481 4138 gloria
3502 4066 3670 4133 solis,
3691 4068 3814 4125 alia

2099 4152 2480 4223 glorialunea,
2518 4151 2633 4207 alia
2674 4152 2861 4225 gloria
2916 4152 3264 4211 stellarum:
3315 4154 3487 4212 stella
3536 4156 3691 4212 enim
3735 4158 3808 4213 ab

2098 4242 2265 4298 stella
2292 4242 2485 4298 dill‘ert
2503 4243 2564 4297 in
2587 4243 2806 4313 gloria;
2832 4243 2915 4299 sic
2943 4252 2996 4300 et
3025 4246 3372 4301 resurrectio
3392 4246 3806 4317 ,mortuorum.

2097 4332 2392 4403 Tanquam
2422 4332 2600 4388 stella:
2650 4334 2834 4389 sancti
2872 4332 3142 4390 diversas
3196 4335 3533 4391 mansiones
3567 4335 3807 4393 diversas

2095 4422 2442 4489 claritatis”,
2478 4427 2757 4492 tanquam
2791 4422 2848 4476 in
2899 4422 3061 4493 cmlo,
3095 4424 3419 4479 sortiuntur
3467 4425 3523 4481 in
3579 4442 3800 4497 regno;

2095 4512 2194 4568 sed
2230 4516 2463 4583 propter
2491 4526 2672 4566 unum
2705 4510 3008 4567 denarium
3041 4512 3236 4569 nullus
3266 4517 3590 4584 separatur,
3627 4533 3662 4571 a
3711 4531 3799 4571 re-

2093 4615 2247 4671 gno:
2279 4603 2454 4671 atque
2486 4600 2560 4655 ita
2586 4599 2738 4655 Deus
2775 4598 2885 4654 erit
2943 4600 3140 4655 omnia
3178 4601 3240 4656 in
3296 4602 3567 4659 omnibus
3598 4605 3641 4674 (I
3672 4606 3803 4661 Cor.

2090 4708 2183 4759 xv,
2217 4691 2303 4758 41,
2338 4690 2426 4759 42,
2448 4691 2564 4759 28),
2593 4694 2657 4746 ut
2678 4689 2955 4761 quoniam
2979 4689 3131 4747 Deus
3153 4690 3416 4749 Charitas
3444 4702 3531 4750 est
3561 4696 3600 4766 (.
3633 4696 3795 4754 Joan.

2091 4800 2165 4850 xv,
2196 4782 2273 4853 8),
2309 4796 2406 4852 per
2450 4779 2788 4836 charitatem
2848 4780 2947 4836 ﬁat
2992 4790 3055 4835 ut.
3094 4782 3245 4851 quod
3286 4782 3505 4839 habent
3555 4785 3803 4857 singuli,

2088 4886 2401 4928 commune
2431 4869 2817 4925 sitomnibus.
2850 4869 2942 4925 Sic
2972 4868 3126 4925 enim
3158 4870 3399 4943 quisque
3443 4874 3619 4929 etiam
3670 4876 3803 4946 ipse

2092 4961 2283 5029 habet,
2318 4976 2452 5015 cum
2485 4962 2640 5013 amat
2662 4958 2719 5013 in
2760 4958 2941 5014 altero
2972 4960 3121 5030 quod
3158 4959 3282 5031 ipse
3316 4978 3429 5016 non
3453 4962 3645 5019 habet.
3666 4964 3796 5021 Non

2091 5051 2200 5107 erit
2228 5051 2424 5120 itaque
2453 5047 2648 5119 aliqua
2680 5047 2899 5103 invidia
2929 5048 3169 5118 imparis
3192 5049 3491 5119 claritatis,
3514 5053 3793 5123 quoniam

2089 5138 2356 5210 regnabit
2383 5139 2441 5193 in
2474 5137 2746 5194 omnibus
2780 5137 2975 5194 unitas
3005 5137 3329 5196 charitatis.

2154 5231 2208 5287 3.
2235 5229 2480 5287 Proinde
2512 5228 2823 5301 respuendi
2853 5232 2993 5284 sunt
3020 5245 3054 5284 a
3093 5229 3266 5285 corde
3305 5230 3641 5301 christiano,
3674 5236 3781 5305 qui

2101 5380 2169 5462 ἰ
2198 5426 2474 5490 pauciores
2504 5424 2648 5490 Mss..
2669 5421 2931 5490 Creditis,
2950 5421 3106 5490 juxta
3133 5421 3410 5490 Yulgamm
3436 5438 3446 5473 :
3469 5438 3624 5490 porro
3646 5428 3796 5479 Grae-

2092 5503 2211 5539 cum
2240 5486 2633 5551 verbum,gquod
2668 5485 2721 5534 in
2754 5483 2857 5533 hoc
2878 5483 3133 5551 versiculo
3156 5483 3787 5551 bis’pouiturmisteuete,

2094 5565 2288 5611 anceps
2323 5552 2419 5607 est,
2454 5544 3135 5611 signiﬁcans_creditis._vel
3152 5544 3381 5611 (credite.

2158 5607 2287 5683 ?Sic
2314 5612 2438 5665 Mss.
2462 5607 2530 5666 At
2562 5609 2709 5675 editi,
2740 5609 2968 5662 diversas
2996 5607 3287 5663 claritates.
