4178 6192
319 296 480 354 1813

318 438 529 507 putant
551 434 677 490 ideo
702 434 923 490 dictum
956 434 1172 491 multas
1194 451 1320 493 esse
1345 437 1692 502 mansiones,
1719 435 1849 506 quia
1869 436 2028 491 extra

319 542 564 596 regnum
598 525 877 581 caelorum
910 524 1015 581 erit
1047 525 1291 597 aliquid,
1328 527 1422 582 ubi
1457 533 1729 584 maneant
1762 527 1908 583 beati
1930 527 2027 581 in-

320 620 595 671 nocentes
627 615 725 686 qui
758 615 883 669 sine
916 615 1211 686 Baptismo
1246 632 1313 671 ex
1344 617 1453 672 hac
1494 620 1610 673 vita
1648 619 2023 687 emigrarunt,

315 705 453 776 quia
485 705 613 760 sine
645 705 742 761 illo
776 706 833 761 in
868 721 1112 777 regnum
1146 707 1422 763 ccelorum
1458 708 1673 764 intrare
1706 723 1820 763 non
1862 713 2025 778 pote-

316 799 473 848 runt.
509 793 641 849 Haec
673 795 819 849 fides
867 811 981 851 non
1014 801 1104 851 est
1136 796 1298 864 fides,
1322 798 1597 868 quoniam
1622 813 1739 853 non
1770 802 1858 851 est
1886 811 2020 850 vera

313 886 369 938 et
415 882 708 938 catholica
748 885 907 941 ﬁdes.
944 885 1106 940 Itane
1142 887 1381 941 tandem
1430 887 1599 941 stulti
1652 885 1939 953 homines,
1967 891 2023 939 et

314 972 652 1027 carnalibus
694 973 1143 1042 cogitationibus
1184 975 1471 1045 excmcati,
1506 992 1637 1031 cum
1670 974 2018 1047 reprobandi

315 1064 538 1132 essetis,
561 1063 608 1118 si
632 1064 993 1120 mansionem
1018 1082 1131 1121 non
1157 1067 1285 1122 dico
1308 1066 1458 1123 Petri
1491 1072 1546 1122 et
1560 1066 1811 1123 Paulivel
1833 1066 2022 1136 cujus-

315 1152 457 1208 libet
503 1154 933 1223 Apostolorum,
965 1159 1064 1211 sed
1115 1157 1536 1227 cujuscumque
1568 1155 1789 1228 parvuli
1824 1155 2020 1227 bapti—

311 1244 422 1298 zati
457 1260 490 1297 a
543 1259 717 1315 regno
767 1244 1043 1301 caelorum
1092 1247 1474 1317 separaretis;
1512 1262 1625 1301 non
1667 1262 1770 1301 vos
1801 1244 2018 1316 putatis

312 1348 442 1388 esse
470 1333 888 1403 reprobandos,
922 1334 1021 1404 qui
1053 1335 1293 1390 domum
1337 1335 1432 1389 Dei
1472 1335 1660 1389 Patris
1687 1332 1822 1388 inde
1852 1349 2016 1403 sepa-

313 1425 503 1479 ratis?
534 1424 656 1478 Non
707 1425 861 1480 enim
894 1427 975 1480 ait
1025 1425 1323 1492 Dominus,
1360 1427 1423 1481 In
1458 1427 1728 1481 universo
1775 1425 2015 1490 mundo,

311 1519 438 1580 aut,
470 1514 528 1568 in
560 1514 830 1569 universa
860 1519 1146 1581 creatura,
1180 1519 1379 1582 aut,in
1411 1516 1524 1571 vita
1546 1515 1630 1571 vel
1661 1515 2017 1570 beatitudine

310 1604 673 1675 sempiterna
704 1605 1037 1660 mansiones
1059 1600 1253 1660 multis
1287 1609 1425 1660 sunt
1449 1623 1461 1672 ;
1488 1606 1606 1672 sed,
1632 1606 1699 1659 In
1729 1605 1904 1669 domo,
1927 1604 2015 1658 in-

309 1694 459 1764 quit,
483 1696 673 1749 Patris
696 1694 803 1749 mei
832 1696 1350 1767 mansioneslmullae
1378 1701 1525 1750 sunt.
1557 1698 1755 1750 Nonne
1786 1695 1894 1750 ista
1927 1698 2018 1749 est

308 1784 524 1838 domus
547 1784 643 1838 ubi
687 1783 1123 1841 aediﬁcationem
1170 1786 1455 1841 habemus
1487 1801 1555 1841 ex
1604 1786 1739 1853 Deo,
1774 1784 2012 1838 domum

309 1890 427 1928 non
480 1874 891 1944 manufactam,
925 1880 1197 1931 aeternam
1232 1876 1291 1932 in
1340 1876 1500 1932 cmlis
1540 1876 1616 1945 (II
1671 1876 1795 1930 Cor.
1829 1892 1882 1940 v,
1919 1872 2015 1931 tl?

304 1962 509 2019 Nonne
554 1964 667 2019 ista
725 1971 810 2020 est
852 1966 1061 2021 domus
1111 1968 1181 2021 de
1220 1983 1338 2038 qua
1389 1972 1696 2021 cantamus
1742 1964 2010 2029 Domino,

308 2056 469 2108 Beati
492 2056 589 2125 qui
620 2055 869 2111 habitant
900 2058 957 2111 in
991 2057 1144 2112 domo
1174 2062 1268 2112 tua
1288 2077 1311 2122 ,-
1340 2059 1399 2112 in
1440 2057 1643 2114 saecula
1682 2055 2012 2111 saeculorum

304 2143 617 2199 laudabunt
646 2153 694 2199 te
728 2146 899 2215 (Psal.
934 2161 1166 2208 Lxxxm,
1199 2146 1304 2217 5)?
1338 2147 1558 2217 Ergone
1588 2162 1688 2201 vos
1737 2161 1851 2200 non
1902 2144 2012 2198 do-

300 2249 471 2288 mum
519 2235 805 2305 cujusque
840 2236 1110 2305 baptizati
1144 2237 1357 2305 fratris,
1391 2237 1490 2291 sed
1549 2236 1788 2290 domum
1818 2234 2009 2305 ipsius

298 2324 397 2378 Dei
444 2324 654 2393 Patris,
687 2325 781 2379 cui
813 2340 1018 2381 omnes
1062 2326 1264 2381 fratres
1294 2326 1570 2391 dicimus,
1604 2327 1768 2380 Pater
1804 2327 2005 2387 noster,

293 2412 397 2485 qui
426 2428 479 2468 es
512 2417 567 2467 in
597 2414 745 2468 crrlis
775 2413 987 2483 (Matth.
1015 2430 1090 2481 vn,
1123 2415 1200 2487 9),
1234 2431 1267 2469 a
1317 2430 1493 2485 regno
1524 2430 1792 2484 separare
1841 2413 2007 2468 ecclo-

296 2518 456 2568 rum,
488 2508 588 2557 aut
618 2518 742 2557 eam
775 2504 855 2558 sic
888 2504 1145 2558 dividere
1172 2504 1485 2570 audebitis,
1522 2508 1581 2558 ut
1612 2504 1819 2573 aliqua:
1844 2520 2005 2560 man-

291 2592 491 2649 siones
524 2595 653 2663 ejus
682 2594 798 2648 sint
828 2594 885 2648 in
917 2608 1095 2665 regno
1128 2594 1426 2662 castorum,
1460 2595 1670 2665 aliqua:
1693 2600 1883 2649 autem
1908 2609 1999 2648 ex-

288 2687 382 2737 tra
434 2698 674 2754 regnum
707 2683 982 2738 calorum
1005 2684 1236 2747 ‘tAbsit,
1269 2685 1419 2739 absit
1459 2688 1522 2739 ut
1552 2686 1648 2755 qui
1673 2683 1875 2740 volunt
1905 2683 2000 2738 ha-

288 2770 472 2826 bitare
506 2773 561 2825 in
596 2787 769 2842 regno
804 2772 1179 2837 castorum,in
1215 2773 1323 2827 hac
1345 2772 1595 2827 stultitia
1626 2773 1805 2827 velint
1828 2773 1995 2827 habi-

286 2866 413 2916 tare
438 2860 736 2916 vobiscum
765 2878 777 2915 :
813 2862 987 2929 absit,
1012 2862 1278 2932 inquam,
1305 2866 1368 2917 ut
1407 2878 1539 2917 cum
1569 2863 1762 2917 omnis
1784 2863 1995 2917 domus

284 2950 657 3023 regnantium
682 2951 935 3007 ﬁliorum
960 2967 1074 3007 non
1100 2952 1176 3006 sit
1198 2952 1333 3008 alibi
1368 2953 1479 3006 nisi
1501 2954 1561 3007 in
1585 2968 1783 3023 regno,
1806 2952 1995 3022 ipsius

286 3042 461 3112 regiae
492 3042 701 3096 domus
735 3058 865 3112 pars
895 3042 1091 3113 aliqua
1123 3059 1235 3097 non
1265 3042 1343 3096 sit
1373 3043 1431 3097 in
1466 3059 1659 3111 regno.

354 3134 410 3185 4.
449 3132 508 3185 Et
531 3133 579 3185 si
606 3130 813 3197 abiero,
848 3133 1059 3203 inquit,
1093 3142 1142 3187 et
1172 3147 1565 3203 prwparavero
1594 3133 1740 3188 vobis
1772 3132 1989 3193 locum;

285 3226 495 3277 iterum
531 3223 706 3284 venio,
734 3230 784 3277 et
810 3223 1076 3293 accipiam
1108 3240 1197 3279 vos
1234 3223 1305 3278 ad
1329 3225 1619 3293 meipsum,
1654 3227 1709 3277 ut
1740 3223 1835 3277 ubi
1867 3240 1989 3279 sum

280 3326 378 3377 ego
409 3315 460 3365 et
494 3326 583 3363 vos
612 3309 783 3364 scitis.
818 3311 882 3364 Et
912 3326 1021 3381 quo
1052 3327 1148 3379 ego
1178 3311 1313 3366 vado
1345 3313 1516 3376 scitis,
1540 3321 1590 3367 et
1625 3312 1769 3366 viam
1811 3312 1985 3365 scitis.

278 3399 323 3454 Ο
358 3399 605 3455 Domine
633 3399 789 3465 Jesu,
823 3402 1114 3472 quomodo
1144 3401 1307 3457 vadis
1336 3417 1533 3473 parare
1562 3402 1774 3470 locum,
1799 3401 1985 3472 sijam

276 3490 476 3544 multa:
506 3490 835 3544 mansiones
862 3495 999 3546 sunt
1024 3492 1081 3545 in
1114 3492 1283 3547 domo
1306 3492 1494 3547 Patris
1518 3492 1622 3559 tui,
1652 3492 1751 3547 ubi
1792 3496 1982 3549 tecum

277 3578 633 3633 habitabant
664 3578 783 3633 tui!
819 3581 929 3635 Aut
962 3579 1010 3635 si
1047 3581 1261 3652 accipis
1293 3596 1391 3637 eos
1434 3580 1507 3635 ad
1540 3582 1812 3652 teipsum,
1846 3597 1986 3651 quo-

279 3668 453 3722 modo
480 3668 688 3723 iterum
710 3669 869 3724 venis
891 3669 994 3740 qui
1022 3686 1136 3724 non
1177 3669 1444 3725 recedis?
1466 3669 1603 3737 Ista,
1628 3669 1983 3737 charissimi,

272 3758 325 3813 si
362 3758 609 3813 breviter
636 3758 925 3829 explicare
956 3775 1259 3824 conemur,
1293 3763 1573 3831 quantum
1605 3760 1832 3814 videtur
1875 3760 1977 3815 ho-

270 3848 481 3903 dierno
514 3848 658 3903 satis
688 3862 815 3903 esse
846 3848 1118 3916 sermoni,
1155 3853 1445 3905 coarctata
1477 3847 1677 3920 utique
1708 3864 1821 3903 non
1865 3848 1982 3903 cla-

271 3937 512 4005 rebunt,
545 3942 600 3991 et
630 3938 737 3992 erit
766 3936 894 4008 ipsa
926 3937 1175 3994 brevitas
1225 3938 1402 3993 altera
1450 3938 1808 3993 obscuritas:
1852 3954 1981 4009 pro-

272 4028 418 4080 inde
450 4027 553 4082 boc
584 4028 843 4083 debitum
876 4029 1235 4096 differamus,
1270 4031 1415 4100 quod
1451 4028 1835 4099 opportunius
1878 4047 1980 4085 vo-

267 4117 363 4172 bis
403 4115 823 4173 Patrefamilias
855 4123 1052 4174 nostro
1080 4118 1361 4190 largiente
1394 4119 1727 4174 reddamus.

777 4243 1195 4301 TRAC'I‘ATUS
1240 4245 1376 4301 LXV
1389 4244 1482 4301 III.

784 4354 848 4407 In
880 4354 1132 4409 eamdem
1156 4354 1463 4409 lectionem.

345 4479 395 4532 1.
432 4478 638 4533 Deberi
669 4478 853 4546 vobis,
906 4480 1113 4534 fratres
1162 4479 1519 4547 charissimi,
1561 4480 1806 4552 jamque
1852 4497 1977 4538 esse

265 4568 629 4624 reddendum
682 4569 831 4639 quod
896 4568 1337 4636 distuleramus,
1374 4569 1773 4641 agnoscimus,
1826 4586 1978 4645 quo—

264 4658 442 4712 modo
472 4656 720 4729 intelligi
754 4658 973 4728 possint
1006 4674 1117 4712 non
1136 4673 1261 4713 esse
1291 4658 1443 4714 inter
1465 4674 1525 4714 se
1556 4659 1670 4714 ista
1700 4662 1811 4715 duo
1834 4678 1975 4717 con-

262 4748 466 4815 traria,
501 4748 656 4817 quod
691 4762 821 4802 cum
857 4747 1098 4803 dixisset
1129 4748 1428 4815 Dominus,
1461 4750 1518 4804 In
1571 4750 1731 4805 domo
1788 4756 1974 4807 Patris

261 4841 375 4892 mei
395 4838 707 4892 mansiones
735 4839 921 4892 multae
951 4844 1082 4893 sunt
1112 4855 1130 4892 :
1161 4838 1211 4893 si
1240 4854 1341 4909 quo
1364 4838 1567 4906 minus,
1592 4842 1850 4896 dixissem
1881 4857 1973 4897 vo-

264 4927 353 4983 bis
382 4929 519 4997 quia
542 4926 675 4982 vado
706 4944 903 4997 parare
931 4928 1083 4984 vobis
1127 4928 1300 4984 locum
1319 4945 1340 4990 ;
1390 4929 1489 4983 ubi
1528 4930 1675 4987 satis
1722 4933 1972 4988 ostendit

259 5016 395 5071 ideo
428 5032 491 5070 se
524 5014 632 5069 hoc
663 5015 778 5070 illis
809 5016 1049 5087 dixisse,
1075 5016 1340 5088 quiajam
1366 5017 1444 5071 ibi
1475 5022 1612 5073 sunt
1633 5020 1969 5079 mansiones

259 5105 486 5171 multae,
522 5110 578 5159 et
610 5122 721 5161 non
754 5111 844 5161 est
873 5121 1017 5178 Opus
1050 5106 1305 5178 aliquam
1348 5123 1668 5179 prteparare
1702 5124 1713 5164 :
1766 5125 1966 5169 rursus

253 5196 403 5252 dicit
437 5214 449 5249 :
484 5197 549 5249 Et
577 5194 629 5249 si
656 5197 861 5263 abiero,
897 5201 946 5251 et
977 5211 1356 5269 prwparavero
1398 5198 1544 5253 vobis
1583 5198 1762 5254 locum
1788 5218 1806 5260 .·
1862 5203 1963 5256 ite-

248 5300 378 5340 rum
406 5286 590 5349 venio,
622 5290 672 5340 et
703 5288 945 5356 accipam
977 5302 1066 5341 vos
1105 5286 1176 5341 ad
1224 5303 1309 5341 me
1358 5288 1555 5356 ipsum,
1604 5292 1666 5341 ut
1713 5290 1810 5343 ubi
1864 5308 1959 5362 ego

243 5392 368 5430 sum
396 5379 449 5429 et
480 5389 575 5428 tos
606 5376 743 5430 sitis.
777 5374 1071 5438 Quomodo
1104 5375 1285 5443 vadit,
1334 5381 1391 5430 et
1443 5380 1604 5447 parat
1647 5375 1860 5446 locum,
1909 5382 1955 5437 si

235 5466 359 5534 jam
388 5464 588 5519 multae
620 5466 949 5520 mansiones
980 5470 1113 5521 sunt
1142 5467 1171 5521 ?
1197 5466 1256 5521 Si
1288 5481 1399 5537 quo
1443 5467 1655 5533 minus,
1692 5468 1952 5540 dixisset,

248 5555 405 5611 Vada
434 5570 661 5625 parare.
679 5555 793 5610 Aut
813 5555 859 5609 si
885 5554 1075 5610 adhuc
1094 5556 1391 5627 parandus
1420 5562 1529 5624 est,
1554 5572 1658 5611 cur
1685 5573 1799 5614 non
1839 5577 1957 5618 me-

239 5645 349 5703 rito
382 5642 649 5713 dixisset,
706 5643 853 5700 Vada
898 5649 1150 5715 parare?
1188 5650 1273 5700 An
1329 5646 1452 5701 istas
1503 5646 1837 5705 mansiones
1896 5657 1954 5710 et

1437 294 1899 357 TRACTATUS
1945 292 2207 354 LXVIII.
2254 294 2517 360 CAPUT
2564 301 2716 361 XIV.

3684 313 3838 373 18H

2137 438 2299 504 sunt,
2335 441 2389 493 et
2424 441 2686 510 parandae
2719 445 2907 498 sunt?
2934 445 2989 499 Si
3034 462 3147 517 quo
3179 446 3374 505 minus
3415 450 3569 505 enim
3616 458 3834 521 essent,

2136 524 2395 596 dixisset,
2435 530 2570 586 Vade
2598 549 2816 602 parare.
2850 535 2917 589 Et
2948 540 3144 591 tamen
3176 540 3317 609 quia
3347 541 3422 593 ita
3452 546 3592 595 sunt
3624 548 3686 595 ut
3726 560 3835 613 pa-

2135 616 2325 671 randa:
2357 618 2493 686 sint,
2536 638 2651 676 non
2684 638 2781 677 eas
2832 624 2993 679 vadit
3040 642 3243 695 parare
3302 628 3457 684 sicut
3506 639 3682 685 sunt:
3736 635 3837 687 sed

2134 705 2181 761 si
2211 706 2416 763 abierit
2444 718 2496 766 et
2528 713 2815 782 paraverit
2846 716 2995 770 sicut
3038 718 3243 771 futuras
3275 722 3430 778 sunt.
3482 720 3691 775 iterum
3746 738 3840 775 ve-

2133 795 2300 852 niens
2328 798 2568 870 accipiet
2599 818 2734 857 suos
2774 804 2841 857 ad
2877 805 3158 876 seipsum,
3190 811 3255 861 ut
3287 808 3381 862 ubi
3413 813 3503 864 est
3531 809 3676 880 ipse,
3723 811 3839 865 sint

2131 886 2305 941 etiam
2340 888 2473 957 ipsi.
2507 891 2806 954 Quomodo
2838 910 2970 963 ergo
2995 898 3330 952 mansiones
3361 900 3417 952 in
3452 900 3624 954 domo
3646 902 3836 956 Patris

2132 989 2245 1030 non
2278 976 2424 1044 alias,
2459 981 2557 1035 sed
2599 981 2760 1051 ipsas,
2793 990 2847 1037 et
2878 984 3004 1039 sine
3033 986 3347 1057 dubiojam
3382 993 3518 1043 sunt
3548 990 3699 1043 sicut
3732 1007 3833 1061 pa-

2130 1066 2324 1119 randa
2354 1084 2468 1122 non
2494 1076 2654 1136 sunt,
2681 1076 2737 1126 et
2763 1074 3019 1127 nondum
3044 1080 3180 1130 sunt
3200 1076 3353 1130 sicut
3373 1079 3641 1147 paranda
3665 1080 3838 1134 sunt?

2128 1151 2427 1214 Quomodo
2473 1161 2768 1227 putamus,
2818 1161 2926 1215 nisi
2977 1164 3272 1231 quomodo
3322 1164 3496 1220 etiam
3557 1166 3836 1237 propheta

2129 1243 2401 1311 praedicat
2446 1247 2648 1312 Deum,
2693 1250 2831 1319 quia
2874 1250 3007 1305 fecit
3054 1268 3177 1323 quae
3222 1253 3413 1308 futura
3461 1256 3649 1311 sunt?
3706 1256 3832 1311 Non

2128 1334 2283 1389 enim
2316 1336 2414 1406 ait,
2447 1337 2555 1401 Qui
2590 1340 2848 1396 facturus
2879 1347 2968 1397 est
3006 1360 3137 1414 quae
3169 1345 3364 1399 futura
3395 1351 3552 1414 sunt,
3577 1348 3701 1415 sed,
3725 1349 3834 1415 Qui

2124 1426 2250 1494 fecit
2279 1441 2404 1496 quae
2434 1430 2629 1499 futura
2648 1438 2773 1485 sunt
2809 1434 2933 1501 (lsa.
2976 1449 3101 1500 va,
3154 1434 3243 1503 11,
3292 1450 3394 1489 sec.
3438 1435 3630 1506 LXX).
3682 1437 3831 1508 Ergo

2128 1520 2185 1568 et
2216 1515 2348 1571 fecit
2378 1532 2462 1583 ea,
2499 1524 2551 1575 et
2577 1521 2835 1576 facturus
2866 1527 2952 1577 est
2972 1538 3057 1577 ea.
3092 1523 3236 1579 Nam
3275 1540 3465 1595 neque
3486 1526 3639 1581 facta
3670 1532 3831 1589 sunt.

2127 1603 2178 1658 si
2209 1604 2332 1675 ipse
2363 1623 2476 1661 non
2510 1610 2644 1664 fecit
2677 1627 2690 1665 :
2725 1628 2916 1683 neque
2947 1613 3143 1667 futura
3173 1618 3332 1681 sunt,
3367 1614 3415 1669 si
3448 1615 3573 1686 ipse
3604 1630 3718 1670 non
3754 1617 3839 1669 fe-

2126 1694 2287 1750 cerit.
2321 1697 2475 1752 Fecit
2505 1715 2641 1771 ergo
2671 1717 2737 1755 ea
2769 1702 3256 1773 prmdestinando,
3290 1704 3548 1761 facturus
3579 1709 3666 1761 est
3698 1720 3835 1777 ope-

2126 1788 2327 1843 rando.
2362 1789 2522 1847 Sicut
2553 1793 2871 1864 discipulos
2895 1797 3127 1866 quando
3160 1796 3419 1868 elegerit,
3446 1798 3590 1852 satis
3614 1796 3832 1851 iudicat

2125 1873 2501 1950 Evangelium
2538 1902 2551 1950 ;
2586 1889 2725 1940 tunc
2760 1886 2956 1957 utique
2988 1887 3222 1956 quando
3253 1903 3351 1941 eos
3400 1888 3623 1943 vocavit
3676 1887 3827 1956 (Luc.

2122 1979 2201 2032 v1,
2246 1967 2381 2036 13):
2433 1975 2489 2025 et
2546 1979 2738 2027 tamen
2800 1974 2881 2029 ait
2925 1975 3259 2047 Apostolus,
3315 1976 3497 2048 Elegit
3552 1990 3647 2030 nos
3699 1978 3827 2029 ante

2119 2056 2324 2110 mundi
2376 2060 2815 2117 constitutionem
2862 2062 3075 2133 (Ephes.
3110 2079 3147 2129 ι,
3201 2062 3254 2133 4)
3302 2079 3317 2118 :
3360 2062 3822 2132 praedestinando

2121 2146 2345 2216 utique,
2382 2164 2492 2202 non
2526 2152 2804 2207 vocando.
2837 2154 2978 2216 Quos
3006 2157 3191 2206 autem
3209 2151 3651 2224 praedestinavit,
3697 2150 3823 2205 illos

2118 2242 2170 2288 et
2190 2238 2399 2291 vocavit
2427 2238 2599 2307 (Rom.
2632 2256 2757 2302 VIII,
2789 2240 2878 2310 30)
2917 2258 2927 2294 :
2964 2240 3139 2312 elegit
3182 2240 3649 2312 praedestinando
3696 2246 3827 2292 ante

2121 2324 2327 2378 mundi
2348 2326 3298 2399 constitutionem,elegitvocando
3315 2334 3449 2384 ante
3463 2327 3668 2383 mundi
3694 2343 3826 2381 con-

2116 2416 2595 2472 summationem.
2630 2417 2721 2473 Sic
2753 2423 2809 2472 et
2842 2418 3173 2474 mansiones
3206 2418 3551 2491 praeparavit
3587 2422 3644 2471 et
3673 2432 3821 2487 prae-

2115 2508 2439 2573 parat;nec
2469 2506 2633 2575 alias,
2659 2507 2762 2562 sed
2794 2523 2943 2579 quas
2974 2510 3338 2580 praeparavit,
3367 2508 3474 2564 has
3506 2512 3817 2578 praeparat,

2112 2593 2212 2663 qui
2236 2594 2373 2650 fecit
2401 2612 2527 2666 qua:
2553 2597 2748 2651 futura
2770 2603 2946 2652 sunt:
2982 2614 3131 2668 quas
3162 2597 3502 2669 praeparavit
3522 2595 3816 2667 prsidesti-

2109 2683 2324 2752 nando,
2359 2690 2645 2756 preparat
2687 2687 2998 2758 operando.
3032 2689 3157 2742 Jam
3198 2704 3332 2756 ergo
3383 2691 3522 2741 sunt
3567 2687 3626 2741 in
3668 2701 3816 2756 prte-

2108 2771 2532 2829 destinatione:
2569 2775 2617 2829 si
2650 2791 2763 2845 quo
2821 2777 3031 2842 minus,
3064 2776 3328 2843 dixisset,
3352 2777 3452 2833 lbo
3491 2779 3549 2833 et
3572 2776 3809 2846 parabo,

2107 2860 2164 2914 id
2195 2865 2300 2927 est,
2332 2864 2783 2933 prmdestinabo.
2815 2867 2924 2922 Sed
2957 2867 3093 2937 quia
3125 2867 3383 2922 nondum
3416 2869 3556 2921 sunt
3592 2866 3651 2920 in
3678 2881 3809 2935 ope-

2104 2950 2347 3015 ratione,
2399 2952 2460 3004 Et
2498 2952 2547 3005 si
2595 2952 2799 3020 abiero,
2852 2954 3065 3025 inquit,
3118 2960 3169 3011 et
3216 2970 3608 3027 praeparavero
3655 2954 3807 3009 vobis

2103 3037 2279 3093 locum
2300 3056 2321 3103 ;
2352 3038 2556 3093 iterum
2584 3043 2761 3111 venio,
2793 3047 2844 3097 et
2871 3043 3137 3112 accipiam
3165 3061 3255 3099 vos
3284 3044 3357 3100 ad
3386 3048 3674 3115 meipsum.

2167 3130 2220 3181 2.
2256 3128 2426 3183 Parat
2466 3133 2657 3183 autem
2683 3130 3113 3200 quodammodo
3151 3135 3503 3200 mansiones,
3538 3132 3802 3189 mansio-

2100 3217 2275 3272 nibus
2308 3218 2568 3289 parando
2601 3236 2923 3275 mansores.
2948 3221 3173 3293 Quippe
3204 3239 3335 3278 cum
3368 3222 3677 3290 dixerit,1n
3708 3223 3801 3276 do-

2095 3322 2186 3360 mo
2216 3309 2409 3364 Patris
2436 3310 2543 3364 mei
2568 3310 2879 3364 mansiones
2926 3310 3121 3366 multae
3150 3321 3314 3373 sunt;
3346 3312 3485 3381 quid
3522 3317 3798 3381 putamus

2096 3412 2223 3453 esse
2255 3398 2492 3454 domum
2527 3398 2649 3463 Dei,
2682 3397 2793 3453 nisi
2826 3399 3107 3470 templum
3130 3400 3228 3454 Dei
3252 3398 3459 3464 6tQuod
3491 3408 3682 3454 autem
3702 3400 3799 3468 sit,

2093 3486 2485 3558 interrogetur
2503 3488 2837 3559 Apostolus,
2863 3493 2921 3544 et
2940 3489 3287 3559 respondeat
3309 3505 3323 3543 :
3350 3488 3629 3557 Templum
3651 3489 3801 3542 enim

2095 3579 2190 3635 Dei
2208 3582 2452 3633 sanctum
2492 3584 2592 3645 est,
2624 3578 2764 3648 quod
2791 3581 2917 3633 estis
2958 3594 3047 3633 vos
3079 3580 3121 3647 (Ι
3154 3579 3277 3632 Cor.
3304 3594 3388 3647 ιιι,
3418 3579 3527 3645 17).
3577 3576 3693 3632 Hoc
3716 3583 3800 3631 est

2093 3668 2265 3723 etiam
2299 3683 2540 3738 regnum
2573 3667 2698 3735 Dei,
2730 3669 2881 3739 quod
2916 3669 3095 3724 Filius
3118 3669 3437 3724 traditurus
3469 3672 3558 3723 est
3586 3666 3742 3722 Patri
3776 3680 3790 3719 :

2094 3759 2248 3813 unde
2296 3757 2436 3811 dicit
2467 3757 2619 3812 idem
2670 3757 2989 3827 apostolus,
3022 3759 3255 3814 Initium
3297 3758 3565 3824 Christus,
3597 3756 3792 3812 deinde

2090 3849 2192 3918 qui
2246 3851 2373 3901 sunt
2405 3845 2609 3901 Christi
2651 3846 2709 3900 in
2739 3849 3033 3917 prasentia
3055 3849 3174 3917 ejus
3205 3864 3223 3902 :
3270 3847 3463 3902 deinde
3491 3847 3643 3916 ﬁnis,
3666 3862 3789 3900 cum

2090 3936 2393 3994 tradiderit
2436 3952 2666 4005 regnum
2699 3937 2807 3991 Deo
2835 3941 2885 3991 et
2943 3938 3099 3992 Patri
3128 3935 3232 4007 (Μ.
3266 3954 3355 4003 xv,
3381 3935 3450 3991 23
3478 3940 3528 3990 et
3575 3935 3667 4003 24)
3692 3955 3706 4002 ς
3734 3934 3787 3989 id

2090 4034 2193 4094 est,
2226 4042 2373 4097 quos
2424 4027 2669 4082 redemit
2711 4027 2995 4098 sanguine
3021 4042 3151 4095 suo,
3183 4025 3492 4081 tradiderit
3538 4032 3793 4081 contem-

2091 4116 2307 4188 plando
2350 4117 2525 4172 etiarn
2562 4116 2711 4173 Patri
2762 4133 2888 4173 suo.
2924 4116 3042 4172 Hoc
3076 4120 3163 4172 est
3197 4132 3443 4188 regnum
3493 4116 3793 4183 coelorum,

2089 4208 2158 4262 de
2172 4223 2287 4277 quo
2310 4206 2546 4272 dicitur,
2561 4207 2759 4262 Simile
2774 4215 2851 4263 est
2872 4222 3106 4275 regnum
3121 4207 3379 4262 caelorum
3401 4206 3613 4261 homini
3632 4204 3795 4260 semi-

2088 4298 2249 4352 nanti
2279 4297 2480 4352 bonum
2509 4313 2689 4353 semen
2723 4300 2781 4351 in
2810 4313 2942 4366 agro
2983 4313 3103 4351 suo.
3137 4298 3351 4351 Bonum
3380 4299 3560 4350 autem
3589 4308 3789 4361 semen,

2089 4386 2149 4441 hi
2178 4392 2309 4443 sunt
2336 4390 2445 4459 ﬁlii
2475 4391 2676 4458 regni:
2710 4389 2809 4458 qui
2840 4388 2953 4442 etsi
2984 4402 3139 4442 nunc
3170 4386 3388 4442 habent
3404 4384 3690 4455 permixta
3710 4384 3790 4437 zi-

2086 4477 2273 4545 zania,
2308 4478 2498 4532 mittet
2552 4477 2610 4531 in
2642 4477 2756 4531 fine
2789 4492 2887 4531 rex
2917 4477 3043 4546 ipse
3074 4475 3325 4545 Angelos
3357 4490 3515 4539 suos,
3547 4477 3598 4528 et
3626 4471 3787 4528 colli-

2084 4574 2216 4639 gent
2246 4567 2309 4623 de
2338 4583 2504 4638 regno
2534 4567 2650 4633 eius
2679 4565 2872 4621 omnia
2920 4564 3200 4620 scandala.
3254 4566 3399 4619 Tunc
3435 4564 3582 4634 justi
3609 4564 3797 4633 fulge-

2087 4657 2221 4711 bunt
2263 4658 2399 4711 sicut
2442 4657 2523 4710 sol
2563 4658 2622 4711 in
2670 4671 2837 4726 regno
2888 4657 3071 4710 Patris
3119 4656 3213 4710 sui
3270 4653 3484 4725 (Matth.
3526 4669 3650 4721 xm,
3698 4654 3790 4722 24,

2083 4746 2296 4819 38-43).
2330 4746 2591 4817 Regnum
2624 4745 2872 4817 fulgebit
2904 4746 2961 4800 in
3001 4761 3197 4815 regno,
3233 4761 3367 4801 cum
3402 4759 3581 4817 regno
3612 4760 3789 4799 vene-

2086 4839 2160 4892 rit
2194 4853 2460 4909 regnum,
2495 4836 2652 4907 quod
2708 4852 2863 4892 nunc
2903 4852 3161 4907 oramus,
3195 4840 3252 4891 et
3293 4834 3565 4904 dicimus,
3602 4834 3791 4889 Veniat

2081 4943 2309 4999 regnum
2358 4931 2513 4983 tuum
2570 4927 2675 5000 (Id.
2709 4943 2786 4995 VI,
2830 4926 2940 4998 10).
2972 4924 3140 4984 Nunc
3183 4941 3319 4997 ergo
3364 4926 3487 4997 jam
3536 4938 3782 4994 regnum

2078 5024 2338 5089 vocatur,
2370 5019 2470 5075 sed
2495 5018 2686 5075 adhuc
2718 5022 3065 5075 conVOCatur
3088 5036 3101 5073 :
3127 5020 3177 5076 si
3207 5017 3363 5073 enim
3394 5029 3639 5085 regnum
3663 5029 3779 5069 non

2077 5115 2402 5174 vocaretur,
2429 5108 2706 5180 Colligent
2732 5107 2798 5163 de
2815 5124 2985 5179 regno
3006 5109 3120 5177 eius
3139 5107 3327 5163 omnia
3357 5101 3637 5171 scandala,
3662 5119 3776 5158 non

2077 5200 2384 5257 diceretur.
2418 5199 2527 5255 Sed
2563 5201 2823 5255 nondum
2853 5204 3059 5270 regnat
3089 5200 3197 5255 hoc
3232 5212 3498 5269 regnum.
3534 5194 3778 5251 Proinde

2073 5290 2156 5345 sic
2183 5291 2304 5360 jam
2353 5295 2443 5346 est
2476 5306 2741 5362 regnum,
2788 5294 2851 5346 ut
2882 5306 3012 5345 cum
3060 5289 3129 5345 de
3160 5287 3260 5343 illo
3293 5285 3534 5342 collecta
3564 5285 3775 5341 fuerint

2069 5379 2267 5436 omnia
2299 5379 2597 5448 scandala,
2629 5383 2765 5434 tunc
2797 5378 3095 5450 perveniat
3124 5378 3194 5434 ad
3228 5392 3468 5445 regnum
3495 5394 3510 5445 ;
3552 5381 3618 5431 ut
3657 5392 3770 5433 non

2067 5469 2258 5526 solum
2302 5469 2462 5539 regni
2488 5484 2723 5531 nomen,
2752 5468 2852 5523 sed
2897 5468 3073 5523 etiam
3107 5464 3389 5539 regnandi
3424 5466 3634 5521 haheat
3666 5483 3771 5535 po-

2063 5564 2350 5616 testatem.
2400 5558 2538 5612 Huic
2578 5557 2785 5627 quippe
2818 5572 2991 5628 regno
3049 5559 3115 5613 ad
3151 5558 3443 5611 dexteram
3478 5554 3676 5623 stanti,
3708 5555 3768 5610 in

2062 5650 2178 5706 fine
2236 5648 2481 5715 dicetur,
2536 5649 2741 5718 Venite,
2793 5647 3062 5705 benedicti
3111 5648 3295 5705 Patris
3325 5649 3453 5713 mei,
3504 5644 3771 5716 percipite
