4148 6190
336 298 483 359 1815

328 433 775 507 regnum(li!atth.
796 429 1051 501 xxv,311):
1074 427 1128 482 id
1152 432 1255 493 est,
1274 426 1374 499 qui
1399 426 1494 496 qui
1516 438 1756 495 regnum
1780 421 1954 477 eratis
1976 424 2033 475 et

329 542 445 581 non
501 521 853 596 regnabatis,
886 520 1095 588 venite,
1130 520 1405 588 regnate;
1439 519 1505 571 ut
1533 514 1689 586 quod
1715 512 1772 567 in
1799 527 1900 581 spe
1918 510 2035 566 fue-

331 614 495 677 ratis,
529 612 703 667 etiam
738 611 793 664 in
831 623 889 663 re
912 624 1037 662 esse
1069 605 1327 677 possitis.
1361 609 1494 658 Hac
1524 617 1659 672 ergo
1679 600 1886 657 domus
1908 598 2030 664 Dei,

331 704 439 760 hoc
460 703 744 770 templum
782 698 905 765 Dei,
938 698 1046 751 hoc
1096 710 1339 766 regnum
1372 694 1493 763 Dei,
1527 704 1891 762 regnumque
1912 703 2027 744 cte-

326 794 515 848 lorum
543 791 734 847 adhuc
756 789 1094 853 aedificatur,
1117 785 1307 841 adhuc
1332 783 1645 839 fabricatur
1662 777 1910 846 ‘,adbuc
1932 794 2034 849 pa-

325 887 506 945 ratur,
542 881 732 936 adhuc
789 880 1183 948 congregatur.
1217 874 1279 929 In
1322 873 1420 928 illo
1451 876 1625 928 erunt
1666 870 2023 933 mansiones,

326 973 479 1029 sicut
527 989 624 1027 eas
678 970 867 1026 adhuc
919 972 1078 1040 parat
1127 966 1409 1022 Dominus
1445 983 1457 1021 :
1492 964 1549 1019 in
1582 962 1679 1019 illo
1704 962 1827 1032 jam
1861 962 2021 1026 sunt,

326 1064 475 1119 sicut
505 1060 933 1134 praedestinavit
954 1060 1078 1129 jam
1111 1057 1416 1113 Dominus.

396 1156 448 1207 3.
484 1153 592 1207 Sed
618 1152 753 1221 quid
787 1154 877 1205 est
906 1149 1057 1220 quod
1083 1150 1144 1201 ut
1174 1148 1521 1219 prmpararet
1538 1142 1700 1207 abiit,
1733 1156 1864 1196 cum
1891 1156 2023 1210 pro-

326 1243 475 1298 fecto
508 1258 609 1298 nos
649 1241 809 1313 ipsos
842 1241 1187 1309 prtepararet
1215 1238 1257 1305 ³,
1292 1236 1446 1307 quod
1476 1250 1589 1289 non
1620 1233 1785 1288 faciet
1812 1230 1857 1285 si
1890 1229 2021 1285 reli-

325 1333 517 1403 querit
537 1332 565 1385 ?
586 1333 874 1402 Agnosco,
899 1328 1241 1397 Domine,ut
1268 1340 1506 1395 possum
1534 1341 1546 1378 :
1573 1321 1851 1378 nimirum
1874 1319 2021 1374 illud

326 1423 645 1493 significas,
680 1420 820 1490 quia
870 1422 931 1472 ut
976 1420 1251 1487 parentur
1281 1416 1401 1469 istm
1449 1411 1801 1479 mansiones,
1833 1410 2020 1465 vivere

323 1512 495 1565 debet
516 1512 711 1579 justus
742 1524 807 1562 ex
841 1508 946 1561 ﬁde
978 1507 1147 1574 (Rom.
1181 1521 1221 1571 ι,
1260 1503 1367 1571 17).
1396 1503 1503 1569 Qui
1534 1501 1688 1558 enim
1719 1518 1752 1556 a
1776 1499 2024 1555 Domino

326 1598 748 1669 peregrinatur,
809 1612 956 1667 opus
1005 1595 1175 1649 habet
1206 1610 1273 1648 ex
1320 1593 1433 1647 fide
1479 1591 1698 1659 vivere;
1747 1590 1883 1661 quia
1926 1603 2028 1660 per

326 1690 477 1744 hanc
510 1689 579 1743 ad
614 1688 861 1757 speciem
895 1684 1407 1754 contemplandum
1442 1686 1679 1754 paratur
1702 1680 1774 1751 (II
1808 1680 1937 1735 Cor.
1969 1695 2025 1738 ν,

321 1779 466 1849 6-8).
505 1779 656 1833 Beati
695 1776 848 1831 enim
880 1775 1083 1829 mundo
1129 1773 1307 1841 corde,
1340 1774 1473 1844 quia
1518 1772 1626 1843 ipsi
1676 1771 1840 1825 Deum
1889 1768 2030 1823 vidc-

326 1870 457 1922 bunt
488 1868 694 1939 (Matth.
728 1883 781 1933 v,
808 1866 860 1933 8)
888 1881 899 1919 :
936 1869 1010 1930 et,
1046 1864 1172 1920 Fide
1203 1863 1430 1917 mundat
1458 1860 1627 1917 corda
1656 1876 1845 1915 eorum
1890 1858 2025 1921 (Act.

324 1975 415 2025 xv,
447 1958 521 2029 9).
558 1956 702 2011 Illud
736 1956 797 2010 in
830 1953 1161 2025 Evangelio,
1194 1954 1298 2009 hoc
1334 1954 1389 2007 in
1428 1950 1833 2022 Apostolorum
1869 1948 2028 2004 Acti-

325 2047 432 2102 bus
499 2047 729 2117 legitur.
800 2044 968 2100 Fides
1018 2050 1231 2109 autem,
1283 2057 1397 2115 qua
1443 2056 1643 2097 eorum
1695 2039 1795 2110 qui
1849 2038 2030 2095 Deum

319 2136 499 2192 visuri
551 2142 705 2203 sunt,
743 2133 1001 2207 quandiu
1034 2131 1490 2203 peregrinantur,
1525 2130 1702 2185 corda
1735 2127 2030 2184 mundan-

325 2230 438 2291 tur,
474 2227 621 2297 quod
654 2241 770 2281 non
820 2224 975 2279 videt
1023 2222 1203 2277 credit
1237 2238 1249 2275 :
1284 2237 1418 2277 nam
1470 2220 1520 2275 si
1564 2220 1745 2286 vides,
1776 2235 1893 2273 non
1942 2222 2032 2275 est

323 2316 489 2371 ﬁdes.
524 2314 792 2371 Credenti
824 2313 1119 2385 colligitur
1159 2312 1449 2377 meritum,
1499 2308 1719 2365 videnti
1769 2308 2031 2364 redditur

320 2406 645 2476 praemium.
680 2408 785 2459 Eat
813 2420 945 2475 ergo
979 2402 1263 2457 Dominus
1293 2404 1349 2456 et
1372 2402 1528 2470 paret
1578 2399 1770 2453 locum
1798 2415 1813 2467 ;
1847 2401 1937 2452 eat
1960 2412 2032 2452 ne

318 2496 608 2563 videatur,
640 2494 823 2549 lateat
853 2497 917 2547 ut
951 2493 1242 2547 credatur.
1296 2492 1461 2545 Tunc
1510 2487 1663 2543 enim
1716 2486 1877 2541 locus
1933 2503 2028 2555 pa-

319 2591 501 2649 ratur,
555 2584 601 2637 si
649 2598 716 2637 ex
764 2581 875 2635 {ide
918 2580 1162 2633 vivatur.
1215 2578 1484 2633 Creditus
1532 2575 1920 2642 desideretur,
1968 2577 2031 2628 ut

324 2671 693 2726 desideratus
725 2669 1012 2724 habeatur
1033 2685 1045 2721 :
1070 2667 1422 2723 desiderium
1449 2663 2029 2735 dilectionis,prwpa—

324 2759 470 2815 ratio
502 2766 588 2814 est
621 2756 964 2813 mansionis.
989 2758 1091 2825 Ita,
1128 2756 1392 2822 Domine,
1425 2771 1566 2826 para
1614 2754 1767 2824 quod
1808 2768 1977 2824 paras
2011 2768 2025 2808 :

324 2866 429 2905 nos
462 2848 617 2904 enim
653 2848 755 2903 tibi
790 2863 978 2918 paras,
1002 2850 1129 2900 etle
1161 2844 1329 2900 nobis
1378 2860 1580 2916 paras;
1619 2843 1892 2914 quoniam
1944 2841 2027 2897 lo-

321 2956 456 2996 cum
490 2956 681 3010 paras,
714 2941 772 2993 et
800 2936 906 2992 tibi
939 2937 998 2992 in
1042 2934 1227 3001 nobis,
1262 2939 1317 2989 et
1350 2934 1408 2990 in
1441 2938 1496 2990 te
1529 2934 1718 2989 nobis.
1751 2934 1836 2988 Tu
1868 2932 2024 2989 enim

322 3029 542 3095 dixisti,
596 3028 800 3082 Maneto
846 3027 907 3082 in
959 3042 1063 3090 me,
1095 3028 1144 3081 et
1192 3041 1288 3095 ego
1321 3026 1379 3079 in
1420 3023 1572 3080 vobis
1612 3025 1787 3091 (Joan.
1821 3040 1913 3088 xv,
1948 3022 2023 3095 4).

320 3120 610 3182 Quantum
641 3116 887 3187 quisque
918 3116 1093 3171 fuerit
1140 3113 1433 3186 particeps
1481 3114 1590 3182 tui,
1624 3111 1772 3168 alius
1806 3112 2025 3179 minus,

325 3209 473 3265 alius
503 3206 779 3277 amplius,
801 3205 923 3260 haec
952 3204 1061 3260 erit
1089 3203 1396 3259 diversitas
1420 3205 1790 3275 prmmiorum
1822 3219 1922 3273 pro
1944 3202 2028 3257 di-

319 3297 589 3353 versitate
614 3296 959 3350 meritorum
987 3311 999 3347 z
1026 3294 1146 3349 haec
1177 3292 1285 3349 erit
1318 3291 1624 3348 multitudo
1657 3291 2027 3348 mansionum

326 3403 429 3459 pro
460 3383 849 3457 disparilitate
884 3398 1226 3440 mansorum
1253 3400 1267 3451 ;
1311 3383 1409 3437 sed
1442 3385 1640 3437 tamen
1672 3382 1937 3436 omnium
1968 3381 2028 3437 in

322 3475 647 3531 aeternitate
680 3474 961 3543 vivorum,
989 3478 1047 3528 et
1087 3472 1211 3529 sine
1261 3471 1376 3527 ﬁne
1406 3472 1729 3527 beatorum.
1761 3471 1906 3535 Quid
1943 3475 2031 3527 est

323 3567 477 3636 quod
501 3563 665 3619 vadis
686 3563 712 3617 ?
729 3562 871 3634 quid
898 3565 983 3617 est
1013 3562 1165 3631 quod
1186 3561 1350 3616 venis
1372 3560 1400 3615 ‘I
1416 3559 1475 3615 Si
1499 3559 1643 3615 bene
1673 3565 1728 3615 te
1751 3559 2029 3632 intelligo,

325 3672 428 3711 nec
477 3658 628 3710 unde
657 3654 820 3709 vadis
857 3668 962 3708 nec
994 3652 1146 3708 unde
1198 3652 1377 3719 venis,
1416 3650 1640 3707 recedis
1684 3666 1697 3705 :
1746 3650 1911 3705 vadis
1959 3650 2031 3705 la-

322 3746 515 3811 tendo,
548 3744 708 3799 venis
770 3743 1117 3812 apparendo.
1150 3742 1257 3797 Sed
1317 3741 1429 3797 nisi
1480 3757 1715 3796 maneas
1758 3743 2030 3814 regendo,

323 3836 387 3886 ut
418 3832 793 3901 proficiamus
824 3832 971 3885 bene
992 3830 1234 3886 vivendo
1261 3848 1274 3894 ;
1300 3831 1591 3900 quomodo
1616 3830 1919 3901 parabitur
1942 3830 2031 3887 lo-

320 3934 425 3973 cus
459 3919 555 3972 ubi
590 3919 886 3987 possimus
918 3934 1152 3973 manere
1176 3919 1524 3989 perfruendo
1543 3919 1570 3972 ?
1593 3921 1721 3976 Haec
1743 3921 1814 3975 de
1837 3921 2029 3976 verbis

321 4023 451 4078 quae
482 4006 722 4061 recitata
770 4010 912 4060 sunt
958 4006 1324 4077 evangelicis,
1360 4008 1504 4062 satis
1552 4009 1706 4063 dicta
1754 4010 1891 4077 sint,
1916 4025 2030 4080 quo

323 4111 507 4167 usque
539 4095 618 4149 ait
649 4093 951 4159 Dominus,
985 4096 1188 4150 Iterum
1234 4095 1414 4160 venio,
1448 4105 1501 4150 et
1529 4099 1793 4168 accipiam
1842 4114 1932 4153 vos
1961 4099 2030 4152 ad

322 4187 610 4255 meipsum.
646 4184 793 4250 Quid
834 4191 1025 4238 autem
1078 4186 1149 4238 sit
1181 4186 1333 4256 quod
1385 4186 1668 4256 sequitur,
1706 4188 1769 4242 Ut
1795 4187 1889 4241 ubi
1928 4202 2030 4259 ego

320 4293 465 4345 sum,
501 4283 554 4333 et
586 4292 678 4332 vos
709 4278 851 4331 sitis.
880 4278 944 4331 Et
974 4292 1076 4346 quo
1106 4292 1203 4345 ego
1234 4276 1371 4331 vado
1401 4278 1570 4343 scitis,
1589 4287 1638 4331 ct
1659 4279 1805 4331 viam
1836 4278 2030 4345 Scitis;

318 4370 448 4438 post
468 4365 979 4438 interrogationem
1008 4381 1131 4437 quas
1154 4365 1414 4437 sequitur
1435 4383 1467 4421 a
1488 4365 1775 4438 discipulo
1792 4366 1998 4422 factam
2015 4410 2028 4433 ,

325 4460 605 4529 tanquam
641 4472 743 4529 per
782 4471 916 4512 eum
948 4462 1006 4512 et
1035 4474 1139 4513 nos
1187 4457 1633 4530 interrogemus,
1670 4457 1873 4513 melius
1922 4473 2032 4513 au-

324 4546 554 4603 diemus
587 4547 1086 4619 opportuniusque
1116 4548 1517 4604 tractabimus.

849 4674 1273 4732 TRACTATUS
1315 4674 1506 4732 LXIX.

321 4778 385 4832 In
416 4775 475 4831 id
507 4776 643 4848 quod
678 4778 936 4833 Dominus
980 4779 1132 4847 dicit,
1166 4783 1234 4836 Et
1264 4798 1376 4850 quo
1424 4797 1529 4854 ego
1577 4784 1722 4840 vado
1758 4784 1940 4851 scitis,
1974 4790 2032 4841 et

392 4868 544 4924 viam
578 4868 776 4936 scitis;
811 4886 978 4940 usque
1026 4871 1095 4925 ad
1125 4872 1199 4939 id,
1224 4872 1404 4929 Nemo
1454 4874 1608 4931 venit
1654 4877 1728 4931 ad
1777 4876 2025 4942 Patrem,

394 4960 507 5017 nisi
542 4978 639 5033 per
673 4976 788 5015 mo.
829 4961 957 5033 Cap.
992 4979 1105 5031 xrv,
1139 4965 1190 5031 ᾖ.
1226 4964 1338 5020 4-6.

397 5084 445 5137 1.
480 5085 643 5140 Nunc
669 5087 777 5155 est,
809 5084 1190 5146 dilectissimi.
1217 5089 1280 5140 ut
1311 5090 1592 5158 quantum
1624 5089 1909 5156 valemus,
1930 5090 2026 5145 in-

325 5173 649 5245 telligamus
682 5175 751 5229 de
782 5174 975 5231 verbis
1009 5175 1235 5231 Domini
1271 5176 1691 5246 posterioribus
1724 5180 1934 5246 priora,
1969 5183 2026 5235 et

325 5265 819 5335 consequentibus
885 5267 1288 5337 praecedentia,
1338 5267 1394 5321 in
1446 5284 1510 5323 eo
1561 5270 1709 5340 quod
1780 5269 2029 5327 audistis

326 5354 585 5421 apostolo
631 5355 865 5410 Thomas
910 5355 1290 5429 interroganti
1338 5373 1466 5415 esse
1515 5374 1874 5429 responsum.
1928 5360 2029 5415 Di-

324 5443 483 5493 xerat
514 5441 668 5495 enim
701 5445 967 5514 superius
999 5448 1303 5515 Dominus,
1337 5465 1465 5505 cum
1500 5450 1570 5505 de
1620 5450 2028 5507 mansionibus

385 5562 403 5632 ξ
430 5561 592 5632 abest
618 5576 645 5610 a
668 5565 933 5632 plerisque
965 5570 1109 5628 Mss.,
1141 5572 1323 5621 adhuc
1350 5573 1666 5632 fabricatur.

382 5625 403 5659 ²
436 5624 711 5686 Ρνςτρανσε,
740 5624 891 5689 juxta
919 5632 1002 5681 Er.
1034 5624 1200 5696 Lugd.
1234 5638 1287 5685 et
1314 5624 1444 5688 Ven.
1509 5639 1577 5688 Μ.

1279 291 1358 350 ΙΝ
1403 288 1734 352 JOANNIS
1778 284 2320 358 EVANGELIUM,
2364 288 2429 347 S.
2477 286 2912 351 AUGUSTINI

3696 289 3854 350 1816

2146 418 2501 491 loqueretur,
2533 438 2680 493 quas
2711 429 2765 477 et
2795 436 2922 477 esse
2951 421 3103 477 dixit
3135 422 3191 478 in
3226 421 3397 479 domo
3431 424 3625 481 Patris
3657 423 3771 491 sui,
3804 426 3863 479 et

2147 510 2229 566 ire
2263 527 2325 567 se
2357 516 2419 567 ut
2452 516 2738 585 prasparet
2759 528 2857 569 eas
2893 512 3031 579 ;ubi
3064 512 3459 571 intelleximus
3483 518 3540 571 et
3570 531 3697 572 esse
3729 516 3859 587 jam

2147 601 2483 657 mansiones
2515 604 2668 673 ipsas
2699 602 2760 657 in
2786 602 3311 674 predestinatione,
3336 608 3393 659 et
3417 605 3725 678 praeparari
3759 621 3859 662 eas

2150 706 2284 745 cum
2324 707 2525 748 eorum
2559 692 2658 764 qui
2693 692 2772 747 ibi
2818 693 3074 748 mansuri
3118 698 3279 759 sunt,
3313 710 3415 766 per
3471 696 3646 751 ﬁdem
3688 696 3860 752 corda

2145 780 2529 847 mundantur,
2563 782 2840 852 quoniam
2880 781 3004 852 ipsa
3046 782 3143 837 Dei
3193 784 3405 840 domus
3447 784 3557 855 ipsi
3588 790 3765 852 sunt;
3800 788 3858 840 et

2142 870 2283 939 quid
2338 875 2429 927 est
2462 871 2617 927 aliud
2649 887 2882 928 manere
2913 872 2973 927 in
3013 873 3186 929 domo
3236 874 3357 941 Dei,
3393 891 3562 946 quam
3613 890 3739 931 esse
3778 874 3841 931 in

2134 958 2346 1031 populo
2382 961 2500 1029 Dei,
2525 977 2656 1016 cum
2688 961 2842 1017 idem
2869 962 3123 1034 pepulus
3152 970 3239 1019 est
3271 964 3330 1019 in
3369 964 3510 1031 Deo,
3536 970 3587 1020 et
3614 968 3767 1021 Deus
3789 966 3851 1022 in

2135 1065 2201 1106 eo
2216 1051 2244 1104 ’Β
2262 1050 2373 1106 hoc
2395 1054 2457 1105 ut
2480 1054 2845 1123 prapararet,
2878 1051 3156 1107 Dominus
3176 1053 3349 1122 abiit;
3377 1059 3439 1110 ut
3461 1056 3738 1111 credendo
3768 1056 3827 1109 in

2135 1158 2268 1197 eum
2292 1140 2394 1213 qui
2413 1157 2527 1196 non
2549 1139 2798 1209 videtur,
2828 1158 2896 1197 ea
2922 1158 3047 1213 quaa
3069 1142 3126 1197 in
3156 1144 3347 1214 specie
3378 1160 3609 1216 semper
3644 1146 3841 1201 futura

2135 1236 2244 1298 est,
2279 1248 2435 1286 nunc
2468 1247 2569 1302 per
2593 1232 2765 1287 fidem
2798 1233 3029 1288 mansio
3063 1237 3456 1304 praaparetur:
3484 1239 3721 1307 propter
3745 1236 3854 1291 hoc

2138 1336 2272 1392 ergo
2298 1320 2541 1386 dixerat,
2575 1322 2637 1374 Et
2670 1322 2719 1375 si
2749 1320 2957 1386 abiero,
2977 1327 3030 1375 et
3071 1338 3450 1393 pryparavero
3471 1324 3626 1379 vobis
3645 1325 3852 1395 locum,

2136 1416 2332 1471 iterum
2349 1409 2661 1475 venio,ctac
2673 1410 2882 1482 cipiam
2895 1427 2987 1465 vos
3000 1410 3071 1466 ad
3082 1414 3345 1483 meipsum
3355 1421 3435 1477 ,αι
3447 1414 3545 1468 ubi
3553 1429 3653 1484 ego
3668 1430 3787 1469 sum
3805 1419 3857 1470 et

2134 1517 2226 1557 vos
2238 1501 2377 1555 sitis.
2399 1502 2465 1553 Et
2481 1515 2583 1572 quo
2602 1516 2700 1567 ego
2725 1499 2858 1555 vado
2869 1500 3037 1565 scitis,
3053 1504 3101 1557 et
3126 1503 3269 1555 viam
3290 1505 3459 1558 scitis.
3479 1503 3556 1558 Ad
3577 1502 3700 1558 haec
3715 1504 3853 1560 dicit

2135 1589 2189 1647 ei
2238 1591 2462 1645 Thomas
2492 1604 2510 1643 :
2551 1589 2800 1657 Domine,
2832 1592 3103 1645 nescimus
3147 1608 3253 1662 quo
3284 1592 3472 1655 uadis;
3501 1600 3553 1647 et
3580 1593 3855 1664 quomodo

2135 1696 2428 1753 possumus
2453 1680 2601 1735 viam
2624 1679 2805 1735 scire?
2825 1680 3149 1749 Utrumque
3169 1679 3300 1737 illos
3324 1682 3608 1738 Dominus
3632 1683 3854 1739 dixerat

2138 1772 2302 1837 scire,
2334 1775 2649 1842 utrumque
2675 1771 2817 1828 dicit
2848 1770 2958 1827 iste
2991 1771 3235 1835 nescire.
3269 1782 3321 1829 et
3348 1772 3539 1830 locum
3576 1790 3687 1845 quo
3716 1776 3852 1843 itur,
3904 1808 3907 1811 λ

2137 1865 2194 1917 et
2240 1861 2392 1917 viam
2426 1879 2542 1933 qua
2587 1861 2721 1916 itur.
2754 1860 2867 1916 Sed
2916 1862 3103 1917 nescit
3134 1862 3232 1918 ille
3264 1864 3492 1919 mentiri
3530 1879 3544 1917 :
3587 1880 3719 1937 ergo
3755 1865 3850 1920 isti

2140 1950 2424 2017 sciebant,
2456 1953 2513 2006 et
2559 1950 2708 2007 scire
2737 1967 2800 2006 se
2833 1951 3199 2008 nesciebant.
3232 1953 3549 2011 Convincat
3594 1970 3693 2010 eos
3726 1956 3852 2025 jam

2144 2041 2311 2107 scire,
2348 2040 2501 2111 quod
2532 2055 2592 2095 se
2622 2043 2833 2111 putant
2862 2040 3049 2097 adhuc
3102 2057 3287 2113 usque
3337 2042 3582 2100 nescire.
3626 2043 3765 2099 Dicit
3796 2046 3854 2099 ei

2139 2133 2287 2188 Iesus
2319 2148 2337 2184 :
2366 2132 2474 2200 Ego
2501 2146 2615 2185 sum
2642 2129 2753 2196 via,
2786 2132 2835 2185 et
2858 2132 3082 2199 veritas,
3119 2135 3171 2186 et
3200 2133 3335 2187 vita.
3378 2132 3523 2195 Quid
3572 2138 3675 2199 est,
3718 2134 3846 2188 fra-

2139 2218 2304 2277 tres?
2367 2220 2510 2275 Ecce
2567 2218 2889 2274 audivimus
2950 2220 3304 2292 discipulum
3369 2222 3850 2294 interrogantem,

2140 2307 2474 2365 audivimus
2500 2311 2556 2362 et
2594 2306 2935 2377 magistrum
2969 2308 3297 2377 docentem,
3323 2312 3381 2365 et
3411 2310 3669 2367 nondum
3696 2310 3855 2382 capi-

2140 2415 2292 2465 mus,
2344 2397 2517 2453 eliam
2550 2401 2677 2470 post
2706 2414 2905 2454 vocem
2935 2402 3244 2456 sonantem
3264 2443 3278 2468 ,
3311 2400 3663 2457 sententiam
3716 2400 3848 2457 lati-

2139 2493 2377 2545 tantem.
2413 2489 2521 2545 Sed
2558 2488 2696 2560 quid
2747 2505 2863 2545 non
2896 2506 3210 2559 possumus
3260 2491 3516 2563 capere?
3548 2492 3847 2563 Numquid

2138 2581 2408 2649 poterant
2434 2576 2695 2633 eidicere
2727 2578 2988 2650 Apostoli
3013 2580 3138 2647 eius
3168 2595 3298 2636 cum
3332 2580 3549 2649 quibus
3577 2582 3850 2652 loqueba-

2137 2670 2252 2733 tur,
2276 2666 2583 2722 Nescimus
2605 2670 2657 2720 te
2679 2667 2706 2722 ‘t
2727 2667 2976 2724 Proinde
3001 2668 3048 2723 si
3077 2683 3207 2724 eum
3233 2669 3513 2734 sciebant,
3536 2678 3590 2725 et
3609 2672 3699 2724 via
3721 2671 3847 2741 ipse

2136 2760 2249 2825 est,
2280 2755 2429 2812 viam
2478 2757 2745 2813 sciebant
2779 2773 2792 2813 :
2824 2758 2873 2814 si
2910 2775 3043 2815 eum
3076 2760 3361 2826 sciebant,
3396 2768 3448 2816 et
3478 2760 3684 2817 veritas
3714 2760 3848 2832 ipse

2137 2850 2243 2913 est,
2280 2846 2582 2902 veritatem
2615 2848 2879 2903 sciebant
2902 2868 2916 2905 :
2942 2848 2985 2902 si
3022 2865 3154 2904 eum
3187 2848 3475 2915 sciebant,
3501 2853 3556 2905 et
3590 2849 3850 2921 vitaipse

2135 2940 2245 3004 est,
2277 2936 2451 2992 vitam
2486 2936 2766 2993 sciebant.
2801 2936 2941 2993 Ecce
2972 2937 3122 2993 scire
3150 2938 3397 2995 convicti
3426 2942 3569 2995 sunt
3596 2939 3748 3010 quod
3782 2956 3852 2996 se

2136 3028 2284 3083 scire
2321 3027 2679 3083 nesciebant.

2206 3116 2259 3171 2.
2286 3116 2433 3181 Quid
2463 3116 2638 3187 igitur
2669 3119 2725 3171 et
2755 3132 2862 3172 nos
2893 3117 2949 3171 in
2974 3116 3086 3173 isto
3110 3132 3381 3173 sermone
3402 3134 3515 3174 non
3540 3117 3847 3189 cepimus?

2136 3205 2283 3270 Quid
2316 3206 2555 3277 putatis,
2590 3205 2796 3261 fratres
2825 3206 2959 3276 mei,
2992 3206 3104 3263 nisi
3125 3208 3260 3278 quia
3290 3207 3459 3273 dixit,
3489 3208 3555 3263 Et
3578 3224 3684 3279 quo
3705 3207 3846 3263 vado

2137 3298 2291 3352 scitis
2318 3336 2332 3361 ,
2364 3302 2415 3351 et
2438 3298 2581 3350 riam
2610 3297 2760 3352 scitis
2780 3300 2807 3350 ?
2837 3300 2903 3351 Et
2950 3312 3082 3352 ecce
3110 3297 3484 3368 cognovimus
3514 3296 3664 3368 quod
3696 3297 3849 3353 scie-

2138 3387 2281 3441 bant
2309 3385 2484 3452 viam,
2518 3384 2655 3455 quia
2685 3384 2943 3441 sciebant
2974 3386 3167 3457 ipsum
3201 3386 3302 3459 qui
3333 3390 3419 3442 est
3446 3386 3539 3443 via
3570 3402 3583 3440 :
3618 3386 3716 3442 sed
3752 3385 3849 3442 via

2140 3478 2229 3531 est
2258 3490 2373 3545 qua
2393 3474 2548 3542 itur;
2584 3475 2869 3546 numquid
2894 3476 2986 3532 via
3007 3479 3094 3531 est
3122 3481 3175 3532 et
3197 3492 3309 3547 quo
3331 3476 3449 3532 itur
3467 3476 3495 3531 ‘t
3519 3474 3849 3547 Utrumque

2141 3569 2333 3621 autem
2369 3563 2500 3621 illos
2520 3565 2746 3621 dixerat
2777 3566 2941 3633 scire,
2976 3570 3032 3622 et
3063 3582 3177 3639 quo
3199 3567 3374 3635 vadit,
3401 3570 3457 3623 et
3486 3567 3660 3624 viam.
3682 3568 3847 3639 Opus

2140 3670 2277 3727 ergo
2324 3658 2449 3710 erat
2478 3658 2544 3710 ut
2573 3654 2807 3723 diceret,
2841 3658 2949 3728 Ego
2978 3674 3101 3713 sum
3130 3656 3243 3724 via,
3277 3661 3342 3714 ut
3372 3658 3703 3714 ostenderet
3743 3672 3851 3713 eos

2142 3745 2239 3817 qui
2270 3761 2401 3801 eum
2434 3745 2671 3811 scirent,
2704 3745 2853 3802 viam
2886 3747 3031 3804 scire
3061 3765 3239 3821 quam
3271 3752 3616 3820 putaverant
3643 3764 3706 3804 se
3738 3764 3848 3805 ne-

2141 3837 2289 3893 scire
2322 3853 2334 3891 :
2370 3836 2508 3907 quid
2542 3842 2735 3891 autem
2761 3854 2908 3909 opus
2929 3843 3051 3895 erat
3082 3843 3145 3894 ut
3180 3839 3419 3907 diceret,
3444 3842 3548 3911 Ego
3577 3856 3694 3895 sum
3722 3840 3843 3909 via,

2138 3930 2188 3981 et
2211 3924 2436 3995 veritas,
2469 3930 2517 3980 et
2550 3928 2680 3986 vita.
2714 3942 2847 3981 cum
2900 3928 2989 3982 via
3020 3928 3248 3999 cognita
3280 3946 3397 4000 qua
3440 3930 3570 3998 iret,
3602 3931 3850 3984 restaret

2141 4030 2312 4070 nosse
2342 4032 2457 4085 quo
2488 4015 2633 4083 iret;
2668 4016 2779 4071 nisi
2812 4017 2949 4086 quia
2978 4016 3098 4073 ibat
3141 4019 3212 4073 ad
3244 4018 3573 4087 veritatem,
3606 4018 3727 4072 ibat
3770 4019 3848 4073 ad

2139 4105 2315 4160 vitam
2338 4104 2364 4157 ?
2383 4105 2505 4160 Ibat
2525 4121 2660 4176 ergo
2686 4106 2755 4160 ad
2774 4106 3054 4177 seipsum,
3080 4124 3181 4177 per
3207 4109 3491 4180 seipsum.
3511 4111 3576 4163 Et
3599 4124 3708 4163 nos
3728 4123 3850 4177 quo

2139 4194 2317 4261 imus,
2352 4193 2464 4249 nisi
2495 4195 2563 4249 ad
2597 4195 2789 4267 ipsum
2810 4195 2837 4250 ?
2878 4199 2934 4251 et
2963 4214 3077 4269 qua
3106 4198 3287 4264 imus,
3322 4197 3439 4253 nisi
3471 4212 3574 4269 per
3603 4197 3801 4268 ipsum
3823 4197 3854 4251 ?

2142 4285 2269 4356 Ipse
2301 4284 2479 4355 igitur
2509 4284 2579 4338 ad
2612 4284 2873 4354 seipsum
2924 4301 3026 4356 per
3065 4286 3320 4357 seipsum
3350 4311 3364 4354 ;
3390 4302 3497 4341 nos
3546 4285 3617 4341 ad
3651 4285 3853 4355 ipsum

2140 4390 2242 4445 per
2272 4374 2466 4444 ipsum
2500 4389 2512 4427 :
2548 4372 2662 4428 imo
2695 4389 2822 4428 vero
2853 4379 2911 4429 et
2957 4375 3030 4430 ad
3080 4379 3308 4431 Patrem
3366 4378 3423 4430 et
3473 4374 3596 4445 ipse
3628 4380 3681 4429 et
3715 4390 3848 4431 nos.

2139 4463 2284 4519 Nam
2317 4467 2375 4518 et
2403 4462 2474 4518 de
2505 4462 2697 4533 seipse
2726 4462 2862 4519 alibi
2893 4463 3058 4532 dicit,
3089 4464 3167 4520 Ad
3210 4466 3436 4521 Patrem
3481 4462 3622 4520 vado
3654 4465 3852 4534 (Joan.

2139 4570 2250 4621 xvr,
2286 4552 2371 4624 10)
2407 4567 2420 4608 :
2454 4562 2510 4607 et
2558 4551 2664 4607 hoc
2693 4551 2818 4609 loco
2848 4557 3081 4625 propter
3130 4570 3256 4622 nos,
3288 4559 3482 4623 Nemo,
3511 4553 3725 4624 inquit,
3753 4570 3854 4610 ve-

2140 4642 2310 4698 nitad
2330 4643 2571 4710 Patrem,
2594 4642 2705 4697 nisi
2724 4657 2823 4714 per
2863 4658 2968 4698 me.
2996 4645 3076 4698 Ac
3108 4659 3210 4715 per
3242 4643 3349 4699 boc
3380 4646 3437 4698 et
3469 4642 3595 4714 ipse
3627 4656 3731 4714 per
3754 4659 3853 4699 se-

2140 4731 2330 4803 ipsum
2361 4734 2417 4786 et
2448 4729 2518 4785 ad
2548 4731 2805 4802 seipsum
2836 4734 2893 4786 et
2917 4730 2989 4785 ad
3024 4730 3273 4798 Patrem,
3306 4733 3362 4786 et
3395 4746 3501 4787 nos
3524 4745 3627 4802 per
3648 4730 3855 4802 ipsum

2141 4824 2199 4878 et
2233 4821 2299 4876 ad
2352 4820 2545 4892 ipsum
2577 4824 2633 4874 et
2664 4819 2738 4875 ad
2767 4821 3012 4876 Patrem.
3046 4822 3187 4887 Quis
3231 4820 3353 4876 hac
3384 4819 3561 4891 capit,
3595 4821 3711 4877 nisi
3743 4823 3853 4893 qui

2140 4910 2523 4984 spiritualiter
2571 4910 2767 4980 sapit?
2790 4910 2855 4966 Et
2904 4916 3192 4982 quantum
3232 4917 3315 4966 est
3347 4910 3503 4981 quod
3538 4909 3632 4966 hic
3664 4911 3852 4984 capit,

2140 4998 2371 5058 etiamsi
2404 4997 2778 5069 spiritualiter
2825 4997 3022 5067 sapit?
3052 4998 3305 5064 Fratres,
3342 4998 3480 5068 quid
3528 5015 3561 5052 a
3605 5015 3700 5054 me
3740 5001 3855 5057 ista

2140 5090 2298 5146 vobis
2331 5087 2505 5142 vultis
2535 5084 2791 5157 exponi?
2821 5085 3080 5157 Cogitate
3111 5102 3286 5159 quam
3321 5086 3552 5143 excelsa
3583 5086 3724 5142 sint.
3745 5088 3853 5143 Vi-

2141 5179 2291 5235 detis
2322 5179 2458 5249 quid
2491 5176 2622 5242 sim,
2665 5176 2827 5230 video
2878 5176 3019 5246 quid
3050 5176 3179 5232 sitis
3216 5193 3227 5231 :
3261 5176 3321 5231 in
3352 5175 3628 5232 omnibus
3680 5177 3853 5233 nobis

2140 5285 2345 5339 corpus
2366 5267 2520 5339 quod
2543 5264 2937 5336 corrumpitur
2963 5270 3235 5337 aggravat
3265 5266 3548 5334 animam,
3571 5269 3631 5319 et
3655 5265 3851 5336 depri-

2138 5358 2247 5413 mit
2292 5362 2515 5412 terrena
2565 5354 2913 5410 inbabitatio
2962 5370 3205 5411 sensum
3258 5354 3447 5412 multa
3486 5354 3847 5425 cogitantem

2136 5447 2289 5515 (Sap.
2322 5466 2398 5513 ιχ,
2436 5448 2540 5517 15),
2575 5447 2934 5501 Putamusne
2965 5462 3282 5517 possumus
3312 5445 3527 5501 dicere.
3562 5444 3641 5499 Ad
3690 5449 3741 5501 te
3772 5447 3849 5502 Ie-

2136 5540 2264 5594 vavi
2307 5541 2554 5593 animam
2582 5551 2779 5605 meam,
2816 5538 2910 5607 qui
2940 5536 3151 5593 habitas
3183 5537 3243 5591 in
3291 5535 3428 5591 cisio
3459 5534 3635 5603 (Psal.
3664 5551 3845 5604 cum,

2140 5627 2191 5698 1)
2211 5625 2240 5683 τ
2260 5628 2368 5683 Sed
2399 5626 2508 5682 sub
2538 5628 2697 5682 tanto
2719 5625 2973 5697 pondere
2992 5625 3093 5682 ubi
3126 5623 3570 5697 iugcmiscimus
3589 5625 3841 5694 gravati,
