4148 6190
326 262 478 321 1817

327 395 619 468 quomodo
642 393 845 452 levabo
860 393 1118 449 animam
1143 408 1351 462 meam,
1377 394 1486 449 nisi
1512 411 1738 452 mecum
1763 397 1908 454 levet
1931 400 2031 471 qui

327 487 526 559 posuit
556 501 658 557 pro
690 500 784 540 me
815 500 985 540 suam
1017 483 1045 538 ?
1072 483 1272 540 Dicam
1300 501 1433 556 ergo
1462 486 1611 557 quod
1638 503 1899 559 possum,
1934 507 2033 547 ca-

322 576 447 647 piat
475 579 734 631 vestrum
786 574 885 646 qui
932 578 1144 645 potest.
1178 575 1301 639 Quo
1349 574 1602 631 donante
1632 575 1782 645 dico,
1836 594 1902 634 eo
1934 579 2033 635 do-

318 670 503 722 nante
534 665 694 738 capit
717 664 813 737 qui
836 663 1158 734 capit,eteo
1190 666 1441 720 donante
1462 666 2032 738 creditquiuondum

312 759 495 828 capit.
528 756 655 812 Nisi
674 756 829 811 enim
856 752 1222 821 credideritis,
1252 754 1442 825 inquit
1474 755 1773 827 propheta,
1806 773 1911 813 non
1943 758 2031 813 in-

310 845 593 918 telligetis
624 847 749 918 (Isa.
783 861 882 912 vn,
913 845 968 912 9,
999 858 1102 900 sec.
1129 843 1309 912 LXX).

386 937 445 991 3.
480 936 581 991 Dic
613 933 782 1001 mihi,
817 933 1057 989 Domine
1090 948 1272 1002 meus,
1305 932 1444 1005 quid
1478 933 1667 989 dicam
1701 936 1883 991 servis
1916 937 2034 993 tuis

306 1025 618 1082 conservis
642 1023 785 1080 meis
804 1023 831 1077 τ
852 1022 1108 1078 Thomas
1132 1021 1431 1094 apostolus
1455 1026 1519 1077 ut
1552 1026 1605 1078 te
1628 1022 2028 1096 interrogaret,

306 1116 523 1172 habuit
554 1119 609 1171 te
641 1120 774 1169 ante
807 1128 907 1179 se;
946 1128 1049 1168 nec
1072 1116 1268 1167 tamen
1302 1111 1655 1183 intelligeret
1686 1117 1762 1183 te,
1791 1115 1905 1171 nisi
1928 1115 2028 1172 ha-

306 1207 476 1262 beret
504 1205 565 1260 in
596 1219 659 1260 se
693 1221 705 1258 :
742 1219 844 1273 ego
869 1201 1163 1272 interrogo
1196 1206 1269 1268 te,
1295 1201 1430 1273 quia
1464 1207 1517 1257 te
1547 1203 1664 1259 scio
1696 1220 1823 1259 esse
1854 1222 2029 1276 super

306 1310 405 1351 me
440 1312 454 1361 ;
487 1295 782 1364 interrogo
814 1297 1005 1347 autem
1038 1291 1100 1346 in
1131 1295 1413 1361 quantum
1456 1308 1692 1363 possum
1728 1309 1903 1366 super
1935 1312 2025 1350 me

302 1385 607 1441 effundere
628 1385 885 1441 animam
910 1400 1125 1453 meam,
1145 1383 1243 1440 ubi
1267 1400 1382 1439 non
1404 1388 1714 1440 sonantem
1750 1388 1805 1439 et
1825 1388 2022 1440 tamen

303 1476 612 1531 docentem
659 1474 896 1530 audiam
944 1476 1019 1530 te.
1054 1473 1156 1528 Dic
1205 1472 1372 1540 mihi,
1421 1472 1681 1542 obsecro,
1732 1476 2021 1544 quomodo

305 1565 471 1622 vadis
504 1565 575 1620 ad
609 1568 682 1621 te.
706 1564 1150 1637 Numquidnam
1175 1568 1240 1619 ut
1267 1564 1494 1619 venires
1527 1565 1593 1620 ad
1628 1580 1753 1633 nos,
1779 1564 2021 1637 relique-

301 1672 405 1711 ras
440 1660 528 1711 te:
565 1654 815 1711 maxime
848 1655 987 1727 quia
1017 1671 1131 1709 non
1165 1670 1198 1708 a
1229 1653 1413 1725 teipse
1455 1652 1684 1721 venisti,
1718 1654 1818 1709 sed
1852 1654 2020 1711 Pater

302 1750 363 1802 te
398 1744 557 1801 misit
582 1745 610 1800 ?
639 1745 771 1802 Seio
796 1745 1028 1816 quidem
1060 1744 1215 1815 quod
1249 1746 1303 1799 te
1323 1743 1721 1811 exinanisisti;
1755 1745 1855 1800 sed
1878 1746 2017 1816 quia

300 1836 556 1891 formam
580 1834 732 1891 servi
765 1833 1039 1906 accepisti
1070 1832 1344 1903 (Philipp.
1378 1849 1441 1897 ιι,
1471 1833 1550 1904 7),
1584 1850 1698 1887 non
1732 1832 1865 1904 quia
1899 1834 2011 1888 for-

301 1941 463 1980 mam
518 1924 614 1981 Dei
663 1924 749 1980 vel
791 1925 860 1981 ad
911 1941 1085 1996 quam
1137 1924 1353 1980 redires
1383 1922 1690 1991 demisisti,
1723 1923 1805 1977 vel
1838 1939 2012 1994 quam

303 2016 599 2087 reciperes
648 2015 849 2071 amisti
901 2030 914 2069 :
965 2022 1019 2071 et
1068 2017 1264 2070 tamen
1318 2013 1551 2082 venisti,
1584 2017 1640 2068 et
1682 2029 1795 2068 non
1823 2012 2011 2069 solum

303 2121 491 2177 usque
531 2106 599 2161 ad
650 2105 911 2161 carnales
969 2103 1190 2172 oculos,
1225 2119 1426 2159 verum
1486 2102 1658 2159 etiam
1703 2119 1889 2174 usque
1938 2105 2009 2160 ad

295 2211 513 2251 manus
533 2194 842 2251 hominum
866 2192 1202 2266 pervenisti.
1224 2192 1547 2259 Quomodo,
1573 2192 1687 2247 nisi
1718 2192 1776 2247 in
1796 2208 1965 2248 carne
1982 2193 2010 2249 τε

295 2287 409 2341 Per
439 2285 591 2341 hanc
622 2284 835 2343 venisti
865 2299 1109 2340 manens
1162 2282 1262 2338 ubi
1294 2298 1446 2348 eras,
1479 2299 1580 2353 per
1612 2282 1759 2338 hanc
1809 2282 2007 2339 redisti

292 2391 413 2431 non
444 2374 776 2446 relinquens
801 2390 917 2444 quo
947 2388 1208 2429 veneras.
1237 2371 1297 2427 Si
1330 2387 1463 2444 ergo
1495 2388 1595 2443 per
1620 2371 1771 2428 hanc
1797 2373 2009 2430 venisti

294 2467 352 2519 et
382 2462 621 2532 redisti;
650 2479 749 2533 per
782 2462 928 2519 hanc
959 2460 1361 2534 proculdubio
1386 2477 1499 2516 non
1531 2459 1719 2516 solum
1753 2462 1919 2517 nobis
1942 2478 2003 2518 es

292 2570 413 2626 qua
443 2554 773 2609 veniremus
804 2553 875 2608 ad
927 2556 1003 2621 te,
1036 2567 1236 2607 verum
1268 2549 1441 2607 etiam
1478 2550 1584 2606 tibi
1615 2566 1730 2621 qua
1778 2550 2004 2608 venires

289 2645 349 2697 et
379 2641 616 2710 redires,
648 2640 739 2696 via
785 2640 967 2696 fuisti.
1001 2638 1143 2695 Cum
1192 2655 1324 2694 vero
1355 2639 1422 2695 ad
1472 2639 1669 2705 vitam,
1730 2640 1881 2709 quod
1937 2656 2001 2697 es

287 2730 436 2801 ipse,
454 2729 550 2785 isti
586 2748 599 2796 ;
630 2729 897 2785 eamdem
954 2728 1207 2799 profecto
1234 2742 1466 2782 carnem
1499 2735 1658 2783 tuam
1692 2728 1762 2783 de
1817 2732 1999 2785 morte

286 2821 361 2875 ad
395 2819 574 2875 vitam
608 2818 845 2874 duxisti.
870 2817 1039 2874 Aliud
1065 2817 1278 2889 quippe
1301 2816 1399 2874 Dei
1423 2816 1675 2873 Verbum
1708 2822 1813 2889 est,
1837 2819 1995 2875 aliud

283 2910 461 2966 homo
496 2928 508 2965 :
543 2910 643 2965 sed
676 2909 934 2965 Verbum
985 2924 1117 2965 caro
1150 2909 1368 2964 factum
1421 2912 1531 2976 est,
1566 2907 1618 2963 id
1652 2912 1739 2963 est
1797 2908 1991 2964 homo.

281 3000 415 3057 Non
445 3000 641 3070 itaque
668 2997 782 3055 alia
801 2998 1001 3066 Verbi,
1032 2997 1148 3054 alia
1166 3002 1254 3053 est
1278 2996 1532 3054 hominis
1550 3013 1824 3069 persona,
1847 3015 1995 3069 quo-

276 3090 441 3147 niam
474 3094 788 3161 utrumque
816 3092 908 3145 est
924 3086 1192 3144 Christus
1223 3104 1342 3143 una
1362 3103 1606 3158 persona
1630 3103 1643 3141 :
1670 3104 1736 3143 ac
1768 3104 1869 3159 per
1886 3089 1992 3146 hoc

277 3180 772 3253 quemadmodum
829 3195 961 3235 caro
1011 3194 1144 3233 cum
1178 3181 1405 3234 mortua
1453 3181 1565 3243 est,
1599 3176 1864 3234 Christus
1904 3184 1992 3235 est

276 3275 587 3338 mortuus;
618 3276 674 3327 et
697 3286 834 3327 cum
865 3284 998 3325 caro
1016 3268 1242 3341 sepulta
1271 3272 1377 3336 est,
1401 3267 1672 3324 Christus
1695 3276 1780 3325 est
1800 3270 1989 3342 sepul-

276 3365 374 3418 tus
403 3361 509 3432 (sic
538 3360 693 3417 enim
735 3361 909 3416 corde
964 3359 1255 3415 credimus
1297 3359 1368 3414 ad
1411 3358 1723 3431 justitiam,
1755 3360 1838 3416 sic
1894 3378 1991 3417 ore

276 3448 706 3506 confessionem
741 3448 987 3504 facimus
1022 3448 1091 3504 ad
1124 3446 1372 3504 salutem
1422 3448 1595 3519 [Rom
1620 3466 1676 3518 χ,
1711 3450 1822 3521 10])
1856 3467 1869 3519 ;
1911 3451 1988 3506 ita

275 3554 404 3595 cum
437 3555 570 3596 care
616 3555 649 3595 a
679 3545 862 3595 morte
892 3537 1050 3594 venit
1075 3538 1146 3593 ad
1184 3537 1387 3606 vitam,
1420 3537 1682 3596 Christus
1728 3540 1884 3597 venit
1915 3543 1984 3597 ad

272 3630 481 3686 vitam.
519 3628 585 3684 Et
641 3627 780 3700 quia
822 3627 1076 3685 Verbum
1124 3626 1225 3685 Dei
1281 3627 1548 3685 Christus
1577 3634 1683 3701 est,
1717 3630 1986 3691 Christus

278 3722 369 3775 est
397 3718 535 3773 vita.
562 3718 645 3773 Ita
678 3716 825 3772 miro
847 3716 1098 3786 quodam
1130 3719 1187 3772 et
1208 3715 1490 3772 ineffabili
1514 3719 1702 3785 modo,
1723 3719 1822 3791 qui
1842 3736 1988 3778 nun-

274 3822 455 3879 quam
480 3805 718 3862 demisit
746 3805 836 3861 vel
868 3805 1066 3861 amisit
1097 3805 1378 3876 seipsum,
1412 3807 1568 3861 venit
1600 3807 1669 3862 ad
1703 3808 1983 3880 seipsum.

274 3894 525 3951 Venerat
555 3902 775 3962 autem,
808 3898 869 3949 ut
899 3893 1121 3949 dictum
1155 3898 1263 3963 est,
1296 3911 1398 3966 per
1443 3910 1676 3951 carnem
1731 3901 1880 3954 Deus
1912 3900 1985 3956 ad

277 3985 571 4054 homines,
603 3985 814 4041 veritas
851 3985 921 4040 ad
974 3985 1329 4041 mendaces:
1384 3986 1533 4042 Deus
1581 3987 1738 4043 enim
1789 4005 1981 4059 verax,

272 4074 467 4131 omnis
497 4078 695 4131 autem
725 4073 896 4131 homo
930 4075 1176 4131 mendax
1210 4075 1309 4147 (Id.
1362 4092 1447 4143 ιιι,
1481 4077 1557 4147 4).
1616 4076 1759 4135 Cum
1791 4078 1983 4152 itaque

271 4164 341 4221 ab
368 4164 718 4221 hominibus
731 4163 1187 4236 abstulit,atque
1205 4165 1337 4222 illuc
1362 4166 1456 4222 ubi
1483 4183 1651 4225 nemo
1673 4170 1980 4238 mentitur,

270 4270 503 4312 carnem
536 4271 704 4311 suam
736 4255 941 4312 levavit
974 4275 989 4324 ;
1022 4254 1175 4311 idem
1205 4256 1351 4329 ipse,
1383 4258 1518 4327 quia
1565 4260 1818 4315 Verbum
1849 4277 1980 4318 caro

275 4346 495 4402 factum
527 4353 635 4413 est,
660 4361 761 4417 per
790 4344 1066 4417 seipsum,
1100 4345 1155 4401 id
1190 4350 1277 4401 est
1307 4363 1411 4418 per
1438 4364 1693 4420 carnem,
1721 4351 1794 4405 ad
1838 4351 1979 4406 veri-

269 4437 479 4503 tatem,
505 4434 657 4505 quod
686 4438 776 4490 est
797 4435 942 4507 ipse,
976 4433 1274 4491 remeavit.
1300 4437 1482 4503 Quam
1508 4437 1741 4508 quidem
1773 4440 1981 4496 verita-

275 4527 413 4590 tem,
450 4523 715 4594 quamvis
745 4524 891 4579 inter
923 4524 1252 4592 mendaces,
1285 4529 1341 4581 et
1382 4526 1443 4582 in
1476 4530 1661 4582 morte
1690 4531 1975 4587 servavit:

272 4612 598 4686 aliquanda
618 4614 773 4670 enim
805 4613 1071 4671 Christus
1102 4614 1214 4671 fuit
1236 4620 1522 4687 mortuus,
1546 4618 1648 4675 sed
1676 4635 1975 4693 nunquam

268 4703 376 4761 fuit
406 4703 617 4761 falsus.

339 4795 393 4849 4.
452 4793 714 4866 Accipite
770 4794 1039 4867 quamvis
1092 4795 1377 4853 diversum
1440 4801 1497 4855 et
1552 4799 1722 4875 longe
1789 4804 1977 4877 impar

264 4882 617 4956 exemplum,
650 4887 841 4941 tamen
865 4889 1181 4957 utcumque
1212 4889 1282 4944 ad
1305 4888 1745 4962 intelligendum
1768 4895 1971 4971 Deum,

262 4988 329 5029 ex
355 4973 448 5029 his
470 4989 595 5044 quae
616 4974 854 5046 propius
890 4975 1153 5047 subjecta
1194 4986 1333 5033 sunt
1352 4977 1484 5034 Deo.
1512 4982 1653 5037 Ecce
1675 5000 1779 5056 ego
1826 4987 1970 5059 ipse,

263 5066 551 5135 quantum
572 5062 779 5119 attinet
800 5063 874 5120 ad
895 5063 1158 5121 animum
1178 5081 1397 5135 meum,
1413 5084 1542 5125 cum
1567 5069 1671 5127 hoc
1693 5073 1800 5130 sim
1816 5080 1970 5147 quod

260 5150 397 5208 estis
427 5155 487 5207 et
516 5166 639 5219 vos,
673 5151 723 5207 si
767 5155 947 5222 taceo,
978 5156 1127 5226 apud
1161 5155 1450 5228 meipsum
1484 5175 1611 5215 sum
1648 5179 1660 5217 :
1696 5162 1745 5217 si
1775 5169 1969 5224 autem

260 5240 465 5313 loquor
492 5240 661 5297 vobis
694 5243 850 5314 quod
897 5243 1254 5318 intelligetis,
1291 5248 1723 5320 quodammodo
1754 5256 1828 5311 ad
1869 5273 1971 5314 vos

260 5329 531 5403 procede,
564 5345 672 5387 nec
705 5347 797 5388 me
834 5332 1122 5406 relinquo,
1157 5335 1256 5393 sed
1284 5341 1341 5393 et
1394 5340 1465 5395 ad
1500 5356 1597 5396 vos
1630 5344 1863 5413 accedo,
1913 5352 1970 5405 et

261 5436 371 5476 non
393 5418 599 5475 recedo
632 5419 786 5475 unde
816 5423 1084 5493 procede.
1115 5425 1259 5482 Cum
1292 5430 1489 5482 autem
1524 5432 1777 5499 tacuere,
1814 5451 1965 5506 quo-

257 5508 565 5565 dammodo
596 5508 670 5563 ad
702 5523 795 5565 me
812 5510 1002 5603 redeo
1035 5528 1050 5583 ;
1080 5516 1143 5603 et
1191 5516 1621 5587 quodammodo
1662 5520 1969 5603 vobiscum

1495 259 1969 326 ‘I‘RACTATUS
2013 265 2195 328 LXX.
2242 266 2496 333 CAPUT
2540 273 2695 334 XIV.

3701 294 3856 355 1818

2145 402 2293 460 dico.
2326 406 2382 459 Si
2422 407 2530 464 hoc
2564 412 2744 480 potest
2775 412 2963 485 imago
2995 430 3171 487 quam
3206 418 3336 476 fecit
3366 422 3542 494 Deus,
3578 429 3712 499 quid
3748 446 3853 501 po-

2146 502 2256 554 test
2285 516 2399 556 non
2434 502 2600 559 aDeo
2623 504 2792 573 facta,
2811 508 2909 562 sed
2936 522 3003 563 ex
3028 513 3139 567 Deo
3171 520 3305 568 nata
3330 514 3519 588 imago
3540 519 3638 575 Dei
3663 521 3814 577 Deus
3838 538 3851 577 :

2144 588 2314 659 cujus
2344 588 2509 660 illud,
2544 608 2658 665 quo
2676 596 2742 650 ad
2776 613 2880 652 nos
2903 612 3169 669 egressus
3192 607 3300 671 est,
3326 605 3455 661 etin
3483 625 3596 679 quo
3628 626 3661 665 a
3684 611 3852 666 nobis

2145 691 2444 748 regressus
2490 685 2595 747 est,
2644 698 2879 753 corpus,
2915 702 3028 742 non
3082 689 3236 745 sicut
3284 708 3449 749 meus
3500 698 3733 768 elapsus
3763 704 3853 755 est

2146 784 2348 837 sonus,
2395 773 2496 827 sed
2529 779 2724 830 manet
2756 777 2833 831 ibi
2878 778 2976 833 ubi
3002 781 3123 851 jam
3158 799 3270 839 non
3307 788 3570 857 moritur,
3605 796 3662 846 et
3692 808 3849 848 mors

2144 858 2195 913 ei
2228 860 2375 915 ultra
2407 879 2520 919 non
2568 865 2962 924 dominabitur
2991 871 3163 941 (Rom.
3196 890 3271 944 v1,
3301 878 3407 945 9)?
3437 880 3613 935 Multa
3652 883 3722 938 de
3754 883 3847 940 his

2139 950 2477 1021 evangelisti
2501 954 2691 1010 verbis
2732 956 2922 1013 adhuc
2955 960 3067 1015 dici
3102 963 3344 1021 fortasse
3372 972 3635 1037 poterant
3665 976 3722 1027 et
3752 973 3847 1028 de-

2139 1037 2380 1095 bebant:
2418 1042 2518 1096 sed
2553 1060 2665 1099 non
2691 1054 2822 1101 sunt
2847 1050 3020 1105 corda
3051 1058 3242 1109 vestra
3273 1056 3674 1126 spiritualibus
3697 1061 3845 1117 cibis

2139 1129 2465 1199 quamlibet
2496 1134 2774 1191 suavibus
2806 1142 3135 1209 oneranda;
3172 1146 3421 1201 maxime
3446 1148 3580 1218 quia
3603 1151 3845 1222 spiritus

2137 1223 2444 1289 promptus
2480 1225 2586 1288 est,
2622 1238 2754 1278 caro
2785 1230 2977 1282 autem
3032 1228 3257 1287 infirma
3286 1234 3500 1303 (Matth.
3535 1254 3691 1303 xxvx,
3724 1239 3836 1310 41).

2675 1313 3097 1374 TRACTATUS
3141 1320 3305 1377 LXX.

2134 1396 2205 1453 De
2233 1413 2293 1453 eo
2323 1399 2468 1470 quod
2509 1401 2769 1459 Dominus
2813 1408 2912 1473 ait,
2962 1408 3020 1462 Si
3054 1412 3464 1480 cognovissetis
3498 1433 3609 1483 me,
3646 1423 3702 1473 et
3727 1423 3839 1475 Pa-

2202 1490 2350 1543 trem
2385 1506 2580 1546 meum
2602 1492 2802 1565 utique
2826 1498 3245 1567 cognovissetis
3278 1521 3292 1569 ;
3329 1519 3496 1575 usque
3524 1507 3687 1573 adid,
3712 1508 3838 1566 Non

2199 1580 2389 1634 credis
2422 1582 2557 1670 quia
2590 1598 2694 1654 ego
2726 1585 2783 1639 in
2817 1585 3001 1655 Patre,
3034 1593 3091 1644 et
3126 1590 3289 1647 Pater
3318 1592 3375 1648 in
3412 1611 3503 1651 me
3532 1600 3621 1652 est
3648 1596 3675 1650 ?
3706 1598 3837 1670 Cap.

2198 1683 2313 1733 xxv,
2348 1671 2401 1739 ᾖ.
2434 1668 2581 1724 7-10.

2201 1756 2251 1812 1.
2284 1758 2467 1813 Verba
2499 1762 2689 1816 sancti
2732 1763 3051 1835 Evangelii,
3080 1768 3312 1837 fratres,
3347 1772 3426 1829 ita
3474 1778 3624 1830 recte
3668 1776 3835 1833 intel-

2125 1842 2410 1916 liguntur,
2433 1848 2480 1902 si
2502 1865 2631 1905 cum
2656 1853 3055 1923 superioribus
3081 1860 3453 1927 reperiuntur
3477 1864 3685 1920 habere
3708 1883 3835 1923 con-

2127 1934 2380 1990 cordiam
2415 1953 2427 1992 :
2461 1940 2768 1995 convenire
2800 1943 2955 1998 enim
2978 1946 3192 2003 debent
3223 1953 3605 2019 praecedentia
3636 1970 3828 2011 conse-

2124 2032 2465 2103 quentibus,
2496 2038 2729 2105 quando
2751 2040 2961 2096 veritas
2992 2042 3266 2113 loquitur.
3299 2049 3581 2121 Superius
3604 2052 3836 2107 dixerat

2122 2122 2422 2177 Dominus.
2450 2146 2477 2173 ‹‹
2502 2125 2567 2180 Et
2596 2127 2643 2181 si
2668 2127 2886 2195 abiero,
2914 2135 2971 2185 et
2994 2147 3390 2203 prmparavero
3414 2138 3577 2194 vobis
3597 2140 3786 2196 locum
3814 2160 3826 2207 ;

2120 2210 2331 2266 iterum
2364 2214 2548 2283 venio,
2573 2223 2624 2269 et
2647 2216 2927 2288 accipiam
2959 2237 3060 2277 vos
3078 2223 3152 2278 ad
3177 2227 3487 2296 meipsum,
3516 2237 3575 2282 ut
3608 2231 3833 2301 uhiego

2118 2316 2272 2361 sum,
2293 2304 2462 2358 etvos
2484 2303 2611 2360 silis
2635 2323 2647 2361 :
2669 2328 2696 2356 ››
2718 2307 2927 2364 deinde
2947 2310 3271 2381 addiderat,
3287 2338 3312 2362 σε
3341 2316 3410 2370 Et
3432 2333 3546 2387 quo
3559 2334 3660 2387 ego
3682 2321 3828 2375 vado

2116 2388 2364 2479 scitis,et
2381 2390 2532 2446 viam
2549 2393 2741 2462 scitis;
2764 2418 2789 2443 »
2805 2396 3064 2469 nihilque
3079 2400 3235 2473 aliud
3256 2405 3652 2461 ostenditesse
3667 2409 3823 2479 quod

2115 2476 2276 2545 dixit,
2304 2478 2416 2534 nisi
2438 2481 2576 2551 quia
2605 2482 2794 2552 ipsum
2818 2485 3100 2542 sciebant.
3126 2490 3274 2553 Quid
3308 2507 3439 2563 ergo
3461 2498 3613 2550 esset
3636 2476 3717 2550 ire
3749 2498 3818 2551 ad

2113 2568 2370 2639 seipsum
2426 2586 2528 2639 per
2575 2572 2860 2644 seipsum,
2892 2578 3045 2646 quod
3098 2580 3270 2635 etiam
3326 2583 3632 2655 discipulis
3679 2602 3831 2656 pra-

2112 2661 2228 2712 stat
2250 2662 2313 2712 ut
2335 2664 2469 2714 eant
2489 2660 2556 2714 ad
2575 2661 2762 2732 ipsum
2780 2680 2881 2735 per
2922 2666 3139 2736 ipsum,
3161 2674 3225 2724 ut
3244 2672 3543 2741 potuimus
3568 2676 3813 2744 pristino

2108 2761 2373 2803 sermone
2399 2749 2525 2817 jam
2575 2751 2848 2808 diximus.
2882 2755 3041 2818 Quod
3090 2758 3288 2830 itaque
3320 2761 3420 2831 ait,
3457 2764 3518 2819 Ut
3574 2765 3671 2819 ubi
3719 2770 3813 2836 ego

2105 2851 2244 2906 sum,
2278 2844 2331 2892 et
2358 2854 2446 2893 vos
2477 2841 2622 2910 sitis,
2654 2841 2753 2897 ubi
2784 2848 2951 2899 erant
2982 2847 3158 2903 futuri
3190 2850 3300 2905 nisi
3322 2850 3377 2905 in
3412 2852 3535 2924 ipso
3555 2855 3584 2908 ?
3612 2857 3688 2909 Ac
3715 2872 3815 2927 per

2106 2924 2217 2982 hoc
2247 2932 2336 2982 est
2364 2928 2539 2983 etiam
2589 2929 2715 3001 ipse
2745 2933 2801 2986 in
2853 2936 3068 3006 seipse,
3100 2941 3157 2993 et
3188 2939 3314 2996 ideo
3361 2942 3439 2997 ibi
3491 2942 3573 2998 illi
3608 2924 3729 2999 ubi'
3758 2951 3812 3001 et

2105 3014 2251 3086 ipse,
2301 3014 2360 3070 id
2391 3020 2498 3084 est,
2542 3017 2600 3071 in
2636 3018 2783 3090 ipso.
2818 3023 2947 3093 Ipse
2978 3030 3067 3080 est
3115 3027 3293 3099 igitur
3323 3031 3441 3086 vita
3485 3038 3700 3090 interna
3750 3037 3809 3092 in

2104 3120 2220 3178 qua
2250 3105 2427 3160 futuri
2459 3122 2689 3176 sumus,
2717 3126 2849 3165 cum
2897 3117 3184 3186 acceperit
3214 3134 3320 3175 nos
3355 3124 3424 3176 ad
3457 3138 3514 3177 se
3547 3141 3559 3177 :
3595 3129 3653 3180 et
3682 3125 3810 3197 ipsa

2102 3193 2218 3249 vita
2248 3197 2460 3250 aeterna
2492 3197 2643 3268 quod
2666 3197 2790 3269 ipse
2820 3208 2910 3256 est
2940 3202 2997 3256 in
3029 3204 3152 3273 ipso
3182 3212 3290 3277 est,
3325 3213 3387 3263 ut
3421 3212 3517 3265 ubi
3548 3221 3631 3268 est
3662 3193 3807 3286 ipse,

2102 3287 2159 3339 et
2187 3299 2292 3340 nos
2321 3283 2524 3356 simus,
2561 3286 2665 3342 hoc
2695 3293 2801 3355 est,
2826 3290 2883 3345 in
2918 3291 3064 3361 ipso.
3098 3295 3419 3351 Sicutenim
3450 3299 3615 3356 habet
3644 3283 3812 3359 Pater

2100 3375 2270 3429 vitam
2302 3376 2358 3429 in
2388 3378 2690 3447 sanetipso,
2721 3383 2779 3433 et
2811 3379 3006 3452 utique
3038 3398 3153 3437 non
3189 3383 3345 3439 aliud
3379 3392 3467 3441 est
3499 3388 3610 3442 vita
3633 3407 3804 3460 quam

2100 3464 2294 3531 habet,
2327 3465 2440 3521 nisi
2472 3467 2625 3537 quod
2656 3471 2742 3524 est
2789 3469 2913 3541 ipse
2942 3472 3042 3542 qui
3094 3472 3242 3529 hanc
3274 3474 3447 3531 habet
3480 3495 3491 3532 :
3526 3481 3604 3532 sic
3652 3481 3810 3538 dedit

2097 3554 2243 3611 Filio
2265 3555 2465 3611 habere
2483 3556 2657 3611 vitam
2687 3560 2741 3613 in
2765 3562 3055 3633 semetipso
3079 3564 3257 3630 (Joan.
3294 3582 3345 3630 ν,
3373 3568 3484 3637 26),
3510 3584 3644 3623 cum
3677 3570 3804 3641 ipse

2098 3644 2172 3701 sit
2201 3647 2406 3701 eadem
2434 3646 2553 3701 vita
2597 3664 2771 3718 quam
2809 3650 2982 3706 habet
3026 3651 3084 3707 iu
3136 3656 3470 3727 semetipso.
3504 3657 3797 3731 Numquid

2097 3739 2289 3792 autem
2325 3752 2427 3791 nos
2448 3738 2565 3792 vita
2596 3740 2749 3808 quod
2783 3745 2873 3795 est
2893 3741 3037 3812 ipse,
3064 3742 3172 3799 hoc
3197 3746 3439 3812 erimus,
3464 3762 3596 3803 cum
3620 3749 3677 3805 in
3704 3750 3801 3806 illa

2095 3826 2234 3893 vita,
2266 3825 2372 3881 hoc
2400 3830 2488 3882 est
2518 3830 2576 3882 in
2626 3828 2755 3899 ipso
2794 3845 2921 3886 esse
2969 3834 3318 3905 coeperimus
3340 3838 3367 3891 ‘l
3398 3838 3519 3893 Non
3575 3840 3799 3912 utique.

2096 3914 2231 3986 quia
2251 3914 2376 3986 ipse
2393 3917 2690 3973 existendo
2716 3918 2829 3975 vita
2853 3920 3244 3993 habetvitam,
3277 3934 3327 3981 et
3370 3927 3493 3999 ipse
3524 3933 3608 3983 est
3644 3931 3796 4000 quod

2096 4003 2356 4069 habet,et
2377 4006 2532 4077 quod
2555 4007 2670 4062 vita
2691 4012 2781 4064 est
2809 4008 2865 4063 in
2899 4010 3042 4081 ipso,
3072 4013 3197 4084 ipse
3229 4018 3315 4069 est
3337 4014 3393 4070 in
3429 4019 3620 4088 seipse
3655 4037 3666 4073 :
3696 4036 3800 4075 nos

2094 4098 2285 4148 autem
2307 4110 2417 4149 non
2435 4094 2562 4166 ipsa
2580 4096 2716 4165 vita,
2737 4097 2836 4151 sed
2862 4098 3047 4169 ipsius
3077 4100 3201 4156 vitae
3236 4104 3546 4176 participes
3571 4123 3795 4175 sumus,

2093 4186 2269 4253 atque
2299 4183 2379 4238 ita
2412 4183 2487 4239 ibi
2516 4185 2758 4255 erimus,
2785 4191 2848 4241 ut
2877 4188 2933 4242 in
2969 4190 3136 4246 nobis
3170 4192 3307 4263 ipsis
3338 4210 3451 4248 non
3485 4197 3636 4266 quod
3674 4196 3796 4266 ipse

2092 4276 2181 4328 est
2210 4289 2338 4329 esse
2361 4274 2677 4346 possimus,
2705 4277 2804 4330 sed
2830 4294 2935 4333 nos
2958 4278 3064 4350 ipsi
3094 4297 3204 4335 non
3224 4281 3356 4349 vita,
3374 4283 3565 4354 ipsum
3588 4284 3801 4341 habea-

2090 4376 2221 4417 mus
2250 4361 2451 4432 vitam,
2475 4362 2575 4434 qui
2606 4363 2869 4435 seipsum
2904 4367 3075 4422 habet
3097 4368 3295 4438 vitam,
3320 4387 3385 4426 eo
3409 4389 3523 4443 quo
3563 4374 3687 4446 ipse
3719 4376 3799 4430 sit

2087 4450 2227 4508 vita.
2260 4452 2520 4525 Denique
2552 4453 2677 4526 ipse
2706 4458 2763 4510 et
2791 4454 2849 4511 in
2884 4456 3077 4528 seipse
3108 4463 3196 4515 est
3242 4461 3705 4533 immutabiliter,
3743 4470 3799 4520 et

2088 4540 2149 4596 in
2180 4541 2861 4613 Patreinseparahiliter:
2897 4560 3004 4601 nos
3035 4563 3167 4603 vero
3194 4565 3323 4604 cum
3355 4550 3413 4605 in
3449 4553 3616 4608 nobis
3648 4554 3790 4623 ipsis

2087 4644 2215 4685 esse
2234 4630 2645 4700 voluissemus,
2679 4634 2749 4688 ad
2783 4650 2890 4690 nos
2919 4634 3076 4707 ipsos
3102 4638 3315 4694 turbati
3350 4657 3553 4697 sumus
3587 4662 3601 4710 ;
3638 4644 3791 4698 unde

2086 4717 2183 4774 illa
2212 4733 2317 4774 vox
2347 4723 2454 4787 est,
2486 4720 2563 4775 Ad
2592 4724 2854 4794 meipsam
2884 4724 3100 4781 turbata
3130 4731 3211 4783 est
3241 4731 3429 4783 anima
3458 4746 3577 4785 mea
3608 4731 3783 4802 (Psal.

2084 4827 2197 4879 XLI,
2228 4812 2321 4883 7):
2358 4815 2532 4883 atque
2561 4813 2619 4868 in
2651 4815 2910 4872 deterius
2939 4819 3303 4903 commutati,
3340 4821 3598 4892 nequeid
3634 4822 3785 4891 quod

2084 4899 2324 4969 fuimus,
2350 4918 2584 4959 manere
2615 4905 2930 4974 potuimus.
2963 4906 3103 4964 Cum
3138 4899 3327 4964 autem
3362 4926 3464 4980 per
3493 4910 3679 4978 ipsum
3704 4926 3791 4965 ve-

2084 4991 2279 5047 nimus
2306 4993 2375 5047 ad
2427 4992 2673 5063 Patrem,
2707 4994 2857 5051 sicut
2888 4997 2987 5065 ait,
3020 5000 3184 5054 Nemo
3234 4999 3382 5053 venit
3430 4999 3498 5051 ad
3543 4999 3790 5070 Patrem,

2080 5080 2191 5137 nisi
2219 5097 2315 5152 per
2344 5098 2475 5150 me;
2503 5091 2802 5140 manentes
2834 5086 2892 5140 in
2927 5085 3045 5155 illo,
3080 5104 3183 5142 nec
3231 5105 3261 5141 a
3292 5087 3453 5141 Patre
3485 5102 3590 5141 nos
3626 5087 3785 5156 quis-

2081 5187 2256 5244 quam
2288 5172 2497 5244 poterit
2527 5189 2817 5245 separare,
2852 5191 2955 5230 nec
2986 5176 3057 5231 ab
3090 5176 3209 5232 illo.

2147 5260 2201 5315 2.
2234 5261 2593 5319 Connectens
2627 5264 2820 5336 itaque
2855 5266 3269 5336 consequentia
3300 5266 3781 5338 praecedentibus;

2076 5348 2135 5404 Si
2160 5352 2480 5421 coguovislis
2502 5369 2584 5409 me
2606 5355 2646 5419 ¹,
2684 5352 2893 5425 inquit,
2927 5356 2975 5409 et
3002 5355 3659 5428 Patrem'meum’uttq'ae
3690 5373 3781 5413 cc-

2731 5454 2806 5481 ‘utt
2843 5439 3159 5493 ᾉῘΠἹΜῚὈΜ»
3196 5452 3294 5483 lli)?»
3334 5444 3380 5481 ὶκ
3415 5451 3553 5495 ,H‘U'r.
3589 5452 3701 5483 “Hi”

2622 5476 2625 5477 ν
2674 5454 2806 5495 ιδῃ(
2843 5454 3159 5493 ἰκηκνὶίνὶῐχιὶι»
3196 5454 3294 5483 Μ’)Ψν
3335 5454 3380 5481 Γπ
3415 5454 3553 5495 ,H‘Uf.
3589 5454 3701 5483 ιων

2139 5500 2271 5612 βψ
2294 5502 2355 5612 '39
2368 5492 2651 5610 [timeret
2677 5503 2740 5572 {Si
2766 5504 3409 5617 mammam-saltem
3434 5506 3592 5575 huiin
3616 5511 3780 5587 γεπείε

2071 5576 2136 5613 cu
2164 5576 2180 5611 ι
2228 5576 2290 5617 oc
2330 5598 2344 5617 .
2368 5577 2398 5611 υ
2427 5578 2540 5617 ioue
2568 5567 2884 5617 coonoscetzs
2914 5582 2931 5614 :
2970 5567 3069 5617 sed
3096 5580 3239 5616 nunc
3269 5583 3300 5617 ο
3330 5584 3452 5617 ures
3481 5586 3511 5617 a
3539 5571 3780 5617 secunda

858 5598 903 5627 ε-
937 5567 1629 5627 έέλς-ζζ-ἰζξζζῖζξέ
1658 5567 1978 5627 νξινητ-πτῖτῒη,
2014 5620 2025 5627 _
2071 5567 2347 5627 curi‘l'ogo,
2368 5567 2884 5627 ϋίείίῖιίἓέὂῂῄοεσειίε
2914 5582 2931 5614 :
2970 5567 3069 5627 sed
3096 5567 3239 5616 nunc
3269 5567 3518 5627 plures'a'
3539 5567 3780 5627 secunda

858 5598 871 5612 ,
1035 5567 1050 5583 '
1095 5567 1139 5569 “
1198 5567 1617 5617 ³ῖ“ῖ“ῖ“”“’“’
1673 5567 1969 5609 ’ἴτ’-στω*
2071 5567 2258 5613 ουΓΓῐο
2294 5567 2344 5619 0’.
2368 5567 2884 5626 ϋείίῖιίἓέὂ⁷ἡοεσειίε
2914 5582 2931 5614 :
2970 5572 3025 5614 se
3096 5567 3239 5616 nunc
3304 5567 3780 5627 lures'a'secfunda

260 5613 488 5671 maneo,
522 5596 575 5655 si
604 5597 904 5659 tenueritis
934 5602 1091 5674 quod
1122 5605 2035 5688 audistis,-1nssesmchesqu'cmiai
2072 5567 3218 5695 mmﬁamuu‘egﬁaetwmgmttg
3262 5583 3459 5669 ειλπτίιλη
3750 5640 3751 5643 ‘
3824 5656 3827 5661 -
