4148 6190
280 286 429 346 1819

266 420 544 487 gnovistis.
579 418 691 473 lloc
747 424 830 473 cst
862 419 1014 490 quod
1048 417 1129 473 ait
1161 434 1173 472 :
1214 416 1392 472 Nemo
1431 416 1579 472 venit
1622 415 1688 469 ad
1725 416 1966 481 Patrem,

268 506 379 561 nisi
406 522 505 577 per
535 524 637 561 me.
672 509 887 563 Deinde
918 507 1259 577 subjungit:
1296 509 1360 561 Et
1411 504 1604 561 amodo
1647 506 1970 571 cognoscetis

267 612 412 663 cum,
444 599 492 651 et
522 596 732 651 vidistis
760 614 901 652 eum.
946 597 1055 651 Sed
1104 596 1407 667 Philippus
1443 611 1590 649 unus
1622 610 1690 649 ex
1730 597 1965 665 Aposto-

272 686 365 751 lis,
418 687 555 756 quid
606 690 847 743 audierit
895 705 1009 743 non
1058 687 1432 758 intelligens:
1470 687 1712 754 Domine,
1757 686 1967 756 inquit,

271 775 486 831 ostende
518 777 671 833 nobis
700 779 943 843 Patrem,
969 785 1022 833 et
1056 779 1259 847 sufﬁcit
1290 777 1460 832 nobis.
1495 775 1596 830 Cui
1642 774 1917 830 Dominus
1952 792 1964 829 :

276 866 461 933 Tanto,
488 867 691 936 inquit,
726 874 961 939 tempore
998 869 1269 923 vobiscum
1298 884 1438 935 sum,
1470 871 1518 921 et
1566 882 1673 921 non
1721 866 1967 932 cognovi-

267 959 365 1010 stis
388 973 489 1021 me,
510 957 760 1029 Philippe
789 962 816 1011 ἱ)
838 960 942 1027 Qui
971 958 1116 1014 ridet
1147 975 1251 1022 me,
1282 958 1428 1013 videt
1457 966 1508 1013 et
1534 963 1778 1012 Patrem.
1827 957 1969 1009 Ecce

269 1046 527 1115 increpat
548 1049 695 1117 quod
722 1053 883 1103 tanto
910 1055 1165 1121 tempore
1192 1065 1322 1103 cum
1348 1047 1493 1119 ipsis
1512 1051 1655 1113 erat,
1675 1050 1858 1100 etnon
1882 1061 1969 1099 co-

265 1135 886 1202 gnoscebatur.Nonne
909 1138 1027 1210 ipse
1053 1140 1292 1205 dixerat,
1314 1141 1375 1191 Et
1401 1152 1612 1207 quoego
1636 1137 1769 1189 vado
1794 1134 1965 1199 scitis,

266 1228 314 1275 ct
340 1222 640 1279 viamscitis
658 1244 678 1288 ;
695 1236 746 1280 et
769 1243 826 1281 se
842 1229 1061 1281 nescire
1075 1226 1351 1291 dicentes,
1369 1241 1465 1280 eos
1480 1225 1599 1279 haec
1618 1224 1694 1277 sci
1707 1238 1764 1276 re
1780 1222 1969 1276 convi-

265 1317 440 1379 cerat,
456 1314 722 1369 addendo
745 1321 915 1386 atque
937 1317 1201 1378 dicendo,
1226 1318 1462 1383 Egasum
1480 1317 1589 1380 via,
1613 1310 1969 1367 veritasetvi-

256 1405 317 1456 ta
338 1406 365 1456 ?
386 1404 684 1467 Quomodo
716 1422 868 1461 nunc
892 1407 1051 1474 dicit,
1070 1408 1236 1462 Tanto
1260 1414 1494 1477 tempore
1525 1404 1793 1460 vobiscum
1824 1420 1964 1471 sum,

260 1500 309 1547 ct
326 1508 430 1546 non
444 1494 766 1563 cognomstis
788 1512 870 1549 me
886 1500 913 1549 ζ)
934 1513 1063 1551 cum
1092 1496 1363 1567 profecto,
1388 1500 1575 1565 etquo
1602 1496 1722 1561 iret,
1741 1494 1964 1564 etgviam

265 1582 634 1650 scirent,non
668 1585 740 1638 ob
772 1584 928 1639 aliud
964 1586 1072 1640 nisi
1091 1586 1243 1655 quod
1265 1586 1456 1657 ipsum
1486 1585 1684 1655 utique
1708 1582 1967 1639 scirent?

267 1670 377 1725 Sed
414 1670 579 1727 facile
601 1672 711 1728 ista
733 1673 973 1730 solvitur
995 1676 1258 1745 quaestio,
1281 1677 1328 1730 si
1359 1676 1621 1729 dicamus
1653 1673 1804 1745 quod
1829 1688 1963 1727 eum

268 1758 449 1831 aliqui
473 1777 671 1816 eorum
689 1763 964 1831 sciebant,
994 1765 1170 1837 aliqui
1199 1766 1555 1826 nesciebant,
1577 1768 1749 1834 atque
1782 1762 1840 1817 in
1874 1761 1964 1817 his

268 1851 365 1923 qui
401 1853 735 1908 nesciebant
767 1860 821 1909 et
846 1856 1144 1927 Philippus
1176 1861 1325 1912 erat:
1364 1860 1425 1910 ut
1456 1856 1604 1925 quod
1639 1855 1741 1920 ait,
1766 1856 1833 1908 Et
1862 1869 1965 1923 quo

268 1952 361 2012 ego
390 1943 525 1999 vado
552 1944 723 2013 scitis,
756 1952 809 2001 et
842 1947 986 2002 viam
1007 1951 1177 2015 scitis,
1212 1947 1328 2001 illis
1357 1946 1573 2001 dixisse
1604 1944 1967 2013 intelligatur

267 2032 363 2103 qui
417 2034 710 2104 sciebant;
766 2054 879 2091 non
944 2037 1205 2109 Philippo
1263 2038 1356 2093 cui
1406 2037 1624 2091 dictum
1661 2042 1764 2101 est,
1798 2036 1963 2088 Tanto

264 2126 503 2192 tenuiore
526 2126 796 2180 vobiscum
826 2134 1031 2193 sum,et
1048 2144 1156 2180 non
1184 2126 1511 2195 cognovisti:
1539 2142 1640 2187 me,
1660 2123 1916 2194 Philippe
1940 2129 1965 2175 Ρ

265 2210 361 2266 His
393 2228 527 2285 ergo
547 2214 645 2284 qui
677 2215 881 2270 Filium
907 2217 1030 2286 jam
1065 2216 1559 2284 noverant,etiam
1592 2215 1733 2269 illud
1764 2214 1833 2267 de
1855 2212 1963 2266 Pa—

263 2310 342 2356 trc
368 2303 584 2358 dictum
618 2308 724 2370 est,
760 2307 821 2359 Et
861 2308 1057 2361 amodo
1098 2309 1425 2375 cognoscetis
1481 2322 1624 2372 eum,
1656 2316 1708 2359 et
1752 2303 1965 2361 vidistis

261 2406 385 2447 cum
419 2409 437 2446 :
469 2392 687 2447 dictum
713 2398 800 2448 est
823 2395 978 2449 enim
1006 2402 1235 2466 propter
1266 2396 1658 2451 omnimodam
1683 2393 1960 2449 similitu-

262 2479 456 2535 dinem
488 2497 614 2552 quae
648 2482 729 2537 illi
758 2498 888 2538 cum
916 2486 1082 2538 Patre
1103 2490 1211 2551 est,
1237 2490 1298 2539 ut
1326 2486 1453 2540 ideo
1476 2484 1683 2539 amodo
1704 2484 1962 2536 diceren-

262 2571 357 2620 tur
388 2585 559 2624 nosse
608 2571 857 2637 Patrem,
899 2574 1038 2641 quia
1087 2581 1358 2627 noverant
1418 2572 1670 2625 similem
1732 2570 1960 2625 Filium.

260 2658 538 2726 Ergojam
566 2658 826 2713 sciebant
850 2660 1083 2720 Filium.
1117 2661 1223 2716 etsi
1257 2678 1367 2714 non
1404 2677 1626 2723 omnes,
1662 2664 1812 2715 certe
1834 2660 1960 2729 qui-

256 2746 389 2800 dam
423 2762 623 2803 eorum
662 2750 873 2818 quibus
904 2750 1141 2821 dicitur,
1165 2754 1231 2806 Et
1258 2750 1511 2821 quovado
1540 2752 1708 2809 scitis.
1735 2757 1785 2803 et
1816 2748 1963 2803 viam

254 2838 409 2891 scitis
440 2854 459 2892 :
489 2838 613 2909 ipse
639 2851 716 2892 est
756 2841 910 2893 enim
936 2840 1044 2894 via.
1070 2841 1179 2896 Sed
1207 2846 1427 2896 Patrem
1454 2840 1809 2905 nesciebant,
1836 2840 1962 2895 ideo

252 2927 518 2996 audiunt,
560 2931 621 2984 Si
649 2933 969 3001 cognovistis
1001 2948 1105 3001 me,
1138 2938 1188 2986 et
1228 2934 1447 2986 Patrem
1496 2949 1677 2987 meum
1706 2930 1959 3002 cognovi-

248 3020 345 3073 διεδ
370 3034 388 3071 :
424 3035 524 3090 per
566 3034 653 3073 me
687 3020 889 3092 utique
930 3026 984 3077 et
1016 3020 1202 3078 illum.
1237 3022 1400 3077 Alius
1447 3022 1601 3078 enim
1652 3038 1757 3093 ego
1802 3037 1956 3087 sum,

255 3105 406 3162 alius
437 3106 551 3163 ille.
578 3109 688 3163 Sed
724 3126 791 3164 ne
812 3115 1080 3181 putarent
1111 3111 1458 3168 dissimilem
1494 3113 1576 3177 ,Et
1619 3112 1831 3178 amodo,
1867 3113 1958 3165 in-

254 3195 397 3266 quit,
432 3198 758 3268 cognoscetis
798 3216 941 3265 eum,
969 3208 1019 3255 et
1049 3200 1266 3255 vidistis
1292 3218 1440 3256 eum.
1487 3203 1771 3257 Viderunt
1799 3203 1955 3257 enim

254 3288 381 3357 ejus
414 3288 783 3345 simillimum
818 3290 1048 3358 Filium,
1082 3292 1178 3347 sed
1222 3292 1575 3348 admonendi
1610 3294 1837 3348 fuerant
1868 3297 1958 3347 ta-

251 3376 361 3433 lem
385 3393 513 3434 esse
534 3379 707 3434 etiam
744 3380 966 3435 Patrem
992 3398 1163 3452 quem
1197 3383 1457 3437 nondum
1482 3381 1774 3450 videbant,
1808 3398 1955 3452 qua-

248 3467 321 3523 lis
352 3472 441 3523 est
470 3469 642 3525 Filius
683 3487 852 3542 quem
886 3472 1178 3527 videbant.
1215 3473 1280 3527 Et
1318 3474 1386 3527 ad
1438 3472 1547 3528 hoc
1595 3473 1742 3528 valet
1801 3474 1954 3544 quod

250 3563 447 3626 postea
478 3558 742 3630 Philippo
765 3560 998 3627 dicitur,
1034 3562 1142 3627 Qui
1171 3563 1431 3629 videtme,
1451 3563 1599 3618 videt
1630 3570 1680 3618 et
1710 3564 1952 3619 Patrem.

251 3650 375 3703 Non
401 3650 550 3719 quod
588 3650 713 3721 ipse
729 3658 881 3706 esset
906 3651 1071 3707 Pater
1091 3660 1142 3709 et
1164 3652 1364 3717 Filius,
1398 3654 1553 3725 quod
1588 3653 1645 3707 in
1677 3652 1952 3708 Sabellis-

252 3738 366 3804 nis,
399 3738 500 3809 qui
533 3744 810 3795 vocantur
830 3742 1004 3797 etiam
1040 3742 1475 3813 Patripassiani,
1498 3743 1778 3799 catholica
1810 3743 1955 3798 ﬁdes

251 3826 491 3881 damnat
522 3844 533 3881 :
571 3828 669 3882 sed
703 3830 850 3899 quod
886 3834 1005 3884 tam
1037 3830 1257 3885 similes
1305 3830 1425 3885 sint
1469 3836 1637 3885 Pater
1667 3836 1723 3885 et
1757 3831 1952 3899 Filius,

252 3919 317 3968 ut
343 3913 443 3985 qui
478 3932 659 3970 unum
694 3917 941 3984 noverit,
972 3919 1178 3974 ambos
1231 3920 1469 3973 noverit.
1501 3920 1767 3974 Solemus
1798 3920 1950 3975 enim

247 4005 315 4059 de
346 4003 662 4060 simillimis
694 4006 915 4061 duobus
946 4008 1026 4061 ita
1072 4007 1231 4079 loqui
1263 4010 1344 4063 eis
1375 4007 1473 4079 qui
1507 4024 1682 4063 unum
1715 4008 1950 4065 illorum

245 4091 461 4152 vident,
496 4099 553 4147 et
583 4095 765 4163 qualis
799 4100 882 4150 est
913 4096 1059 4151 alius
1087 4097 1283 4152 volunt
1332 4113 1522 4164 nosse,
1558 4105 1618 4152 ut
1647 4097 1947 4152 dicamus:

245 4177 491 4235 Vidistis
524 4180 906 4250 istum,illum
930 4184 1178 4239 vidistis.
1211 4185 1268 4240 Si
1302 4200 1438 4255 ergo
1469 4185 1686 4238 dictum
1718 4190 1826 4251 est,
1849 4185 1952 4251 Qui

249 4284 335 4324 me
362 4271 526 4337 videt,
561 4271 701 4327 videt
728 4281 777 4328 et
807 4275 1027 4329 Patrem
1056 4293 1075 4330 :
1110 4292 1223 4331 non
1257 4274 1459 4346 utique
1492 4283 1551 4329 ut
1583 4276 1706 4344 ipse
1739 4276 1811 4329 sit
1835 4276 1950 4329 Pa-

251 4363 340 4416 ter
364 4360 463 4432 qui
497 4361 698 4429 Filius,
723 4365 817 4417 sed
844 4365 997 4434 quod
1017 4383 1049 4421 a
1072 4365 1260 4421 Patris
1290 4366 1675 4421 similitudine
1697 4364 1755 4420 in
1788 4364 1951 4419 nullo

246 4465 487 4518 prorsus
509 4450 795 4521 discrepet
814 4452 1011 4509 Filius.
1036 4454 1174 4510 Nam
1210 4454 1317 4511 nisi
1342 4455 1455 4509 duo
1478 4459 1674 4510 essent
1702 4460 1870 4510 Pater
1897 4460 1953 4508 et

245 4537 446 4608 Filius,
480 4555 593 4595 non
628 4540 848 4596 dictum
885 4548 1057 4608 esset,
1083 4544 1143 4599 Si
1160 4546 1486 4616 cognovistis
1508 4553 1684 4609 me,et
1729 4546 1949 4599 Patrem

240 4643 425 4682 meum
454 4633 794 4697 cognovistis.
834 4632 1037 4705 Utique
1067 4635 1244 4703 enim,
1280 4634 1412 4706 quia
1434 4635 1836 4705 nemo,inquit,
1864 4651 1950 4691 ve-

237 4716 325 4771 nit
346 4716 414 4771 ad
448 4722 690 4781 Patrem,
714 4721 826 4774 nisi
851 4738 951 4791 per
971 4740 1052 4777 me
1073 4740 1093 4787 ;
1114 4726 1162 4777 si
1178 4723 1507 4792 cognovistis
1524 4740 1628 4787 me.
1663 4729 1710 4779 et
1730 4726 1949 4779 Patrem

240 4821 428 4861 meum
456 4805 815 4873 cognovistis:
838 4811 1114 4879 quoniam
1139 4825 1242 4881 ego
1275 4826 1374 4880 per
1417 4826 1591 4880 quem
1628 4813 1851 4865 venitur
1877 4813 1947 4865 ad

244 4896 493 4962 Patrem,
518 4896 826 4967 perducam
858 4914 957 4953 vos
979 4899 1049 4954 ad
1072 4915 1226 4966 eum,
1249 4905 1307 4954 ut
1328 4900 1518 4970 ipsum
1542 4899 1710 4955 etiam
1739 4917 1950 4971 cogno-

250 4988 444 5043 scatis.
488 4987 597 5042 Sed
638 4988 917 5058 quoniam
976 4988 1057 5043 illi
1119 5006 1248 5043 sum
1300 4991 1537 5046 omnino
1586 4989 1946 5056 simillimus,

244 5079 431 5135 mnodo
462 5083 783 5151 cognoscetis
811 5095 958 5148 eum,
994 5095 1129 5135 cum
1163 5080 1516 5149 cognoscitis
1548 5097 1639 5136 me
1676 5097 1687 5133 :
1720 5086 1769 5135 et
1805 5080 1951 5136 vidi-

245 5191 254 5213 :
308 5169 339 5219 ’.ς
368 5186 513 5233 cum,
547 5171 597 5225 si
627 5172 811 5226 oculis
843 5170 1060 5239 cordis,
1093 5170 1319 5225 vidistis
1352 5186 1465 5226 me.

326 5261 374 5323 {3.
410 5260 555 5321 Quid
586 5278 721 5332 ergo
747 5266 837 5317 est
867 5264 1021 5333 quod
1046 5262 1215 5330 dicis,
1266 5261 1549 5335 Philippe,
1577 5262 1810 5320 Ostende
1846 5278 1946 5319 no-

248 5366 255 5390 ;
306 5364 323 5393 ης
364 5351 592 5413 Patrem,
628 5360 679 5405 et
717 5352 921 5421 sufﬁcit
963 5352 1169 5408 nobis?
1221 5354 1408 5420 Tanto,
1444 5352 1649 5424 inquit.
1710 5354 1949 5424 tempore

251 5437 515 5489 rat/iscum
547 5456 686 5509 sum,
718 5451 769 5496 et
802 5461 909 5498 non
940 5446 1261 5515 cognovistis
1290 5463 1392 5515 me,
1410 5446 1664 5518 Philippe
1685 5452 1711 5502 ?
1740 5448 1844 5517 Qui
1874 5452 1954 5506 vi-

250 5528 335 5581 det
378 5540 481 5594 me,
512 5528 653 5583 videt
703 5542 750 5585 et
782 5534 1016 5587 Patrem.
1054 5538 1214 5601 Quod
1248 5537 1296 5590 si
1354 5536 1422 5590 ad
1458 5540 1513 5592 te
1546 5538 1799 5594 multum
1863 5547 1954 5598 est

246 5617 357 5677 hoc
391 5617 600 5685 videre,
639 5621 842 5676 saltem
890 5622 1044 5691 quod
1080 5641 1192 5678 non
1225 5626 1385 5681 vides
1418 5626 1525 5681 hoc
1573 5630 1765 5687 crede.
1799 5630 1952 5699 Quo-

1226 283 1302 340 IN
1351 280 1671 341 JOANNIS
1718 275 2247 350 EVANGELIUM,
2295 278 2357 337 S.
2407 281 2832 342 AUGUSTINI

3637 276 3793 334 t820

2078 414 2233 469 modo
2263 415 2417 471 enim
2450 417 2605 483 dicis,
2632 419 2840 490 inquit,
2875 420 3099 477 Ostende
3117 418 3276 474 nobis
3304 417 3576 471 Patrem?
3604 413 3659 468 Si
3697 428 3789 466 me

2077 504 2272 559 vidisti
2308 507 2404 576 qui
2438 511 2777 564 omnimodo
2809 510 3013 563 similis
3043 526 3193 576 sum,
3230 506 3429 562 vidisti
3483 505 3653 559 illum
3689 502 3785 557 cui

2079 592 2289 650 similis
2320 613 2471 653 sum.
2506 600 2666 663 Quod
2718 598 2766 653 si
2800 600 2984 654 videre
3016 616 3128 653 non
3177 604 3357 668 potes,
3408 611 3519 649 non
3569 592 3782 647 saltem

2077 684 2246 739 credis
2266 688 2398 755 quia
2425 703 2520 755 ego
2542 690 2597 741 in
2631 694 2816 755 Patre,
2848 699 2896 744 et
2921 692 3075 744 Pater
3094 691 3153 742 in
3171 704 3255 742 me
3275 693 3349 740 est
3377 692 3401 739 Ρ
3434 685 3659 740 Poterat
3691 681 3786 737 hic

2078 771 2267 828 dicere
2297 774 2599 844 Philippus
2633 792 2646 830 :
2682 778 2859 831 Video
2890 776 3118 847 quidem
3152 785 3222 840 te,
3254 780 3308 829 et
3338 774 3504 828 credo
3535 770 3783 826 similli-

2081 877 2243 916 mum
2267 878 2393 918 esse
2415 865 2555 918 Patri
2580 885 2593 932 ;
2618 867 2712 920 sed
2743 866 3023 935 numquid
3049 866 3369 934 arguendus
3390 868 3445 915 et
3466 863 3779 930 objurgan-

2078 952 2186 1007 dus
2208 958 2295 1009 est
2317 955 2410 1024 qui
2436 972 2566 1009 cum
2593 957 2845 1011 similem
2873 957 3041 1023 videt,
3064 956 3238 1010 etiam
3261 954 3425 1007 illum
3450 952 3539 1006 cui
3562 952 3777 1005 similis

2078 1053 2164 1098 est
2186 1045 2306 1099 vult
2336 1046 2526 1101 videre
2559 1050 2588 1101 ?
2616 1048 2877 1102 Similem
2912 1047 3144 1118 quidem
3173 1046 3325 1111 novi,
3359 1043 3455 1098 sed
3485 1043 3667 1096 adhuc
3697 1041 3773 1094 al-

2077 1137 2261 1187 terum
2287 1135 2409 1188 sine
2428 1136 2606 1191 altero
2631 1138 2793 1202 novi;
2820 1154 2934 1192 non
2961 1136 3103 1190 mihi
3127 1134 3364 1201 sufﬁcit,
3397 1132 3504 1187 nisi
3539 1135 3593 1186 et
3614 1132 3780 1183 illum

2077 1224 2245 1293 cujus
2271 1230 2356 1279 est
2402 1226 2509 1281 iste
2541 1226 2752 1282 similis
2802 1228 3083 1282 noverim.
3118 1225 3345 1281 Ostende
3384 1225 3580 1293 itaque
3635 1220 3786 1276 nobis

2077 1314 2379 1380 Patrem,et
2407 1318 2617 1385 sufﬁcit
2646 1317 2943 1373 nobis.Sed
2978 1317 3105 1372 ideo
3128 1315 3404 1385 magister
3435 1309 3788 1382 discipulum

2076 1405 2371 1472 arguebat.
2396 1408 2675 1476 quoniam
2699 1423 2793 1462 cor
2824 1406 3176 1477 postulantis
3197 1404 3446 1459 videbat.
3477 1402 3787 1470 Tanquam

2077 1492 2231 1548 enim
2267 1494 2471 1549 melior
2510 1502 2663 1552 esset
2695 1497 2861 1552 Pater
2908 1512 3085 1567 quam
3118 1495 3323 1559 Filius,
3356 1494 3438 1546 ita
3485 1489 3795 1561 Philippus

2079 1584 2301 1641 Patrem
2334 1602 2507 1642 nosse
2548 1587 2818 1657 cupiebat
2860 1604 2873 1642 :
2908 1594 2956 1641 et
2992 1587 3120 1641 ideo
3165 1602 3267 1639 nec
3299 1584 3513 1639 Filium
3548 1581 3794 1643 sciebat,

2077 1692 2191 1745 quo
2224 1677 2433 1731 melius
2481 1694 2609 1733 esse
2659 1678 2878 1748 aliquid
2913 1678 3203 1731 credebat.
3242 1675 3313 1728 Ad
3367 1673 3525 1728 hunc
3556 1687 3789 1727 sensum

2076 1766 2480 1837 corrigendum
2504 1769 2719 1823 dictum
2743 1774 2851 1834 est,
2875 1770 2979 1835 Qui
2999 1768 3137 1821 videt
3170 1782 3271 1831 me,
3296 1764 3439 1820 videt
3465 1771 3518 1818 et
3541 1768 3789 1818 Patrem.

2077 1857 2346 1925 Quomodo
2378 1866 2437 1912 tu
2482 1858 2633 1923 dicis,
2679 1859 2911 1914 Ostende
2941 1859 3089 1913 nobis
3120 1859 3335 1912 Patrem
3369 1859 3392 1908 .9
3432 1854 3607 1909 Video
3640 1868 3784 1923 quo-

2077 1949 2246 2003 modo
2277 1953 2333 2003 tu
2370 1949 2525 2005 dicas
2562 1966 2573 2004 :
2609 1966 2722 2004 non
2755 1952 3007 2004 alterum
3034 1947 3245 2020 quaeris
3281 1947 3472 2000 videre
3506 1943 3783 2005 similem,

2075 2039 2168 2093 sed
2206 2037 2368 2093 illum
2397 2044 2566 2109 putas
2597 2056 2728 2095 esse
2762 2040 3081 2094 meliorem.
3108 2040 3224 2093 Non
3243 2037 3417 2092 credis
3440 2033 3567 2107 quia
3598 2048 3692 2103 ego
3725 2036 3786 2085 in

2074 2128 2265 2197 Patre,
2292 2134 2344 2183 et
2375 2130 2542 2183 Pater
2560 2131 2618 2182 in
2648 2144 2734 2185 me
2754 2137 2833 2184 est
2854 2128 2881 2181 ?
2903 2130 3014 2183 Cur
3043 2128 3101 2181 in
3134 2126 3425 2183 similibus
3444 2123 3778 2178 distantiam

2075 2217 2238 2287 cupis
2258 2233 2491 2272 cernere
2514 2218 2540 2271 ?
2568 2235 2671 2272 cur
2700 2218 3119 2289 inseparabiles
3142 2214 3453 2285 separatim
3487 2212 3786 2267 desideras

2076 2309 2294 2364 nosse?
2324 2308 2541 2365 Deinde
2573 2326 2687 2364 non
2719 2310 2787 2363 ad
2822 2308 3006 2362 solum
3050 2307 3406 2377 Philippum,
3440 2304 3537 2359 sed
3574 2302 3647 2357 ad
3687 2318 3790 2357 eos

2077 2398 2378 2468 pluraliter
2406 2398 2686 2468 loquitur,
2718 2415 2845 2469 quae
2880 2414 2992 2452 non
3018 2401 3156 2452 sunt
3186 2396 3245 2449 in
3279 2394 3574 2465 angustias
3616 2408 3790 2446 coar-

2074 2489 2307 2555 ctanda,
2344 2494 2406 2542 ut
2435 2490 2743 2557 adjuvante
2775 2490 2901 2558 ipso
2924 2486 3261 2557 diligentius
3292 2486 3677 2557 exponentur.

2580 2577 3006 2633 TRACTATUS
3046 2576 3251 2631 LXXI.

2074 2668 2131 2722 In
2157 2667 2210 2720 id
2240 2667 2382 2737 quod
2410 2668 2677 2722 Dominus
2706 2667 2860 2735 dicit,
2894 2668 3077 2722 Verba
3096 2682 3217 2737 quae
3241 2681 3345 2736 ego
3378 2662 3579 2732 loquor
3600 2661 3788 2727 vobis,

2142 2774 2172 2810 a
2210 2755 2427 2827 meipso
2459 2771 2573 2811 non
2606 2757 2849 2828 loquor;
2883 2772 3049 2827 usque
3076 2755 3146 2810 ad
3178 2757 3254 2822 id,
3286 2753 3343 2807 Si
3377 2752 3515 2824 quid
3552 2750 3780 2823 petieri-

2142 2846 2218 2900 tis
2248 2849 2473 2901 Patrem
2508 2846 2569 2901 in
2610 2846 2845 2902 nomine
2878 2862 3022 2912 meo,
3058 2845 3166 2900 hoc
3218 2843 3443 2900 iaciam.
3480 2841 3608 2913 Cap.
3659 2856 3785 2904 xxv,

2145 2938 2178 3003 Ῡ
2214 2937 2392 2991 10-1/1.

2144 3027 2191 3079 1.
2228 3027 2429 3081 Audite
2458 3026 2717 3094 auribus,
2751 3026 2995 3097 accipite
3026 3025 3346 3089 mentibus,
3380 3021 3776 3084 dilectissimi,

2071 3113 2446 3184 loquentibus
2480 3115 2715 3184 quidem
2750 3115 2935 3179 nobis,
2970 3115 3069 3169 sed
3104 3114 3230 3183 ipso
3260 3114 3497 3167 docente
3527 3112 3623 3181 qui
3659 3127 3779 3165 non

2069 3205 2281 3260 recedit
2314 3223 2342 3259 a
2377 3206 2564 3259 nobis.
2594 3205 2874 3259 Dominus
2895 3204 3054 3271 dicit,
3078 3203 3236 3274 quod
3260 3202 3429 3257 modo
3461 3216 3591 3256 cum
3630 3201 3784 3269 lege-

2070 3300 2225 3351 retur
2254 3295 2525 3358 audistis,
2568 3296 2732 3349 Verba
2766 3311 2885 3365 quae
2939 3310 3035 3363 ego
3070 3295 3257 3365 loquor
3309 3293 3477 3353 vobis,
3511 3308 3543 3343 a
3572 3290 3781 3359 meipso

2066 3400 2171 3438 non
2207 3386 2394 3455 loquor
2416 3401 2432 3437 :
2456 3385 2626 3439 Pater
2647 3388 2828 3440 autem
2856 3388 2914 3440 in
2942 3400 3030 3439 me
3047 3398 3272 3437 manens
3295 3385 3407 3452 ipse
3431 3384 3566 3450 facit
3587 3395 3781 3450 opera.

2065 3474 2209 3540 Ergo
2240 3478 2296 3529 et
2315 3474 2488 3528 verba
2518 3490 2691 3543 opera
2716 3476 2904 3529 sunt?
2926 3473 3099 3529 Plane
3121 3473 3198 3528 ita
3218 3476 3317 3528 est.
3350 3472 3496 3526 Nam
3520 3470 3781 3541 profecto

2065 3565 2157 3634 qui
2191 3565 2515 3635 proximum
2558 3564 2849 3635 loquendo
2888 3563 3152 3627 aediﬁcat,
3194 3563 3413 3617 bonum
3454 3576 3605 3629 opus
3636 3575 3780 3629 ape-

2066 3659 2248 3709 ratur.
2264 3655 2369 3709 Sed
2406 3653 2540 3724 quid
2575 3662 2678 3721 est,
2702 3670 2733 3707 a
2764 3656 2964 3723 meipso
2987 3668 3093 3706 non
3120 3652 3328 3722 loquor,
3351 3649 3533 3717 nisi,a
3557 3648 3777 3717 meipso

2065 3759 2179 3797 non
2213 3760 2341 3798 sum
2367 3744 2466 3809 qui
2494 3742 2742 3813 loquor?
2777 3742 2835 3796 Ei
2863 3742 3073 3811 quippe
3105 3739 3308 3795 tribuit
3337 3740 3490 3809 quod
3521 3739 3675 3801 facit,
3702 3738 3775 3793 de

2065 3847 2176 3901 quo
2203 3838 2293 3888 est
2319 3834 2440 3904 ipse
2462 3833 2560 3904 qui
2594 3832 2750 3887 facit.
2777 3833 2943 3887 Pater
2969 3832 3121 3885 enim
3144 3830 3297 3885 Deus
3316 3845 3430 3883 non
3464 3832 3550 3883 est
3579 3827 3647 3881 de
3668 3825 3771 3880 ali-

2065 3921 2391 3993 quo,Filius
2414 3929 2608 3977 autem
2634 3921 2785 3976 Deus
2808 3926 2897 3977 est
2918 3920 3155 3991 quidem
3190 3918 3344 3973 Patri
3376 3916 3635 3989 aequalis,
3661 3917 3766 3971 sed

2064 4013 2134 4067 de
2166 4012 2325 4067 Patre
2349 4012 2484 4067 Deo.
2516 4013 2651 4067 Ideo
2688 4011 2785 4066 ille
2818 4012 2989 4075 Deus,
3023 4011 3116 4065 sed
3151 4024 3263 4064 non
3296 4009 3366 4064 de
3399 4009 3542 4075 Deo;
3586 4012 3642 4062 et
3672 4006 3770 4061 lu~

2064 4117 2218 4165 men,
2253 4102 2350 4156 sed
2386 4116 2500 4156 non
2533 4102 2603 4155 de
2630 4099 2890 4155 lumine:
2926 4100 3033 4155 iste
3062 4114 3194 4154 vero
3226 4098 3376 4152 Deus
3408 4097 3477 4151 de
3512 4098 3643 4161 Deo,
3681 4096 3775 4150 lu-

2062 4208 2195 4247 men
2228 4192 2300 4247 de
2332 4191 2573 4248 lumine.

2130 4285 2186 4338 2.
2218 4283 2365 4338 Nam
2398 4284 2456 4336 in
2493 4283 2583 4336 his
2614 4282 2845 4336 duabus
2878 4281 3202 4347 sententiis,
3238 4296 3355 4335 una
3398 4296 3515 4349 qua
3552 4278 3773 4332 dictum

2061 4377 2169 4439 est,
2198 4374 2315 4428 Non
2353 4389 2386 4427 a
2416 4376 2616 4444 meipso
2648 4374 2839 4442 loquor
2866 4388 2884 4426 :
2909 4370 3020 4425 alia
3050 4386 3163 4441 qua
3214 4370 3432 4424 dictum
3465 4373 3574 4436 est,
3606 4370 3776 4423 Pater

2060 4470 2244 4517 autem
2266 4465 2323 4516 in
2352 4479 2439 4517 me
2469 4478 2721 4526 manens,
2748 4463 2853 4531 ipse
2874 4463 3015 4529 facit
3035 4476 3239 4530 opera:
3272 4458 3532 4531 singulas
3564 4462 3770 4514 tenen-

2061 4555 2168 4616 tes,
2202 4551 2410 4605 diversi
2446 4551 2613 4605 nobis
2662 4551 3047 4605 adversantur
3086 4548 3362 4618 haeretici,
3399 4548 3499 4618 qui
3554 4564 3668 4602 non
3704 4564 3771 4603 ex

2059 4657 2175 4695 una
2206 4644 2384 4711 parte,
2416 4641 2513 4694 sed
2550 4640 2606 4694 in
2640 4639 2926 4695 contraria
2953 4642 3251 4704 conantes,
3298 4656 3331 4693 a
3382 4638 3475 4693 via
3504 4639 3770 4695 veritatis

2060 4728 2399 4784 exorbitant.
2436 4729 2629 4783 Ariani
2662 4730 2877 4800 quippe
2908 4729 3146 4782 dicunt:
3177 4727 3318 4782 Ecce
3346 4726 3653 4797 inaequalis
3676 4734 3771 4783 est

2060 4818 2214 4874 Patri
2250 4817 2451 4882 Filius,
2477 4835 2507 4872 a
2533 4818 2726 4889 seipse
2760 4834 2873 4873 non
2900 4817 3178 4887 loquitur.
3217 4816 3427 4871 Dicunt
3446 4816 3768 4872 Sabelliani

2060 4915 2283 4974 contra,
2324 4908 2379 4963 id
2414 4912 2501 4964 est
2529 4908 2938 4978 Patripassiani
2969 4924 2981 4961 :
3017 4908 3157 4963 Ecce
3193 4907 3291 4977 qui
3324 4910 3489 4962 Pater
3519 4912 3609 4961 est
3639 4908 3769 4979 ipse

2058 5003 2114 5055 et
2146 4998 2356 5062 Filius;
2387 4997 2519 5068 quid
2552 4998 2706 5053 enim
2739 5004 2849 5063 est,
2881 4998 3046 5052 Pater
3074 4995 3132 5051 in
3161 5013 3245 5050 me
3274 5011 3525 5061 manens,
3550 4997 3660 5067 ipse
3675 4999 3767 5065 fa-

2060 5092 2135 5145 cit
2165 5105 2358 5160 opera,
2386 5089 2518 5154 nisi,
2544 5089 2599 5143 in
2634 5104 2725 5144 me
2757 5103 2961 5142 maneo
2992 5104 3096 5158 ego
3118 5086 3218 5157 qui
3240 5088 3387 5143 facio
3408 5088 3436 5143 ?
3464 5090 3772 5143 Contraria

2061 5179 2253 5235 dicitis
2281 5195 2292 5233 :
2318 5180 2413 5234 sed
2440 5194 2551 5232 non
2581 5194 2645 5232 eo
2670 5178 2839 5233 modo
2869 5178 3024 5232 sicut
3042 5183 3129 5232 est
3160 5177 3369 5233 falsum
3405 5178 3766 5233 contrarium

2059 5285 2215 5338 vero,
2249 5269 2348 5325 sed
2383 5269 2532 5323 sicut
2563 5275 2701 5322 sunt
2732 5268 2886 5322 inter
2915 5284 2977 5323 se
3008 5268 3123 5322 duo
3151 5266 3291 5322 falsa
3321 5269 3635 5324 contraria.
3662 5270 3770 5323 Er-

2063 5361 2241 5415 rando
2273 5359 2332 5414 in
2363 5358 2588 5414 diversa
2617 5358 2765 5425 istis,
2788 5358 2847 5412 in
2874 5357 3059 5413 medio
3089 5362 3178 5413 est
3208 5357 3295 5412 via
3317 5374 3489 5429 quam
3524 5358 3770 5428 reliqui-

2063 5450 2171 5506 stis
2203 5450 2241 5503 ί.
2289 5452 2443 5504 Inter
2497 5464 2597 5504 vos
2643 5448 2801 5518 ipsos
2858 5448 3119 5519 longiore
3164 5447 3467 5503 intervallo
3510 5449 3763 5519 separati

2129 5577 2146 5612 ι
2170 5572 2257 5637 Er.
2282 5574 2446 5637 Lugd.
2479 5579 2531 5623 et
2564 5573 2696 5623 Ven.
2730 5574 2803 5622 sic
2834 5572 3030 5637 habent
3054 5573 3193 5637 [nunc
3227 5573 3432 5637 locum:
3471 5571 3523 5621 In
3548 5572 3762 5620 diversa

2063 5637 2177 5701 itis,
2208 5635 2266 5687 in
2294 5634 2460 5687 medio
2489 5642 2563 5687 est
2584 5637 2673 5687 via
2701 5651 2855 5700 quam
2883 5634 3204 5699 relinquitis.
3263 5634 3329 5684 Μ.
