4148 6190
294 282 447 352 1821

289 429 456 493 estis,
491 444 671 499 quam
705 428 776 483 ab
818 427 943 497 ipsa
991 425 1081 480 via
1110 425 1280 491 cujus
1331 424 1652 481 desertores
1698 424 1859 482 estis.
1892 424 2007 481 Vos

294 519 451 589 hinc,
485 534 589 573 vos
623 522 819 572 autem
852 515 1033 584 illinc,
1066 516 1180 570 huc
1211 514 1402 571 venite
1434 532 1447 569 :
1480 515 1639 570 alteri
1672 516 1743 569 ad
1796 514 2005 571 alteros

290 607 545 664 transire
566 606 766 676 nolite,
791 607 892 663 sed
922 606 1059 662 hinc
1093 610 1266 677 atque
1288 604 1447 661 illinc
1473 607 1540 661 ad
1575 623 1679 662 nos
1702 606 2002 674 veniendo,

289 698 540 754 invicem
572 714 675 754 vos
704 698 976 752 invenite.
1001 690 1333 761 Sabelliani,
1360 696 1653 768 agnoscite
1675 710 1843 768 quem
1863 710 2007 766 prae-

287 786 605 855 termittis;
655 787 876 852 Ariam,
919 790 1142 858 aequate
1186 802 1360 857 quem
1411 786 1684 857 subditis,
1720 790 1775 841 et
1805 786 1861 840 in
1914 784 2005 839 via

285 893 419 933 vera
442 876 749 933 nobiscum
776 875 1173 932 ambulabitis.
1193 877 1292 931 Est
1311 877 1465 932 enim
1488 878 1637 947 quod
1660 876 1908 932 invicem
1933 891 1997 931 ex

286 966 451 1022 vobis
490 965 656 1021 alteri
689 982 756 1020 ex
816 964 1013 1020 alteris
1072 964 1371 1021 admoneri
1434 966 1663 1035 utrique
1718 965 1999 1021 debeatis.

281 1055 454 1122 Audi,
490 1054 854 1111 sabelliane:
888 1069 1078 1125 usque
1106 1055 1246 1109 adeo
1284 1070 1396 1109 non
1432 1055 1554 1126 ipse
1585 1056 1770 1121 Pater,
1792 1055 1893 1109 sed
1924 1053 2000 1109 al-

278 1151 365 1199 ter
387 1150 477 1201 est
500 1143 704 1209 Filius,
728 1150 791 1199 ut
807 1160 940 1199 eum
965 1144 1204 1199 arianus
1220 1143 1568 1216 inaequalem
1589 1148 1806 1200 asserat
1823 1143 1996 1199 Patri.

279 1234 457 1299 Audi,
488 1232 725 1288 ariane:
761 1248 945 1304 usque
974 1234 1119 1287 adeo
1152 1233 1327 1288 Filius
1357 1232 1598 1304 aequalis
1621 1238 1711 1289 est
1734 1232 1908 1303 Patri,
1936 1237 1999 1287 ut

282 1322 641 1380 sataellianus
672 1323 943 1378 eumdem
978 1338 1104 1378 esse
1153 1323 1311 1378 dicat
1342 1327 1398 1378 et
1450 1322 1694 1378 Patrem.
1728 1324 1813 1377 'I‘u
1850 1324 1997 1378 adde

282 1430 463 1487 quem
498 1413 679 1483 tollis,
710 1417 765 1470 tu
816 1412 1073 1486 adimple
1121 1429 1296 1485 quem
1328 1413 1567 1481 minuis,
1603 1416 1660 1468 ct
1689 1412 1993 1469 nobiscum

281 1505 460 1561 ambo
492 1501 812 1560 consistitis
845 1520 859 1559 :
892 1502 1029 1575 quia
1062 1518 1167 1559 nec
1213 1506 1277 1558 tu
1310 1501 1487 1569 tollis,
1522 1518 1627 1558 nec
1668 1506 1726 1557 tu
1777 1501 1996 1559 minuis

278 1610 419 1650 eum
450 1594 549 1665 qui
579 1598 636 1649 et
666 1593 812 1650 alter
841 1596 930 1649 est
975 1609 1006 1645 a
1039 1595 1232 1661 Patre,
1264 1596 1327 1648 ut
1376 1593 1686 1649 convincas
1724 1591 1993 1648 sabellia-

275 1689 511 1753 uum,et
535 1684 775 1756 aequalis
790 1682 964 1749 Patri,
996 1687 1059 1738 ut
1089 1681 1994 1754 couvincasarianum.Utrisque

274 1773 437 1829 enim
469 1772 701 1839 clamat,
737 1775 847 1843 Ego
879 1779 931 1828 et
966 1773 1131 1828 Pater
1161 1789 1333 1828 unum
1374 1787 1563 1827 sumus
1592 1771 1771 1843 (Joan.
1801 1788 1856 1838 x,
1879 1771 1990 1841 30).

273 1864 445 1931 Quod
476 1864 573 1932 ait,
600 1880 794 1934 unum,
818 1863 1060 1919 audiant
1078 1862 1273 1918 Ariani
1297 1878 1311 1928 ;
1331 1863 1486 1935 quod
1512 1863 1612 1931 ait,
1635 1878 1846 1928 sumus,
1878 1878 1988 1915 au-

273 1950 809 2009 diantSabelliani:
835 1957 891 2008 et
922 1968 1029 2008 nec
1061 1952 1141 2008 illi
1164 1951 1472 2023 aequalem,
1499 1968 1603 2007 nec
1633 1950 1717 2006 illi
1747 1951 1989 2005 alterum

274 2044 542 2113 negando
575 2041 695 2097 sint
722 2042 877 2097 vani.
909 2042 969 2096 Si
1002 2056 1138 2113 ergo
1170 2040 1447 2112 quoniam
1483 2040 1642 2105 dixit,
1671 2039 1836 2095 Verba
1868 2053 1992 2111 qua?

270 2146 372 2200 ego
405 2132 594 2201 loquor
621 2130 789 2199 vobis,
820 2147 858 2187 a
890 2133 1089 2203 meipso
1120 2146 1228 2186 non
1257 2130 1466 2202 loquor,
1500 2134 1800 2202 propterea
1833 2132 1993 2199 puta-

270 2225 374 2277 tur
405 2237 590 2294 usque
620 2222 762 2277 adeo
802 2220 1045 2292 imparis
1078 2220 1404 2292 potestatis,
1438 2224 1502 2274 ut
1532 2235 1645 2274 non
1680 2219 1831 2290 quod
1867 2219 1992 2289 ipse

263 2311 396 2367 vult
440 2311 611 2367 faciat
642 2329 656 2379 ;
687 2312 958 2366 audiatur
987 2310 1140 2382 quod
1169 2310 1334 2371 dixit,
1369 2309 1517 2366 Sicut
1552 2312 1710 2364 Pater
1764 2311 1991 2364 suscitat

279 2403 522 2457 mortuos
568 2405 619 2457 et
648 2400 907 2470 viviﬁcat,
941 2402 1023 2457 sic
1072 2404 1123 2455 et
1175 2400 1346 2455 Filius
1390 2415 1520 2470 quos
1580 2399 1693 2455 vult
1721 2400 1988 2468 viviﬁc.-:t.

274 2493 417 2549 Item
449 2491 500 2548 si
536 2492 814 2564 quoniam
850 2491 1013 2560 dixit,
1046 2494 1210 2547 Pater
1240 2492 1302 2546 in
1328 2506 1413 2545 me
1440 2506 1692 2555 manens,
1716 2492 1828 2560 ipse
1852 2491 1989 2561 facit

261 2595 453 2651 opera,
500 2588 804 2652 propterea
838 2583 1079 2652 putatur
1109 2595 1222 2634 non
1270 2578 1420 2635 alius
1448 2595 1576 2633 esse
1623 2583 1809 2645 Pater,
1842 2579 1988 2634 alius

262 2669 417 2739 ipse;
451 2658 721 2724 audiatur
744 2669 897 2740 quod
916 2667 1085 2734 dixit,
1123 2669 1480 2738 Quacumque
1497 2669 1661 2722 Pater
1686 2668 1841 2738 facit,
1874 2666 1993 2724 Ιιιτισσ

267 2762 321 2815 et
345 2759 523 2816 Filius
552 2760 808 2813 similiter
835 2759 974 2829 facit
1007 2756 1105 2828 (Id.
1150 2775 1201 2827 v,
1229 2758 1319 2823 2t,
1356 2758 1439 2826 19)
1472 2776 1484 2824 ;
1520 2761 1577 2812 et.
1625 2755 1992 2829 intelligatur

264 2864 382 2904 non
406 2848 500 2904 bis
532 2865 701 2916 unus,
728 2848 831 2904 sed
853 2848 967 2903 duo
993 2860 1196 2902 unum.
1235 2846 1440 2903 Verum
1478 2846 1616 2917 quia
1642 2845 1725 2902 sic
1747 2844 1991 2917 aqualis

266 2938 420 2994 alter
453 2937 722 2994 alteriut
754 2946 948 2993 tamen
974 2937 1120 2992 alter
1158 2954 1225 2993 ex
1248 2934 1449 3004 altero,
1492 2935 1620 2991 ideo
1653 2952 1767 2990 non
1802 2934 1988 3006 loqui-

271 3034 373 3084 tur
397 3045 431 3084 a
461 3026 801 3100 semetipso,
834 3027 975 3100 quia
996 3044 1109 3083 non
1143 3030 1232 3083 est
1257 3045 1291 3083 a
1321 3026 1510 3097 seipse
1542 3042 1556 3080 :
1588 3031 1647 3081 et
1675 3026 1803 3081 ideo
1826 3025 1990 3080 Pater

260 3116 330 3172 in
362 3114 463 3171 illo
494 3131 738 3170 manens
762 3114 899 3171 facit
920 3131 1093 3188 opera
1124 3114 1268 3185 ipse,
1293 3116 1432 3185 quia
1464 3130 1565 3186 per
1585 3128 1755 3185 quem
1777 3116 1985 3169 etcum

258 3221 382 3277 quo
414 3205 573 3271 facit,
610 3221 722 3260 non
755 3210 843 3261 est
873 3205 985 3262 nisi
1021 3204 1091 3260 ab
1138 3204 1288 3278 ipso.
1323 3204 1576 3275 Denique
1607 3201 1899 3275 adjungit,
1930 3212 1986 3260 et

252 3293 403 3351 dicit
435 3309 449 3349 :
479 3294 597 3350 Non
644 3294 871 3351 creditis
898 3298 1028 3368 quia
1057 3311 1153 3365 ego
1184 3298 1239 3350 in
1290 3301 1473 3361 Patre,
1523 3300 1572 3350 et
1601 3296 1765 3350 Pater
1794 3296 1850 3348 in
1901 3308 1987 3348 me

246 3388 381 3440 est?
423 3384 678 3456 Alioquin
706 3388 927 3457 propter
980 3401 1152 3457 opera
1196 3387 1312 3457 ipsa
1342 3385 1562 3441 credite.
1614 3388 1795 3440 Antea
1825 3383 1983 3440 solus

245 3473 559 3546 Philippus
582 3474 958 3546 arguebatur,
983 3472 1138 3529 nunc
1161 3479 1357 3530 autem
1382 3491 1496 3530 non
1524 3473 1605 3529 ibi
1630 3490 1762 3529 eum
1791 3472 1979 3529 solum

246 3564 435 3620 fuisse
466 3563 567 3636 qui
599 3567 754 3619 esset
795 3565 1127 3635 arguendus
1155 3565 1499 3621 ostenditur.
1534 3568 1766 3635 PrOpter
1785 3578 1975 3632 opera:

245 3652 468 3722 inquit,
510 3654 626 3724 ipsa
648 3652 849 3709 credite
877 3653 1010 3725 quia
1039 3669 1137 3724 ego
1189 3655 1246 3708 in
1280 3656 1463 3721 Patre,
1493 3656 1543 3708 et
1588 3654 1755 3707 Pater
1804 3653 1863 3707 in
1890 3667 1979 3707 me

244 3746 330 3798 est
352 3758 372 3795 :
403 3758 595 3815 neque
624 3742 781 3799 enim
811 3744 861 3799 si
894 3744 1151 3815 separati
1182 3759 1468 3813 essemus,
1501 3742 1978 3815 inseparabiliter

244 3829 479 3902 operari
514 3830 636 3886 ulla
669 3832 891 3888 ratione
926 3849 1255 3903 possemus.

328 3921 383 3974 3.
418 3920 529 3977 Sed
566 3920 707 3992 quid
740 3925 829 3976 est
860 3923 1016 3994 quod
1042 3922 1328 3994 sequitur,
1352 3943 1379 3971 ‹‹
1414 3926 1620 3990 Amen,
1652 3936 1818 3977 amen
1843 3921 1971 3977 dico

240 4009 439 4076 vobis,
468 4009 569 4081 qui
600 4010 785 4067 credit
815 4012 875 4067 in
908 4028 1019 4081 me,
1054 4027 1225 4083 opera
1257 4028 1383 4084 quas
1416 4028 1522 4084 ego
1556 4011 1722 4080 facio,
1754 4016 1810 4068 et
1847 4011 1970 4082 ipse

239 4098 445 4159 faciet,
476 4104 534 4155 et
565 4100 790 4171 majora
832 4102 1038 4157 horum
1093 4103 1255 4159 faciet
1282 4123 1295 4173 ;
1331 4103 1468 4175 quia
1500 4119 1604 4175 ego
1636 4104 1705 4158 ad
1740 4108 1968 4160 Patrem

238 4192 395 4247 vado
430 4207 443 4247 :
478 4195 535 4248 et
566 4208 945 4265 quaecumque
987 4194 1276 4265 petieritis
1308 4195 1365 4249 in
1398 4195 1632 4250 nomine
1666 4211 1814 4264 meo,
1846 4195 1969 4251 haec

244 4280 572 4337 faciam.Ut
593 4280 955 4353 gloriﬁcatur
981 4285 1149 4340 Pater
1172 4284 1229 4339 in
1253 4282 1421 4352 Filio,
1443 4285 1491 4340 si
1524 4285 1663 4357 quid
1680 4285 1966 4355 petieritis

253 4372 317 4425 in
349 4370 586 4427 nomine
617 4388 767 4438 meo,
817 4372 926 4429 hoc
976 4372 1206 4429 faciam.
1236 4396 1256 4423 ι
1292 4378 1438 4446 Ergo
1470 4381 1523 4429 et
1587 4373 1686 4429 illa
1745 4375 1965 4445 majora

242 4477 425 4535 opera
437 4461 702 4533 seipsum
726 4464 1016 4520 facturum
1032 4482 1160 4521 esse
1184 4464 1469 4538 promisit.
1492 4464 1616 4522 Non
1641 4480 1703 4522 se
1724 4466 1965 4524 extollat

250 4567 459 4608 servus
489 4570 667 4625 supra
706 4555 1042 4623 Dominum,
1077 4560 1135 4612 et
1184 4555 1510 4629 discipulus
1558 4574 1738 4630 supra
1778 4558 1960 4630 magi-

239 4644 431 4697 strum
461 4641 569 4713 (Id.
605 4660 723 4711 xm,
757 4643 846 4716 l6)
880 4662 892 4699 :
921 4645 1143 4716 majora
1176 4646 1494 4717 quamipse
1512 4645 1666 4715 facit,
1691 4647 1832 4704 dicit
1861 4665 1959 4706 eos

236 4746 369 4815 esse
398 4733 687 4803 facturos;
731 4736 830 4791 sed
863 4736 923 4792 in
947 4736 1029 4793 eis
1069 4737 1156 4794 vel
1188 4754 1290 4810 per
1312 4754 1411 4793 eos
1442 4753 1504 4794 se
1539 4738 1803 4810 faciente,
1840 4758 1952 4799 non

236 4821 366 4893 lpse
384 4828 666 4895 tanquam
698 4841 766 4881 ex
797 4825 1029 4899 seipsis.
1054 4827 1115 4882 Ei
1139 4827 1356 4899 quippe
1387 4831 1679 4897 cantatur,
1711 4831 1955 4902 Diligam

1434 279 1901 350 TRAC'I‘A'I‘US
1946 274 2180 348 LXXII.
2226 282 2485 355 CAPUT
2525 282 2678 357 X'iv.

3675 309 3828 367 1822

2104 427 2246 482 tunc
2278 428 2525 499 dicebat,
2556 434 2662 491 nisi
2696 436 2869 493 verba
2899 452 3029 510 qua:
3070 438 3418 512 loquebatur
3444 442 3471 497 ?
3500 444 3829 499 Audiebant

2104 516 2163 567 et
2195 520 2505 580 credebant
2526 525 2633 595 illi,
2666 531 2720 583 et
2742 528 3078 584 eorumdem
3108 531 3411 587 verborum
3448 533 3670 589 fructus
3702 540 3825 589 erat

2110 600 2250 663 ﬁdes
2280 610 2548 671 illorum:
2583 622 2977 673 verumtamen
3003 620 3533 692 evangelizantibus
3567 621 3823 693 discipu-

2118 697 2211 765 lis,
2246 718 2361 757 non
2396 707 2509 759 tam
2544 707 2713 777 pauci
2744 722 2913 778 quam
2947 706 3032 762 illi
3065 714 3248 777 erant,
3283 711 3381 766 sed
3408 716 3610 782 gentes
3643 712 3817 766 etiam

2113 792 2490 850 crediderunt
2525 814 2537 863 ;
2568 797 2685 853 haec
2717 801 2853 853 sunt
2885 799 3009 853 sine
3041 799 3400 857 dubitatione
3430 802 3672 870 majora.
3705 801 3822 857 Nec

2114 889 2303 940 tamen
2337 885 2437 955 ait,
2467 888 2674 958 Majors
2712 887 2918 943 herum
2953 888 3200 955 facietis,
3234 899 3295 945 ut
3327 891 3481 946 solos
3514 892 3821 961 Apostolos

2112 989 2177 1029 ea
2201 981 2539 1045 putaremus
2560 994 2685 1034 esse
2709 978 2966 1034 facturos
2991 996 3004 1047 ;
3040 979 3161 1047 sed,
3190 981 3294 1048 Qui
3321 980 3488 1035 credit
3522 983 3579 1037 in.
3605 981 3817 1045 main-

2112 1065 2258 1135 quit,
2291 1082 2455 1137 Opera
2484 1083 2609 1139 qua
2633 1084 2725 1139 ego
2758 1071 2926 1137 facio,
2960 1074 3009 1124 et
3029 1068 3148 1137 ipse
3171 1069 3366 1139 faciet,
3398 1076 3449 1126 et
3480 1074 3695 1142 majora
3729 1071 3817 1125 ho-

2110 1170 2234 1208 rum
2253 1154 2443 1222 faciet.
2472 1159 2630 1211 Itane
2652 1157 3010 1228 quicumque
3041 1157 3219 1213 credit
3240 1157 3297 1211 in
3330 1156 3649 1226 Christum,
3686 1159 3817 1213 facit

2108 1259 2234 1314 quae
2258 1245 2544 1312 Christus,
2565 1247 2651 1301 vel
2674 1246 2894 1315 majora
2915 1263 3085 1317 quam
3113 1246 3375 1303 Christus
3397 1248 3423 1302 ?
3443 1248 3563 1303 Non
3592 1253 3817 1318 prreter-

2108 1340 2312 1390 cunter
2341 1334 2456 1391 ista
2508 1338 2808 1391 tractanda
2840 1346 2996 1403 sunt,
3032 1354 3135 1392 nec
3184 1338 3389 1394 debent
3440 1338 3815 1393 festinatione

2108 1424 2621 1496 praecipitari;sed
2683 1442 2748 1482 ca
2796 1427 2945 1499 cogit
2992 1426 3425 1482 concludendus
3451 1427 3573 1497 jam
3624 1444 3815 1483 sermo

2106 1511 2215 1568 iste
2247 1513 2485 1569 differri.

2620 1644 3026 1701 TRACTATUS
3068 1643 3279 1701 LXXII.

2608 1734 2674 1788 1n
2706 1736 2952 1789 eamdem
2983 1733 3295 1789 lectionem.

2177 1863 2225 1913 1.
2250 1859 2394 1926 Quid
2420 1860 2527 1915 sibi
2552 1859 2707 1926 velit,
2731 1865 2790 1916 et
2811 1862 3101 1930 quomodo
3126 1860 3529 1932 accipiendum
3555 1864 3629 1916 sit
3655 1865 3811 1932 quod

2100 1948 2385 2004 Dominus
2417 1950 2518 2016 ait,
2552 1950 2659 2018 Qui
2687 1953 2858 2005 credit
2883 1950 2939 2005 in
2972 1966 3077 2020 me,
3111 1966 3272 2021 Opera
3296 1967 3415 2021 qua?
3448 1966 3546 2017 ego
3575 1954 3736 2019 facio,
3758 1959 3810 2005 et

2101 2040 2212 2109 ipse
2239 2042 2428 2111 faciet,
2452 2057 2563 2096 non
2597 2045 2685 2096 est
2708 2042 2874 2097 facile
2904 2041 3426 2113 comprehendere:
3463 2045 3520 2096 et
3550 2058 3677 2096 cum
3704 2042 3811 2096 hoc

2099 2132 2169 2186 ad
2193 2132 2632 2205 intelligendum
2650 2134 3213 2200 difﬁcillimum,est,
3237 2132 3449 2201 adjecit
3480 2131 3633 2187 aliud
3662 2130 3814 2185 dil‘lt-

2099 2220 2292 2290 cilius,
2326 2224 2389 2277 Et
2418 2225 2628 2294 majora
2662 2224 2853 2279 horum
2884 2226 3068 2293 faciet.
3104 2222 3248 2289 Quid
3286 2221 3553 2276 esthoc?
3582 2221 3682 2284 Qui
3723 2222 3809 2274 fa-

2099 2316 2254 2367 ceret
2283 2328 2457 2383 Opera
2488 2329 2613 2383 quae
2665 2313 2930 2367 Christus
2981 2312 3137 2381 fecit,
3170 2327 3283 2366 non
3316 2309 3756 2364 inveniebamus
3792 2328 3804 2376 ;

2100 2401 2194 2474 qui
2221 2401 2394 2457 etiam
2417 2403 2638 2473 majora
2652 2402 2840 2469 faciet,
2864 2400 3151 2457 inventuri
3174 2416 3378 2455 sumus
3398 2400 3425 2454 τ
3448 2400 3557 2454 Sed
3582 2399 3806 2454 dixera-

2102 2507 2231 2547 mus
2262 2507 2528 2548 sermone
2578 2492 2822 2564 pristino
2854 2492 2996 2563 quia
3043 2492 3235 2562 majus
3266 2491 3375 2544 fuit
3422 2490 3641 2544 umbris
3686 2505 3804 2544 sua:

2101 2583 2372 2651 transitu,
2405 2584 2558 2654 quod
2593 2582 2862 2654 discipuli
2915 2584 3176 2638 fecerunt
3205 2584 3342 2652 (Act.
3377 2596 3429 2643 v,
3484 2580 3592 2647 15),
3628 2595 3803 2649 quam

2101 2668 2339 2725 ﬁmbriae
2372 2689 2488 2727 suae
2532 2678 2708 2737 tactu,
2741 2673 2894 2743 quod
2931 2672 3054 2742 ipse
3098 2669 3374 2725 Dominus
3418 2666 3552 2721 fecit
3599 2666 3803 2736 (Matth.

2098 2777 2212 2826 xxv,
2247 2762 2357 2834 36),
2384 2779 2588 2816 sanare
2618 2762 2987 2832 languentes;
3031 2769 3080 2813 et
3105 2758 3240 2829 quia
3273 2757 3467 2828 plures
3496 2755 3805 2825 Apostolis,

2099 2869 2277 2925 quam
2304 2852 2429 2924 ipso
2457 2869 2554 2921 per
2584 2869 2648 2906 os
2680 2853 2978 2923 preprium
3033 2851 3380 2923 praedicante
3412 2846 3651 2900 Domino
3683 2862 3803 2899 cre-

2099 2944 2370 3000 diderunt
2404 2957 2416 2996 :
2454 2947 2513 2997 ut
2545 2942 2663 2996 haec
2697 2942 3032 2996 viderentur
3071 2954 3245 3008 opera
3275 2934 3647 3004 intelligenda
3678 2950 3806 2988 esse

2099 3035 2349 3105 majora:
2386 3050 2499 3088 non
2532 3049 2647 3104 quo
2680 3033 2865 3102 major
2885 3032 3039 3085 esset
3063 3028 3340 3097 Magistro
3366 3023 3806 3094 discipulus,vel

2100 3124 2340 3179 Domino
2374 3138 2596 3188 servus,
2629 3122 2717 3176 vel
2768 3122 3081 3191 adoptatus
3129 3116 3457 3187 Unigenito,
3490 3113 3573 3167 vel
3632 3112 3806 3168 homo

2095 3212 2355 3280 Deo;sed
2389 3213 2541 3284 quod
2570 3210 2823 3283 perillos
2847 3210 2971 3279 ipse
3008 3206 3350 3277 dignaretur
3379 3202 3579 3256 eadem
3617 3202 3800 3271 majo-

2093 3298 2157 3358 ra
2178 3303 2382 3371 facere,
2416 3300 2671 3374 quidicit
2692 3298 2806 3355 illis
2829 3297 2939 3352 alio
2963 3297 3107 3361 loco,
3138 3294 3266 3347 Sine
3295 3306 3380 3346 me
3408 3289 3554 3343 nihil
3572 3293 3801 3360 potestis

2090 3397 2269 3463 facere
2299 3394 2485 3462 (Joan,
2516 3396 2611 3460 xv,
2630 3390 2704 3459 5).
2734 3390 2861 3460 Ipse
2883 3386 3118 3457 quippe,
3142 3388 3205 3437 ut
3228 3380 3342 3435 alia
3359 3378 3651 3445 omittam,
3672 3395 3797 3449 quae

2091 3489 2227 3540 sunt
2256 3480 2725 3548 innumerabilia,
2749 3480 2875 3534 sine
2895 3476 3039 3549 ipsis
3064 3470 3467 3543 fecitzeos,sine
3495 3468 3641 3539 ipsis
3667 3468 3798 3523 fecit

2089 3575 2248 3631 hunc
2270 3575 2589 3641 mundum;
2612 3580 2666 3627 et
2690 3571 2828 3643 quia
2843 3570 3018 3624 homo
3042 3565 3212 3620 etiam
3234 3562 3355 3632 ipse
3380 3559 3501 3613 ﬁeri
3524 3558 3795 3630 dignatus

2086 3672 2194 3729 est,
2228 3664 2353 3720 sine
2385 3662 2527 3735 ipsis
2576 3660 2711 3716 fecit
2740 3664 2796 3715 ct
2843 3656 3122 3727 seipsum.
3151 3651 3295 3719 Quid
3329 3652 3517 3703 autem
3553 3646 3634 3703 illi
3668 3646 3794 3701 sine

2084 3755 2234 3828 ipso,
2268 3753 2378 3809 nisi
2412 3756 2715 3824 peccatum
2737 3749 2765 3803 ?
2806 3746 3062 3816 Denique
3091 3747 3148 3799 et
3176 3742 3273 3798 hic
3301 3740 3357 3796 id
3392 3737 3552 3810 quod
3581 3737 3653 3828 de
3684 3735 3793 3828 hac

2084 3825 2141 3900 re
2174 3848 2397 3916 poterat
2430 3860 2533 3899 nos
2565 3857 2816 3908 movere,
2850 3856 2982 3894 mox
3031 3833 3273 3891 abstulit
3304 3849 3316 3886 :
3352 3846 3486 3885 cum
3518 3826 3671 3883 enim
3699 3825 3790 3879 di-

2082 3934 2281 4003 xisset,
2318 3933 2422 4001 Qui
2449 3932 2623 3988 credit
2649 3934 2707 3986 in
2745 3948 2853 3998 me,
2886 3945 3046 4001 opera
3087 3941 3206 3997 qua
3253 3937 3349 3990 ego
3376 3920 3541 3992 facio,
3576 3924 3630 3971 et
3680 3916 3791 3986 ipse

2077 4026 2263 4095 faciet,
2285 4028 2332 4078 et
2364 4024 2577 4095 majora
2598 4023 2791 4077 horum
2810 4020 2979 4091 faciet
2998 4034 3017 4078 ;
3038 4016 3312 4072 continuo
3331 4013 3567 4066 secutus
3581 4007 3647 4061 ad
3652 4006 3757 4095 jun
3771 4034 3789 4043 -

2076 4093 2180 4181 ait,
2214 4114 2360 4179 Quia
2388 4093 2482 4185 ego
2510 4110 2579 4168 ad
2611 4115 2829 4169 Patrem
2856 4108 3014 4175 vado,
3046 4114 3094 4162 et
3124 4114 3475 4175 quaecumque
3500 4093 3791 4167 petieritis,

2075 4205 2135 4258 in
2165 4207 2385 4261 nomine
2408 4220 2543 4273 meo,
2575 4204 2686 4259 haec
2706 4204 2932 4271 faciam.
2958 4198 3063 4265 Qui
3086 4196 3310 4252 dixerat
3333 4189 3527 4260 faciet,
3552 4190 3681 4257 post
3707 4187 3789 4239 ait

2071 4295 2278 4366 faciam
2306 4313 2326 4361 ;
2358 4298 2639 4364 tanquam
2659 4293 2895 4357 diceret,
2926 4288 3051 4343 Non
3083 4285 3245 4339 vobis
3276 4274 3638 4366 impossibile
3681 4275 3785 4366 hoc

2076 4363 2340 4441 videatur
2372 4402 2384 4440 :
2419 4363 2532 4440 non
2564 4385 2715 4439 enim
2752 4379 2959 4454 poterit
2988 4392 3114 4432 esse
3140 4374 3325 4442 major
3355 4385 3447 4424 me
3478 4365 3572 4436 qui
3603 4363 3784 4417 credit

2074 4474 2132 4531 in
2166 4493 2279 4545 me,
2311 4477 2411 4532 sed
2460 4490 2565 4547 ego
2599 4474 2857 4528 facturus
2895 4484 3024 4523 sum
3056 4470 3114 4520 et
3142 4468 3286 4517 tunc
3339 4458 3563 4526 majora
3602 4469 3778 4525 quam

2072 4579 2267 4632 nunc;
2302 4546 2524 4633 majora
2554 4575 2658 4632 per
2678 4573 2807 4614 eum
2836 4556 2935 4627 qui
2959 4553 3144 4609 credit
3171 4552 3228 4604 in
3261 4560 3559 4617 me,quam
3580 4546 3783 4633 praeter

2070 4668 2203 4710 eum
2237 4668 2339 4725 per
2371 4632 2459 4707 me
2494 4667 2506 4706 :
2541 4665 2643 4720 ego
2674 4652 2871 4703 tamen
2928 4645 3051 4714 ipse
3083 4644 3285 4714 praeter
3316 4652 3473 4703 eum,
3506 4650 3611 4704 ego
3658 4632 3780 4703 ipse

2068 4760 2168 4817 per
2200 4759 2330 4800 eum
2369 4760 2380 4797 :
2419 4742 2515 4799 sed
2551 4739 2783 4814 quando
2816 4739 3026 4809 praeter
3055 4749 3213 4799 eum,
3247 4745 3359 4786 non
3413 4727 3581 4782 faciet
3611 4726 3776 4797 ipse;

2066 4837 2299 4909 quando
2321 4842 2512 4891 autem
2536 4849 2637 4906 per
2656 4847 2812 4899 eum,
2835 4826 3100 4902 quamvis
3121 4841 3232 4880 non
3254 4838 3353 4895 per
3377 4819 3777 4891 semetipsum,

231 4922 303 4977 te,
338 4912 587 4979 Domine,
620 4915 796 4968 virtus
838 4931 957 4970 mea
1001 4915 1174 4984 (Psat.
1207 4932 1343 4985 xvu,
1372 4916 1447 4986 2).
1486 4916 1592 4973 Sed
1644 4934 1769 4989 quaa
1813 4925 1952 4977 sunt
2063 4926 2232 4981 faciet
2263 4930 2321 4983 et
2353 4926 2499 4997 ipse.
2534 4927 2710 4980 Porro
2768 4924 2966 4977 autem
3001 4916 3219 4988 majora
3272 4914 3462 4968 facere
3494 4926 3593 4982 per
3643 4923 3772 4997 eum

229 5002 470 5057 tandem
496 5002 604 5059 ista
626 5004 894 5075 majora?
922 5008 998 5061 An
1033 5005 1176 5061 forte
1200 5006 1351 5078 quod
1377 5022 1557 5077 aegros
1588 5007 1732 5079 ipsis
1761 5016 1947 5066 trans-

2061 5020 2239 5088 qu‘am
2288 4996 2498 5088 praeter
2525 5029 2682 5073 eum.
2719 5028 2829 5067 non
2883 5012 2971 5065 est
3018 5004 3283 5069 defectio,
3336 5002 3431 5057 sed
3493 4996 3773 5088 dignatio.

226 5091 525 5157 euntibus,
549 5092 724 5149 etiam
758 5108 962 5150 eorum
1014 5095 1221 5150 umbra
1268 5096 1509 5152 sanabat
1545 5096 1680 5167 (Act.
1714 5114 1768 5165 v,
1803 5101 1889 5171 15)
1918 5100 1947 5155 ‘l
2058 5087 2204 5172 Quid
2234 5087 2390 5162 enim
2414 5103 2741 5160 retribuant
2761 5101 2909 5156 servi
2935 5096 3199 5160 Domino,
3228 5109 3329 5163 pro
3353 5087 3623 5145 omnibus
3649 5101 3775 5155 quae

224 5178 411 5251 Majas
441 5184 533 5237 est
561 5183 716 5239 enim
744 5188 807 5241 ut
832 5188 997 5241 sanet
1024 5184 1231 5241 umbra
1256 5201 1428 5257 quam
1463 5185 1693 5243 [imbria
1712 5188 1938 5260 (Matth.

2054 5195 2321 5252 retribuit
2352 5194 2435 5250 eis
2466 5193 2634 5264 (Psal.
2661 5207 2782 5260 cxv,
2822 5187 2954 5259 l2)?
2984 5180 3461 5252 Quandoquidem
3494 5177 3644 5229 inter
3670 5191 3780 5229 eaa-

227 5284 339 5337 xrv,
372 5271 489 5340 36).
552 5270 704 5329 Illud
751 5289 852 5345 per
881 5287 964 5345 se,
999 5274 1107 5331 hoc
1164 5288 1266 5345 per
1322 5274 1483 5347 ipsos
1517 5294 1531 5346 ;
1592 5276 1694 5332 sed
1751 5281 1942 5336 tamen
2054 5288 2177 5342 tera
2211 5284 2363 5340 bona
2394 5284 2572 5340 etiam
2616 5283 2723 5339 hoc
2758 5280 2841 5336 eis
2873 5279 3090 5333 donare
3120 5274 3392 5344 dignatus
3423 5274 3527 5332 est,
3561 5269 3626 5320 ut
3646 5282 3772 5320 ma-

225 5361 1131 5433 atrumqueipse.Verumtamen
1155 5365 1384 5436 quando
1416 5365 1528 5422 ista
1554 5365 1939 5433 dicebat,ver-
2042 5375 2181 5447 ἀοι-ε,
2214 5373 2394 5428 facere
2425 5389 2521 5444 per
2550 5370 2679 5427 illos
2708 5384 2884 5441 quam
2920 5369 3124 5437 praeter
3156 5360 3309 5417 illos.
3345 5359 3546 5447 Nonne
3586 5354 3656 5409 ab
3679 5370 3777 5409 ore

229 5448 434 5506 borum
460 5466 706 5508 suorum
747 5469 923 5524 opera
943 5455 1396 5511 commendabat
1426 5471 1440 5510 :
1477 5455 1558 5512 sle
1588 5454 1742 5512 enim
1776 5458 1934 5516 dixe-

229 5545 332 5611 rat,
363 5543 551 5599 Verba
582 5558 708 5615 qua
736 5561 831 5614 ego
862 5545 1055 5617 loquor
1084 5546 1250 5614 vobis,
1280 5563 1315 5602 a
1342 5549 1548 5617 meipso
1577 5564 1687 5604 non
1711 5550 1934 5621 loquor;

2048 5445 2210 5520 illius
2241 5462 2400 5518 dives
2435 5460 2531 5515 ille
2563 5458 2744 5515 tristis
2796 5455 3095 5519 abscessit,
3131 5450 3356 5522 quando
3384 5445 3774 5516 vitae’jzeterna:

2048 5552 2364 5611 consilium
2398 5549 2669 5622 quaesivit
2701 5549 2914 5620 (Matth.
2949 5561 3063 5609 xxx,
3110 5538 3354 5612 16—22)?
3383 5537 3633 5603 Audivit,
3668 5535 3775 5590 ab-

232 5633 395 5689 Patcr
425 5639 614 5691 autem
638 5635 694 5688 in
723 5649 809 5691 me
837 5649 1080 5706 manens,
1096 5637 1209 5709 ipse
1234 5637 1375 5708 facit
1396 5652 1586 5710 opera.
1605 5638 1738 5704 Quae
1761 5646 1939 5714 opera
2039 5644 2186 5718 jecit
2214 5662 2226 5701 :
2250 5646 2306 5702 et
2336 5646 2535 5701 tamen
2558 5647 2761 5715 postea
2791 5639 2949 5713 quod
2980 5637 3050 5695 ab
3084 5636 3183 5695 illo
3206 5633 3476 5695 auditum
3507 5644 3622 5688 non
3645 5626 3781 5685 fecit
