4148 6190
316 262 473 323 1825

317 396 485 452 stolis
519 397 742 451 dictum
777 396 1061 452 debemus
1094 397 1355 469 accipere
1384 398 1411 453 τ
1463 398 1642 455 Absit.
1676 399 1840 455 Unde
1869 399 2027 455 enim

313 488 385 541 ad
410 486 522 541 hoc
544 487 698 542 venit
722 490 787 541 ut
816 487 1053 553 diceret,
1078 487 1348 557 superius
1369 488 1610 558 dixerat,
1637 490 1743 556 Qui
1771 489 1945 545 credit
1966 488 2028 542 in

312 592 416 645 me,
449 591 613 647 opera
665 593 785 648 quae
824 592 919 645 ego
946 578 1113 645 facio,
1153 581 1339 646 [aciet,
1384 588 1437 633 et
1480 581 1691 648 majora
1721 581 1913 635 horum
1942 581 2028 647 [a-

309 668 414 722 ciet
437 683 455 720 :
485 666 557 721 de
589 683 709 737 qua
740 683 800 721 re
834 666 1077 737 pristino
1110 683 1380 722 sermone
1428 668 1820 723 tractavimus.
1860 670 1925 723 Et
1955 683 2025 723 ne

308 756 630 826 quisquam
663 756 774 811 hoc
803 755 916 810 sibi
946 757 1248 823 tribueret,
1282 762 1347 811 ut
1376 758 1552 812 etiam
1584 758 1685 811 illa
1714 774 1887 827 opera
1911 774 2026 812 ma-

302 848 432 916 jora
465 847 730 917 seipsum
793 848 979 901 facere
1020 847 1372 911 ostenderet,
1415 847 1649 916 adjecit,
1692 855 1865 919 atque
1894 849 1975 903 ait
2003 865 2022 901 .-

1453 260 1924 326 TRACTATUS
1969 256 2223 322 LXXIV.
2270 259 2526 322 CAPUT
2567 259 2729 323 XIV.

3682 272 3709 331 1
3720 269 3837 333 826

2138 397 2195 452 id
2226 402 2316 454 est
2336 400 2664 456 secundum
2686 397 3041 455 Salvatorem
3064 403 3124 455 et
3139 401 3463 459 secundum
3487 408 3833 479 magistrum

2138 492 2403 557 petamus
2436 515 2449 555 ;
2483 506 2597 545 non
2630 496 2769 545 tunc
2791 491 3026 560 quando
3057 490 3310 560 petimus
3332 493 3490 561 facit,
3513 499 3611 551 sed
3644 506 3834 558 tamen

2136 577 2290 631 facit.
2327 580 2523 649 Neque
2555 580 2711 633 enim
2744 581 2879 647 quia
2909 584 2966 632 et
2998 578 3142 633 illud
3168 580 3422 650 petimus
3446 586 3510 638 ut
3534 587 3725 643 veniat
3753 606 3838 647 re-

2135 682 2317 737 gnum
2348 667 2470 736 Dei,
2524 675 2829 739 propterea
2879 685 2991 723 non
3025 670 3163 723 facit
3193 672 3344 741 quod
3379 673 3650 743 petimus,
3701 682 3839 750 quia

2136 772 2250 810 non
2278 758 2472 811 statim
2498 774 2626 812 cum
2651 758 2749 812 illo
2772 757 2831 811 in
2855 759 3170 814 aeternitate
3193 777 3544 831 regnamus:
3577 766 3839 825 differtur

2133 846 2289 901 enim
2319 848 2474 917 quod
2511 848 2783 919 petimus,
2808 865 2919 903 non
2947 852 3205 918 negatur.
3232 849 3647 911 Verumtamen
3671 874 3841 913 oran-

311 938 453 1005 Quia
476 952 575 1008 ego
595 937 665 991 ad
686 941 914 992 Patrem
952 937 1128 1001 vado;
1157 943 1212 992 et
1240 938 1619 1007 quodcumque
1657 938 1931 1005 petieritis
1963 939 2023 992 in
2132 938 2216 989 tes
2246 940 2526 1005 tanquam
2578 936 2934 993 seminantes
2985 955 3097 992 non
3148 940 3530 1009 deficiamus;
3581 948 3838 1018 tempore

305 1026 538 1082 nomine
554 1042 693 1093 meo,
718 1025 816 1081 hoc
838 1027 1060 1083 faciam.
1084 1026 1375 1096 Numquid
1400 1028 1461 1082 in
1484 1044 1617 1082 eum
1642 1027 1750 1083 soli
1770 1027 2026 1096 Apostoli

308 1117 692 1173 crediderunt
721 1115 748 1169 ‘l
777 1116 861 1170 Ad
896 1132 993 1171 eos
1025 1120 1223 1188 itaque
1254 1116 1601 1185 loquebatur
1632 1117 1897 1184 dicendo,
1921 1117 2028 1181 Qui

309 1205 487 1261 credit
510 1207 570 1260 in
599 1221 710 1273 me,
736 1206 793 1260 in
830 1204 1042 1275 quibus
1073 1220 1141 1261 eo
1173 1206 1427 1261 donante
1458 1206 1630 1260 etiam
1662 1223 1769 1261 nos
1800 1222 2024 1275 sumus,

312 1296 412 1367 qui
449 1296 653 1367 utique
683 1310 803 1351 non
852 1296 1268 1366 quodcumque
1300 1296 1645 1366 petierimus
1677 1296 2024 1367 accipimus.

308 1385 478 1456 Ipsos
503 1399 736 1455 quoque
760 1384 1133 1440 beatissimos
1154 1384 1203 1438 si
1228 1385 1553 1456 cogitemus
1574 1385 1903 1455 Apostolos,
1938 1386 2023 1439 in-

305 1476 582 1532 venimus
607 1491 738 1531 eum
771 1476 870 1546 qui
900 1476 1033 1545 plus
1064 1476 1336 1531 omnibus
1356 1475 1663 1547 laboravit,
1688 1493 1805 1531 non
1828 1482 2024 1533 autem

304 1566 455 1636 ipse,
488 1565 593 1621 sed
618 1565 805 1634 gratia
836 1565 933 1620 Dei
965 1581 1098 1620 cum
1132 1566 1258 1637 ipso
1292 1566 1337 1634 (ῐ
1365 1567 1493 1621 Cor.
1537 1582 1628 1633 xv,
1665 1566 1773 1636 10),
1808 1574 1890 1621 ter
1910 1566 2022 1621 Do-

308 1655 537 1710 minum
572 1670 806 1726 rogasse
838 1657 901 1709 ut
943 1655 1015 1709 ab
1045 1670 1114 1709 eo
1160 1654 1480 1709 discederet
1510 1655 1755 1726 angelus
1785 1660 2024 1721 satana,

310 1760 417 1799 nec
448 1748 647 1799 tamen
681 1745 835 1815 quod
871 1748 1169 1815 regaverat
1216 1744 1509 1813 accepisse
1541 1744 1614 1813 (ll
1650 1744 1780 1799 Cor.
1813 1760 1915 1811 xu,
1946 1746 2023 1814 8).

309 1833 458 1896 Quid
493 1834 779 1901 dicemus,
812 1833 1140 1888 charissimi
1170 1832 1187 1866 ¹
1220 1833 1248 1887 Ῡ
1295 1834 1718 1888 Putabimusne
1748 1833 1857 1888 hoc
1901 1850 2027 1904 pro-

312 1922 566 1979 missum
592 1922 691 1977 ubi
714 1923 815 1989 ait,
839 1922 1228 1994 Quodcumque
1246 1922 1538 1992 petieritis,
1560 1924 1657 1977 hoc
1673 1925 1897 1993 faciam,
1923 1939 2027 1978 nec

308 2013 604 2084 Apostolis
637 2013 819 2068 fuisse
850 2014 922 2067 ab
950 2013 1051 2068 lllo
1092 2014 1444 2084 completum
1479 2012 1506 2063 ‘l
1552 2014 1619 2067 Et
1666 2015 1756 2068 cui
1790 2015 2023 2069 tandem

308 2103 460 2173 quod
489 2102 780 2173 promittit
811 2100 1095 2172 implebit,
1129 2103 1177 2157 si
1210 2100 1515 2173 Apostolos
1540 2119 1675 2157 suos
1696 2102 1754 2156 in
1776 2120 1883 2158 sua
1905 2119 2027 2174 pro-

308 2191 592 2247 missione
626 2191 911 2245 fraudavit
935 2189 961 2243 ‘I

375 2282 428 2336 3.
463 2279 685 2350 Evigila
713 2280 910 2351 igitur,
954 2280 1127 2336 homo
1177 2279 1387 2347 fidelis,
1427 2284 1483 2335 et
1530 2280 1838 2351 vigilanter
1885 2279 2021 2335 audi

302 2372 455 2442 quod
493 2370 614 2426 illic
646 2371 905 2441 positum
938 2375 1048 2439 est,
1086 2374 1142 2424 in
1185 2370 1408 2425 nomine
1437 2386 1556 2425 meo
1580 2387 1599 2425 ,ο
1647 2371 1839 2441 ipsum
1870 2371 2021 2425 enim

303 2460 699 2531 quodcumque,
734 2474 847 2514 non
894 2458 995 2524 ait,
1057 2459 1344 2529 petieritis
1403 2464 1767 2529 utcumque;
1810 2460 1933 2523 sed,
1965 2461 2025 2515 in

306 2552 533 2604 nomine
559 2564 698 2604 meo.
732 2547 839 2613 Qui
862 2548 1133 2619 promisit
1164 2564 1301 2619 ergo
1335 2555 1450 2603 tam
1495 2564 1771 2617 magnum
1806 2548 2023 2603 beneﬂ-

307 2640 491 2707 cium,
524 2638 661 2709 quid
691 2638 974 2693 vocatur?
1005 2636 1213 2708 Utique
1238 2637 1505 2693 Christus
1533 2638 1702 2693 Jesus
1722 2654 1735 2693 ε
1757 2637 2025 2693 Christus

307 2727 603 2799 signiﬁcat
634 2742 853 2797 regem,
900 2727 1075 2783 Jesus
1108 2728 1401 2798 significat
1446 2727 1796 2783 Salvatorem
1832 2746 1844 2782 :
1907 2742 2019 2783 non

309 2818 522 2888 utique
554 2834 663 2873 nos
694 2816 883 2872 salvos
908 2816 1100 2885 faciet,
1126 2816 1482 2887 quicumque
1514 2833 1631 2884 rex,
1665 2817 1763 2872 sed
1788 2832 1883 2872 rex
1905 2817 2020 2874 Sal-

305 2912 503 2976 vator;
534 2924 602 2963 ac
626 2923 728 2978 per
748 2907 856 2963 hoc
878 2908 1286 2977 quodcumque
1318 2906 1577 2975 petimus
1600 2907 1873 2961 adversus
1904 2906 2022 2960 uti-

310 2996 536 3052 litatem
572 2996 803 3065 salutis,
863 3013 979 3051 non
1041 2998 1296 3068 petimus
1328 2997 1386 3050 in
1422 2996 1655 3050 nomine
1685 2995 2019 3051 Salvatoris.

308 3086 377 3141 Et
407 3092 609 3142 tamen
641 3085 768 3157 ipse
796 3087 1057 3142 Salvator
1087 3094 1191 3151 est,
1228 3102 1338 3140 non
1372 3084 1568 3141 solum
1601 3086 1839 3154 quando
1891 3085 2027 3140 facit

310 3177 464 3247 quod
503 3175 781 3247 petimus,
812 3191 1011 3231 verum
1046 3176 1220 3230 etiam
1252 3175 1482 3245 quando
1514 3190 1627 3228 non
1661 3174 1795 3228 facit
1826 3190 1840 3241 ;
1876 3190 2026 3244 quo-

305 3266 464 3320 niam
500 3265 654 3336 quod
688 3264 847 3319 videt
878 3266 989 3335 peti
1026 3268 1229 3319 contra
1274 3263 1547 3330 salutem,
1602 3278 1714 3317 non
1764 3262 2023 3317 faciendo

302 3355 500 3427 potius
537 3371 597 3410 se
648 3353 884 3409 exhibet
930 3353 1309 3409 Salvatorem.
1371 3352 1538 3407 Novit
1574 3351 1730 3407 enim
1766 3352 2025 3407 medicus

302 3443 442 3515 quid
476 3459 580 3514 pro
619 3459 745 3503 sua,
770 3443 910 3513 quid
936 3446 1137 3497 contra
1163 3457 1333 3497 suam
1362 3440 1606 3497 salutem
1632 3445 1836 3513 poscat
1857 3457 2027 3511 agro-

305 3537 438 3601 tus;
473 3538 531 3588 et
552 3533 683 3588 ideo
714 3532 1010 3588 contraria
1034 3531 1327 3603 poscentis
1349 3547 1465 3586 non
1492 3531 1627 3586 facit
1647 3529 2024 3598 voluntatem,

310 3631 367 3678 ut
402 3621 583 3677 faciat
612 3621 946 3677 sanitatem.
983 3620 1350 3691 Quapropter
1398 3619 1635 3690 quando
1666 3619 1933 3674 volumus
1964 3624 2029 3673 ut

308 3713 487 3767 faciat
508 3713 913 3783 quodcumque
937 3710 1212 3782 petimus,
1228 3726 1341 3766 non
1361 3714 1704 3780 utcumque,
1726 3710 1825 3765 sed
1841 3710 1898 3764 in
1926 3727 2025 3766 no-

309 3802 471 3857 mine
506 3802 637 3872 ejus
667 3804 961 3872 petamus,
989 3801 1092 3855 boc
1124 3804 1211 3855 est
1242 3800 1301 3853 in
1335 3799 1569 3854 nomine
1598 3799 1905 3854 Salvatoris
1937 3813 2031 3869 pe-

313 3896 530 3949 tamus.
563 3891 686 3947 Non
719 3907 857 3961 ergo
906 3894 1108 3945 contra
1140 3893 1399 3945 nostram
1430 3888 1678 3944 salutem
1714 3896 1979 3959 petamus
2012 3903 2024 3941 :

316 3982 472 4053 quod
508 3981 557 4036 si
584 3981 805 4048 fecerit,
839 3996 954 4035 non
987 3984 1055 4035 ut
1101 3979 1360 4034 Salvator
1409 3978 1563 4043 facit,
1607 3977 1765 4048 quod
1805 3986 1889 4033 est
1921 3994 2031 4033 no-

319 4087 451 4127 men
484 4073 612 4141 ejus
645 4070 915 4126 ﬁdelibus
938 4072 1087 4140 ejus.
1120 4068 1221 4124 Est
1247 4068 1462 4140 quippe
1493 4068 1686 4139 impiis
1706 4074 1764 4123 et
1792 4068 2033 4123 damna-

319 4169 430 4231 tor,
465 4163 565 4233 qui
597 4162 878 4233 dignatur
926 4159 1198 4214 fidelibus
1245 4174 1373 4213 esse
1419 4158 1700 4213 Salvator.
1754 4156 1859 4220 Qui
1898 4173 2033 4229 ergo

313 4251 501 4309 credit
532 4251 590 4305 in
650 4266 805 4318 eum,
856 4250 1266 4321 quodcumque
1316 4248 1546 4319 petierit
1576 4248 1632 4302 in
1665 4264 1731 4302 eo
1778 4247 2034 4319 nomine,

310 4342 468 4417 quod
502 4345 589 4396 est
618 4341 734 4395 illis
760 4339 859 4411 qui
893 4338 1210 4395 creduntin
1235 4353 1391 4405 eum,
1417 4338 1525 4393 hoc
1549 4337 1683 4392 facit
1708 4362 1721 4404 ;
1747 4338 2029 4407 quoniam

307 4435 419 4490 hoc
451 4432 609 4488 sicut
642 4431 912 4486 Salvator
943 4429 1098 4485 facit.
1123 4430 1181 4484 Si
1216 4433 1408 4484 autem
1444 4427 1543 4499 qui
1569 4428 1627 4482 in
1650 4444 1785 4483 eum
1820 4428 2029 4483 credit.

304 4522 535 4593 aliquid
571 4536 670 4593 per
698 4519 1089 4590 ignorantiam
1124 4523 1324 4574 contra
1372 4532 1536 4573 suam
1587 4518 1835 4573 salutem
1870 4517 2029 4587 petit,

309 4629 431 4668 non
460 4613 520 4668 in
552 4611 785 4667 nomine
832 4609 1150 4665 Salvatoris
1183 4607 1328 4679 petit
1357 4626 1371 4675 ;
1425 4608 1561 4677 quia
1607 4606 1873 4662 Salvator
1902 4608 2032 4677 ejus

316 4718 433 4758 non
465 4701 595 4767 erit,
629 4700 677 4756 si
710 4700 858 4771 quod
896 4699 1016 4768 ejus
1049 4698 1296 4754 salutem
1331 4697 1594 4767 impedit,
1620 4696 1838 4752 fecerit.
1872 4695 2031 4751 Unde

314 4796 463 4847 tunc
500 4789 736 4861 expedit
792 4788 988 4859 potius
1041 4793 1106 4842 ut
1165 4803 1278 4841 non
1313 4786 1577 4841 faciendo
1610 4790 1845 4857 pr0pter
1874 4786 2029 4856 quod

314 4883 642 4948 invocatur,
677 4880 846 4935 faciat
879 4878 1036 4949 quod
1066 4886 1320 4933 vocatur.
1357 4877 1662 4947 Propterea
1694 4894 1806 4932 non
1844 4876 2026 4934 solum

315 4971 603 5040 Salvator,
637 4970 741 5027 sed
772 4970 948 5026 etiam
984 4969 1254 5039 magister
1313 4967 1520 5037 bonus,
1554 4970 1619 5020 ut
1649 4967 1819 5021 faciat
1848 4969 2029 5037 quod-

314 5078 577 5133 cumque
634 5061 1000 5132 petierimus,
1053 5060 1112 5114 in
1171 5057 1300 5129 ipsa
1349 5056 1605 5112 oratione
1652 5073 1828 5127 quam
1865 5057 2029 5113 nobis

313 5154 501 5221 dedit,
533 5152 731 5207 docuit
762 5151 900 5223 quid
933 5155 1202 5221 petamus
1232 5166 1244 5215 ;
1294 5152 1354 5203 ut
1396 5148 1561 5203 etiam
1616 5147 1701 5201 sic
1731 5146 2025 5219 intelliga-

312 5260 449 5302 mus
480 5258 600 5299 non
632 5244 825 5311 petere
871 5256 977 5295 nos
1017 5239 1075 5293 in
1108 5238 1345 5294 nomine
1378 5236 1663 5308 magistri,
1696 5236 1849 5306 quod
1884 5236 2024 5307 peti-

310 5351 451 5392 mus
483 5335 692 5405 prtcter
719 5328 983 5401 regulam
1016 5327 1204 5400 ipsius
1239 5326 1576 5397 magisterii.

383 5429 435 5482 4.
470 5425 627 5480 Sane
650 5422 916 5493 quaedam
949 5418 1213 5488 quamvis
1238 5418 1295 5473 in
1328 5417 1561 5472 nomine
1584 5416 1713 5485 ejus
1736 5418 2023 5486 petamus,

372 5552 392 5588 ι
420 5550 477 5599 In
511 5548 593 5603 Β..
626 5544 758 5609 quid
774 5542 1023 5609 dicimus,
1056 5539 1398 5595 charissima?
1422 5539 1507 5591 Er.
1540 5538 1709 5603 Lugd.
1742 5539 1872 5592 Ven.
1897 5540 2023 5592 Lov.

308 5614 481 5666 secuti
496 5608 706 5663 sumus.
773 5608 840 5658 Μ.

2136 1024 2288 1079 enim
2325 1025 2553 1096 proprio
2586 1030 2872 1081 metemus
2900 1025 3101 1097 (Galat.
3136 1046 3211 1093 v1,
3241 1030 3318 1099 9).
3370 1034 3438 1085 Et
3464 1034 3641 1088 simul
3674 1043 3838 1107 peta-

2138 1128 2271 1166 mus
2301 1115 2533 1183 quando
2565 1116 2709 1169 bene
2742 1116 3009 1185 petimus,
3054 1121 3116 1171 ut
3167 1134 3277 1172 non
3313 1118 3487 1175 faciat
3532 1125 3685 1192 quod
3722 1143 3836 1182 non

2136 1201 2282 1256 bene
2314 1203 2568 1272 petimus
2595 1228 2608 1269 ;
2632 1204 2769 1273 quia
2789 1210 2846 1260 et
2866 1207 2935 1259 ad
2963 1206 3070 1262 hoc
3095 1208 3346 1277 pertinet
3376 1214 3527 1282 quod
3552 1213 3608 1267 in
3633 1217 3835 1273 eadem

2136 1290 2395 1345 oratione
2423 1292 2717 1347 dominica
2748 1293 3015 1361 dicimus,
3050 1296 3125 1350 Ne
3170 1313 3267 1352 nos
3309 1300 3517 1368 inferas
3558 1302 3618 1357 in
3660 1310 3837 1359 tenta-

2138 1380 2341 1434 tionem
2370 1379 2589 1452 (Matth.
2625 1396 2698 1440 v1,
2732 1380 2910 1451 9-13).
2945 1388 3141 1453 Neque
3171 1386 3328 1440 enim
3382 1405 3555 1457 parva
3584 1396 3671 1447 est
3701 1397 3837 1449 ten-

2134 1468 2296 1537 tatio,
2330 1469 2374 1523 si
2408 1475 2607 1525 contra
2639 1474 2800 1525 tuam
2833 1471 2910 1525 sit
2940 1488 3173 1528 causam
3207 1479 3305 1531 tua
3337 1479 3669 1546 postulatio.
3712 1484 3836 1541 Non

2137 1564 2331 1614 autem
2358 1560 2720 1631 negligenter
2750 1562 3106 1617 audiendum
3133 1569 3241 1632 est,
3266 1569 3415 1635 quod
3438 1568 3741 1639 Dominus,
3768 1591 3839 1630 ne

2136 1650 2452 1720 quisquam
2484 1666 2614 1704 eum
2639 1656 2863 1721 putaret
2895 1653 3047 1723 quod
3072 1669 3134 1708 se
3164 1658 3424 1723 promisit
3449 1659 3632 1717 facere
3654 1670 3840 1733 peten-

2136 1738 2313 1805 tibus,
2346 1738 2471 1794 sine
2513 1739 2676 1795 Patre
2707 1757 2831 1796 esse
2866 1744 3174 1808 facturum,
3207 1759 3337 1800 cum
3370 1747 3631 1819 dixisset,
3654 1754 3839 1821 Quod-

2133 1843 2364 1898 cumque
2389 1830 2655 1897 petieritis
2685 1830 2744 1883 in
2765 1833 2987 1885 nomine
3014 1848 3150 1899 meo,
3176 1834 3273 1889 hoc
3300 1839 3536 1908 faciam,
3560 1842 3839 1900 continuo

2137 1916 2402 1985 subjecit,
2440 1918 2503 1972 Ut
2535 1918 2872 1988 glmi/icetur
2918 1922 3082 1974 Pater
3112 1921 3171 1975 in
3209 1923 3371 1990 Filio,
3419 1929 3467 1979 si
3507 1928 3641 1997 quid
3669 1933 3840 2001 petie-

2136 2005 2261 2059 ritis
2301 2007 2359 2059 in
2408 2007 2632 2059 nomine
2678 2023 2817 2072 meo,
2861 2007 2958 2061 hoc
2985 2011 3208 2078 faciam.
3245 2011 3413 2069 Nullo
3447 2017 3619 2071 modo
3656 2018 3839 2089 igitur

2135 2095 2262 2148 sine
2294 2095 2454 2149 Patre
2487 2094 2594 2150 hoc
2627 2096 2808 2150 Filius
2841 2098 2996 2164 facit,
3041 2101 3513 2171 quandoquidem
3556 2110 3618 2159 ut
3648 2106 3704 2161 in
3736 2107 3836 2163 illo

2136 2184 2305 2238 Pater
2334 2184 2708 2250 gloriﬁcatur,
2762 2192 3062 2256 prepterea
3106 2188 3262 2243 facit.
3314 2191 3467 2246 Facit
3508 2210 3641 2263 ergo
3674 2200 3839 2253 Pater

2136 2275 2193 2328 in
2231 2273 2395 2341 Filio,
2424 2285 2484 2328 ut
2512 2272 2692 2328 Filius
2722 2275 3082 2344 gloriﬁcetur
3110 2276 3169 2330 in
3211 2280 3378 2335 Patre
3412 2296 3425 2335 :
3476 2287 3533 2337 et
3565 2283 3699 2338 facit
3738 2286 3839 2339 Fi-

2136 2363 2248 2418 lius
2284 2363 2341 2416 in
2373 2362 2561 2427 Patre,
2597 2368 2659 2416 ut
2686 2363 2851 2418 Pater
2880 2364 3235 2438 gloriﬁcatur
3261 2368 3319 2422 in
3348 2368 3518 2432 Filio;
3554 2374 3832 2443 quoniam

2135 2470 2319 2508 unum
2351 2457 2488 2508 sunt
2515 2452 2680 2507 Pater
2707 2458 2763 2508 et
2793 2452 2989 2509 Filius.

2629 2578 3052 2636 TRACTATUS
3093 2581 3335 2639 LXXIV.

2136 2692 2211 2743 De
2240 2703 2299 2743 eo
2333 2687 2473 2760 quod
2502 2688 2599 2755 ait,
2634 2687 2693 2743 Si
2716 2687 2956 2761 diligitis
2980 2706 3092 2759 me,
3116 2693 3393 2749 mandata
3421 2710 3550 2752 mea
3573 2701 3793 2755 servate
3819 2716 3831 2766 ;

2205 2794 2371 2850 usque
2416 2778 2485 2833 ad
2535 2777 2611 2842 id,
2667 2780 2831 2849 Apud
2887 2796 2986 2835 vos
3021 2782 3298 2850 manebit,
3330 2787 3385 2839 et
3424 2784 3482 2841 in
3513 2786 3674 2843 vobis
3706 2790 3832 2845 erit.

2207 2868 2335 2937 Cap.
2370 2885 2485 2937 xxv,
2520 2868 2572 2937 3'.
2610 2869 2796 2923 15-17.

2209 2995 2257 3047 1.
2291 2994 2657 3059 Audivimus,
2690 2995 2915 3058 fratres,
2947 3012 3081 3052 cum
3117 3000 3489 3070 Evangelium
3522 3001 3829 3074 legeretur,

2135 3080 2445 3138 Dominum
2474 3080 2809 3135 dicentem:
2860 3082 2920 3136 Si
2967 3084 3195 3154 diligitis
3241 3103 3346 3155 me,
3404 3092 3667 3146 mandata
3713 3110 3838 3151 mea

2134 3178 2392 3227 servate:
2424 3177 2473 3224 et
2501 3184 2593 3239 ego
2642 3170 2843 3239 rogabo
2890 3172 3132 3238 Patrem,
3180 3184 3230 3228 et
3285 3177 3461 3230 alium
3490 3180 3839 3238 Paracletum

2134 3260 2285 3317 dabit
2308 3260 2471 3327 vobis,
2498 3268 2557 3315 ut
2588 3266 2809 3313 maneat
2838 3260 3116 3315 vobiscum
3146 3265 3203 3316 in
3250 3269 3535 3333 aeternum,
3570 3269 3839 3339 Spiritum

2134 3352 2406 3417 veritatis,
2438 3365 2596 3420 quem
2625 3348 2862 3404 mundus
2891 3365 3001 3404 non
3029 3356 3199 3420 potest
3227 3352 3517 3423 accipere;
3557 3361 3690 3427 quia
3724 3377 3836 3415 non

2135 3440 2279 3496 videt
2317 3456 2464 3508 eum,
2495 3454 2594 3494 nec
2621 3440 2721 3493 scit
2766 3454 2911 3495 eum.
2973 3440 3075 3494 Vos
3114 3444 3298 3495 autem
3326 3448 3658 3511 cognoscetis
3685 3463 3834 3519 eum,

2135 3532 2267 3601 quia
2296 3530 2447 3600 apud
2486 3544 2577 3583 vos
2606 3529 2869 3593 manebit,
2906 3532 2957 3583 et
2988 3531 3045 3582 in
3074 3529 3219 3584 vobis
3276 3533 3404 3589 erit.
3454 3532 3635 3589 Multa
3673 3544 3849 3607 sunt,

2138 3636 2264 3691 quae
2297 3621 2354 3674 in
2378 3619 2507 3674 istis
2538 3618 2737 3688 paucis
2777 3618 2968 3675 verbis
3021 3619 3247 3674 Domini
3287 3621 3692 3695 requirantur;
3734 3630 3835 3683 sed

2139 3710 2393 3765 multum
2426 3714 2515 3763 est
2545 3709 2615 3763 ad
2650 3724 2755 3763 nos
2776 3708 2861 3764 vel
2886 3708 3084 3764 omnia
3106 3725 3230 3779 quae
3250 3709 3342 3765 hic
3363 3716 3675 3782 quaerenda
3698 3722 3839 3773 sunt

2139 3813 2415 3871 querere,
2445 3799 2533 3854 vel
2563 3800 2760 3853 omnia
2788 3814 2916 3868 quis
2950 3797 3043 3853 hic
3074 3798 3391 3869 quaerimus
3422 3801 3699 3859 invenire.
3734 3805 3840 3862 Ve-

2140 3894 2470 3946 rumtamen
2503 3895 2783 3960 quantum
2807 3887 2975 3944 nobis
2996 3887 3275 3945 Dominus
3305 3891 3522 3949 donare
3541 3894 3839 3966 dignatur,

2142 3995 2245 4052 pro
2278 3986 2472 4034 nostra
2504 3983 2560 4032 et
2590 3982 2776 4032 vestra
2818 3977 3157 4049 capacitate,
3206 3980 3346 4050 quid
3397 3981 3590 4038 dicere
3630 3984 3843 4042 debea-

2144 4087 2297 4135 mus,
2334 4077 2384 4124 st
2416 4067 2553 4138 quid
2588 4067 2790 4122 audire
2836 4068 3115 4133 debeatis,
3152 4070 3533 4141 attendentes,
3583 4089 3685 4143 per
3716 4092 3844 4142 nos,

2142 4156 2492 4224 charissimi,
2527 4158 2680 4228 quod
2726 4172 3038 4228 possumus
3072 4158 3309 4227 sumite,
3361 4163 3418 4213 et
3447 4160 3520 4214 ab
3549 4161 3647 4218 illo
3689 4166 3843 4233 quod

2144 4266 2258 4305 non
2289 4264 2600 4319 possumus
2633 4247 2869 4318 poscite.
2895 4247 3174 4317 Spiritum
3206 4246 3558 4317 paraclelum
3581 4250 3843 4307 Christus

2143 4339 2416 4411 promisit
2461 4336 2797 4408 Apostolis;
2848 4352 2963 4405 quo
3032 4347 3223 4389 autem
3272 4336 3441 4391 modo
3492 4340 3842 4407 promiserit,

2142 4431 2536 4487 advertamus.
2569 4426 2630 4481 Si
2658 4426 2888 4492 diligitis
2920 4441 3025 4493 me,
3059 4424 3271 4494 inquit,
3302 4425 3562 4481 mandata
3589 4444 3709 4484 mea
3739 4447 3848 4485 ser-

2140 4528 2263 4576 vate
2284 4535 2302 4573 :
2323 4524 2377 4573 et
2406 4531 2500 4585 ego
2522 4515 2719 4586 rogabo
2751 4519 2993 4579 Patrem,
3025 4518 3074 4568 et
3104 4512 3283 4568 alium
3314 4516 3665 4571 Paracletum
3693 4519 3845 4577 dabit

2140 4609 2304 4673 vobis,
2336 4614 2395 4660 ut
2423 4608 2642 4659 maneat
2675 4603 2944 4657 vobiscum
2972 4604 3037 4657 in
3066 4611 3347 4672 aeternum,
3392 4603 3662 4674 Spiritum
3702 4611 3842 4663 veri-

2140 4699 2291 4753 tatis.
2342 4694 2445 4750 Hic
2487 4698 2575 4748 est
2620 4692 2821 4763 utique
2864 4691 2923 4747 in
2967 4691 3245 4747 Trinitate
3285 4692 3536 4763 Spiritus
3585 4702 3843 4766 sanctus,

2140 4802 2314 4860 quem
2359 4782 2512 4839 Patri
2541 4791 2592 4839 et
2626 4781 2766 4836 Filio
2798 4779 3354 4836 consubstantialem
3386 4786 3443 4836 et
3487 4788 3837 4841 coastsrnum

2140 4878 2284 4931 ﬁdes
2310 4872 2593 4930 catholica
2623 4871 2931 4927 confitetur
2962 4895 2977 4937 ;
3012 4870 3136 4940 ipse
3166 4878 3251 4926 est
3283 4872 3353 4926 de
3383 4886 3495 4943 quo
3527 4872 3667 4927 dicit
3688 4876 3843 4943 Apo-

2140 4965 2345 5032 stolus,
2379 4962 2627 5018 Charitas
2670 4961 2764 5016 Dei
2792 4961 2994 5033 diﬂusa
3025 4964 3101 5015 est
3133 4959 3191 5013 in
3224 4960 3481 5016 cordibus
3512 4966 3710 5017 nostris
3740 4980 3838 5033 per

2137 5055 2409 5126 Spiritum
2454 5060 2721 5118 sanctum,
2752 5052 2847 5121 qui
2895 5050 3056 5104 datus
3104 5054 3183 5103 est
3226 5050 3381 5102 nobis
3437 5049 3608 5116 (Rom.
3662 5067 3716 5112 ν.
3756 5052 3834 5123 5).

2137 5142 2438 5207 Quomodo
2458 5156 2594 5211 ergo
2618 5138 2903 5193 Dominus
2924 5136 3158 5204 dicit,Si
3177 5135 3422 5204 diligitis
3442 5152 3546 5202 me,
3570 5137 3838 5196 mandata

2136 5246 2259 5286 mea
2287 5235 2502 5284 servate
2525 5245 2542 5283 :
2583 5233 2634 5281 et
2662 5242 2764 5297 ego
2793 5226 2990 5294 rogabo
3020 5228 3263 5286 Patrem,
3296 5226 3347 5278 et
3375 5224 3549 5278 alium
3577 5226 3837 5284 Paracle-

2136 5324 2252 5375 tum
2280 5317 2433 5371 dabit
2464 5315 2658 5377 vobis;
2703 5329 2835 5368 cum
2885 5312 2992 5367 hoc
3049 5312 3202 5366 dicat
3259 5312 3329 5365 de
3362 5311 3576 5382 Spiritu
3614 5321 3838 5387 sancto,

2134 5423 2307 5480 quem
2340 5403 2453 5461 nisi
2485 5404 2818 5468 habeamus,
2870 5414 2975 5457 nec
3013 5399 3255 5470 diligere
3286 5400 3467 5455 Deum
3498 5418 3837 5475 possumus,

2133 5512 2240 5553 nec
2259 5496 2387 5565 ejus
2401 5493 2676 5548 mandata
2699 5488 2965 5547 servare?
2983 5489 3281 5554 Quomodo
3303 5488 3605 5561 diligimus
3624 5496 3687 5549 ut
3709 5510 3840 5553 eum

2131 5583 2504 5656 accipiamus,
2546 5596 2721 5656 quem
2748 5580 2866 5639 nisi
2899 5577 3234 5650 habeamus,
3265 5578 3503 5653 diligere
3534 5597 3649 5639 non
3684 5584 3842 5643 vale-
