4148 6190
364 268 521 327 1827

366 422 499 462 mus
519 407 547 461 ‘?
564 413 662 462 aut
685 406 975 478 quomodo
997 408 1277 464 mandata
1300 410 1661 465 servabimus
1685 417 1745 465 ut
1765 425 1897 465 cum
1930 408 2075 465 acci-

367 496 615 565 piamus,
649 511 825 567 quem
859 496 971 552 nisi
1006 497 1355 567 habeamus,
1391 501 1669 555 mandata
1699 514 1925 555 servare
1956 513 2073 554 non

366 603 681 656 possumus
711 586 737 640 ?
769 592 851 641 An
889 586 1033 641 forte
1066 588 1334 657 praecedit
1367 589 1422 643 in
1460 590 1626 644 nobis
1658 589 1933 655 charitas,
1960 605 2073 659 qua

365 678 666 749 diligimus
698 678 1021 743 Christum,
1072 686 1131 732 ut
1163 679 1457 749 diligendo
1492 680 1787 735 Christum
1822 682 2071 750 ejusque

366 768 638 822 inundata
670 768 955 835 faciendo,
994 783 1319 822 mereamur
1348 769 1603 840 accipere
1636 769 1914 840 Spiritum
1942 785 2072 824 san-

364 862 546 924 ctum,
581 862 644 911 ut
674 857 924 913 charitas
958 872 1073 912 non
1104 856 1339 922 Christi,
1366 874 1495 928 quae
1519 860 1643 927 jam
1679 862 2070 928 praecesserat,

364 946 463 1000 sed
516 944 613 999 Dei
664 945 850 999 Patris
890 944 1253 999 diffundatur
1294 946 1352 999 in
1402 946 1673 1000 cordibus
1723 946 1935 1000 nostris
1974 961 2075 1016 per

360 1034 640 1105 Spiritum
672 1040 935 1090 sanctum
967 1035 1065 1104 qui
1098 1035 1269 1089 datus
1299 1039 1388 1089 est
1420 1035 1628 1090 nobis?
1688 1035 1958 1090 Pervorse
1987 1041 2076 1090 est

360 1128 470 1180 ista
500 1126 805 1181 sententia.
842 1125 951 1189 Qui
984 1126 1139 1179 enim
1178 1142 1239 1180 se
1272 1125 1481 1180 Filium
1515 1126 1759 1196 diligere
1782 1125 1986 1191 credit,
2018 1136 2075 1181 et

360 1214 585 1270 Patrem
619 1232 734 1271 non
766 1214 978 1286 diligit,
1029 1216 1287 1284 profecto
1338 1230 1442 1270 nec
1473 1214 1682 1269 Filium
1718 1214 1937 1286 diligit,
1972 1215 2068 1269 sed

360 1307 511 1375 quod
545 1306 657 1362 sibi
688 1306 814 1377 ipse
846 1305 1147 1362 conﬁnxit.
1196 1305 1418 1360 Deinde
1469 1305 1784 1376 apostolica
1824 1321 1930 1361 vox
1960 1309 2069 1365 est.

358 1399 523 1452 Nemo
545 1399 705 1463 dicit,
730 1398 991 1453 Dominus
1010 1396 1186 1461 Iesus,
1212 1398 1327 1449 nisi
1347 1397 1404 1449 in
1431 1395 1648 1467 Spiritu
1669 1404 1857 1451 sancto
1878 1396 1922 1464 (Ι
1948 1396 2066 1451 Cor.

361 1504 461 1555 xu,
494 1488 582 1557 3):
618 1490 674 1541 et
706 1485 840 1557 quis
871 1486 1180 1540 Dominum
1213 1483 1439 1549 Jesum,
1475 1484 1585 1540 nisi
1619 1484 1720 1555 qui
1760 1500 1893 1540 eum
1935 1484 2072 1539 dili—

360 1576 463 1645 git,
497 1575 659 1640 dicit,
713 1574 763 1629 si
808 1589 874 1629 eo
926 1574 1097 1629 modo
1137 1572 1279 1629 dicit
1318 1590 1432 1645 quo
1465 1574 1777 1644 Apostolus
1824 1572 2069 1644 intelligi

363 1665 543 1720 voluit
570 1666 597 1719 ‘I
628 1663 791 1719 Multi
831 1664 985 1719 enim
1016 1679 1151 1719 voce
1174 1664 1394 1731 dicunt,
1418 1665 1590 1720 corde
1611 1675 1802 1721 autem
1825 1668 1882 1719 et
1903 1664 2069 1720 factis

362 1758 577 1825 negant
601 1770 613 1807 :
648 1754 801 1809 sicut
831 1755 900 1809 de
926 1753 1144 1809 talibus
1176 1752 1276 1817 ait,
1304 1754 1652 1823 Conﬁtentur
1676 1754 1820 1809 enim
1840 1770 1899 1809 se
1918 1769 2070 1809 nosse

362 1847 552 1911 Deum,
602 1845 767 1915 factis
827 1857 1012 1899 autem
1067 1851 1267 1915 negant
1318 1844 1441 1915 (Tit.
1475 1862 1511 1908 ι,
1566 1846 1671 1914 16).
1715 1844 1773 1898 Si
1822 1849 2069 1915 negatur

362 1935 549 1997 factis,
584 1934 781 2003 procul
830 1933 1007 1988 dubio
1039 1933 1211 1989 etiam
1259 1934 1472 1988 dicitur
1523 1934 1705 1988 factis.
1751 1934 1914 1988 Nemo
1956 1934 2064 1989 ita-

362 2040 470 2093 que
501 2024 655 2090 dicit,
692 2024 946 2078 Dominus
976 2024 1148 2091 Iesus,
1181 2023 1398 2087 animo,
1433 2023 1623 2090 verbo,
1668 2024 1837 2090 facto,
1874 2025 2064 2091 corde,

363 2130 480 2181 ore,
514 2128 709 2184 opere,
738 2127 898 2168 nemo
928 2112 1077 2179 dicit,
1114 2112 1373 2167 Dominus
1402 2114 1573 2180 Iesus,
1605 2114 1718 2167 nisi
1748 2112 1808 2167 in
1850 2111 2065 2181 Spiritu

359 2212 595 2269 sancto;
625 2207 681 2257 et
712 2217 879 2257 nemo
910 2202 991 2257 sic
1022 2202 1181 2268 dicit,
1208 2202 1323 2258 nisi
1354 2205 1450 2273 qui
1484 2203 1688 2275 diligit.
1707 2202 1836 2257 Jam
1870 2202 2066 2274 itaque

360 2291 618 2364 Apostoli
668 2292 954 2357 dicebant,
1001 2294 1268 2347 Dominus
1322 2293 1513 2348 Jesus:
1560 2301 1613 2348 et
1670 2293 1718 2348 si
1776 2308 1842 2347 eo
1892 2291 2065 2347 modo

361 2382 657 2449 dicebant,
684 2386 749 2437 ut
770 2398 883 2437 non
907 2382 1037 2437 ficte
1062 2383 1343 2450 dicerent,
1377 2400 1473 2438 ore
1503 2384 1869 2447 confitentes,
1894 2382 2064 2437 corde

358 2475 415 2525 et
448 2471 615 2526 factis
646 2474 964 2541 negantes;
1001 2487 1234 2539 prorsus
1266 2471 1314 2525 si
1339 2470 1613 2526 veraciter
1638 2471 1742 2526 hoc
1769 2471 2061 2536 dicebant,

348 2560 545 2629 procul
587 2560 763 2613 dubio
796 2560 1118 2630 diligebant.
1153 2561 1453 2623 Quomodo
1496 2561 1673 2628 igitur
1718 2560 2059 2631 diligebant,

353 2649 463 2703 nisi
499 2650 556 2702 in
592 2649 809 2719 Spiritu
844 2653 1045 2702 sancto
1068 2649 1094 2701 ‘I
1129 2648 1193 2702 Et
1223 2653 1413 2704 tamen
1442 2650 1525 2703 eis
1558 2650 1718 2719 prius
1742 2649 2062 2718 imperatur

348 2741 409 2790 ut
440 2736 688 2805 diligant
720 2751 870 2801 eum,
907 2740 963 2789 et
993 2736 1120 2804 ejus
1154 2738 1424 2791 mandata
1446 2742 1806 2804 conservent,
1835 2736 2063 2792 utacoi-

355 2826 516 2896 piant
546 2825 829 2896 Spiritum
863 2833 1123 2879 sanctum
1160 2841 1173 2877 :
1225 2841 1396 2895 quem
1435 2827 1542 2881 nisi
1580 2825 1882 2892 baberent,
1923 2844 2060 2897 pro-

356 2916 501 2968 tecto
533 2913 773 2983 diligere
803 2916 859 2967 et
890 2913 1167 2969 mandata
1196 2930 1422 2969 servare
1454 2932 1568 2970 non
1605 2925 1859 2986 possenl.

422 3004 478 3059 2.
513 3003 706 3056 Restat
737 3017 874 3072 ergo
906 3006 971 3056 ut
1015 3000 1415 3073 intelligamus
1458 3005 1733 3073 Spiritum
1786 3009 2053 3060 sanctum

349 3092 559 3145 habere
591 3092 689 3161 qui
722 3090 931 3161 diligit,
955 3096 1011 3146 et
1041 3090 1308 3147 habendo
1342 3094 1548 3148 mereri
1574 3100 1636 3148 ut
1669 3093 1799 3165 plus
1826 3095 2053 3161 habeat,

345 3186 402 3236 et
432 3180 559 3251 plus
589 3179 852 3235 habendo
903 3180 1029 3249 plus
1077 3180 1296 3252 diligat.
1340 3184 1467 3238 Jam
1517 3182 1714 3253 itaque
1764 3184 2056 3241 habebant

341 3271 625 3339 Spiritum
661 3268 959 3339 discipuli,
986 3285 1157 3339 quem
1191 3270 1472 3327 Dominus
1507 3272 1902 3343 promittebat,
1926 3274 2052 3329 sine

344 3375 456 3429 quo
488 3373 622 3412 eum
680 3358 991 3413 Dominum
1043 3375 1156 3413 non
1187 3360 1457 3415 dicebant
1489 3378 1501 3415 :
1556 3378 1659 3415 nec
1690 3366 1882 3417 tamen
1916 3379 2049 3419 eum

342 3448 539 3503 adhuc
569 3447 884 3513 habebant,
919 3448 1071 3502 sicut
1102 3465 1229 3503 eum
1260 3450 1540 3505 Dominus
1567 3451 1956 3521 promittebat.
1984 3455 2051 3507 Et

343 3538 637 3592 habebant
670 3552 825 3606 ergo,
858 3542 915 3591 et
948 3553 1061 3591 non
1086 3537 1396 3606 habebant,
1422 3541 1520 3609 qui
1543 3546 1817 3610 quantum
1844 3542 2049 3597 haben-

342 3629 453 3683 dus
489 3628 695 3692 fuerat,
728 3627 990 3682 nondum
1024 3627 1334 3684 habebant.
1374 3630 1669 3685 Habebunt
1702 3632 1896 3702 itaque
1938 3633 2049 3687 mi-

341 3734 473 3785 nus,
506 3717 737 3772 dandus
767 3724 886 3772 erat
914 3717 997 3772 eis
1038 3718 1313 3789 amplius.
1350 3720 1649 3776 Habebunt
1679 3722 1923 3788 occulte,
1955 3739 2047 3779 ac-

342 3809 565 3877 cepturi
626 3810 856 3862 l'ueraut
916 3808 1267 3877 manifeste;
1329 3812 1463 3880 quia
1511 3816 1566 3866 et
1610 3812 1717 3867 hoc
1749 3814 1817 3868 ad
1852 3814 2045 3883 majus

340 3898 558 3951 donum
596 3898 780 3951 sancti
814 3898 1061 3965 Spiritus
1090 3900 1431 3969 pertinebat,
1461 3906 1521 3955 ut
1544 3902 1627 3957 eis
1661 3902 2046 3960 innotesceret

342 3987 497 4057 quod
530 3985 842 4041 habebant.
881 3986 954 4040 De
1003 4003 1114 4056 quo
1166 4004 1405 4044 numero
1456 3992 1700 4059 loquens
1731 3992 2043 4061 Apostolus

336 4075 417 4130 ait
446 4092 457 4129 :
495 4078 597 4131 Nos
640 4082 823 4130 autem
870 4090 980 4130 non
1008 4075 1267 4146 spiritum
1299 4078 1460 4149 hujus
1490 4080 1685 4133 mundi
1713 4084 2042 4151 accepimus,

338 4164 429 4219 sed
450 4164 721 4236 Spiritum
748 4166 841 4235 qui
875 4179 941 4219 ea
966 4166 1074 4220 Deo
1096 4174 1191 4234 est,
1221 4170 1281 4221 ut
1314 4169 1551 4223 sciamus
1582 4186 1699 4240 quae
1731 4188 1762 4225 α
1796 4170 1899 4226 Deo
1943 4171 2045 4225 do-

339 4260 472 4311 nata
504 4261 629 4310 sunt
658 4254 814 4310 nobis
842 4254 885 4323 (Ι
914 4253 1034 4309 Cor.
1070 4272 1133 4323 ιι,
1167 4257 1274 4327 12).
1312 4258 1448 4315 Nam
1482 4262 1537 4313 et
1573 4259 1760 4331 ipsam
1796 4262 2040 4316 manife-

339 4348 489 4401 stam
544 4344 1001 4416 impertitionem
1052 4345 1295 4416 Spiritus
1335 4348 1519 4403 sancti
1564 4365 1676 4403 non
1710 4348 1908 4415 semel,
1943 4352 2040 4406 sed

341 4434 432 4489 bis
474 4447 717 4488 numero
752 4431 1029 4488 Dominus
1060 4433 1198 4505 egit.
1239 4434 1367 4490 Mox
1397 4436 1552 4491 enim
1587 4440 1647 4491 ut
1678 4438 2043 4493 resurrexita

338 4524 610 4589 mortuis,
657 4522 967 4579 insul‘ﬂans
1018 4524 1145 4581 ait:
1205 4526 1448 4597 Accipite
1497 4528 1763 4599 Spiritum
1794 4533 2039 4584 sanctum

333 4615 520 4685 (Joan.
556 4631 649 4681 xx,
685 4614 796 4681 22).
831 4613 1121 4684 Numquid
1157 4615 1335 4687 igitur
1366 4616 1501 4687 quia
1535 4622 1672 4673 tunc
1702 4618 1880 4685 dedit,
1915 4620 2042 4675 ideo

338 4719 451 4759 non
479 4700 642 4755 misit
666 4702 840 4755 etiam
867 4706 1065 4770 postea
1088 4719 1261 4773 quem
1287 4706 1594 4775 promisit“?
1620 4711 1731 4761 Aut
1755 4725 1865 4763 non
1892 4710 2040 4765 idem

336 4794 463 4863 ipse
496 4794 584 4844 est
613 4788 868 4860 Spiritus
899 4796 1153 4858 sanctus,
1188 4792 1285 4862 qui
1320 4798 1377 4848 et
1423 4799 1561 4849 tunc
1591 4801 1677 4850 est
1708 4797 2044 4855 insufﬂatus

338 4884 409 4940 ab
444 4881 587 4952 ipso,
620 4884 677 4934 et
711 4882 907 4948 postea
939 4879 1009 4932 ab
1043 4879 1169 4949 ipso
1202 4881 1416 4936 missus
1446 4899 1476 4937 e
1507 4883 1649 4937 cmlo
1680 4885 1818 4955 (Act.
1856 4903 1915 4949 ιι,
1950 4887 2044 4958 4)Ῡ

338 4975 698 5043 Quapropter
728 4984 835 5022 cur
864 4965 989 5036 ipsa
1018 4984 1144 5038 qua:
1180 4969 1325 5023 facta
1357 4978 1441 5025 est
1473 4971 1762 5027 evidenter
1810 4973 2041 5031 donatio

334 5066 483 5132 ejus.
520 5061 607 5115 bis
631 5060 783 5114 facta
818 5057 1007 5124 fuerit,
1030 5056 1143 5112 alia
1174 5060 1416 5128 quiestio
1448 5064 1568 5116 est:
1605 5061 1866 5117 fortassis
1887 5066 2039 5120 enim

339 5160 566 5226 prepter
624 5150 737 5205 duo
769 5151 1056 5220 praecepta
1102 5146 1448 5217 dilectionis,
1510 5148 1617 5206 hoc
1660 5160 1747 5207 est
1798 5154 2043 5224 proximi

338 5250 393 5297 et
425 5242 544 5306 Dei,
578 5244 644 5295 ut
675 5239 1187 5294 commendaretur
1212 5238 1283 5293 ad
1316 5237 1593 5310 Spiritum
1619 5247 1888 5299 sanctum
1916 5263 2044 5317 per-

342 5333 525 5386 tinere
556 5329 813 5394 dilectio,
849 5328 969 5385 haec
1015 5330 1143 5401 ejus
1191 5329 1424 5401 gemina
1474 5335 1561 5386 est
1613 5332 1669 5386 in
1705 5336 2041 5394 manifesta-

338 5420 500 5473 tione
534 5418 683 5471 facta
713 5418 970 5474 donatio.
1022 5420 1091 5475 Et
1138 5420 1187 5475 si
1220 5419 1335 5476 alia
1365 5437 1542 5478 causa
1590 5426 1903 5493 qurerenda
1933 5433 2043 5497 est,

345 5524 461 5564 non
488 5522 639 5560 nunc
660 5507 786 5575 ejus
806 5508 1260 5579 inquisitionein
1285 5510 1605 5585 longiorem
1622 5531 1797 5586 quam
1823 5524 2047 5588 oportet

343 5595 582 5659 modum
614 5608 803 5649 sermo
835 5594 946 5651 iste
978 5599 1295 5655 mittendus
1319 5605 1408 5657 est
1441 5617 1453 5658 :
1488 5602 1629 5661 dum
1678 5607 1875 5664 tamen
1902 5622 2043 5666 con-

1322 270 1401 331 IN
1444 270 1761 333 JOANNIS
1809 269 2334 339 EVANGELIUM,
2387 273 2452 334 S.
2497 270 2925 336 AUGUSTINI

3730 267 3882 329 1828

2185 412 2317 475 stet,
2369 410 2496 466 sine
2545 409 2761 481 Spiritu
2808 411 3013 464 sancto
3064 406 3354 463 Christum
3407 421 3513 463 nos
3561 405 3807 478 diligere
3836 410 3891 461 et

2186 502 2463 555 mandata
2511 500 2637 569 ejus
2685 514 2913 554 servare
2962 514 3076 553 non
3127 511 3339 569 posse;
3391 501 3448 551 et
3495 496 3555 550 id
3586 512 3694 552 nos
3727 512 3891 566 posse

2181 595 2355 660 atque
2387 605 2557 660 agere
2589 594 2750 645 tanto
2797 590 3011 655 minus,
3065 592 3281 658 quanto
3331 586 3499 642 illum
3535 586 3891 658 percipimus

2184 679 2417 746 minus;
2455 684 2616 734 tanto
2651 683 2845 734 autem
2881 678 3159 749 amplius,
3195 684 3411 748 quanto
3446 678 3608 731 illum
3643 676 3891 748 percipi-

2182 784 2313 823 mus
2334 769 2607 840 amplius.
2636 768 2881 824 Proinde
2910 784 3023 823 non
3048 768 3236 823 solum
3264 784 3376 822 non
3403 767 3665 832 habenti,
3686 781 3889 821 verum

2180 858 2355 912 etiam
2390 858 2650 926 habenti,
2691 875 2803 913 non
2838 859 3131 913 incassum
3180 858 3547 929 promittitur
3582 874 3594 910 :
3628 873 3743 911 nou
3794 856 3889 911 ha-

2181 946 2336 1002 benti
2362 949 2617 1019 quidem,
2634 952 2695 1003 ut
2718 948 3022 1015 habeatur;
3050 948 3290 1002 habenti
3313 955 3530 1013 autem,
3547 951 3612 1001 ut
3632 946 3889 1016 amplius

2180 1034 2480 1092 habeatur.
2513 1038 2655 1092 Nam
2691 1036 2798 1092 nisi
2828 1039 2900 1093 ab
2950 1038 3061 1093 alio
3110 1038 3326 1104 minus,
3366 1038 3439 1090 ab
3486 1036 3599 1090 alio
3632 1035 3888 1105 amplius

2181 1124 2512 1196 haberetur,
2548 1132 2787 1183 sanctus
2817 1128 3060 1182 Elisaaus
3091 1133 3292 1183 sancto
3326 1125 3457 1180 Elite
3489 1142 3601 1181 non
3627 1126 3847 1181 diceret
3873 1142 3889 1181 :

2178 1215 2417 1287 Spiritus
2448 1221 2541 1289 qui
2570 1226 2645 1274 est
2668 1219 2727 1274 in
2760 1225 2832 1287 te,
2860 1217 3024 1289 duplo
3054 1218 3128 1274 sit
3164 1218 3327 1273 inme
3360 1217 3376 1250 ί
3419 1216 3513 1287 (ιγ
3559 1218 3682 1287 Reg.
3716 1232 3781 1283 ιι,
3805 1218 3888 1287 9).

2252 1307 2306 1362 3.
2342 1309 2585 1373 Quando
2619 1314 2814 1365 autem
2865 1309 2944 1364 ait
2981 1309 3241 1364 Joannes
3273 1308 3551 1379 Baptista,
3582 1308 3701 1362 Non
3734 1310 3887 1363 enim

2179 1394 2251 1450 ad
2297 1412 2615 1453 mensuram
2664 1399 2761 1454 dat
2805 1400 2943 1455 Deus
2996 1398 3264 1469 Spiritum
3304 1398 3480 1469 (Joan.
3524 1413 3608 1463 ιιι,
3652 1396 3766 1468 34),
3820 1398 3890 1453 de

2179 1485 2308 1557 ipso
2343 1488 2438 1543 Dei
2468 1487 2611 1544 Filio
2644 1487 3009 1559 loquebatur,
3044 1488 3139 1544 cui
3169 1504 3285 1544 non
3318 1490 3405 1544 est
3434 1486 3609 1542 datus
3638 1485 3889 1558 Spiritus

2179 1574 2253 1629 ad
2284 1590 2658 1646 mensuram;
2694 1578 2829 1647 quia
2853 1579 2907 1635 in
2935 1578 3034 1634 illo
3058 1577 3346 1633 inhabitat
3365 1576 3558 1633 omnis
3584 1575 3889 1647 plenitudo

2176 1666 2501 1723 divinitatis
2530 1670 2759 1740 (Cotoss.
2796 1685 2854 1733 ιι,
2878 1670 2954 1739 9).
2990 1669 3186 1740 Neque
3216 1667 3369 1723 enim
3393 1668 3521 1722 sine
3543 1668 3729 1737 gratia
3755 1666 3885 1736 Spi-

2178 1755 2324 1813 ritus
2356 1759 2540 1814 sancti
2573 1764 2662 1815 est
2686 1760 2969 1815 mediator
2992 1759 3086 1814 Dei
3115 1764 3171 1815 et
3195 1758 3497 1815 hominum
3524 1756 3699 1811 homo
3723 1755 3889 1812 Chri-

2176 1850 2306 1901 stus
2336 1846 2506 1903 Jesus
2552 1849 2598 1920 (Ι
2634 1850 2767 1904 Tim.
2803 1866 2864 1910 ιι,
2903 1849 2962 1920 5)
2997 1865 3010 1903 :
3064 1864 3193 1903 nam
3246 1852 3303 1902 et
3350 1847 3475 1919 ipse
3523 1845 3664 1902 dicit
3721 1847 3792 1900 de
3821 1862 3887 1902 se

2178 1933 2355 1991 fuisse
2386 1937 2783 2007 propheticum
2818 1937 2960 1992 illud
3022 1936 3350 2008 impletum,
3388 1935 3631 2005 Spiritus
3664 1936 3888 1990 Domini

2174 2039 2339 2095 super
2368 2041 2488 2089 me;
2518 2036 2738 2098 propter
2756 2027 2896 2098 quod
2928 2026 3094 2082 unxit
3125 2042 3231 2092 me,
3263 2024 3644 2095 evangetimre
3669 2041 3885 2095 paupe-

2174 2113 2329 2169 ribus
2358 2115 2512 2170 misit
2544 2132 2629 2172 me
2660 2118 2809 2186 (Luc.
2846 2134 2923 2183 1v,
2959 2116 3164 2185 18-21).
3200 2117 3360 2181 Quod
3386 2114 3541 2169 enim
3571 2118 3657 2168 est
3679 2113 3887 2183 Uuige-

2177 2204 2332 2259 nitus
2380 2206 2620 2276 aequalis
2672 2206 2844 2267 Patri,
2892 2223 3001 2262 non
3053 2211 3139 2261 est
3189 2205 3406 2275 gratias,
3460 2205 3558 2259 sed
3610 2210 3883 2259 naturas:

2174 2296 2329 2364 quod
2355 2305 2547 2351 autem
2567 2297 2623 2352 in
2650 2298 2935 2352 unitatem
2952 2294 3521 2368 personaaUnigeniti
3542 2302 3888 2365 assumptus

2172 2388 2262 2438 est
2294 2383 2489 2453 homo,
2522 2386 2724 2456 gratiae
2746 2390 2855 2451 est,
2891 2402 3002 2441 non
3035 2391 3273 2449 naturae,
3299 2385 3607 2441 conﬁtente
3631 2384 3891 2454 Evange-

2172 2470 2247 2528 lio
2266 2478 2441 2545 atque
2465 2476 2713 2541 dicente,
2734 2475 2883 2530 Puer
2899 2480 3087 2530 autem
3106 2474 3376 2531 crescebat
3392 2482 3443 2529 et
3466 2472 3889 2542 con/artabatur

2168 2560 2362 2631 plenus
2389 2563 2689 2633 sapientia,
2729 2575 2779 2620 et
2811 2568 2993 2635 gratia
3021 2566 3115 2621 Dei
3142 2576 3269 2621 erat
3299 2568 3359 2621 in
3388 2563 3492 2619 itlo
3514 2562 3637 2634 (Μ.
3671 2578 3735 2621 ιι,
3768 2560 3884 2629 40).

2167 2650 2401 2707 Ceteris
2431 2660 2621 2709 autem
2644 2655 2715 2709 ad
2751 2671 3083 2712 mensuram
3116 2656 3307 2725 datur,
3329 2663 3383 2710 et
3412 2655 3585 2709 datus
3614 2651 3884 2719 additur,

2168 2740 2351 2797 donec
2384 2743 2699 2815 unicuique
2732 2762 2833 2818 pro
2869 2747 3035 2803 modo
3067 2762 3180 2802 suas
3230 2744 3597 2818 perfectionis
3647 2741 3886 2813 propria

2169 2845 2442 2887 mensura
2474 2835 2857 2905 compleatur.
2892 2835 3053 2893 Unde
3080 2840 3136 2891 et
3159 2841 3355 2892 monet
3387 2834 3721 2904 Apostolus,
3754 2829 3883 2886 Non

2162 2920 2289 2991 plus
2313 2937 2502 2993 sapere
2529 2939 2693 2993 quam
2720 2929 2925 2995 oportet
2974 2940 3181 2996 sapere,
3229 2924 3319 2980 sed
3348 2938 3537 2995 sapere
3563 2921 3633 2977 ad
3674 2923 3886 2990 tempe-

2166 3012 2406 3066 rantiam
2434 3028 2453 3072 ;
2485 3014 2783 3084 unicuique
2809 3016 2952 3068 sicut
2984 3015 3120 3069 Deus
3156 3016 3396 3083 partitus
3445 3020 3523 3067 est
3553 3025 3882 3066 mensuram

2166 3099 2301 3169 ﬁdei
2328 3102 2505 3173 (Rom.
2539 3120 2637 3169 xu,
2668 3104 2744 3175 3).
2780 3107 2977 3174 Neque
3026 3104 3182 3159 enim
3216 3104 3341 3174 ipse
3385 3101 3663 3158 dividitur
3690 3100 3880 3171 Spiri-

2165 3194 2282 3257 tus,
2318 3194 2415 3247 sed
2449 3195 2601 3249 dona
2636 3209 2735 3265 per
2764 3194 3046 3266 Spiritum
3082 3211 3095 3248 :
3150 3210 3285 3250 nam
3331 3193 3647 3249 divisiones
3687 3192 3882 3246 dona-

2163 3282 2384 3339 tionum
2418 3290 2575 3347 sunt,
2609 3284 2762 3341 idem
2804 3288 2998 3339 autem
3024 3284 3271 3357 Spiritus
3295 3285 3344 3355 (Ι
3377 3284 3501 3338 Cor.
3533 3299 3633 3350 xu,
3668 3281 3746 3352 4).

2233 3371 2285 3433 4,
2321 3373 2477 3437 Quod
2514 3389 2645 3427 vero
2677 3374 2778 3443 ait,
2830 3374 3041 3444 Rogabo
3083 3374 3325 3439 Patrem,
3356 3377 3409 3428 et
3456 3372 3638 3427 alium
3686 3370 3874 3425 Para-

2158 3460 2364 3517 ctetum
2383 3462 2532 3517 dabit
2565 3463 2728 3528 vobis,
2753 3464 3001 3518 ostendit
3031 3471 3083 3518 et
3127 3463 3385 3533 seipsum
3428 3477 3557 3517 esse
3605 3456 3877 3531 paracle-

2156 3554 2302 3606 tum.
2340 3550 2670 3606 Paracletus
2702 3554 2858 3605 enim
2884 3550 3060 3606 latine
3090 3550 3305 3606 dicitur
3324 3550 3640 3605 advocatus
3665 3564 3679 3601 :
3702 3554 3758 3602 et
3780 3547 3870 3602 di-

2157 3646 2315 3696 ctum
2350 3645 2438 3695 est
2469 3641 2538 3696 de
2569 3640 2816 3707 Christo,
2868 3640 3195 3697 Advocatum
3226 3640 3485 3696 habemus
3511 3640 3589 3695 ad
3619 3642 3868 3705 Patrem,

2154 3733 2347 3787 Iesum
2396 3731 2667 3785 Christum
2709 3731 2924 3801 justum
2984 3730 3031 3801 (Ι
3089 3732 3247 3786 Joan.
3297 3747 3356 3798 ιι,
3397 3730 3469 3799 1).
3520 3729 3613 3784 Sic
3661 3732 3865 3785 autem

2158 3820 2446 3875 mundum
2473 3819 2617 3874 dixit
2640 3836 2752 3875 non
2790 3836 2961 3892 posse
2982 3820 3243 3892 accipere
3260 3820 3535 3892 Spiritum
3562 3820 3864 3887 sanctum,

2156 3908 2308 3963 sicut
2337 3908 2506 3964 etiam
2532 3910 2751 3964 dictum
2778 3916 2881 3975 est,
2913 3910 3218 3964 Prudentia
3248 3910 3433 3964 carnis
3455 3909 3671 3962 inimica
3696 3913 3776 3961 est
3794 3905 3865 3961 in

2155 3999 2360 4051 Deum:
2394 3999 2500 4068 tegi
2528 3999 2676 4053 enim
2709 4001 2805 4053 Dei
2832 4015 2941 4053 non
2973 4004 3051 4054 est
3082 4000 3361 4070 subjecta;
3382 4015 3479 4054 nec
3506 3999 3655 4054 enim
3679 4001 3866 4067 potest

2155 4090 2327 4151 (Rom.
2362 4104 2483 4153 vui,
2514 4090 2612 4159 7);
2642 4092 2795 4145 velut
2827 4090 2872 4145 si
2908 4090 3197 4155 dicamus,
3225 4088 3521 4161 Iujustitia
3544 4089 3708 4158 justa
3737 4103 3871 4143 esse

2154 4195 2269 4233 non
2305 4182 2516 4248 potest.
2550 4177 2831 4233 Mundum
2870 4180 3081 4250 quippe
3114 4181 3195 4234 ait
3227 4178 3333 4233 hoc
3372 4178 3517 4243 loco,
3554 4176 3873 4231 mundisi-

2151 4268 2433 4339 gnificans
2501 4267 2829 4334 dilectores,
2896 4285 3022 4339 qua:
3054 4268 3285 4325 dilectio
3346 4285 3455 4323 non
3487 4276 3636 4322 esta
3693 4267 3874 4321 Patre

2150 4358 2197 4428 (Ι
2226 4358 2384 4412 Joau.
2422 4374 2483 4423 ιι,
2519 4357 2629 4427 16).
2664 4357 2732 4411 Et
2764 4358 2889 4413 ideo
2940 4357 3241 4414 dilectioni
3287 4356 3464 4427 huius
3519 4354 3747 4425 mundi,
3788 4355 3871 4410 de

2151 4463 2265 4517 qua
2296 4448 2435 4502 satis
2466 4447 2695 4516 agimus
2718 4448 2738 4481 ³
2772 4452 2835 4502 ut
2858 4447 3155 4503 minuatur
3176 4452 3232 4503 et
3252 4451 3639 4503 consumatur
3657 4445 3716 4499 in
3750 4460 3865 4500 no-

2152 4535 2263 4603 bis,
2292 4536 2581 4591 contraria
2602 4539 2690 4591 est
2713 4535 2943 4591 dilectio
2966 4536 3087 4601 Dei,
3115 4552 3239 4609 quas
3271 4536 3621 4591 ditl'unditur
3642 4534 3698 4589 in
3724 4550 3868 4590 cor-

2152 4626 2324 4680 dibus
2356 4625 2571 4680 nostris
2597 4640 2696 4696 per
2716 4624 2999 4697 Spiritum
3025 4630 3287 4681 sanctum
3313 4626 3413 4696 qui
3437 4626 3610 4680 datus
3640 4627 3732 4679 est
3752 4639 3866 4679 no—

2153 4714 2263 4770 bis.
2300 4714 2528 4768 Mundus
2560 4730 2696 4785 ergo
2728 4730 2856 4770 eum
2914 4718 3161 4787 accipere
3208 4732 3315 4772 non
3344 4719 3535 4786 potest,
3585 4715 3715 4785 quia
3745 4730 3870 4770 non

2151 4804 2295 4860 videt
2314 4820 2458 4873 eum,
2492 4820 2670 4873 neque
2697 4807 2797 4859 scit
2825 4820 2967 4861 eum.
3004 4804 3126 4861 Non
3151 4805 3304 4861 enim
3340 4804 3513 4860 habet
3533 4801 3871 4859 invisibiles

2153 4894 2349 4950 oculos
2395 4895 2697 4949 mundana
2744 4892 2997 4962 dilectio,
3046 4911 3147 4966 per
3192 4910 3336 4965 quos
3382 4894 3562 4949 videri
3594 4892 3869 4964 Spiritus

2152 4988 2409 5050 sanctus,
2442 4982 2554 5039 nisi
2581 4984 2951 5039 invisibiliter
2992 5000 3104 5041 non
3142 4991 3351 5056 potest.

2220 5075 2274 5130 5.
2323 5076 2415 5128 Vos
2464 5083 2668 5141 autem,
2704 5074 2912 5144 inquit,
2958 5077 3290 5145 cognoscetis
3332 5092 3479 5141 eum,
3530 5076 3663 5145 quia
3709 5073 3867 5144 apud

2150 5180 2243 5219 vos
2271 5164 2533 5231 manebit,
2566 5172 2617 5219 et
2648 5167 2705 5218 in
2736 5164 2882 5219 vobis
2913 5166 3174 5221 erit.Erit
3194 5165 3251 5220 in
3277 5166 3359 5220 eis
3385 5170 3447 5219 ut
3470 5167 3719 5223 maneat,
3739 5178 3865 5220 non

2154 5254 2415 5310 manebit
2444 5261 2502 5307 ut
2534 5254 2609 5308 sit
2640 5270 2651 5307 :
2706 5254 2863 5323 prius
2894 5258 2983 5309 est
3031 5255 3185 5309 enim
3235 5270 3359 5309 esse
3406 5253 3644 5316 alicubi,
3676 5267 3863 5322 quam

2154 5358 2407 5400 manere.
2443 5340 2554 5397 Sed
2587 5357 2659 5398 ne
2690 5346 2962 5414 putarent
2992 5343 3147 5415 quod
3179 5344 3399 5400 dictum
3446 5346 3553 5409 est,
3583 5341 3734 5413 apud
3764 5356 3867 5399 vos

2153 5434 2415 5499 manebit,
2449 5430 2530 5487 ita
2558 5430 2779 5487 dictum
2830 5434 3322 5503 quemadmodum
3365 5433 3517 5504 apud
3551 5428 3861 5487 hominem

2223 5564 2237 5624 ξ
2264 5559 2421 5624 Editi,
2442 5556 2640 5624 duplea
2668 5557 2742 5605 sit
2771 5558 2826 5624 in
2854 5573 2949 5624 me.
2983 5559 3064 5624 At.
3097 5558 3242 5624 hist,
3275 5558 3448 5624 duplo.

2220 5622 2241 5656 ²
2264 5620 2581 5682 Satagimus,
2613 5620 2765 5685 juxta
2791 5621 2874 5671 Er.
2910 5622 3074 5684 Lugd.
3106 5622 3238 5673 Ven.
3276 5620 3405 5674 Ldv.
3466 5624 3534 5673 Il.
