  <div class='ocr_page' id='page_1' title='image "/cluster/home/n/w/nwhite01/storage/ocr_20150623/35/hvd.32044054170956/264.png"; bbox 0 0 4178 6192; ppageno 0'>
   <div class='ocr_carea' id='block_1_1' title="bbox 317 281 472 339">
    <p class='ocr_par' dir='ltr' id='par_1_1' title="bbox 317 281 472 339">
     <span class='ocr_line' id='line_1_1' title="bbox 317 281 472 339; baseline 0 0"><span class='ocrx_word' id='word_1_1' title='bbox 317 281 472 339; x_wconf 74' lang='lat' dir='ltr'><strong>i829</strong></span> 
     </span>
    </p>
   </div>
   <div class='ocr_carea' id='block_1_2' title="bbox 310 416 2021 496">
    <p class='ocr_par' dir='ltr' id='par_1_2' title="bbox 310 416 2021 496">
     <span class='ocr_line' id='line_1_2' title="bbox 310 416 2021 496; baseline 0.004 -25"><span class='ocrx_word' id='word_1_2' title='bbox 310 419 527 487; x_wconf 83' lang='lat' dir='ltr'><strong>hospes</strong></span> <span class='ocrx_word' id='word_1_3' title='bbox 557 416 868 473; x_wconf 83' lang='lat' dir='ltr'><strong>visibiliter</strong></span> <span class='ocrx_word' id='word_1_4' title='bbox 913 435 1146 475; x_wconf 87' lang='lat' dir='ltr'><strong>manere</strong></span> <span class='ocrx_word' id='word_1_5' title='bbox 1186 424 1530 494; x_wconf 82' lang='lat' dir='ltr'><strong>consuevit;</strong></span> <span class='ocrx_word' id='word_1_6' title='bbox 1573 424 1836 495; x_wconf 73' lang='lat' dir='ltr'><strong>exposuit</strong></span> <span class='ocrx_word' id='word_1_7' title='bbox 1884 422 2021 496; x_wconf 89' lang='lat' dir='ltr'><strong>quid</strong></span> 
     </span>
    </p>
   </div>
   <div class='ocr_carea' id='block_1_3' title="bbox 312 508 2022 587">
    <p class='ocr_par' dir='ltr' id='par_1_3' title="bbox 312 508 2022 587">
     <span class='ocr_line' id='line_1_3' title="bbox 312 508 2022 587; baseline 0.002 -23"><span class='ocrx_word' id='word_1_8' title='bbox 312 508 542 577; x_wconf 82' lang='lat' dir='ltr'><strong>dixerit,</strong></span> <span class='ocrx_word' id='word_1_9' title='bbox 568 508 711 579; x_wconf 83' lang='lat' dir='ltr'><strong>apud</strong></span> <span class='ocrx_word' id='word_1_10' title='bbox 758 524 849 563; x_wconf 81' lang='lat' dir='ltr'><strong>vos</strong></span> <span class='ocrx_word' id='word_1_11' title='bbox 895 511 1159 577; x_wconf 82' lang='lat' dir='ltr'><strong>manebit,</strong></span> <span class='ocrx_word' id='word_1_12' title='bbox 1202 528 1333 567; x_wconf 91' lang='lat' dir='ltr'><strong>cum</strong></span> <span class='ocrx_word' id='word_1_13' title='bbox 1387 516 1654 587; x_wconf 85' lang='lat' dir='ltr'><strong>adjunxit</strong></span> <span class='ocrx_word' id='word_1_14' title='bbox 1675 520 1731 569; x_wconf 90' lang='lat' dir='ltr'><strong>et</strong></span> <span class='ocrx_word' id='word_1_15' title='bbox 1770 515 1933 581; x_wconf 83' lang='lat' dir='ltr'><strong>dixit,</strong></span> <span class='ocrx_word' id='word_1_16' title='bbox 1966 516 2022 567; x_wconf 86' lang='lat' dir='ltr'><strong>in</strong></span> 
     </span>
    </p>
   </div>
   <div class='ocr_carea' id='block_1_4' title="bbox 314 596 2021 668">
    <p class='ocr_par' dir='ltr' id='par_1_4' title="bbox 314 596 2021 668">
     <span class='ocr_line' id='line_1_4' title="bbox 314 596 2021 668; baseline 0.005 -19"><span class='ocrx_word' id='word_1_17' title='bbox 314 596 472 651; x_wconf 78' lang='lat' dir='ltr'><strong>vobis</strong></span> <span class='ocrx_word' id='word_1_18' title='bbox 489 598 622 651; x_wconf 80' lang='lat' dir='ltr'><strong>erit.</strong></span> <span class='ocrx_word' id='word_1_19' title='bbox 660 598 802 668; x_wconf 82' lang='lat' dir='ltr'><strong>Ergo</strong></span> <span class='ocrx_word' id='word_1_20' title='bbox 825 598 1195 654; x_wconf 82' lang='lat' dir='ltr'><strong>invisibiliter</strong></span> <span class='ocrx_word' id='word_1_21' title='bbox 1216 601 1482 657; x_wconf 87' lang='lat' dir='ltr'><strong>videtur:</strong></span> <span class='ocrx_word' id='word_1_22' title='bbox 1508 620 1610 659; x_wconf 89' lang='lat' dir='ltr'><strong>nec</strong></span> <span class='ocrx_word' id='word_1_23' title='bbox 1633 604 1679 658; x_wconf 87' lang='lat' dir='ltr'><strong>si</strong></span> <span class='ocrx_word' id='word_1_24' title='bbox 1706 621 1817 657; x_wconf 90' lang='lat' dir='ltr'><strong>non</strong></span> <span class='ocrx_word' id='word_1_25' title='bbox 1852 603 1926 657; x_wconf 91' lang='lat' dir='ltr'><strong>sit</strong></span> <span class='ocrx_word' id='word_1_26' title='bbox 1964 604 2021 657; x_wconf 93' lang='lat' dir='ltr'><strong>in</strong></span> 
     </span>
    </p>
   </div>
   <div class='ocr_carea' id='block_1_5' title="bbox 312 686 2023 759">
    <p class='ocr_par' dir='ltr' id='par_1_5' title="bbox 312 686 2023 759">
     <span class='ocr_line' id='line_1_5' title="bbox 312 686 2023 759; baseline 0.003 -19"><span class='ocrx_word' id='word_1_27' title='bbox 312 686 504 751; x_wconf 77' lang='lat' dir='ltr'><strong>nobis,</strong></span> <span class='ocrx_word' id='word_1_28' title='bbox 531 690 723 757; x_wconf 79' lang='lat' dir='ltr'><strong>potest</strong></span> <span class='ocrx_word' id='word_1_29' title='bbox 747 704 870 742; x_wconf 71' lang='lat' dir='ltr'><strong>esse</strong></span> <span class='ocrx_word' id='word_1_30' title='bbox 902 689 958 741; x_wconf 92' lang='lat' dir='ltr'><strong>in</strong></span> <span class='ocrx_word' id='word_1_31' title='bbox 1002 690 1172 745; x_wconf 87' lang='lat' dir='ltr'><strong>nobis</strong></span> <span class='ocrx_word' id='word_1_32' title='bbox 1211 691 1338 759; x_wconf 86' lang='lat' dir='ltr'><strong>ejus</strong></span> <span class='ocrx_word' id='word_1_33' title='bbox 1379 693 1632 747; x_wconf 85' lang='lat' dir='ltr'><strong>scientia.</strong></span> <span class='ocrx_word' id='word_1_34' title='bbox 1662 693 1755 748; x_wconf 90' lang='lat' dir='ltr'><strong>Sic</strong></span> <span class='ocrx_word' id='word_1_35' title='bbox 1795 692 1950 747; x_wconf 90' lang='lat' dir='ltr'><strong>enim</strong></span> <span class='ocrx_word' id='word_1_36' title='bbox 1991 708 2023 745; x_wconf 85' lang='lat' dir='ltr'><strong>a</strong></span> 
     </span>
    </p>
   </div>
   <div class='ocr_carea' id='block_1_6' title="bbox 311 775 2022 837">
    <p class='ocr_par' dir='ltr' id='par_1_6' title="bbox 311 775 2022 837">
     <span class='ocr_line' id='line_1_6' title="bbox 311 775 2022 837; baseline 0.004 -7"><span class='ocrx_word' id='word_1_37' title='bbox 311 775 483 831; x_wconf 90' lang='lat' dir='ltr'><strong>nobis</strong></span> <span class='ocrx_word' id='word_1_38' title='bbox 505 775 733 831; x_wconf 82' lang='lat' dir='ltr'><strong>videtur</strong></span> <span class='ocrx_word' id='word_1_39' title='bbox 755 777 811 831; x_wconf 91' lang='lat' dir='ltr'><strong>in</strong></span> <span class='ocrx_word' id='word_1_40' title='bbox 839 777 1004 832; x_wconf 85' lang='lat' dir='ltr'><strong>nobis</strong></span> <span class='ocrx_word' id='word_1_41' title='bbox 1027 782 1084 833; x_wconf 90' lang='lat' dir='ltr'><strong>et</strong></span> <span class='ocrx_word' id='word_1_42' title='bbox 1106 785 1302 835; x_wconf 69' lang='lat' dir='ltr'><strong>nostra</strong></span> <span class='ocrx_word' id='word_1_43' title='bbox 1344 783 1698 837; x_wconf 83' lang='lat' dir='ltr'><strong>conscientia</strong></span> <span class='ocrx_word' id='word_1_44' title='bbox 1725 800 1737 837; x_wconf 86' lang='lat'><strong>:</strong></span> <span class='ocrx_word' id='word_1_45' title='bbox 1763 798 1897 837; x_wconf 90' lang='lat' dir='ltr'><strong>nam</strong></span> <span class='ocrx_word' id='word_1_46' title='bbox 1942 782 2022 836; x_wconf 87' lang='lat' dir='ltr'><strong>fa-</strong></span> 
     </span>
    </p>
   </div>
   <div class='ocr_carea' id='block_1_7' title="bbox 305 865 2016 943">
    <p class='ocr_par' dir='ltr' id='par_1_7' title="bbox 305 865 2016 943">
     <span class='ocr_line' id='line_1_7' title="bbox 305 865 2016 943; baseline 0.004 -23"><span class='ocrx_word' id='word_1_47' title='bbox 305 866 450 921; x_wconf 88' lang='lat' dir='ltr'><strong>ciem</strong></span> <span class='ocrx_word' id='word_1_48' title='bbox 477 865 746 920; x_wconf 84' lang='lat' dir='ltr'><strong>videmus</strong></span> <span class='ocrx_word' id='word_1_49' title='bbox 765 866 1027 935; x_wconf 79' lang='lat' dir='ltr'><strong>alterius,</strong></span> <span class='ocrx_word' id='word_1_50' title='bbox 1049 874 1310 925; x_wconf 90' lang='lat' dir='ltr'><strong>nostram</strong></span> <span class='ocrx_word' id='word_1_51' title='bbox 1331 873 1521 927; x_wconf 87' lang='lat' dir='ltr'><strong>videre</strong></span> <span class='ocrx_word' id='word_1_52' title='bbox 1545 889 1658 928; x_wconf 90' lang='lat' dir='ltr'><strong>non</strong></span> <span class='ocrx_word' id='word_1_53' title='bbox 1678 888 2016 943; x_wconf 87' lang='lat' dir='ltr'><strong>possumus;</strong></span> 
     </span>
    </p>
   </div>
   <div class='ocr_carea' id='block_1_8' title="bbox 304 954 2021 1027">
    <p class='ocr_par' dir='ltr' id='par_1_8' title="bbox 304 954 2021 1027">
     <span class='ocr_line' id='line_1_8' title="bbox 304 954 2021 1027; baseline 0.002 -16"><span class='ocrx_word' id='word_1_54' title='bbox 304 954 725 1011; x_wconf 78' lang='lat' dir='ltr'><strong>conscientiam</strong></span> <span class='ocrx_word' id='word_1_55' title='bbox 750 972 881 1010; x_wconf 86' lang='lat' dir='ltr'><strong>vero</strong></span> <span class='ocrx_word' id='word_1_56' title='bbox 906 963 1165 1012; x_wconf 88' lang='lat' dir='ltr'><strong>nostram</strong></span> <span class='ocrx_word' id='word_1_57' title='bbox 1204 959 1489 1027; x_wconf 84' lang='lat' dir='ltr'><strong>videmus,</strong></span> <span class='ocrx_word' id='word_1_58' title='bbox 1516 962 1752 1017; x_wconf 82' lang='lat' dir='ltr'><strong>alterius</strong></span> <span class='ocrx_word' id='word_1_59' title='bbox 1794 978 1904 1016; x_wconf 89' lang='lat' dir='ltr'><strong>non</strong></span> <span class='ocrx_word' id='word_1_60' title='bbox 1932 961 2021 1014; x_wconf 82' lang='lat' dir='ltr'><strong>vi-</strong></span> 
     </span>
    </p>
   </div>
   <div class='ocr_carea' id='block_1_9' title="bbox 308 1044 2016 1121">
    <p class='ocr_par' dir='ltr' id='par_1_9' title="bbox 308 1044 2016 1121">
     <span class='ocr_line' id='line_1_9' title="bbox 308 1044 2016 1121; baseline 0.005 -23"><span class='ocrx_word' id='word_1_61' title='bbox 308 1044 540 1099; x_wconf 86' lang='lat' dir='ltr'><strong>demus.</strong></span> <span class='ocrx_word' id='word_1_62' title='bbox 570 1044 676 1098; x_wconf 88' lang='lat' dir='ltr'><strong>Sed</strong></span> <span class='ocrx_word' id='word_1_63' title='bbox 704 1046 1061 1102; x_wconf 83' lang='lat' dir='ltr'><strong>conscientia</strong></span> <span class='ocrx_word' id='word_1_64' title='bbox 1085 1065 1385 1121; x_wconf 83' lang='lat' dir='ltr'><strong>nunquam</strong></span> <span class='ocrx_word' id='word_1_65' title='bbox 1415 1060 1521 1115; x_wconf 88' lang='lat' dir='ltr'><strong>est,</strong></span> <span class='ocrx_word' id='word_1_66' title='bbox 1547 1051 1657 1106; x_wconf 85' lang='lat' dir='ltr'><strong>nisi</strong></span> <span class='ocrx_word' id='word_1_67' title='bbox 1700 1051 1755 1106; x_wconf 91' lang='lat' dir='ltr'><strong>in</strong></span> <span class='ocrx_word' id='word_1_68' title='bbox 1800 1051 1967 1106; x_wconf 84' lang='lat' dir='ltr'><strong>nobis</strong></span> <span class='ocrx_word' id='word_1_69' title='bbox 2004 1068 2016 1106; x_wconf 91' lang='lat'>:</span> 
     </span>
    </p>
   </div>
   <div class='ocr_carea' id='block_1_10' title="bbox 208 1134 2014 1211">
    <p class='ocr_par' dir='ltr' id='par_1_10' title="bbox 208 1134 2014 1211">
     <span class='ocr_line' id='line_1_10' title="bbox 208 1134 2014 1211; baseline 0.004 -23"><span class='ocrx_word' id='word_1_70' title='bbox 208 1140 211 1141; x_wconf 67' lang='grc'><strong><em>⁷</em></strong></span> <span class='ocrx_word' id='word_1_71' title='bbox 304 1134 568 1205; x_wconf 84' lang='lat' dir='ltr'><strong>Spiritus</strong></span> <span class='ocrx_word' id='word_1_72' title='bbox 593 1138 785 1189; x_wconf 86' lang='lat' dir='ltr'><strong>autem</strong></span> <span class='ocrx_word' id='word_1_73' title='bbox 813 1141 1049 1193; x_wconf 87' lang='lat' dir='ltr'><strong>sanctus</strong></span> <span class='ocrx_word' id='word_1_74' title='bbox 1072 1142 1263 1208; x_wconf 84' lang='lat' dir='ltr'><strong>potest</strong></span> <span class='ocrx_word' id='word_1_75' title='bbox 1285 1156 1412 1197; x_wconf 89' lang='lat' dir='ltr'><strong>esse</strong></span> <span class='ocrx_word' id='word_1_76' title='bbox 1433 1142 1605 1197; x_wconf 87' lang='lat' dir='ltr'><strong>etiam</strong></span> <span class='ocrx_word' id='word_1_77' title='bbox 1648 1142 1771 1198; x_wconf 85' lang='lat' dir='ltr'><strong>sine</strong></span> <span class='ocrx_word' id='word_1_78' title='bbox 1808 1142 2014 1211; x_wconf 79' lang='lat' dir='ltr'><strong>nobis;</strong></span> 
     </span>
    </p>
   </div>
   <div class='ocr_carea' id='block_1_11' title="bbox 302 1223 2017 1295">
    <p class='ocr_par' dir='ltr' id='par_1_11' title="bbox 302 1223 2017 1295">
     <span class='ocr_line' id='line_1_11' title="bbox 302 1223 2017 1295; baseline 0.003 -16"><span class='ocrx_word' id='word_1_79' title='bbox 302 1223 481 1279; x_wconf 88' lang='lat' dir='ltr'><strong>datur</strong></span> <span class='ocrx_word' id='word_1_80' title='bbox 502 1224 715 1295; x_wconf 88' lang='lat' dir='ltr'><strong>quippe</strong></span> <span class='ocrx_word' id='word_1_81' title='bbox 748 1228 809 1279; x_wconf 89' lang='lat' dir='ltr'><strong>ut</strong></span> <span class='ocrx_word' id='word_1_82' title='bbox 840 1223 918 1280; x_wconf 90' lang='lat' dir='ltr'><strong>sit</strong></span> <span class='ocrx_word' id='word_1_83' title='bbox 949 1229 1003 1281; x_wconf 89' lang='lat' dir='ltr'><strong>et</strong></span> <span class='ocrx_word' id='word_1_84' title='bbox 1053 1226 1111 1281; x_wconf 91' lang='lat' dir='ltr'><strong>in</strong></span> <span class='ocrx_word' id='word_1_85' title='bbox 1143 1228 1328 1284; x_wconf 91' lang='lat' dir='ltr'><strong>nobis.</strong></span> <span class='ocrx_word' id='word_1_86' title='bbox 1385 1230 1496 1285; x_wconf 88' lang='lat' dir='ltr'><strong>Sed</strong></span> <span class='ocrx_word' id='word_1_87' title='bbox 1543 1231 1726 1286; x_wconf 90' lang='lat' dir='ltr'><strong>videri</strong></span> <span class='ocrx_word' id='word_1_88' title='bbox 1776 1235 1832 1287; x_wconf 92' lang='lat' dir='ltr'><strong>et</strong></span> <span class='ocrx_word' id='word_1_89' title='bbox 1881 1230 2017 1286; x_wconf 87' lang='lat' dir='ltr'><strong>sciri</strong></span> 
     </span>
    </p>
   </div>
   <div class='ocr_carea' id='block_1_12' title="bbox 303 1316 2018 1396">
    <p class='ocr_par' dir='ltr' id='par_1_12' title="bbox 303 1316 2018 1396">
     <span class='ocr_line' id='line_1_12' title="bbox 303 1316 2018 1396; baseline 0.006 -28"><span class='ocrx_word' id='word_1_90' title='bbox 303 1316 799 1385; x_wconf 89' lang='lat' dir='ltr'><strong>quemadmodum</strong></span> <span class='ocrx_word' id='word_1_91' title='bbox 822 1316 1107 1374; x_wconf 89' lang='lat' dir='ltr'><strong>videndus</strong></span> <span class='ocrx_word' id='word_1_92' title='bbox 1130 1325 1182 1374; x_wconf 90' lang='lat' dir='ltr'><strong>et</strong></span> <span class='ocrx_word' id='word_1_93' title='bbox 1226 1323 1495 1379; x_wconf 91' lang='lat' dir='ltr'><strong>sciendus</strong></span> <span class='ocrx_word' id='word_1_94' title='bbox 1536 1329 1643 1393; x_wconf 88' lang='lat' dir='ltr'><strong>est,</strong></span> <span class='ocrx_word' id='word_1_95' title='bbox 1671 1341 1784 1380; x_wconf 91' lang='lat' dir='ltr'><strong>non</strong></span> <span class='ocrx_word' id='word_1_96' title='bbox 1828 1327 2018 1396; x_wconf 78' lang='lat' dir='ltr'><strong>potest</strong></span> 
     </span>
    </p>
   </div>
   <div class='ocr_carea' id='block_1_13' title="bbox 303 1404 1195 1473">
    <p class='ocr_par' dir='ltr' id='par_1_13' title="bbox 303 1404 1195 1473">
     <span class='ocr_line' id='line_1_13' title="bbox 303 1404 1195 1473; baseline 0.006 -14"><span class='ocrx_word' id='word_1_97' title='bbox 303 1420 337 1459; x_wconf 89' lang='lat' dir='ltr'><strong>a</strong></span> <span class='ocrx_word' id='word_1_98' title='bbox 362 1404 551 1473; x_wconf 90' lang='lat' dir='ltr'><strong>nobis,</strong></span> <span class='ocrx_word' id='word_1_99' title='bbox 584 1405 633 1458; x_wconf 93' lang='lat' dir='ltr'><strong>si</strong></span> <span class='ocrx_word' id='word_1_100' title='bbox 669 1420 780 1463; x_wconf 92' lang='lat' dir='ltr'><strong>non</strong></span> <span class='ocrx_word' id='word_1_101' title='bbox 814 1406 966 1461; x_wconf 88' lang='lat' dir='ltr'><strong>sitin</strong></span> <span class='ocrx_word' id='word_1_102' title='bbox 1002 1408 1195 1464; x_wconf 90' lang='lat' dir='ltr'><strong>nobis.</strong></span> 
     </span>
    </p>
   </div>
   <div class='ocr_carea' id='block_1_14' title="bbox 802 1535 1481 1599">
    <p class='ocr_par' dir='ltr' id='par_1_14' title="bbox 802 1535 1481 1599">
     <span class='ocr_line' id='line_1_14' title="bbox 802 1535 1481 1599; baseline 0.012 -8"><span class='ocrx_word' id='word_1_103' title='bbox 802 1535 1218 1594; x_wconf 83' lang='lat' dir='ltr'><strong>TRACTATUS</strong></span> <span class='ocrx_word' id='word_1_104' title='bbox 1260 1540 1481 1599; x_wconf 81' lang='lat' dir='ltr'><strong>LXXV.</strong></span> 
     </span>
    </p>
   </div>
   <div class='ocr_carea' id='block_1_15' title="bbox 303 1639 2009 1721">
    <p class='ocr_par' dir='ltr' id='par_1_15' title="bbox 303 1639 2009 1721">
     <span class='ocr_line' id='line_1_15' title="bbox 303 1639 2009 1721; baseline 0.008 -28"><span class='ocrx_word' id='word_1_105' title='bbox 303 1639 377 1695; x_wconf 89' lang='lat' dir='ltr'><strong>De</strong></span> <span class='ocrx_word' id='word_1_106' title='bbox 397 1654 459 1694; x_wconf 90' lang='lat' dir='ltr'><strong>eo</strong></span> <span class='ocrx_word' id='word_1_107' title='bbox 479 1640 620 1710; x_wconf 86' lang='lat' dir='ltr'><strong>quod</strong></span> <span class='ocrx_word' id='word_1_108' title='bbox 657 1644 736 1696; x_wconf 89' lang='lat' dir='ltr'><strong>ait</strong></span> <span class='ocrx_word' id='word_1_109' title='bbox 774 1643 950 1710; x_wconf 73' lang='lat' dir='ltr'><strong>Iesus,</strong></span> <span class='ocrx_word' id='word_1_110' title='bbox 994 1660 1110 1700; x_wconf 92' lang='lat' dir='ltr'><strong>non</strong></span> <span class='ocrx_word' id='word_1_111' title='bbox 1156 1645 1481 1718; x_wconf 77' lang='lat' dir='ltr'><strong>relinquam</strong></span> <span class='ocrx_word' id='word_1_112' title='bbox 1533 1665 1631 1705; x_wconf 79' lang='lat' dir='ltr'><strong>vos</strong></span> <span class='ocrx_word' id='word_1_113' title='bbox 1679 1650 2009 1721; x_wconf 87' lang='lat' dir='ltr'><strong>orphanos;</strong></span> 
     </span>
    </p>
   </div>
   <div class='ocr_carea' id='block_1_16' title="bbox 376 1730 2013 1805">
    <p class='ocr_par' dir='ltr' id='par_1_16' title="bbox 376 1730 2013 1805">
     <span class='ocr_line' id='line_1_16' title="bbox 376 1730 2013 1805; baseline 0.009 -22"><span class='ocrx_word' id='word_1_114' title='bbox 376 1745 546 1799; x_wconf 81' lang='lat' dir='ltr'><strong>usque</strong></span> <span class='ocrx_word' id='word_1_115' title='bbox 575 1730 643 1785; x_wconf 80' lang='lat' dir='ltr'><strong>ad</strong></span> <span class='ocrx_word' id='word_1_116' title='bbox 674 1731 749 1785; x_wconf 85' lang='lat' dir='ltr'><strong>id.</strong></span> <span class='ocrx_word' id='word_1_117' title='bbox 784 1733 850 1787; x_wconf 87' lang='lat' dir='ltr'><strong>Et</strong></span> <span class='ocrx_word' id='word_1_118' title='bbox 887 1748 992 1804; x_wconf 85' lang='lat' dir='ltr'><strong>ego</strong></span> <span class='ocrx_word' id='word_1_119' title='bbox 1042 1734 1277 1804; x_wconf 77' lang='lat' dir='ltr'><strong>diligam</strong></span> <span class='ocrx_word' id='word_1_120' title='bbox 1327 1753 1484 1805; x_wconf 90' lang='lat' dir='ltr'><strong>eum,</strong></span> <span class='ocrx_word' id='word_1_121' title='bbox 1517 1746 1576 1794; x_wconf 91' lang='lat' dir='ltr'><strong>et</strong></span> <span class='ocrx_word' id='word_1_122' title='bbox 1625 1741 2013 1797; x_wconf 86' lang='lat' dir='ltr'><strong>manifestabo</strong></span> 
     </span>
    </p>
   </div>
   <div class='ocr_carea' id='block_1_17' title="bbox 378 1819 1388 1892">
    <p class='ocr_par' dir='ltr' id='par_1_17' title="bbox 378 1819 1388 1892">
     <span class='ocr_line' id='line_1_17' title="bbox 378 1819 1388 1892; baseline 0.007 -19"><span class='ocrx_word' id='word_1_123' title='bbox 378 1819 429 1873; x_wconf 82' lang='lat' dir='ltr'><strong>ei</strong></span> <span class='ocrx_word' id='word_1_124' title='bbox 464 1820 773 1890; x_wconf 89' lang='lat' dir='ltr'><strong>meipsum.</strong></span> <span class='ocrx_word' id='word_1_125' title='bbox 809 1822 939 1892; x_wconf 87' lang='lat' dir='ltr'><strong>Cap.</strong></span> <span class='ocrx_word' id='word_1_126' title='bbox 972 1838 1085 1891; x_wconf 71' lang='lat' dir='ltr'><strong>xxv,</strong></span> <span class='ocrx_word' id='word_1_127' title='bbox 1118 1824 1171 1891; x_wconf 60' lang='grc' dir='ltr'><strong>ᾗ.</strong></span> <span class='ocrx_word' id='word_1_128' title='bbox 1208 1826 1388 1881; x_wconf 80' lang='grc' dir='ltr'><strong>18ο21.</strong></span> 
     </span>
    </p>
   </div>
   <div class='ocr_carea' id='block_1_18' title="bbox 382 1945 2009 2029">
    <p class='ocr_par' dir='ltr' id='par_1_18' title="bbox 382 1945 2009 2029">
     <span class='ocr_line' id='line_1_18' title="bbox 382 1945 2009 2029; baseline 0.01 -32"><span class='ocrx_word' id='word_1_129' title='bbox 382 1945 430 1999; x_wconf 89' lang='grc'><strong>1.</strong></span> <span class='ocrx_word' id='word_1_130' title='bbox 458 1946 1046 2015; x_wconf 83' lang='lat' dir='ltr'><strong>Postpromissionem</strong></span> <span class='ocrx_word' id='word_1_131' title='bbox 1074 1949 1330 2020; x_wconf 88' lang='lat' dir='ltr'><strong>Spiritus</strong></span> <span class='ocrx_word' id='word_1_132' title='bbox 1353 1954 1558 2023; x_wconf 80' lang='lat' dir='ltr'><strong>sancti,</strong></span> <span class='ocrx_word' id='word_1_133' title='bbox 1593 1971 1661 2010; x_wconf 91' lang='lat' dir='ltr'><strong>ne</strong></span> <span class='ocrx_word' id='word_1_134' title='bbox 1701 1956 2009 2029; x_wconf 84' lang='lat' dir='ltr'><strong>quisquam</strong></span> 
     </span>
    </p>
   </div>
   <div class='ocr_carea' id='block_1_19' title="bbox 304 2034 2012 2105">
    <p class='ocr_par' dir='ltr' id='par_1_19' title="bbox 304 2034 2012 2105">
     <span class='ocr_line' id='line_1_19' title="bbox 304 2034 2012 2105; baseline 0.008 -18"><span class='ocrx_word' id='word_1_135' title='bbox 304 2038 532 2105; x_wconf 86' lang='lat' dir='ltr'><strong>putaret</strong></span> <span class='ocrx_word' id='word_1_136' title='bbox 556 2036 707 2105; x_wconf 88' lang='lat' dir='ltr'><strong>quod</strong></span> <span class='ocrx_word' id='word_1_137' title='bbox 733 2034 814 2091; x_wconf 86' lang='lat' dir='ltr'><strong>ita</strong></span> <span class='ocrx_word' id='word_1_138' title='bbox 842 2053 971 2091; x_wconf 89' lang='lat' dir='ltr'><strong>eum</strong></span> <span class='ocrx_word' id='word_1_139' title='bbox 1016 2037 1298 2096; x_wconf 89' lang='lat' dir='ltr'><strong>Dominus</strong></span> <span class='ocrx_word' id='word_1_140' title='bbox 1339 2042 1581 2099; x_wconf 87' lang='lat' dir='ltr'><strong>daturus</strong></span> <span class='ocrx_word' id='word_1_141' title='bbox 1631 2044 1814 2100; x_wconf 82' lang='lat' dir='ltr'><strong>fuerat</strong></span> <span class='ocrx_word' id='word_1_142' title='bbox 1856 2046 2012 2101; x_wconf 90' lang='lat' dir='ltr'><strong>velut</strong></span> 
     </span>
    </p>
   </div>
   <div class='ocr_carea' id='block_1_20' title="bbox 296 2125 2010 2206">
    <p class='ocr_par' dir='ltr' id='par_1_20' title="bbox 296 2125 2010 2206">
     <span class='ocr_line' id='line_1_20' title="bbox 296 2125 2010 2206; baseline 0.008 -28"><span class='ocrx_word' id='word_1_143' title='bbox 296 2140 403 2194; x_wconf 93' lang='lat' dir='ltr'><strong>pro</strong></span> <span class='ocrx_word' id='word_1_144' title='bbox 427 2125 640 2195; x_wconf 88' lang='lat' dir='ltr'><strong>seipse,</strong></span> <span class='ocrx_word' id='word_1_145' title='bbox 662 2128 727 2179; x_wconf 89' lang='lat' dir='ltr'><strong>ut</strong></span> <span class='ocrx_word' id='word_1_146' title='bbox 750 2142 861 2181; x_wconf 91' lang='lat' dir='ltr'><strong>non</strong></span> <span class='ocrx_word' id='word_1_147' title='bbox 886 2134 938 2181; x_wconf 90' lang='lat' dir='ltr'><strong>et</strong></span> <span class='ocrx_word' id='word_1_148' title='bbox 961 2127 1085 2198; x_wconf 90' lang='lat' dir='ltr'><strong>ipse</strong></span> <span class='ocrx_word' id='word_1_149' title='bbox 1113 2144 1243 2184; x_wconf 92' lang='lat' dir='ltr'><strong>cum</strong></span> <span class='ocrx_word' id='word_1_150' title='bbox 1271 2130 1351 2185; x_wconf 90' lang='lat' dir='ltr'><strong>eis</strong></span> <span class='ocrx_word' id='word_1_151' title='bbox 1375 2136 1529 2187; x_wconf 87' lang='lat' dir='ltr'><strong>esset</strong></span> <span class='ocrx_word' id='word_1_152' title='bbox 1569 2134 1819 2200; x_wconf 80' lang='lat' dir='ltr'><strong>futurus,</strong></span> <span class='ocrx_word' id='word_1_153' title='bbox 1855 2137 2010 2206; x_wconf 88' lang='lat' dir='ltr'><strong>adje-</strong></span> 
     </span>
    </p>
   </div>
   <div class='ocr_carea' id='block_1_21' title="bbox 293 2215 2009 2295">
    <p class='ocr_par' dir='ltr' id='par_1_21' title="bbox 293 2215 2009 2295">
     <span class='ocr_line' id='line_1_21' title="bbox 293 2215 2009 2295; baseline 0.008 -26"><span class='ocrx_word' id='word_1_154' title='bbox 293 2216 569 2285; x_wconf 85' lang='lat' dir='ltr'><strong>citatque</strong></span> <span class='ocrx_word' id='word_1_155' title='bbox 601 2215 683 2271; x_wconf 91' lang='lat' dir='ltr'><strong>ait</strong></span> <span class='ocrx_word' id='word_1_156' title='bbox 722 2232 733 2270; x_wconf 89' lang='lat'><strong>:</strong></span> <span class='ocrx_word' id='word_1_157' title='bbox 777 2217 889 2271; x_wconf 85' lang='lat' dir='ltr'><strong>Non</strong></span> <span class='ocrx_word' id='word_1_158' title='bbox 942 2218 1254 2289; x_wconf 78' lang='lat' dir='ltr'><strong>relinquam</strong></span> <span class='ocrx_word' id='word_1_159' title='bbox 1299 2238 1387 2277; x_wconf 77' lang='lat' dir='ltr'><strong>vos</strong></span> <span class='ocrx_word' id='word_1_160' title='bbox 1435 2224 1743 2295; x_wconf 81' lang='lat' dir='ltr'><strong>orphanos;</strong></span> <span class='ocrx_word' id='word_1_161' title='bbox 1794 2226 2009 2283; x_wconf 80' lang='lat' dir='ltr'><strong>veniam</strong></span> 
     </span>
    </p>
   </div>
   <div class='ocr_carea' id='block_1_22' title="bbox 286 2304 2005 2385">
    <p class='ocr_par' dir='ltr' id='par_1_22' title="bbox 286 2304 2005 2385">
     <span class='ocr_line' id='line_1_22' title="bbox 286 2304 2005 2385; baseline 0.008 -28"><span class='ocrx_word' id='word_1_162' title='bbox 286 2304 367 2357; x_wconf 87' lang='lat' dir='ltr'><strong>ad</strong></span> <span class='ocrx_word' id='word_1_163' title='bbox 389 2304 1325 2377; x_wconf 87' lang='lat' dir='ltr'><strong>vos.0rphanipupillisunt.Illud</strong></span> <span class='ocrx_word' id='word_1_164' title='bbox 1353 2313 1507 2367; x_wconf 90' lang='lat' dir='ltr'><strong>enim</strong></span> <span class='ocrx_word' id='word_1_165' title='bbox 1551 2328 1804 2385; x_wconf 80' lang='lat' dir='ltr'><strong>graecum</strong></span> <span class='ocrx_word' id='word_1_166' title='bbox 1848 2317 2005 2385; x_wconf 80' lang='lat' dir='ltr'><strong>ejus.</strong></span> 
     </span>
    </p>
   </div>
   <div class='ocr_carea' id='block_1_23' title="bbox 288 2394 2008 2476">
    <p class='ocr_par' dir='ltr' id='par_1_23' title="bbox 288 2394 2008 2476">
     <span class='ocr_line' id='line_1_23' title="bbox 288 2394 2008 2476; baseline 0.008 -28"><span class='ocrx_word' id='word_1_167' title='bbox 288 2394 421 2449; x_wconf 89' lang='lat' dir='ltr'><strong>dem</strong></span> <span class='ocrx_word' id='word_1_168' title='bbox 449 2395 527 2449; x_wconf 87' lang='lat' dir='ltr'><strong>rei</strong></span> <span class='ocrx_word' id='word_1_169' title='bbox 556 2411 765 2451; x_wconf 90' lang='lat' dir='ltr'><strong>nomen</strong></span> <span class='ocrx_word' id='word_1_170' title='bbox 800 2402 908 2463; x_wconf 90' lang='lat' dir='ltr'><strong>est,</strong></span> <span class='ocrx_word' id='word_1_171' title='bbox 944 2397 1049 2451; x_wconf 91' lang='lat' dir='ltr'><strong>hoc</strong></span> <span class='ocrx_word' id='word_1_172' title='bbox 1088 2397 1369 2455; x_wconf 90' lang='lat' dir='ltr'><strong>latinum:</strong></span> <span class='ocrx_word' id='word_1_173' title='bbox 1398 2418 1526 2457; x_wconf 87' lang='lat' dir='ltr'><strong>nam</strong></span> <span class='ocrx_word' id='word_1_174' title='bbox 1568 2408 1623 2458; x_wconf 91' lang='lat' dir='ltr'><strong>et</strong></span> <span class='ocrx_word' id='word_1_175' title='bbox 1672 2404 1729 2458; x_wconf 93' lang='lat' dir='ltr'><strong>in</strong></span> <span class='ocrx_word' id='word_1_176' title='bbox 1778 2406 2008 2476; x_wconf 77' lang='lat' dir='ltr'><strong>psalmo</strong></span> 
     </span>
    </p>
   </div>
   <div class='ocr_carea' id='block_1_24' title="bbox 288 2484 2003 2571">
    <p class='ocr_par' dir='ltr' id='par_1_24' title="bbox 288 2484 2003 2571">
     <span class='ocr_line' id='line_1_24' title="bbox 288 2484 2003 2571; baseline 0.008 -33"><span class='ocrx_word' id='word_1_177' title='bbox 288 2484 389 2539; x_wconf 91' lang='lat' dir='ltr'><strong>nbi</strong></span> <span class='ocrx_word' id='word_1_178' title='bbox 447 2484 719 2553; x_wconf 70' lang='lat' dir='ltr'><strong>legimus,</strong></span> <span class='ocrx_word' id='word_1_179' title='bbox 785 2486 1006 2555; x_wconf 81' lang='lat' dir='ltr'><strong>Pupilla</strong></span> <span class='ocrx_word' id='word_1_180' title='bbox 1074 2491 1132 2541; x_wconf 86' lang='lat' dir='ltr'><strong>tu</strong></span> <span class='ocrx_word' id='word_1_181' title='bbox 1182 2491 1290 2544; x_wconf 81' lang='lat' dir='ltr'><strong>eris</strong></span> <span class='ocrx_word' id='word_1_182' title='bbox 1321 2490 1538 2561; x_wconf 80' lang='lat' dir='ltr'><strong>adjutor</strong></span> <span class='ocrx_word' id='word_1_183' title='bbox 1567 2492 1744 2563; x_wconf 80' lang='lat' dir='ltr'><strong>(Psal.</strong></span> <span class='ocrx_word' id='word_1_184' title='bbox 1778 2511 1857 2565; x_wconf 78' lang='lat' dir='ltr'><strong>ix,</strong></span> <span class='ocrx_word' id='word_1_185' title='bbox 1896 2498 2003 2571; x_wconf 78' lang='grc'><strong>14),</strong></span> 
     </span>
    </p>
   </div>
   <div class='ocr_carea' id='block_1_25' title="bbox 288 2573 2005 2653">
    <p class='ocr_par' dir='ltr' id='par_1_25' title="bbox 288 2573 2005 2653">
     <span class='ocr_line' id='line_1_25' title="bbox 288 2573 2005 2653; baseline 0.009 -27"><span class='ocrx_word' id='word_1_186' title='bbox 288 2573 715 2643; x_wconf 76' lang='lat' dir='ltr'><strong>graecushabet</strong></span> <span class='ocrx_word' id='word_1_187' title='bbox 738 2574 1003 2645; x_wconf 81' lang='lat' dir='ltr'><strong>orphano.</strong></span> <span class='ocrx_word' id='word_1_188' title='bbox 1044 2574 1315 2639; x_wconf 90' lang='lat' dir='ltr'><strong>Quamvis</strong></span> <span class='ocrx_word' id='word_1_189' title='bbox 1356 2596 1490 2653; x_wconf 83' lang='lat' dir='ltr'><strong>ergo</strong></span> <span class='ocrx_word' id='word_1_190' title='bbox 1532 2599 1643 2638; x_wconf 90' lang='lat' dir='ltr'><strong>non</strong></span> <span class='ocrx_word' id='word_1_191' title='bbox 1690 2583 1866 2641; x_wconf 85' lang='lat' dir='ltr'><strong>Filius</strong></span> <span class='ocrx_word' id='word_1_192' title='bbox 1905 2586 2005 2642; x_wconf 89' lang='lat' dir='ltr'><strong>Dei</strong></span> 
     </span>
    </p>
   </div>
   <div class='ocr_carea' id='block_1_26' title="bbox 287 2662 2003 2735">
    <p class='ocr_par' dir='ltr' id='par_1_26' title="bbox 287 2662 2003 2735">
     <span class='ocr_line' id='line_1_26' title="bbox 287 2662 2003 2735; baseline 0.008 -19"><span class='ocrx_word' id='word_1_193' title='bbox 287 2678 396 2717; x_wconf 89' lang='lat' dir='ltr'><strong>suo</strong></span> <span class='ocrx_word' id='word_1_194' title='bbox 420 2662 575 2717; x_wconf 83' lang='lat' dir='ltr'><strong>Patri</strong></span> <span class='ocrx_word' id='word_1_195' title='bbox 614 2664 972 2734; x_wconf 86' lang='lat' dir='ltr'><strong>adoptaverit</strong></span> <span class='ocrx_word' id='word_1_196' title='bbox 1013 2664 1188 2735; x_wconf 83' lang='lat' dir='ltr'><strong>ﬁlios,</strong></span> <span class='ocrx_word' id='word_1_197' title='bbox 1214 2670 1269 2721; x_wconf 89' lang='lat' dir='ltr'><strong>et</strong></span> <span class='ocrx_word' id='word_1_198' title='bbox 1307 2670 1576 2725; x_wconf 90' lang='lat' dir='ltr'><strong>eumdem</strong></span> <span class='ocrx_word' id='word_1_199' title='bbox 1620 2671 1846 2728; x_wconf 87' lang='lat' dir='ltr'><strong>Patrem</strong></span> <span class='ocrx_word' id='word_1_200' title='bbox 1899 2691 2003 2729; x_wconf 92' lang='lat' dir='ltr'><strong>nos</strong></span> 
     </span>
    </p>
   </div>
   <div class='ocr_carea' id='block_1_27' title="bbox 288 2750 2005 2835">
    <p class='ocr_par' dir='ltr' id='par_1_27' title="bbox 288 2750 2005 2835">
     <span class='ocr_line' id='line_1_27' title="bbox 288 2750 2005 2835; baseline 0.008 -29"><span class='ocrx_word' id='word_1_201' title='bbox 288 2750 539 2807; x_wconf 86' lang='lat' dir='ltr'><strong>voluerit</strong></span> <span class='ocrx_word' id='word_1_202' title='bbox 570 2752 783 2807; x_wconf 88' lang='lat' dir='ltr'><strong>habere</strong></span> <span class='ocrx_word' id='word_1_203' title='bbox 817 2769 918 2824; x_wconf 89' lang='lat' dir='ltr'><strong>per</strong></span> <span class='ocrx_word' id='word_1_204' title='bbox 947 2755 1219 2824; x_wconf 79' lang='lat' dir='ltr'><strong>gratiam,</strong></span> <span class='ocrx_word' id='word_1_205' title='bbox 1252 2758 1347 2827; x_wconf 91' lang='lat' dir='ltr'><strong>qui</strong></span> <span class='ocrx_word' id='word_1_206' title='bbox 1399 2760 1526 2829; x_wconf 79' lang='lat' dir='ltr'><strong>ejus</strong></span> <span class='ocrx_word' id='word_1_207' title='bbox 1558 2761 1726 2816; x_wconf 90' lang='lat' dir='ltr'><strong>Pater</strong></span> <span class='ocrx_word' id='word_1_208' title='bbox 1768 2769 1852 2817; x_wconf 88' lang='lat' dir='ltr'><strong>est</strong></span> <span class='ocrx_word' id='word_1_209' title='bbox 1902 2779 2005 2835; x_wconf 90' lang='lat' dir='ltr'><strong>per</strong></span> 
     </span>
    </p>
   </div>
   <div class='ocr_carea' id='block_1_28' title="bbox 292 2843 2001 2918">
    <p class='ocr_par' dir='ltr' id='par_1_28' title="bbox 292 2843 2001 2918">
     <span class='ocr_line' id='line_1_28' title="bbox 292 2843 2001 2918; baseline 0.008 -22"><span class='ocrx_word' id='word_1_210' title='bbox 292 2846 561 2897; x_wconf 86' lang='lat' dir='ltr'><strong>naturam</strong></span> <span class='ocrx_word' id='word_1_211' title='bbox 589 2862 602 2909; x_wconf 89' lang='lat'><strong>;</strong></span> <span class='ocrx_word' id='word_1_212' title='bbox 630 2847 823 2899; x_wconf 87' lang='lat' dir='ltr'><strong>tamen</strong></span> <span class='ocrx_word' id='word_1_213' title='bbox 850 2844 1020 2898; x_wconf 87' lang='lat' dir='ltr'><strong>etiam</strong></span> <span class='ocrx_word' id='word_1_214' title='bbox 1047 2843 1171 2915; x_wconf 89' lang='lat' dir='ltr'><strong>ipse</strong></span> <span class='ocrx_word' id='word_1_215' title='bbox 1193 2846 1343 2902; x_wconf 88' lang='lat' dir='ltr'><strong>circa</strong></span> <span class='ocrx_word' id='word_1_216' title='bbox 1370 2865 1473 2903; x_wconf 90' lang='lat' dir='ltr'><strong>nos</strong></span> <span class='ocrx_word' id='word_1_217' title='bbox 1518 2858 1815 2918; x_wconf 81' lang='lat' dir='ltr'><strong>paternum</strong></span> <span class='ocrx_word' id='word_1_218' title='bbox 1867 2854 2001 2909; x_wconf 82' lang='lat' dir='ltr'><strong>afl&#39;e-</strong></span> 
     </span>
    </p>
   </div>
   <div class='ocr_carea' id='block_1_29' title="bbox 290 2932 2002 3007">
    <p class='ocr_par' dir='ltr' id='par_1_29' title="bbox 290 2932 2002 3007">
     <span class='ocr_line' id='line_1_29' title="bbox 290 2932 2002 3007; baseline 0.007 -21"><span class='ocrx_word' id='word_1_219' title='bbox 290 2942 449 2986; x_wconf 89' lang='lat' dir='ltr'><strong>ctum</strong></span> <span class='ocrx_word' id='word_1_220' title='bbox 486 2932 913 3004; x_wconf 86' lang='lat' dir='ltr'><strong>quodammodo</strong></span> <span class='ocrx_word' id='word_1_221' title='bbox 945 2934 1330 3005; x_wconf 84' lang='lat' dir='ltr'><strong>demonstrat,</strong></span> <span class='ocrx_word' id='word_1_222' title='bbox 1382 2954 1512 2994; x_wconf 91' lang='lat' dir='ltr'><strong>cum</strong></span> <span class='ocrx_word' id='word_1_223' title='bbox 1556 2940 1712 3007; x_wconf 86' lang='lat' dir='ltr'><strong>dicit,</strong></span> <span class='ocrx_word' id='word_1_224' title='bbox 1747 2943 1872 2997; x_wconf 84' lang='lat' dir='ltr'><strong>Non</strong></span> <span class='ocrx_word' id='word_1_225' title='bbox 1913 2960 2002 2999; x_wconf 86' lang='lat' dir='ltr'><strong>re-</strong></span> 
     </span>
    </p>
   </div>
   <div class='ocr_carea' id='block_1_30' title="bbox 288 3021 1997 3104">
    <p class='ocr_par' dir='ltr' id='par_1_30' title="bbox 288 3021 1997 3104">
     <span class='ocr_line' id='line_1_30' title="bbox 288 3021 1997 3104; baseline 0.007 -29"><span class='ocrx_word' id='word_1_226' title='bbox 288 3021 542 3091; x_wconf 84' lang='lat' dir='ltr'><strong>linquam</strong></span> <span class='ocrx_word' id='word_1_227' title='bbox 575 3038 662 3076; x_wconf 81' lang='lat' dir='ltr'><strong>vos</strong></span> <span class='ocrx_word' id='word_1_228' title='bbox 692 3022 1003 3093; x_wconf 83' lang='lat' dir='ltr'><strong>orphanos;</strong></span> <span class='ocrx_word' id='word_1_229' title='bbox 1034 3028 1248 3081; x_wconf 84' lang='lat' dir='ltr'><strong>veniam</strong></span> <span class='ocrx_word' id='word_1_230' title='bbox 1277 3027 1355 3083; x_wconf 87' lang='lat' dir='ltr'><strong>ad</strong></span> <span class='ocrx_word' id='word_1_231' title='bbox 1386 3044 1492 3084; x_wconf 81' lang='lat' dir='ltr'><strong>vos.</strong></span> <span class='ocrx_word' id='word_1_232' title='bbox 1519 3028 1664 3085; x_wconf 84' lang='lat' dir='ltr'><strong>Hinc</strong></span> <span class='ocrx_word' id='word_1_233' title='bbox 1709 3038 1796 3085; x_wconf 88' lang='lat' dir='ltr'><strong>est</strong></span> <span class='ocrx_word' id='word_1_234' title='bbox 1843 3034 1997 3104; x_wconf 91' lang='lat' dir='ltr'><strong>quod</strong></span> 
     </span>
    </p>
   </div>
   <div class='ocr_carea' id='block_1_31' title="bbox 285 3112 1999 3189">
    <p class='ocr_par' dir='ltr' id='par_1_31' title="bbox 285 3112 1999 3189">
     <span class='ocr_line' id='line_1_31' title="bbox 285 3112 1999 3189; baseline 0.008 -24"><span class='ocrx_word' id='word_1_235' title='bbox 285 3112 467 3165; x_wconf 87' lang='lat' dir='ltr'><strong>etiam</strong></span> <span class='ocrx_word' id='word_1_236' title='bbox 502 3112 701 3182; x_wconf 80' lang='lat' dir='ltr'><strong>sponsi</strong></span> <span class='ocrx_word' id='word_1_237' title='bbox 756 3113 903 3170; x_wconf 88' lang='lat' dir='ltr'><strong>filios</strong></span> <span class='ocrx_word' id='word_1_238' title='bbox 963 3133 1071 3173; x_wconf 90' lang='lat' dir='ltr'><strong>nos</strong></span> <span class='ocrx_word' id='word_1_239' title='bbox 1133 3116 1411 3189; x_wconf 87' lang='lat' dir='ltr'><strong>appellat,</strong></span> <span class='ocrx_word' id='word_1_240' title='bbox 1446 3118 1547 3173; x_wconf 88' lang='lat' dir='ltr'><strong>ubi</strong></span> <span class='ocrx_word' id='word_1_241' title='bbox 1604 3120 1779 3175; x_wconf 90' lang='lat' dir='ltr'><strong>dicit:</strong></span> <span class='ocrx_word' id='word_1_242' title='bbox 1819 3122 1999 3177; x_wconf 77' lang='lat' dir='ltr'><strong>Veniet</strong></span> 
     </span>
    </p>
   </div>
   <div class='ocr_carea' id='block_1_32' title="bbox 286 3198 2001 3279">
    <p class='ocr_par' dir='ltr' id='par_1_32' title="bbox 286 3198 2001 3279">
     <span class='ocr_line' id='line_1_32' title="bbox 286 3198 2001 3279; baseline 0.008 -27"><span class='ocrx_word' id='word_1_243' title='bbox 286 3198 424 3254; x_wconf 78' lang='lat' dir='ltr'><strong>hora</strong></span> <span class='ocrx_word' id='word_1_244' title='bbox 450 3203 818 3268; x_wconf 81' lang='lat' dir='ltr'><strong>utau/‘eratur</strong></span> <span class='ocrx_word' id='word_1_245' title='bbox 863 3206 930 3259; x_wconf 86' lang='lat' dir='ltr'><strong>ab</strong></span> <span class='ocrx_word' id='word_1_246' title='bbox 982 3208 1057 3263; x_wconf 73' lang='lat' dir='ltr'><strong>eis</strong></span> <span class='ocrx_word' id='word_1_247' title='bbox 1114 3222 1361 3277; x_wconf 80' lang='lat' dir='ltr'><strong>sponsus,</strong></span> <span class='ocrx_word' id='word_1_248' title='bbox 1393 3212 1445 3260; x_wconf 90' lang='lat' dir='ltr'><strong>et</strong></span> <span class='ocrx_word' id='word_1_249' title='bbox 1500 3209 1629 3261; x_wconf 80' lang='lat' dir='ltr'><strong>tunc</strong></span> <span class='ocrx_word' id='word_1_250' title='bbox 1667 3208 2001 3279; x_wconf 80' lang='lat' dir='ltr'><strong>jejunabunt</strong></span> 
     </span>
    </p>
   </div>
   <div class='ocr_carea' id='block_1_33' title="bbox 281 3288 1996 3370">
    <p class='ocr_par' dir='ltr' id='par_1_33' title="bbox 281 3288 1996 3370">
     <span class='ocr_line' id='line_1_33' title="bbox 281 3288 1996 3370; baseline 0.008 -28"><span class='ocrx_word' id='word_1_251' title='bbox 281 3288 397 3359; x_wconf 84' lang='lat' dir='ltr'><strong>ﬁlii</strong></span> <span class='ocrx_word' id='word_1_252' title='bbox 451 3292 637 3360; x_wconf 71' lang='lat' dir='ltr'><strong>sponsi</strong></span> <span class='ocrx_word' id='word_1_253' title='bbox 691 3290 913 3360; x_wconf 77' lang='lat' dir='ltr'><strong>(Matth.</strong></span> <span class='ocrx_word' id='word_1_254' title='bbox 977 3313 1052 3363; x_wconf 77' lang='grc' dir='ltr'>ιιι,</span> <span class='ocrx_word' id='word_1_255' title='bbox 1116 3297 1222 3368; x_wconf 86' lang='grc'><strong>15).</strong></span> <span class='ocrx_word' id='word_1_256' title='bbox 1276 3296 1414 3362; x_wconf 89' lang='lat' dir='ltr'><strong>Quis</strong></span> <span class='ocrx_word' id='word_1_257' title='bbox 1474 3305 1665 3353; x_wconf 88' lang='lat' dir='ltr'><strong>autem</strong></span> <span class='ocrx_word' id='word_1_258' title='bbox 1726 3316 1996 3370; x_wconf 89' lang='lat' dir='ltr'><strong>sponsus,</strong></span> 
     </span>
    </p>
   </div>
   <div class='ocr_carea' id='block_1_34' title="bbox 282 3377 1059 3439">
    <p class='ocr_par' dir='ltr' id='par_1_34' title="bbox 282 3377 1059 3439">
     <span class='ocr_line' id='line_1_34' title="bbox 282 3377 1059 3439; baseline 0.008 -6"><span class='ocrx_word' id='word_1_259' title='bbox 282 3377 400 3433; x_wconf 83' lang='lat' dir='ltr'><strong>nisi</strong></span> <span class='ocrx_word' id='word_1_260' title='bbox 434 3378 715 3435; x_wconf 85' lang='lat' dir='ltr'><strong>Dominus</strong></span> <span class='ocrx_word' id='word_1_261' title='bbox 747 3381 1059 3439; x_wconf 83' lang='lat' dir='ltr'><strong>Christus?</strong></span> 
     </span>
    </p>
   </div>
   <div class='ocr_carea' id='block_1_35' title="bbox 357 3468 1997 3546">
    <p class='ocr_par' dir='ltr' id='par_1_35' title="bbox 357 3468 1997 3546">
     <span class='ocr_line' id='line_1_35' title="bbox 357 3468 1997 3546; baseline 0.009 -24"><span class='ocrx_word' id='word_1_262' title='bbox 357 3468 411 3525; x_wconf 92' lang='lat'><strong>3.</strong></span> <span class='ocrx_word' id='word_1_263' title='bbox 450 3468 667 3524; x_wconf 88' lang='lat' dir='ltr'><strong>Deinde</strong></span> <span class='ocrx_word' id='word_1_264' title='bbox 717 3472 1000 3543; x_wconf 87' lang='lat' dir='ltr'><strong>sequitur,</strong></span> <span class='ocrx_word' id='word_1_265' title='bbox 1052 3479 1109 3529; x_wconf 90' lang='lat' dir='ltr'><strong>et</strong></span> <span class='ocrx_word' id='word_1_266' title='bbox 1159 3475 1297 3531; x_wconf 88' lang='lat' dir='ltr'><strong>dicit</strong></span> <span class='ocrx_word' id='word_1_267' title='bbox 1332 3492 1344 3530; x_wconf 89' lang='lat'><strong>:</strong></span> <span class='ocrx_word' id='word_1_268' title='bbox 1379 3476 1564 3532; x_wconf 80' lang='lat' dir='ltr'><strong>Adhuc</strong></span> <span class='ocrx_word' id='word_1_269' title='bbox 1618 3478 1915 3546; x_wconf 81' lang='lat' dir='ltr'><strong>modicum,</strong></span> <span class='ocrx_word' id='word_1_270' title='bbox 1947 3485 1997 3536; x_wconf 88' lang='lat' dir='ltr'><strong>et</strong></span> 
     </span>
    </p>
   </div>
   <div class='ocr_carea' id='block_1_36' title="bbox 281 3558 1997 3632">
    <p class='ocr_par' dir='ltr' id='par_1_36' title="bbox 281 3558 1997 3632">
     <span class='ocr_line' id='line_1_36' title="bbox 281 3558 1997 3632; baseline 0.009 -22"><span class='ocrx_word' id='word_1_271' title='bbox 281 3558 523 3613; x_wconf 78' lang='lat' dir='ltr'><strong>mundus</strong></span> <span class='ocrx_word' id='word_1_272' title='bbox 555 3561 769 3632; x_wconf 88' lang='lat' dir='ltr'><strong>mejam</strong></span> <span class='ocrx_word' id='word_1_273' title='bbox 796 3578 901 3617; x_wconf 81' lang='lat' dir='ltr'><strong>non</strong></span> <span class='ocrx_word' id='word_1_274' title='bbox 926 3563 1087 3619; x_wconf 81' lang='lat' dir='ltr'><strong>videt.</strong></span> <span class='ocrx_word' id='word_1_275' title='bbox 1113 3564 1252 3629; x_wconf 89' lang='lat' dir='ltr'><strong>Quid</strong></span> <span class='ocrx_word' id='word_1_276' title='bbox 1279 3567 1428 3620; x_wconf 91' lang='lat' dir='ltr'><strong>enim</strong></span> <span class='ocrx_word' id='word_1_277' title='bbox 1455 3566 1642 3623; x_wconf 82' lang='lat' dir='ltr'><strong>?tunc</strong></span> <span class='ocrx_word' id='word_1_278' title='bbox 1674 3584 1804 3625; x_wconf 91' lang='lat' dir='ltr'><strong>eum</strong></span> <span class='ocrx_word' id='word_1_279' title='bbox 1838 3568 1997 3625; x_wconf 89' lang='lat' dir='ltr'><strong>vide—</strong></span> 
     </span>
    </p>
   </div>
   <div class='ocr_carea' id='block_1_37' title="bbox 285 3648 1997 3723">
    <p class='ocr_par' dir='ltr' id='par_1_37' title="bbox 285 3648 1997 3723">
     <span class='ocr_line' id='line_1_37' title="bbox 285 3648 1997 3723; baseline 0.008 -22"><span class='ocrx_word' id='word_1_280' title='bbox 285 3648 388 3701; x_wconf 86' lang='lat' dir='ltr'><strong>bat</strong></span> <span class='ocrx_word' id='word_1_281' title='bbox 420 3650 716 3716; x_wconf 88' lang='lat' dir='ltr'><strong>mundus;</strong></span> <span class='ocrx_word' id='word_1_282' title='bbox 752 3652 1223 3723; x_wconf 86' lang='lat' dir='ltr'><strong>quandoquidem</strong></span> <span class='ocrx_word' id='word_1_283' title='bbox 1259 3656 1457 3710; x_wconf 91' lang='lat' dir='ltr'><strong>mundi</strong></span> <span class='ocrx_word' id='word_1_284' title='bbox 1495 3658 1731 3713; x_wconf 88' lang='lat' dir='ltr'><strong>nomine</strong></span> <span class='ocrx_word' id='word_1_285' title='bbox 1771 3659 1997 3714; x_wconf 90' lang='lat' dir='ltr'><strong>vultin-</strong></span> 
     </span>
    </p>
   </div>
   <div class='ocr_carea' id='block_1_38' title="bbox 286 3737 1997 3815">
    <p class='ocr_par' dir='ltr' id='par_1_38' title="bbox 286 3737 1997 3815">
     <span class='ocr_line' id='line_1_38' title="bbox 286 3737 1997 3815; baseline 0.008 -23"><span class='ocrx_word' id='word_1_286' title='bbox 286 3737 470 3807; x_wconf 82' lang='lat' dir='ltr'><strong>telligi</strong></span> <span class='ocrx_word' id='word_1_287' title='bbox 506 3754 600 3793; x_wconf 88' lang='lat' dir='ltr'><strong>eos</strong></span> <span class='ocrx_word' id='word_1_288' title='bbox 632 3739 701 3793; x_wconf 92' lang='lat' dir='ltr'><strong>de</strong></span> <span class='ocrx_word' id='word_1_289' title='bbox 734 3740 949 3811; x_wconf 86' lang='lat' dir='ltr'><strong>quibus</strong></span> <span class='ocrx_word' id='word_1_290' title='bbox 981 3743 1250 3814; x_wconf 88' lang='lat' dir='ltr'><strong>superius</strong></span> <span class='ocrx_word' id='word_1_291' title='bbox 1272 3748 1361 3799; x_wconf 88' lang='lat' dir='ltr'><strong>est</strong></span> <span class='ocrx_word' id='word_1_292' title='bbox 1392 3744 1644 3815; x_wconf 90' lang='lat' dir='ltr'><strong>locutus,</strong></span> <span class='ocrx_word' id='word_1_293' title='bbox 1678 3749 1875 3805; x_wconf 88' lang='lat' dir='ltr'><strong>dicens</strong></span> <span class='ocrx_word' id='word_1_294' title='bbox 1926 3750 1997 3805; x_wconf 87' lang='lat' dir='ltr'><strong>de</strong></span> 
     </span>
    </p>
   </div>
   <div class='ocr_carea' id='block_1_39' title="bbox 285 3828 1995 3911">
    <p class='ocr_par' dir='ltr' id='par_1_39' title="bbox 285 3828 1995 3911">
     <span class='ocr_line' id='line_1_39' title="bbox 285 3828 1995 3911; baseline 0.007 -28"><span class='ocrx_word' id='word_1_295' title='bbox 285 3828 507 3901; x_wconf 90' lang='lat' dir='ltr'><strong>Spiritu</strong></span> <span class='ocrx_word' id='word_1_296' title='bbox 534 3833 755 3899; x_wconf 86' lang='lat' dir='ltr'><strong>sancto,</strong></span> <span class='ocrx_word' id='word_1_297' title='bbox 783 3832 952 3899; x_wconf 85' lang='lat' dir='ltr'><strong>Quem</strong></span> <span class='ocrx_word' id='word_1_298' title='bbox 977 3834 1213 3889; x_wconf 82' lang='lat' dir='ltr'><strong>mundus</strong></span> <span class='ocrx_word' id='word_1_299' title='bbox 1251 3837 1491 3907; x_wconf 82' lang='lat' dir='ltr'><strong>accipere</strong></span> <span class='ocrx_word' id='word_1_300' title='bbox 1508 3853 1612 3891; x_wconf 80' lang='lat' dir='ltr'><strong>non</strong></span> <span class='ocrx_word' id='word_1_301' title='bbox 1644 3843 1835 3909; x_wconf 79' lang='lat' dir='ltr'><strong>potest,</strong></span> <span class='ocrx_word' id='word_1_302' title='bbox 1867 3842 1995 3911; x_wconf 84' lang='lat' dir='ltr'><strong>quia</strong></span> 
     </span>
    </p>
   </div>
   <div class='ocr_carea' id='block_1_40' title="bbox 288 3919 1991 3994">
    <p class='ocr_par' dir='ltr' id='par_1_40' title="bbox 288 3919 1991 3994">
     <span class='ocr_line' id='line_1_40' title="bbox 288 3919 1991 3994; baseline 0.007 -20"><span class='ocrx_word' id='word_1_303' title='bbox 288 3936 400 3974; x_wconf 84' lang='lat' dir='ltr'><strong>nan</strong></span> <span class='ocrx_word' id='word_1_304' title='bbox 433 3919 578 3974; x_wconf 84' lang='lat' dir='ltr'><strong>videt</strong></span> <span class='ocrx_word' id='word_1_305' title='bbox 624 3935 767 3989; x_wconf 87' lang='lat' dir='ltr'><strong>eum,</strong></span> <span class='ocrx_word' id='word_1_306' title='bbox 819 3938 988 3993; x_wconf 87' lang='lat' dir='ltr'><strong>neque</strong></span> <span class='ocrx_word' id='word_1_307' title='bbox 1035 3926 1307 3994; x_wconf 73' lang='lat' dir='ltr'><strong>cognoscit</strong></span> <span class='ocrx_word' id='word_1_308' title='bbox 1355 3929 1525 3981; x_wconf 82' lang='lat' dir='ltr'><strong>eum?</strong></span> <span class='ocrx_word' id='word_1_309' title='bbox 1576 3927 1812 3984; x_wconf 91' lang='lat' dir='ltr'><strong>Videbat</strong></span> <span class='ocrx_word' id='word_1_310' title='bbox 1860 3946 1991 3985; x_wconf 90' lang='lat' dir='ltr'><strong>cum</strong></span> 
     </span>
    </p>
   </div>
   <div class='ocr_carea' id='block_1_41' title="bbox 289 4009 1992 4092">
    <p class='ocr_par' dir='ltr' id='par_1_41' title="bbox 289 4009 1992 4092">
     <span class='ocr_line' id='line_1_41' title="bbox 289 4009 1992 4092; baseline 0.007 -28"><span class='ocrx_word' id='word_1_311' title='bbox 289 4009 461 4081; x_wconf 89' lang='lat' dir='ltr'><strong>plane</strong></span> <span class='ocrx_word' id='word_1_312' title='bbox 485 4011 738 4066; x_wconf 91' lang='lat' dir='ltr'><strong>mundus</strong></span> <span class='ocrx_word' id='word_1_313' title='bbox 770 4014 994 4069; x_wconf 79' lang='lat' dir='ltr'><strong>carneis</strong></span> <span class='ocrx_word' id='word_1_314' title='bbox 1027 4016 1212 4071; x_wconf 90' lang='lat' dir='ltr'><strong>oculis</strong></span> <span class='ocrx_word' id='word_1_315' title='bbox 1264 4015 1320 4070; x_wconf 91' lang='lat' dir='ltr'><strong>in</strong></span> <span class='ocrx_word' id='word_1_316' title='bbox 1371 4032 1546 4072; x_wconf 89' lang='lat' dir='ltr'><strong>carne</strong></span> <span class='ocrx_word' id='word_1_317' title='bbox 1589 4021 1992 4092; x_wconf 87' lang='lat' dir='ltr'><strong>conspicuum,</strong></span> 
     </span>
    </p>
   </div>
   <div class='ocr_carea' id='block_1_42' title="bbox 288 4101 1993 4174">
    <p class='ocr_par' dir='ltr' id='par_1_42' title="bbox 288 4101 1993 4174">
     <span class='ocr_line' id='line_1_42' title="bbox 288 4101 1993 4174; baseline 0.007 -20"><span class='ocrx_word' id='word_1_318' title='bbox 288 4116 408 4155; x_wconf 91' lang='lat' dir='ltr'><strong>non</strong></span> <span class='ocrx_word' id='word_1_319' title='bbox 440 4104 633 4155; x_wconf 86' lang='lat' dir='ltr'><strong>autem</strong></span> <span class='ocrx_word' id='word_1_320' title='bbox 668 4101 897 4157; x_wconf 87' lang='lat' dir='ltr'><strong>videbat</strong></span> <span class='ocrx_word' id='word_1_321' title='bbox 928 4105 1080 4174; x_wconf 91' lang='lat' dir='ltr'><strong>quod</strong></span> <span class='ocrx_word' id='word_1_322' title='bbox 1115 4105 1169 4158; x_wconf 92' lang='lat' dir='ltr'><strong>in</strong></span> <span class='ocrx_word' id='word_1_323' title='bbox 1204 4122 1376 4161; x_wconf 87' lang='lat' dir='ltr'><strong>carne</strong></span> <span class='ocrx_word' id='word_1_324' title='bbox 1424 4105 1677 4163; x_wconf 85' lang='lat' dir='ltr'><strong>Verbum</strong></span> <span class='ocrx_word' id='word_1_325' title='bbox 1728 4108 1945 4166; x_wconf 83' lang='lat' dir='ltr'><strong>latebat</strong></span> <span class='ocrx_word' id='word_1_326' title='bbox 1981 4128 1993 4165; x_wconf 94' lang='lat'>:</span> 
     </span>
    </p>
   </div>
   <div class='ocr_carea' id='block_1_43' title="bbox 286 4189 1991 4263">
    <p class='ocr_par' dir='ltr' id='par_1_43' title="bbox 286 4189 1991 4263">
     <span class='ocr_line' id='line_1_43' title="bbox 286 4189 1991 4263; baseline 0.006 -19"><span class='ocrx_word' id='word_1_327' title='bbox 286 4189 518 4245; x_wconf 88' lang='lat' dir='ltr'><strong>videbat</strong></span> <span class='ocrx_word' id='word_1_328' title='bbox 556 4190 869 4260; x_wconf 90' lang='lat' dir='ltr'><strong>hominem,</strong></span> <span class='ocrx_word' id='word_1_329' title='bbox 907 4210 1018 4248; x_wconf 89' lang='lat' dir='ltr'><strong>non</strong></span> <span class='ocrx_word' id='word_1_330' title='bbox 1056 4193 1283 4250; x_wconf 88' lang='lat' dir='ltr'><strong>videbat</strong></span> <span class='ocrx_word' id='word_1_331' title='bbox 1316 4197 1494 4251; x_wconf 90' lang='lat' dir='ltr'><strong>Deum</strong></span> <span class='ocrx_word' id='word_1_332' title='bbox 1522 4198 1791 4263; x_wconf 86' lang='lat' dir='ltr'><strong>;videbat</strong></span> <span class='ocrx_word' id='word_1_333' title='bbox 1822 4200 1991 4254; x_wconf 86' lang='lat' dir='ltr'><strong>indu-</strong></span> 
     </span>
    </p>
   </div>
   <div class='ocr_carea' id='block_1_44' title="bbox 286 4281 1996 4357">
    <p class='ocr_par' dir='ltr' id='par_1_44' title="bbox 286 4281 1996 4357">
     <span class='ocr_line' id='line_1_44' title="bbox 286 4281 1996 4357; baseline 0.005 -22"><span class='ocrx_word' id='word_1_334' title='bbox 286 4287 571 4341; x_wconf 88' lang='lat' dir='ltr'><strong>mentum,</strong></span> <span class='ocrx_word' id='word_1_335' title='bbox 597 4297 712 4336; x_wconf 92' lang='lat' dir='ltr'><strong>non</strong></span> <span class='ocrx_word' id='word_1_336' title='bbox 736 4281 964 4338; x_wconf 84' lang='lat' dir='ltr'><strong>videbat</strong></span> <span class='ocrx_word' id='word_1_337' title='bbox 994 4283 1283 4341; x_wconf 90' lang='lat' dir='ltr'><strong>indutum.</strong></span> <span class='ocrx_word' id='word_1_338' title='bbox 1306 4286 1418 4342; x_wconf 86' lang='lat' dir='ltr'><strong>Sed</strong></span> <span class='ocrx_word' id='word_1_339' title='bbox 1451 4287 1726 4357; x_wconf 90' lang='lat' dir='ltr'><strong>quoniam</strong></span> <span class='ocrx_word' id='word_1_340' title='bbox 1754 4292 1884 4357; x_wconf 89' lang='lat' dir='ltr'><strong>post</strong></span> <span class='ocrx_word' id='word_1_341' title='bbox 1907 4304 1996 4343; x_wconf 85' lang='lat' dir='ltr'><strong>re-</strong></span> 
     </span>
    </p>
   </div>
   <div class='ocr_carea' id='block_1_45' title="bbox 287 4370 1993 4448">
    <p class='ocr_par' dir='ltr' id='par_1_45' title="bbox 287 4370 1993 4448">
     <span class='ocr_line' id='line_1_45' title="bbox 287 4370 1993 4448; baseline 0.005 -22"><span class='ocrx_word' id='word_1_342' title='bbox 287 4370 704 4426; x_wconf 86' lang='lat' dir='ltr'><strong>surrectionem</strong></span> <span class='ocrx_word' id='word_1_343' title='bbox 729 4371 903 4429; x_wconf 90' lang='lat' dir='ltr'><strong>etiam</strong></span> <span class='ocrx_word' id='word_1_344' title='bbox 936 4372 1126 4444; x_wconf 89' lang='lat' dir='ltr'><strong>ipsam</strong></span> <span class='ocrx_word' id='word_1_345' title='bbox 1176 4390 1407 4431; x_wconf 90' lang='lat' dir='ltr'><strong>carnem</strong></span> <span class='ocrx_word' id='word_1_346' title='bbox 1441 4392 1630 4447; x_wconf 90' lang='lat' dir='ltr'><strong>suam,</strong></span> <span class='ocrx_word' id='word_1_347' title='bbox 1655 4392 1830 4448; x_wconf 87' lang='lat' dir='ltr'><strong>quam</strong></span> <span class='ocrx_word' id='word_1_348' title='bbox 1881 4394 1993 4435; x_wconf 87' lang='lat' dir='ltr'><strong>non</strong></span> 
     </span>
    </p>
   </div>
   <div class='ocr_carea' id='block_1_46' title="bbox 288 4461 2001 4533">
    <p class='ocr_par' dir='ltr' id='par_1_46' title="bbox 288 4461 2001 4533">
     <span class='ocr_line' id='line_1_46' title="bbox 288 4461 2001 4533; baseline 0.005 -16"><span class='ocrx_word' id='word_1_349' title='bbox 288 4461 481 4517; x_wconf 83' lang='lat' dir='ltr'><strong>solum</strong></span> <span class='ocrx_word' id='word_1_350' title='bbox 534 4462 866 4533; x_wconf 87' lang='lat' dir='ltr'><strong>videndam,</strong></span> <span class='ocrx_word' id='word_1_351' title='bbox 903 4481 1100 4519; x_wconf 91' lang='lat' dir='ltr'><strong>verum</strong></span> <span class='ocrx_word' id='word_1_352' title='bbox 1143 4466 1316 4522; x_wconf 88' lang='lat' dir='ltr'><strong>etiam</strong></span> <span class='ocrx_word' id='word_1_353' title='bbox 1368 4469 1842 4525; x_wconf 80' lang='lat' dir='ltr'><strong>contrectandum</strong></span> <span class='ocrx_word' id='word_1_354' title='bbox 1894 4470 2001 4525; x_wconf 88' lang='lat' dir='ltr'><strong>de—</strong></span> 
     </span>
    </p>
   </div>
   <div class='ocr_carea' id='block_1_47' title="bbox 290 4550 1999 4626">
    <p class='ocr_par' dir='ltr' id='par_1_47' title="bbox 290 4550 1999 4626">
     <span class='ocr_line' id='line_1_47' title="bbox 290 4550 1999 4626; baseline 0.005 -21"><span class='ocrx_word' id='word_1_355' title='bbox 290 4550 641 4605; x_wconf 87' lang='lat' dir='ltr'><strong>monstravit</strong></span> <span class='ocrx_word' id='word_1_356' title='bbox 666 4552 811 4621; x_wconf 90' lang='lat' dir='ltr'><strong>suis,</strong></span> <span class='ocrx_word' id='word_1_357' title='bbox 854 4553 1041 4609; x_wconf 84' lang='lat' dir='ltr'><strong>uoluit</strong></span> <span class='ocrx_word' id='word_1_358' title='bbox 1072 4555 1469 4612; x_wconf 86' lang='lat' dir='ltr'><strong>demonstrare</strong></span> <span class='ocrx_word' id='word_1_359' title='bbox 1504 4573 1617 4613; x_wconf 91' lang='lat' dir='ltr'><strong>non</strong></span> <span class='ocrx_word' id='word_1_360' title='bbox 1653 4559 1813 4626; x_wconf 89' lang='lat' dir='ltr'><strong>suis;</strong></span> <span class='ocrx_word' id='word_1_361' title='bbox 1863 4557 1999 4614; x_wconf 91' lang='lat' dir='ltr'><strong>hinc</strong></span> 
     </span>
    </p>
   </div>
   <div class='ocr_carea' id='block_1_48' title="bbox 290 4641 2001 4715">
    <p class='ocr_par' dir='ltr' id='par_1_48' title="bbox 290 4641 2001 4715">
     <span class='ocr_line' id='line_1_48' title="bbox 290 4641 2001 4715; baseline 0.007 -21"><span class='ocrx_word' id='word_1_362' title='bbox 290 4641 538 4696; x_wconf 80' lang='lat' dir='ltr'><strong>fortasse</strong></span> <span class='ocrx_word' id='word_1_363' title='bbox 567 4642 1011 4714; x_wconf 89' lang='lat' dir='ltr'><strong>intelligendum</strong></span> <span class='ocrx_word' id='word_1_364' title='bbox 1048 4649 1134 4700; x_wconf 86' lang='lat' dir='ltr'><strong>est</strong></span> <span class='ocrx_word' id='word_1_365' title='bbox 1164 4662 1290 4701; x_wconf 92' lang='lat' dir='ltr'><strong>esse</strong></span> <span class='ocrx_word' id='word_1_366' title='bbox 1322 4648 1568 4715; x_wconf 89' lang='lat' dir='ltr'><strong>dictum,</strong></span> <span class='ocrx_word' id='word_1_367' title='bbox 1604 4649 1790 4704; x_wconf 83' lang='lat' dir='ltr'><strong>Adhuc</strong></span> <span class='ocrx_word' id='word_1_368' title='bbox 1818 4650 2001 4706; x_wconf 85' lang='lat' dir='ltr'><strong>modi-</strong></span> 
     </span>
    </p>
   </div>
   <div class='ocr_carea' id='block_1_49' title="bbox 287 4733 2000 4804">
    <p class='ocr_par' dir='ltr' id='par_1_49' title="bbox 287 4733 2000 4804">
     <span class='ocr_line' id='line_1_49' title="bbox 287 4733 2000 4804; baseline 0.006 -19"><span class='ocrx_word' id='word_1_369' title='bbox 287 4747 435 4798; x_wconf 82' lang='lat' dir='ltr'><strong>cum,</strong></span> <span class='ocrx_word' id='word_1_370' title='bbox 472 4738 526 4786; x_wconf 84' lang='lat' dir='ltr'><strong>et</strong></span> <span class='ocrx_word' id='word_1_371' title='bbox 556 4733 799 4787; x_wconf 80' lang='lat' dir='ltr'><strong>mundus</strong></span> <span class='ocrx_word' id='word_1_372' title='bbox 827 4751 913 4789; x_wconf 86' lang='lat' dir='ltr'><strong>me</strong></span> <span class='ocrx_word' id='word_1_373' title='bbox 935 4736 1055 4804; x_wconf 86' lang='lat' dir='ltr'><strong>jam</strong></span> <span class='ocrx_word' id='word_1_374' title='bbox 1088 4752 1193 4792; x_wconf 87' lang='lat' dir='ltr'><strong>non</strong></span> <span class='ocrx_word' id='word_1_375' title='bbox 1214 4736 1360 4793; x_wconf 84' lang='lat' dir='ltr'><strong>videt</strong></span> <span class='ocrx_word' id='word_1_376' title='bbox 1384 4754 1402 4793; x_wconf 76' lang='grc' dir='ltr'><strong>,ο</strong></span> <span class='ocrx_word' id='word_1_377' title='bbox 1424 4754 1513 4794; x_wconf 76' lang='lat' dir='ltr'><strong>vos</strong></span> <span class='ocrx_word' id='word_1_378' title='bbox 1542 4746 1726 4794; x_wconf 84' lang='lat' dir='ltr'><strong>autem</strong></span> <span class='ocrx_word' id='word_1_379' title='bbox 1749 4738 2000 4795; x_wconf 77' lang='lat' dir='ltr'><strong>videbitis</strong></span> 
     </span>
    </p>
   </div>
   <div class='ocr_carea' id='block_1_50' title="bbox 290 4824 1304 4893">
    <p class='ocr_par' dir='ltr' id='par_1_50' title="bbox 290 4824 1304 4893">
     <span class='ocr_line' id='line_1_50' title="bbox 290 4824 1304 4893; baseline 0.006 -17"><span class='ocrx_word' id='word_1_380' title='bbox 290 4838 417 4887; x_wconf 88' lang='lat' dir='ltr'><strong>me;</strong></span> <span class='ocrx_word' id='word_1_381' title='bbox 441 4824 570 4893; x_wconf 87' lang='lat' dir='ltr'><strong>quia</strong></span> <span class='ocrx_word' id='word_1_382' title='bbox 600 4838 693 4893; x_wconf 90' lang='lat' dir='ltr'><strong>ego</strong></span> <span class='ocrx_word' id='word_1_383' title='bbox 724 4827 861 4890; x_wconf 81' lang='lat' dir='ltr'><strong>vivo,</strong></span> <span class='ocrx_word' id='word_1_384' title='bbox 893 4834 943 4880; x_wconf 88' lang='lat' dir='ltr'><strong>et</strong></span> <span class='ocrx_word' id='word_1_385' title='bbox 974 4842 1064 4880; x_wconf 81' lang='lat' dir='ltr'><strong>vos</strong></span> <span class='ocrx_word' id='word_1_386' title='bbox 1097 4827 1304 4882; x_wconf 70' lang='lat' dir='ltr'><strong>vinetis.</strong></span> 
     </span>
    </p>
   </div>
   <div class='ocr_carea' id='block_1_51' title="bbox 362 4913 1994 4988">
    <p class='ocr_par' dir='ltr' id='par_1_51' title="bbox 362 4913 1994 4988">
     <span class='ocr_line' id='line_1_51' title="bbox 362 4913 1994 4988; baseline 0.007 -22"><span class='ocrx_word' id='word_1_387' title='bbox 362 4913 417 4967; x_wconf 91' lang='lat'><strong>3.</strong></span> <span class='ocrx_word' id='word_1_388' title='bbox 444 4913 592 4976; x_wconf 86' lang='lat' dir='ltr'><strong>Quid</strong></span> <span class='ocrx_word' id='word_1_389' title='bbox 627 4918 731 4982; x_wconf 86' lang='lat' dir='ltr'><strong>est,</strong></span> <span class='ocrx_word' id='word_1_390' title='bbox 766 4916 899 4985; x_wconf 88' lang='lat' dir='ltr'><strong>quia</strong></span> <span class='ocrx_word' id='word_1_391' title='bbox 931 4932 1024 4988; x_wconf 89' lang='lat' dir='ltr'><strong>ego</strong></span> <span class='ocrx_word' id='word_1_392' title='bbox 1056 4918 1175 4973; x_wconf 87' lang='lat' dir='ltr'><strong>vivo</strong></span> <span class='ocrx_word' id='word_1_393' title='bbox 1232 4927 1284 4973; x_wconf 91' lang='lat' dir='ltr'><strong>et</strong></span> <span class='ocrx_word' id='word_1_394' title='bbox 1342 4936 1451 4985; x_wconf 80' lang='lat' dir='ltr'><strong>vos,</strong></span> <span class='ocrx_word' id='word_1_395' title='bbox 1486 4922 1675 4977; x_wconf 72' lang='lat' dir='ltr'><strong>vinetis</strong></span> <span class='ocrx_word' id='word_1_396' title='bbox 1698 4927 1724 4973; x_wconf 70' lang='grc' dir='ltr'><em>Ρ</em></span> <span class='ocrx_word' id='word_1_397' title='bbox 1754 4921 1868 4977; x_wconf 89' lang='lat' dir='ltr'><strong>Cur</strong></span> <span class='ocrx_word' id='word_1_398' title='bbox 1926 4922 1994 4977; x_wconf 92' lang='lat' dir='ltr'><strong>de</strong></span> 
     </span>
    </p>
   </div>
   <div class='ocr_carea' id='block_1_52' title="bbox 287 5003 1998 5075">
    <p class='ocr_par' dir='ltr' id='par_1_52' title="bbox 287 5003 1998 5075">
     <span class='ocr_line' id='line_1_52' title="bbox 287 5003 1998 5075; baseline 0.007 -21"><span class='ocrx_word' id='word_1_399' title='bbox 287 5003 559 5073; x_wconf 65' lang='lat' dir='ltr'><strong>praesenti</strong></span> <span class='ocrx_word' id='word_1_400' title='bbox 593 5020 654 5058; x_wconf 90' lang='lat' dir='ltr'><strong>se</strong></span> <span class='ocrx_word' id='word_1_401' title='bbox 681 5003 821 5058; x_wconf 83' lang='lat' dir='ltr'><strong>dixit</strong></span> <span class='ocrx_word' id='word_1_402' title='bbox 854 5005 1061 5075; x_wconf 71' lang='lat' dir='ltr'><strong>vivere,</strong></span> <span class='ocrx_word' id='word_1_403' title='bbox 1097 5006 1226 5063; x_wconf 89' lang='lat' dir='ltr'><strong>illos</strong></span> <span class='ocrx_word' id='word_1_404' title='bbox 1268 5013 1459 5064; x_wconf 86' lang='lat' dir='ltr'><strong>autem</strong></span> <span class='ocrx_word' id='word_1_405' title='bbox 1515 5010 1584 5064; x_wconf 92' lang='lat' dir='ltr'><strong>de</strong></span> <span class='ocrx_word' id='word_1_406' title='bbox 1636 5011 1823 5066; x_wconf 78' lang='lat' dir='ltr'><strong>futuro</strong></span> <span class='ocrx_word' id='word_1_407' title='bbox 1870 5026 1998 5067; x_wconf 86' lang='lat' dir='ltr'><strong>esse</strong></span> 
     </span>
    </p>
   </div>
   <div class='ocr_carea' id='block_1_53' title="bbox 286 5090 1998 5171">
    <p class='ocr_par' dir='ltr' id='par_1_53' title="bbox 286 5090 1998 5171">
     <span class='ocr_line' id='line_1_53' title="bbox 286 5090 1998 5171; baseline 0.005 -25"><span class='ocrx_word' id='word_1_408' title='bbox 286 5090 562 5159; x_wconf 86' lang='lat' dir='ltr'><strong>victuros,</strong></span> <span class='ocrx_word' id='word_1_409' title='bbox 595 5093 705 5148; x_wconf 90' lang='lat' dir='ltr'><strong>nisi</strong></span> <span class='ocrx_word' id='word_1_410' title='bbox 740 5094 875 5165; x_wconf 89' lang='lat' dir='ltr'><strong>quia</strong></span> <span class='ocrx_word' id='word_1_411' title='bbox 899 5095 1078 5153; x_wconf 88' lang='lat' dir='ltr'><strong>vitam</strong></span> <span class='ocrx_word' id='word_1_412' title='bbox 1111 5098 1287 5153; x_wconf 89' lang='lat' dir='ltr'><strong>etiam</strong></span> <span class='ocrx_word' id='word_1_413' title='bbox 1320 5100 1510 5155; x_wconf 89' lang='lat' dir='ltr'><strong>carnis</strong></span> <span class='ocrx_word' id='word_1_414' title='bbox 1562 5099 1759 5171; x_wconf 87' lang='lat' dir='ltr'><strong>utique</strong></span> <span class='ocrx_word' id='word_1_415' title='bbox 1810 5115 1998 5155; x_wconf 88' lang='lat' dir='ltr'><strong>resur-</strong></span> 
     </span>
    </p>
   </div>
   <div class='ocr_carea' id='block_1_54' title="bbox 281 5183 1998 5260">
    <p class='ocr_par' dir='ltr' id='par_1_54' title="bbox 281 5183 1998 5260">
     <span class='ocr_line' id='line_1_54' title="bbox 281 5183 1998 5260; baseline 0.006 -24"><span class='ocrx_word' id='word_1_416' title='bbox 281 5184 495 5253; x_wconf 81' lang='lat' dir='ltr'><strong>gentis,</strong></span> <span class='ocrx_word' id='word_1_417' title='bbox 525 5183 714 5254; x_wconf 85' lang='lat' dir='ltr'><strong>qualis</strong></span> <span class='ocrx_word' id='word_1_418' title='bbox 739 5184 798 5239; x_wconf 91' lang='lat' dir='ltr'><strong>in</strong></span> <span class='ocrx_word' id='word_1_419' title='bbox 824 5184 948 5256; x_wconf 89' lang='lat' dir='ltr'><strong>ipso</strong></span> <span class='ocrx_word' id='word_1_420' title='bbox 974 5187 1355 5258; x_wconf 65' lang='lat' dir='ltr'><strong>praecedebat,</strong></span> <span class='ocrx_word' id='word_1_421' title='bbox 1380 5197 1432 5245; x_wconf 91' lang='lat' dir='ltr'><strong>et</strong></span> <span class='ocrx_word' id='word_1_422' title='bbox 1453 5189 1568 5244; x_wconf 89' lang='lat' dir='ltr'><strong>illis</strong></span> <span class='ocrx_word' id='word_1_423' title='bbox 1592 5194 1679 5245; x_wconf 84' lang='lat' dir='ltr'><strong>est</strong></span> <span class='ocrx_word' id='word_1_424' title='bbox 1702 5189 1998 5260; x_wconf 88' lang='lat' dir='ltr'><strong>pollicitus</strong></span> 
     </span>
    </p>
   </div>
   <div class='ocr_carea' id='block_1_55' title="bbox 283 5274 1998 5349">
    <p class='ocr_par' dir='ltr' id='par_1_55' title="bbox 283 5274 1998 5349">
     <span class='ocr_line' id='line_1_55' title="bbox 283 5274 1998 5349; baseline 0.006 -24"><span class='ocrx_word' id='word_1_425' title='bbox 283 5276 621 5327; x_wconf 84' lang='lat' dir='ltr'><strong>secuturam</strong></span> <span class='ocrx_word' id='word_1_426' title='bbox 644 5274 672 5327; x_wconf 79' lang='lat' dir='ltr'><strong>‘i</strong></span> <span class='ocrx_word' id='word_1_427' title='bbox 703 5274 769 5329; x_wconf 87' lang='lat' dir='ltr'><strong>Et</strong></span> <span class='ocrx_word' id='word_1_428' title='bbox 803 5276 941 5345; x_wconf 89' lang='lat' dir='ltr'><strong>quia</strong></span> <span class='ocrx_word' id='word_1_429' title='bbox 973 5276 1160 5349; x_wconf 89' lang='lat' dir='ltr'><strong>ipsius</strong></span> <span class='ocrx_word' id='word_1_430' title='bbox 1190 5293 1318 5333; x_wconf 85' lang='lat' dir='ltr'><strong>mox</strong></span> <span class='ocrx_word' id='word_1_431' title='bbox 1353 5278 1543 5335; x_wconf 88' lang='lat' dir='ltr'><strong>futura</strong></span> <span class='ocrx_word' id='word_1_432' title='bbox 1572 5282 1697 5335; x_wconf 89' lang='lat' dir='ltr'><strong>erat</strong></span> <span class='ocrx_word' id='word_1_433' title='bbox 1742 5295 1998 5335; x_wconf 89' lang='lat' dir='ltr'><strong>resurre-</strong></span> 
     </span>
    </p>
   </div>
   <div class='ocr_carea' id='block_1_56' title="bbox 282 5360 1996 5440">
    <p class='ocr_par' dir='ltr' id='par_1_56' title="bbox 282 5360 1996 5440">
     <span class='ocr_line' id='line_1_56' title="bbox 282 5360 1996 5440; baseline 0.004 -23"><span class='ocrx_word' id='word_1_434' title='bbox 282 5360 416 5426; x_wconf 90' lang='lat' dir='ltr'><strong>ctio,</strong></span> <span class='ocrx_word' id='word_1_435' title='bbox 443 5362 752 5432; x_wconf 61' lang='lat' dir='ltr'><strong>praesentis</strong></span> <span class='ocrx_word' id='word_1_436' title='bbox 779 5365 969 5433; x_wconf 87' lang='lat' dir='ltr'><strong>posuit</strong></span> <span class='ocrx_word' id='word_1_437' title='bbox 994 5366 1266 5438; x_wconf 90' lang='lat' dir='ltr'><strong>temporis</strong></span> <span class='ocrx_word' id='word_1_438' title='bbox 1289 5369 1528 5424; x_wconf 89' lang='lat' dir='ltr'><strong>verbum</strong></span> <span class='ocrx_word' id='word_1_439' title='bbox 1554 5373 1787 5440; x_wconf 88' lang='lat' dir='ltr'><strong>propter</strong></span> <span class='ocrx_word' id='word_1_440' title='bbox 1821 5368 1996 5438; x_wconf 82' lang='lat' dir='ltr'><strong>signi-</strong></span> 
     </span>
    </p>
   </div>
   <div class='ocr_carea' id='block_1_57' title="bbox 289 5450 1998 5530">
    <p class='ocr_par' dir='ltr' id='par_1_57' title="bbox 289 5450 1998 5530">
     <span class='ocr_line' id='line_1_57' title="bbox 289 5450 1998 5530; baseline 0.005 -25"><span class='ocrx_word' id='word_1_441' title='bbox 289 5450 578 5506; x_wconf 76' lang='lat' dir='ltr'><strong>ﬁcandam</strong></span> <span class='ocrx_word' id='word_1_442' title='bbox 605 5450 960 5509; x_wconf 87' lang='lat' dir='ltr'><strong>celeritatem</strong></span> <span class='ocrx_word' id='word_1_443' title='bbox 987 5470 1000 5511; x_wconf 94' lang='lat'><strong>:</strong></span> <span class='ocrx_word' id='word_1_444' title='bbox 1026 5455 1253 5513; x_wconf 89' lang='lat' dir='ltr'><strong>illorum</strong></span> <span class='ocrx_word' id='word_1_445' title='bbox 1277 5463 1470 5515; x_wconf 89' lang='lat' dir='ltr'><strong>autem</strong></span> <span class='ocrx_word' id='word_1_446' title='bbox 1498 5459 1775 5530; x_wconf 89' lang='lat' dir='ltr'><strong>quoniam</strong></span> <span class='ocrx_word' id='word_1_447' title='bbox 1800 5457 1998 5514; x_wconf 56' lang='lat' dir='ltr'><strong>saeculi</strong></span> 
     </span>
    </p>
   </div>
   <div class='ocr_carea' id='block_1_58' title="bbox 292 5540 1999 5618">
    <p class='ocr_par' dir='ltr' id='par_1_58' title="bbox 292 5540 1999 5618">
     <span class='ocr_line' id='line_1_58' title="bbox 292 5540 1999 5618; baseline 0.005 -22"><span class='ocrx_word' id='word_1_448' title='bbox 292 5540 559 5596; x_wconf 83' lang='lat' dir='ltr'><strong>dili&#39;ertur</strong></span> <span class='ocrx_word' id='word_1_449' title='bbox 589 5540 649 5595; x_wconf 91' lang='lat' dir='ltr'><strong>in</strong></span> <span class='ocrx_word' id='word_1_450' title='bbox 680 5541 877 5611; x_wconf 83' lang='lat' dir='ltr'><strong>finem,</strong></span> <span class='ocrx_word' id='word_1_451' title='bbox 911 5560 1024 5602; x_wconf 92' lang='lat' dir='ltr'><strong>non</strong></span> <span class='ocrx_word' id='word_1_452' title='bbox 1058 5544 1159 5614; x_wconf 91' lang='lat' dir='ltr'><strong>ait,</strong></span> <span class='ocrx_word' id='word_1_453' title='bbox 1199 5546 1430 5616; x_wconf 89' lang='lat' dir='ltr'><strong>vivitis;</strong></span> <span class='ocrx_word' id='word_1_454' title='bbox 1456 5550 1579 5618; x_wconf 90' lang='lat' dir='ltr'><strong>sed,</strong></span> <span class='ocrx_word' id='word_1_455' title='bbox 1611 5550 1819 5605; x_wconf 71' lang='lat' dir='ltr'><strong>vinetis.</strong></span> <span class='ocrx_word' id='word_1_456' title='bbox 1842 5547 1999 5604; x_wconf 90' lang='lat' dir='ltr'><strong>Duas</strong></span> 
     </span>
    </p>
   </div>
   <div class='ocr_carea' id='block_1_59' title="bbox 285 5630 2001 5701">
    <p class='ocr_par' dir='ltr' id='par_1_59' title="bbox 285 5630 2001 5701">
     <span class='ocr_line' id='line_1_59' title="bbox 285 5630 2001 5701; baseline 0.003 -13"><span class='ocrx_word' id='word_1_457' title='bbox 285 5646 428 5701; x_wconf 82' lang='lat' dir='ltr'><strong>ergo</strong></span> <span class='ocrx_word' id='word_1_458' title='bbox 471 5630 949 5700; x_wconf 86' lang='lat' dir='ltr'><strong>resurrectiones,</strong></span> <span class='ocrx_word' id='word_1_459' title='bbox 999 5649 1169 5692; x_wconf 90' lang='lat' dir='ltr'><strong>suam</strong></span> <span class='ocrx_word' id='word_1_460' title='bbox 1219 5636 1438 5695; x_wconf 89' lang='lat' dir='ltr'><strong>scilicet</strong></span> <span class='ocrx_word' id='word_1_461' title='bbox 1482 5652 1614 5695; x_wconf 78' lang='lat' dir='ltr'><strong>mox</strong></span> <span class='ocrx_word' id='word_1_462' title='bbox 1661 5638 1913 5696; x_wconf 83' lang='lat' dir='ltr'><strong>futuram</strong></span> <span class='ocrx_word' id='word_1_463' title='bbox 1943 5639 2001 5695; x_wconf 82' lang='lat' dir='ltr'><strong>et</strong></span> 
     </span>
    </p>
   </div>
   <div class='ocr_carea' id='block_1_60' title="bbox 1449 285 2709 351">
    <p class='ocr_par' dir='ltr' id='par_1_60' title="bbox 1449 285 2709 351">
     <span class='ocr_line' id='line_1_60' title="bbox 1449 285 2709 351; baseline 0.003 -4"><span class='ocrx_word' id='word_1_464' title='bbox 1449 288 1926 349; x_wconf 79' lang='lat' dir='ltr'><strong>TRACTATUS</strong></span> <span class='ocrx_word' id='word_1_465' title='bbox 1971 285 2201 349; x_wconf 84' lang='lat' dir='ltr'><strong>LXXV.</strong></span> <span class='ocrx_word' id='word_1_466' title='bbox 2252 288 2510 351; x_wconf 86' lang='lat' dir='ltr'><strong>CAPUT</strong></span> <span class='ocrx_word' id='word_1_467' title='bbox 2556 290 2709 351; x_wconf 87' lang='lat' dir='ltr'><strong>XIV.</strong></span> 
     </span>
    </p>
   </div>
   <div class='ocr_carea' id='block_1_61' title="bbox 3681 312 3838 374">
    <p class='ocr_par' dir='ltr' id='par_1_61' title="bbox 3681 312 3838 374">
     <span class='ocr_line' id='line_1_61' title="bbox 3681 312 3838 374; baseline 0.032 -5"><span class='ocrx_word' id='word_1_468' title='bbox 3681 312 3838 374; x_wconf 83' lang='grc'><strong>1830</strong></span> 
     </span>
    </p>
   </div>
   <div class='ocr_carea' id='block_1_62' title="bbox 2135 426 3835 515">
    <p class='ocr_par' dir='ltr' id='par_1_62' title="bbox 2135 426 3835 515">
     <span class='ocr_line' id='line_1_62' title="bbox 2135 426 3835 515; baseline 0.015 -39"><span class='ocrx_word' id='word_1_469' title='bbox 2135 426 2464 480; x_wconf 89' lang='lat' dir='ltr'><strong>nostramin</strong></span> <span class='ocrx_word' id='word_1_470' title='bbox 2488 426 2679 481; x_wconf 53' lang='lat' dir='ltr'><strong>seculi</strong></span> <span class='ocrx_word' id='word_1_471' title='bbox 2704 428 2817 482; x_wconf 86' lang='lat' dir='ltr'><strong>fine</strong></span> <span class='ocrx_word' id='word_1_472' title='bbox 2837 432 3162 500; x_wconf 88' lang='lat' dir='ltr'><strong>venturam,</strong></span> <span class='ocrx_word' id='word_1_473' title='bbox 3196 434 3424 492; x_wconf 91' lang='lat' dir='ltr'><strong>duobus</strong></span> <span class='ocrx_word' id='word_1_474' title='bbox 3456 441 3643 497; x_wconf 89' lang='lat' dir='ltr'><strong>verbis</strong></span> <span class='ocrx_word' id='word_1_475' title='bbox 3693 462 3835 515; x_wconf 84' lang='lat' dir='ltr'><strong>pras-</strong></span> 
     </span>
    </p>
   </div>
   <div class='ocr_carea' id='block_1_63' title="bbox 2135 514 3836 606">
    <p class='ocr_par' dir='ltr' id='par_1_63' title="bbox 2135 514 3836 606">
     <span class='ocr_line' id='line_1_63' title="bbox 2135 514 3836 606; baseline 0.015 -41"><span class='ocrx_word' id='word_1_476' title='bbox 2135 514 2317 567; x_wconf 87' lang='lat' dir='ltr'><strong>sentis</strong></span> <span class='ocrx_word' id='word_1_477' title='bbox 2340 516 2610 581; x_wconf 88' lang='lat' dir='ltr'><strong>temporis</strong></span> <span class='ocrx_word' id='word_1_478' title='bbox 2633 526 2684 572; x_wconf 89' lang='lat' dir='ltr'><strong>et</strong></span> <span class='ocrx_word' id='word_1_479' title='bbox 2710 520 2909 582; x_wconf 87' lang='lat' dir='ltr'><strong>futuri,</strong></span> <span class='ocrx_word' id='word_1_480' title='bbox 2950 520 3247 593; x_wconf 87' lang='lat' dir='ltr'><strong>eleganter</strong></span> <span class='ocrx_word' id='word_1_481' title='bbox 3286 526 3646 601; x_wconf 87' lang='lat' dir='ltr'><strong>breviterque</strong></span> <span class='ocrx_word' id='word_1_482' title='bbox 3698 514 3836 606; x_wconf 89' lang='lat' dir='ltr'><strong>pro-</strong></span> 
     </span>
    </p>
   </div>
   <div class='ocr_carea' id='block_1_64' title="bbox 2137 603 3839 693">
    <p class='ocr_par' dir='ltr' id='par_1_64' title="bbox 2137 603 3839 693">
     <span class='ocr_line' id='line_1_64' title="bbox 2137 603 3839 693; baseline 0.015 -39"><span class='ocrx_word' id='word_1_483' title='bbox 2137 603 2316 657; x_wconf 87' lang='lat' dir='ltr'><strong>misit.</strong></span> <span class='ocrx_word' id='word_1_484' title='bbox 2368 606 2506 672; x_wconf 82' lang='lat' dir='ltr'><strong>Quia</strong></span> <span class='ocrx_word' id='word_1_485' title='bbox 2541 623 2656 675; x_wconf 83' lang='lat' dir='ltr'><strong>ego,</strong></span> <span class='ocrx_word' id='word_1_486' title='bbox 2700 608 3073 679; x_wconf 84' lang='lat' dir='ltr'><strong>inquit,vivo,</strong></span> <span class='ocrx_word' id='word_1_487' title='bbox 3098 620 3147 667; x_wconf 85' lang='lat' dir='ltr'><strong>et</strong></span> <span class='ocrx_word' id='word_1_488' title='bbox 3188 630 3281 669; x_wconf 78' lang='lat' dir='ltr'><strong>vos</strong></span> <span class='ocrx_word' id='word_1_489' title='bbox 3320 603 3718 693; x_wconf 75' lang='lat' dir='ltr'><strong>vivetis:quia</strong></span> <span class='ocrx_word' id='word_1_490' title='bbox 3744 626 3839 681; x_wconf 89' lang='lat' dir='ltr'><strong>ille</strong></span> 
     </span>
    </p>
   </div>
   <div class='ocr_carea' id='block_1_65' title="bbox 2134 691 3840 784">
    <p class='ocr_par' dir='ltr' id='par_1_65' title="bbox 2134 691 3840 784">
     <span class='ocr_line' id='line_1_65' title="bbox 2134 691 3840 784; baseline 0.018 -42"><span class='ocrx_word' id='word_1_491' title='bbox 2134 691 2288 762; x_wconf 84' lang='lat' dir='ltr'><strong>vivit,</strong></span> <span class='ocrx_word' id='word_1_492' title='bbox 2316 692 2442 749; x_wconf 82' lang='lat' dir='ltr'><strong>ideo</strong></span> <span class='ocrx_word' id='word_1_493' title='bbox 2460 700 2515 750; x_wconf 82' lang='lat' dir='ltr'><strong>et</strong></span> <span class='ocrx_word' id='word_1_494' title='bbox 2537 714 2641 752; x_wconf 91' lang='lat' dir='ltr'><strong>nos</strong></span> <span class='ocrx_word' id='word_1_495' title='bbox 2666 698 2948 755; x_wconf 86' lang='lat' dir='ltr'><strong>vivemus.</strong></span> <span class='ocrx_word' id='word_1_496' title='bbox 2978 701 3081 757; x_wconf 89' lang='lat' dir='ltr'><strong>Per</strong></span> <span class='ocrx_word' id='word_1_497' title='bbox 3104 704 3397 762; x_wconf 88' lang='lat' dir='ltr'><strong>hominem</strong></span> <span class='ocrx_word' id='word_1_498' title='bbox 3420 691 3637 782; x_wconf 85' lang='lat' dir='ltr'><strong>quippe</strong></span> <span class='ocrx_word' id='word_1_499' title='bbox 3661 730 3840 784; x_wconf 88' lang='lat' dir='ltr'><strong>mors,</strong></span> 
     </span>
    </p>
   </div>
   <div class='ocr_carea' id='block_1_66' title="bbox 2133 784 3842 863">
    <p class='ocr_par' dir='ltr' id='par_1_66' title="bbox 2133 784 3842 863">
     <span class='ocr_line' id='line_1_66' title="bbox 2133 784 3842 863; baseline 0.016 -27"><span class='ocrx_word' id='word_1_500' title='bbox 2133 787 2187 836; x_wconf 88' lang='lat' dir='ltr'><strong>et</strong></span> <span class='ocrx_word' id='word_1_501' title='bbox 2219 799 2318 853; x_wconf 90' lang='lat' dir='ltr'><strong>per</strong></span> <span class='ocrx_word' id='word_1_502' title='bbox 2353 784 2641 842; x_wconf 89' lang='lat' dir='ltr'><strong>hominem</strong></span> <span class='ocrx_word' id='word_1_503' title='bbox 2687 792 3033 846; x_wconf 87' lang='lat' dir='ltr'><strong>resurrectio</strong></span> <span class='ocrx_word' id='word_1_504' title='bbox 3069 801 3453 855; x_wconf 89' lang='lat' dir='ltr'><strong>mortuorum.</strong></span> <span class='ocrx_word' id='word_1_505' title='bbox 3498 803 3654 860; x_wconf 88' lang='lat' dir='ltr'><strong>Sicut</strong></span> <span class='ocrx_word' id='word_1_506' title='bbox 3687 808 3842 863; x_wconf 90' lang='lat' dir='ltr'><strong>enim</strong></span> 
     </span>
    </p>
   </div>
   <div class='ocr_carea' id='block_1_67' title="bbox 2134 871 3842 953">
    <p class='ocr_par' dir='ltr' id='par_1_67' title="bbox 2134 871 3842 953">
     <span class='ocr_line' id='line_1_67' title="bbox 2134 871 3842 953; baseline 0.017 -28"><span class='ocrx_word' id='word_1_507' title='bbox 2134 871 2189 925; x_wconf 90' lang='lat' dir='ltr'><strong>in</strong></span> <span class='ocrx_word' id='word_1_508' title='bbox 2221 874 2403 929; x_wconf 90' lang='lat' dir='ltr'><strong>Adam</strong></span> <span class='ocrx_word' id='word_1_509' title='bbox 2451 892 2653 931; x_wconf 89' lang='lat' dir='ltr'><strong>omnes</strong></span> <span class='ocrx_word' id='word_1_510' title='bbox 2688 881 3034 950; x_wconf 84' lang='lat' dir='ltr'><strong>moriuntur,</strong></span> <span class='ocrx_word' id='word_1_511' title='bbox 3069 886 3147 939; x_wconf 91' lang='lat' dir='ltr'><strong>sio</strong></span> <span class='ocrx_word' id='word_1_512' title='bbox 3181 886 3237 939; x_wconf 89' lang='lat' dir='ltr'><strong>in</strong></span> <span class='ocrx_word' id='word_1_513' title='bbox 3270 888 3501 946; x_wconf 89' lang='lat' dir='ltr'><strong>Christo</strong></span> <span class='ocrx_word' id='word_1_514' title='bbox 3534 911 3738 952; x_wconf 91' lang='lat' dir='ltr'><strong>omnes</strong></span> <span class='ocrx_word' id='word_1_515' title='bbox 3759 898 3842 953; x_wconf 86' lang='lat' dir='ltr'><strong>vi-</strong></span> 
     </span>
    </p>
   </div>
   <div class='ocr_carea' id='block_1_68' title="bbox 2130 960 3835 1046">
    <p class='ocr_par' dir='ltr' id='par_1_68' title="bbox 2130 960 3835 1046">
     <span class='ocr_line' id='line_1_68' title="bbox 2130 960 3835 1046; baseline 0.017 -32"><span class='ocrx_word' id='word_1_516' title='bbox 2130 960 2519 1019; x_wconf 87' lang='lat' dir='ltr'><strong>vificabuntur</strong></span> <span class='ocrx_word' id='word_1_517' title='bbox 2546 966 2591 1037; x_wconf 92' lang='grc' dir='ltr'><strong>(Ι</strong></span> <span class='ocrx_word' id='word_1_518' title='bbox 2624 967 2745 1022; x_wconf 83' lang='lat' dir='ltr'><strong>Cor.</strong></span> <span class='ocrx_word' id='word_1_519' title='bbox 2790 986 2879 1033; x_wconf 85' lang='lat' dir='ltr'><strong>xv,</strong></span> <span class='ocrx_word' id='word_1_520' title='bbox 2914 972 2975 1025; x_wconf 87' lang='grc'><strong>21</strong></span> <span class='ocrx_word' id='word_1_521' title='bbox 3012 981 3060 1028; x_wconf 85' lang='lat' dir='ltr'><strong>et</strong></span> <span class='ocrx_word' id='word_1_522' title='bbox 3089 974 3201 1046; x_wconf 82' lang='lat'><strong>22).</strong></span> <span class='ocrx_word' id='word_1_523' title='bbox 3245 978 3528 1042; x_wconf 85' lang='lat' dir='ltr'><strong>Quoniam</strong></span> <span class='ocrx_word' id='word_1_524' title='bbox 3566 1000 3735 1041; x_wconf 90' lang='lat' dir='ltr'><strong>nemo</strong></span> <span class='ocrx_word' id='word_1_525' title='bbox 3770 990 3835 1043; x_wconf 92' lang='lat' dir='ltr'><strong>ad</strong></span> 
     </span>
    </p>
   </div>
   <div class='ocr_carea' id='block_1_69' title="bbox 2131 1054 3839 1143">
    <p class='ocr_par' dir='ltr' id='par_1_69' title="bbox 2131 1054 3839 1143">
     <span class='ocr_line' id='line_1_69' title="bbox 2131 1054 3839 1143; baseline 0.016 -39"><span class='ocrx_word' id='word_1_526' title='bbox 2131 1056 2373 1108; x_wconf 89' lang='lat' dir='ltr'><strong>mortem</strong></span> <span class='ocrx_word' id='word_1_527' title='bbox 2408 1054 2518 1109; x_wconf 91' lang='lat' dir='ltr'><strong>nisi</strong></span> <span class='ocrx_word' id='word_1_528' title='bbox 2554 1072 2651 1124; x_wconf 89' lang='lat' dir='ltr'><strong>per</strong></span> <span class='ocrx_word' id='word_1_529' title='bbox 2678 1056 2862 1127; x_wconf 91' lang='lat' dir='ltr'><strong>illum,</strong></span> <span class='ocrx_word' id='word_1_530' title='bbox 2890 1077 3059 1117; x_wconf 88' lang='lat' dir='ltr'><strong>nemo</strong></span> <span class='ocrx_word' id='word_1_531' title='bbox 3090 1066 3159 1118; x_wconf 89' lang='lat' dir='ltr'><strong>ad</strong></span> <span class='ocrx_word' id='word_1_532' title='bbox 3195 1066 3370 1123; x_wconf 86' lang='lat' dir='ltr'><strong>vitam</strong></span> <span class='ocrx_word' id='word_1_533' title='bbox 3401 1070 3512 1125; x_wconf 89' lang='lat' dir='ltr'><strong>nisi</strong></span> <span class='ocrx_word' id='word_1_534' title='bbox 3546 1090 3646 1143; x_wconf 91' lang='lat' dir='ltr'><strong>per</strong></span> <span class='ocrx_word' id='word_1_535' title='bbox 3668 1075 3839 1132; x_wconf 88' lang='lat' dir='ltr'><strong>Chri-</strong></span> 
     </span>
    </p>
   </div>
   <div class='ocr_carea' id='block_1_70' title="bbox 2129 1142 3835 1233">
    <p class='ocr_par' dir='ltr' id='par_1_70' title="bbox 2129 1142 3835 1233">
     <span class='ocr_line' id='line_1_70' title="bbox 2129 1142 3835 1233; baseline 0.018 -41"><span class='ocrx_word' id='word_1_536' title='bbox 2129 1144 2305 1233; x_wconf 73' lang='lat' dir='ltr'><strong>stum.</strong></span> <span class='ocrx_word' id='word_1_537' title='bbox 2328 1142 2473 1205; x_wconf 87' lang='lat' dir='ltr'><strong>Quia</strong></span> <span class='ocrx_word' id='word_1_538' title='bbox 2497 1160 2609 1199; x_wconf 89' lang='lat' dir='ltr'><strong>non</strong></span> <span class='ocrx_word' id='word_1_539' title='bbox 2638 1146 2947 1217; x_wconf 80' lang='lat' dir='ltr'><strong>‘viximus,</strong></span> <span class='ocrx_word' id='word_1_540' title='bbox 2991 1155 3204 1208; x_wconf 87' lang='lat' dir='ltr'><strong>mortui</strong></span> <span class='ocrx_word' id='word_1_541' title='bbox 3250 1173 3454 1214; x_wconf 90' lang='lat' dir='ltr'><strong>sumus</strong></span> <span class='ocrx_word' id='word_1_542' title='bbox 3483 1178 3495 1215; x_wconf 88' lang='lat'><strong>:</strong></span> <span class='ocrx_word' id='word_1_543' title='bbox 3523 1142 3651 1233; x_wconf 85' lang='lat' dir='ltr'><strong>quia</strong></span> <span class='ocrx_word' id='word_1_544' title='bbox 3696 1165 3835 1223; x_wconf 87' lang='lat' dir='ltr'><strong>vixit</strong></span> 
     </span>
    </p>
   </div>
   <div class='ocr_carea' id='block_1_71' title="bbox 2126 1215 3832 1319">
    <p class='ocr_par' dir='ltr' id='par_1_71' title="bbox 2126 1215 3832 1319">
     <span class='ocr_line' id='line_1_71' title="bbox 2126 1215 3832 1319; baseline 0.018 -38"><span class='ocrx_word' id='word_1_545' title='bbox 2126 1215 2269 1298; x_wconf 81' lang='lat' dir='ltr'><strong>ipse,</strong></span> <span class='ocrx_word' id='word_1_546' title='bbox 2303 1230 2559 1286; x_wconf 89' lang='lat' dir='ltr'><strong>vivemus</strong></span> <span class='ocrx_word' id='word_1_547' title='bbox 2591 1251 2717 1289; x_wconf 86' lang='lat' dir='ltr'><strong>nos.</strong></span> <span class='ocrx_word' id='word_1_548' title='bbox 2753 1236 2960 1293; x_wconf 90' lang='lat' dir='ltr'><strong>Mortui</strong></span> <span class='ocrx_word' id='word_1_549' title='bbox 2993 1257 3195 1298; x_wconf 90' lang='lat' dir='ltr'><strong>sumus</strong></span> <span class='ocrx_word' id='word_1_550' title='bbox 3247 1245 3351 1313; x_wconf 89' lang='lat' dir='ltr'><strong>illi,</strong></span> <span class='ocrx_word' id='word_1_551' title='bbox 3405 1253 3638 1319; x_wconf 87' lang='lat' dir='ltr'><strong>quando</strong></span> <span class='ocrx_word' id='word_1_552' title='bbox 3688 1256 3832 1311; x_wconf 77' lang='lat' dir='ltr'><strong>vixi-</strong></span> 
     </span>
    </p>
   </div>
   <div class='ocr_carea' id='block_1_72' title="bbox 2128 1320 3837 1413">
    <p class='ocr_par' dir='ltr' id='par_1_72' title="bbox 2128 1320 3837 1413">
     <span class='ocr_line' id='line_1_72' title="bbox 2128 1320 3837 1413; baseline 0.018 -42"><span class='ocrx_word' id='word_1_553' title='bbox 2128 1334 2259 1373; x_wconf 85' lang='lat' dir='ltr'><strong>mus</strong></span> <span class='ocrx_word' id='word_1_554' title='bbox 2319 1320 2487 1376; x_wconf 89' lang='lat' dir='ltr'><strong>nobis</strong></span> <span class='ocrx_word' id='word_1_555' title='bbox 2523 1338 2534 1377; x_wconf 89' lang='lat'>:</span> <span class='ocrx_word' id='word_1_556' title='bbox 2573 1324 2711 1395; x_wconf 90' lang='lat' dir='ltr'><strong>quia</strong></span> <span class='ocrx_word' id='word_1_557' title='bbox 2768 1343 2899 1382; x_wconf 86' lang='lat' dir='ltr'><strong>vero</strong></span> <span class='ocrx_word' id='word_1_558' title='bbox 2960 1336 3225 1389; x_wconf 87' lang='lat' dir='ltr'><strong>mortuus</strong></span> <span class='ocrx_word' id='word_1_559' title='bbox 3284 1337 3379 1392; x_wconf 87' lang='lat' dir='ltr'><strong>ille</strong></span> <span class='ocrx_word' id='word_1_560' title='bbox 3421 1357 3521 1410; x_wconf 87' lang='lat' dir='ltr'><strong>pro</strong></span> <span class='ocrx_word' id='word_1_561' title='bbox 3555 1344 3744 1413; x_wconf 90' lang='lat' dir='ltr'><strong>nobis,</strong></span> <span class='ocrx_word' id='word_1_562' title='bbox 3781 1352 3837 1402; x_wconf 86' lang='lat' dir='ltr'><strong>et</strong></span> 
     </span>
    </p>
   </div>
   <div class='ocr_carea' id='block_1_73' title="bbox 2124 1407 3837 1495">
    <p class='ocr_par' dir='ltr' id='par_1_73' title="bbox 2124 1407 3837 1495">
     <span class='ocr_line' id='line_1_73' title="bbox 2124 1407 3837 1495; baseline 0.017 -34"><span class='ocrx_word' id='word_1_563' title='bbox 2124 1407 2234 1462; x_wconf 86' lang='lat' dir='ltr'><strong>sibi</strong></span> <span class='ocrx_word' id='word_1_564' title='bbox 2265 1407 2402 1463; x_wconf 88' lang='lat' dir='ltr'><strong>vivit</strong></span> <span class='ocrx_word' id='word_1_565' title='bbox 2434 1415 2489 1466; x_wconf 91' lang='lat' dir='ltr'><strong>et</strong></span> <span class='ocrx_word' id='word_1_566' title='bbox 2540 1412 2727 1469; x_wconf 89' lang='lat' dir='ltr'><strong>nobis.</strong></span> <span class='ocrx_word' id='word_1_567' title='bbox 2775 1414 2919 1479; x_wconf 89' lang='lat' dir='ltr'><strong>Quia</strong></span> <span class='ocrx_word' id='word_1_568' title='bbox 2966 1420 3123 1475; x_wconf 90' lang='lat' dir='ltr'><strong>enim</strong></span> <span class='ocrx_word' id='word_1_569' title='bbox 3164 1425 3304 1479; x_wconf 90' lang='lat' dir='ltr'><strong>vivit</strong></span> <span class='ocrx_word' id='word_1_570' title='bbox 3344 1407 3458 1495; x_wconf 82' lang='lat' dir='ltr'><strong>ille,</strong></span> <span class='ocrx_word' id='word_1_571' title='bbox 3487 1436 3543 1484; x_wconf 88' lang='lat' dir='ltr'><strong>et</strong></span> <span class='ocrx_word' id='word_1_572' title='bbox 3594 1448 3697 1489; x_wconf 89' lang='lat' dir='ltr'><strong>nos</strong></span> <span class='ocrx_word' id='word_1_573' title='bbox 3732 1407 3837 1491; x_wconf 21' lang='lat' dir='ltr'><strong>vvi-</strong></span> 
     </span>
    </p>
   </div>
   <div class='ocr_carea' id='block_1_74' title="bbox 2123 1500 3827 1595">
    <p class='ocr_par' dir='ltr' id='par_1_74' title="bbox 2123 1500 3827 1595">
     <span class='ocr_line' id='line_1_74' title="bbox 2123 1500 3827 1595; baseline 0.018 -44"><span class='ocrx_word' id='word_1_574' title='bbox 2123 1514 2346 1555; x_wconf 82' lang='lat' dir='ltr'><strong>vernus.</strong></span> <span class='ocrx_word' id='word_1_575' title='bbox 2366 1500 2506 1556; x_wconf 89' lang='lat' dir='ltr'><strong>Nam</strong></span> <span class='ocrx_word' id='word_1_576' title='bbox 2532 1502 2684 1558; x_wconf 86' lang='lat' dir='ltr'><strong>sicut</strong></span> <span class='ocrx_word' id='word_1_577' title='bbox 2711 1521 2807 1575; x_wconf 88' lang='lat' dir='ltr'><strong>per</strong></span> <span class='ocrx_word' id='word_1_578' title='bbox 2828 1522 2934 1562; x_wconf 88' lang='lat' dir='ltr'><strong>nos</strong></span> <span class='ocrx_word' id='word_1_579' title='bbox 2977 1514 3222 1567; x_wconf 89' lang='lat' dir='ltr'><strong>mortem</strong></span> <span class='ocrx_word' id='word_1_580' title='bbox 3261 1513 3474 1572; x_wconf 89' lang='lat' dir='ltr'><strong>habere</strong></span> <span class='ocrx_word' id='word_1_581' title='bbox 3508 1524 3827 1595; x_wconf 87' lang='lat' dir='ltr'><strong>potuimus,</strong></span> 
     </span>
    </p>
   </div>
   <div class='ocr_carea' id='block_1_75' title="bbox 2127 1589 3520 1673">
    <p class='ocr_par' dir='ltr' id='par_1_75' title="bbox 2127 1589 3520 1673">
     <span class='ocr_line' id='line_1_75' title="bbox 2127 1589 3520 1673; baseline 0.017 -33"><span class='ocrx_word' id='word_1_582' title='bbox 2127 1603 2237 1642; x_wconf 92' lang='lat' dir='ltr'><strong>non</strong></span> <span class='ocrx_word' id='word_1_583' title='bbox 2272 1589 2354 1644; x_wconf 90' lang='lat' dir='ltr'><strong>sic</strong></span> <span class='ocrx_word' id='word_1_584' title='bbox 2385 1594 2441 1645; x_wconf 90' lang='lat' dir='ltr'><strong>et</strong></span> <span class='ocrx_word' id='word_1_585' title='bbox 2469 1592 2647 1648; x_wconf 86' lang='lat' dir='ltr'><strong>vitam</strong></span> <span class='ocrx_word' id='word_1_586' title='bbox 2684 1611 2782 1663; x_wconf 88' lang='lat' dir='ltr'><strong>per</strong></span> <span class='ocrx_word' id='word_1_587' title='bbox 2808 1613 2913 1651; x_wconf 90' lang='lat' dir='ltr'><strong>nos</strong></span> <span class='ocrx_word' id='word_1_588' title='bbox 2946 1597 3158 1656; x_wconf 90' lang='lat' dir='ltr'><strong>habere</strong></span> <span class='ocrx_word' id='word_1_589' title='bbox 3189 1589 3520 1673; x_wconf 75' lang='lat' dir='ltr'><strong>possumus.</strong></span> 
     </span>
    </p>
   </div>
   <div class='ocr_carea' id='block_1_76' title="bbox 2194 1677 3825 1771">
    <p class='ocr_par' dir='ltr' id='par_1_76' title="bbox 2194 1677 3825 1771">
     <span class='ocr_line' id='line_1_76' title="bbox 2194 1677 3825 1771; baseline 0.02 -41"><span class='ocrx_word' id='word_1_590' title='bbox 2194 1677 2246 1730; x_wconf 87' lang='grc'><strong>4.</strong></span> <span class='ocrx_word' id='word_1_591' title='bbox 2280 1679 2339 1732; x_wconf 83' lang='lat' dir='ltr'><em>In</em></span> <span class='ocrx_word' id='word_1_592' title='bbox 2376 1680 2469 1734; x_wconf 85' lang='lat' dir='ltr'><strong>illo</strong></span> <span class='ocrx_word' id='word_1_593' title='bbox 2508 1680 2613 1749; x_wconf 86' lang='lat' dir='ltr'><strong>die,</strong></span> <span class='ocrx_word' id='word_1_594' title='bbox 2656 1683 2865 1755; x_wconf 89' lang='lat' dir='ltr'><strong>inquit,</strong></span> <span class='ocrx_word' id='word_1_595' title='bbox 2900 1703 2987 1742; x_wconf 75' lang='lat' dir='ltr'><strong>vos</strong></span> <span class='ocrx_word' id='word_1_596' title='bbox 3025 1697 3349 1761; x_wconf 75' lang='lat' dir='ltr'><strong>cognoscetis</strong></span> <span class='ocrx_word' id='word_1_597' title='bbox 3398 1702 3528 1767; x_wconf 85' lang='lat' dir='ltr'><strong>quia</strong></span> <span class='ocrx_word' id='word_1_598' title='bbox 3572 1717 3666 1771; x_wconf 85' lang='lat' dir='ltr'><strong>ego</strong></span> <span class='ocrx_word' id='word_1_599' title='bbox 3704 1722 3825 1761; x_wconf 77' lang='lat' dir='ltr'><strong>sum</strong></span> 
     </span>
    </p>
   </div>
   <div class='ocr_carea' id='block_1_77' title="bbox 2121 1766 3823 1861">
    <p class='ocr_par' dir='ltr' id='par_1_77' title="bbox 2121 1766 3823 1861">
     <span class='ocr_line' id='line_1_77' title="bbox 2121 1766 3823 1861; baseline 0.018 -40"><span class='ocrx_word' id='word_1_600' title='bbox 2121 1766 2182 1821; x_wconf 86' lang='lat' dir='ltr'><strong>in</strong></span> <span class='ocrx_word' id='word_1_601' title='bbox 2202 1774 2324 1823; x_wconf 87' lang='lat' dir='ltr'><strong>atre</strong></span> <span class='ocrx_word' id='word_1_602' title='bbox 2342 1770 2523 1838; x_wconf 88' lang='lat' dir='ltr'><strong>Pmeo,</strong></span> <span class='ocrx_word' id='word_1_603' title='bbox 2546 1781 2595 1826; x_wconf 90' lang='lat' dir='ltr'><strong>et</strong></span> <span class='ocrx_word' id='word_1_604' title='bbox 2617 1788 2705 1828; x_wconf 76' lang='lat' dir='ltr'><strong>vos</strong></span> <span class='ocrx_word' id='word_1_605' title='bbox 2728 1773 2785 1828; x_wconf 83' lang='lat' dir='ltr'><strong>in</strong></span> <span class='ocrx_word' id='word_1_606' title='bbox 2808 1792 2913 1846; x_wconf 88' lang='lat' dir='ltr'><strong>me,</strong></span> <span class='ocrx_word' id='word_1_607' title='bbox 2937 1786 2989 1834; x_wconf 87' lang='lat' dir='ltr'><strong>et</strong></span> <span class='ocrx_word' id='word_1_608' title='bbox 3009 1796 3105 1848; x_wconf 85' lang='lat' dir='ltr'><strong>ego</strong></span> <span class='ocrx_word' id='word_1_609' title='bbox 3140 1784 3196 1837; x_wconf 85' lang='lat' dir='ltr'><strong>in</strong></span> <span class='ocrx_word' id='word_1_610' title='bbox 3223 1766 3419 1841; x_wconf 27' lang='lat' dir='ltr'><strong>vobis:</strong></span> <span class='ocrx_word' id='word_1_611' title='bbox 3441 1791 3498 1844; x_wconf 93' lang='lat' dir='ltr'><strong>ln</strong></span> <span class='ocrx_word' id='word_1_612' title='bbox 3544 1766 3658 1861; x_wconf 77' lang='lat' dir='ltr'><strong>quo</strong></span> <span class='ocrx_word' id='word_1_613' title='bbox 3708 1797 3823 1859; x_wconf 86' lang='lat' dir='ltr'><strong>die,</strong></span> 
     </span>
    </p>
   </div>
   <div class='ocr_carea' id='block_1_78' title="bbox 2125 1857 3828 1956">
    <p class='ocr_par' dir='ltr' id='par_1_78' title="bbox 2125 1857 3828 1956">
     <span class='ocr_line' id='line_1_78' title="bbox 2125 1857 3828 1956; baseline 0.019 -45"><span class='ocrx_word' id='word_1_614' title='bbox 2125 1857 2234 1913; x_wconf 90' lang='lat' dir='ltr'><strong>nisi</strong></span> <span class='ocrx_word' id='word_1_615' title='bbox 2254 1859 2323 1913; x_wconf 85' lang='lat' dir='ltr'><strong>de</strong></span> <span class='ocrx_word' id='word_1_616' title='bbox 2345 1876 2456 1930; x_wconf 91' lang='lat' dir='ltr'><strong>quo</strong></span> <span class='ocrx_word' id='word_1_617' title='bbox 2480 1862 2577 1930; x_wconf 89' lang='lat' dir='ltr'><strong>ait,</strong></span> <span class='ocrx_word' id='word_1_618' title='bbox 2600 1870 2654 1918; x_wconf 88' lang='lat' dir='ltr'><strong>et</strong></span> <span class='ocrx_word' id='word_1_619' title='bbox 2674 1881 2764 1921; x_wconf 77' lang='lat' dir='ltr'><strong>vos</strong></span> <span class='ocrx_word' id='word_1_620' title='bbox 2793 1870 2981 1925; x_wconf 83' lang='lat' dir='ltr'><strong>vivelis</strong></span> <span class='ocrx_word' id='word_1_621' title='bbox 3003 1874 3030 1924; x_wconf 90' lang='lat'><strong><em>?</em></strong></span> <span class='ocrx_word' id='word_1_622' title='bbox 3053 1872 3216 1929; x_wconf 88' lang='lat' dir='ltr'><strong>Tunc</strong></span> <span class='ocrx_word' id='word_1_623' title='bbox 3257 1879 3409 1932; x_wconf 89' lang='lat' dir='ltr'><strong>enim</strong></span> <span class='ocrx_word' id='word_1_624' title='bbox 3446 1857 3644 1938; x_wconf 44' lang='lat' dir='ltr'><strong>erit-ut</strong></span> <span class='ocrx_word' id='word_1_625' title='bbox 3690 1857 3828 1956; x_wconf 32' lang='lat' dir='ltr'><strong>pos-—</strong></span> 
     </span>
    </p>
   </div>
   <div class='ocr_carea' id='block_1_79' title="bbox 2121 1949 3830 2032">
    <p class='ocr_par' dir='ltr' id='par_1_79' title="bbox 2121 1949 3830 2032">
     <span class='ocr_line' id='line_1_79' title="bbox 2121 1949 3830 2032; baseline 0.019 -34"><span class='ocrx_word' id='word_1_626' title='bbox 2121 1962 2329 2002; x_wconf 90' lang='lat' dir='ltr'><strong>sumus</strong></span> <span class='ocrx_word' id='word_1_627' title='bbox 2350 1949 2542 2006; x_wconf 91' lang='lat' dir='ltr'><strong>videre</strong></span> <span class='ocrx_word' id='word_1_628' title='bbox 2567 1954 2713 2023; x_wconf 91' lang='lat' dir='ltr'><strong>quod</strong></span> <span class='ocrx_word' id='word_1_629' title='bbox 2739 1957 3053 2015; x_wconf 89' lang='lat' dir='ltr'><strong>credimus.</strong></span> <span class='ocrx_word' id='word_1_630' title='bbox 3080 1966 3221 2017; x_wconf 90' lang='lat' dir='ltr'><strong>Nam</strong></span> <span class='ocrx_word' id='word_1_631' title='bbox 3247 1970 3302 2019; x_wconf 90' lang='lat' dir='ltr'><strong>et</strong></span> <span class='ocrx_word' id='word_1_632' title='bbox 3326 1984 3472 2023; x_wconf 90' lang='lat' dir='ltr'><strong>nonc</strong></span> <span class='ocrx_word' id='word_1_633' title='bbox 3494 1977 3581 2025; x_wconf 90' lang='lat' dir='ltr'><strong>est</strong></span> <span class='ocrx_word' id='word_1_634' title='bbox 3620 1949 3830 2032; x_wconf 45' lang='lat' dir='ltr'><strong>in-no-</strong></span> 
     </span>
    </p>
   </div>
   <div class='ocr_carea' id='block_1_80' title="bbox 2120 2036 3826 2124">
    <p class='ocr_par' dir='ltr' id='par_1_80' title="bbox 2120 2036 3826 2124">
     <span class='ocr_line' id='line_1_80' title="bbox 2120 2036 3826 2124; baseline 0.019 -34"><span class='ocrx_word' id='word_1_635' title='bbox 2120 2036 2305 2102; x_wconf 89' lang='lat' dir='ltr'><strong>bis,et</strong></span> <span class='ocrx_word' id='word_1_636' title='bbox 2326 2056 2431 2095; x_wconf 90' lang='lat' dir='ltr'><strong>nos</strong></span> <span class='ocrx_word' id='word_1_637' title='bbox 2455 2041 2509 2095; x_wconf 90' lang='lat' dir='ltr'><strong>in</strong></span> <span class='ocrx_word' id='word_1_638' title='bbox 2539 2042 2636 2099; x_wconf 91' lang='lat' dir='ltr'><strong>illo</strong></span> <span class='ocrx_word' id='word_1_639' title='bbox 2662 2047 2795 2100; x_wconf 89' lang='lat' dir='ltr'><strong>:sed</strong></span> <span class='ocrx_word' id='word_1_640' title='bbox 2830 2046 2937 2103; x_wconf 91' lang='lat' dir='ltr'><strong>hoc</strong></span> <span class='ocrx_word' id='word_1_641' title='bbox 2961 2066 3114 2106; x_wconf 90' lang='lat' dir='ltr'><strong>nunc</strong></span> <span class='ocrx_word' id='word_1_642' title='bbox 3138 2055 3447 2124; x_wconf 88' lang='lat' dir='ltr'><strong>credimus,</strong></span> <span class='ocrx_word' id='word_1_643' title='bbox 3473 2064 3610 2117; x_wconf 86' lang='lat' dir='ltr'><strong>tunc</strong></span> <span class='ocrx_word' id='word_1_644' title='bbox 3652 2066 3826 2122; x_wconf 87' lang='lat' dir='ltr'><strong>etiam</strong></span> 
     </span>
    </p>
   </div>
   <div class='ocr_carea' id='block_1_81' title="bbox 2120 2135 3823 2225">
    <p class='ocr_par' dir='ltr' id='par_1_81' title="bbox 2120 2135 3823 2225">
     <span class='ocr_line' id='line_1_81' title="bbox 2120 2135 3823 2225; baseline 0.016 -45"><span class='ocrx_word' id='word_1_645' title='bbox 2120 2141 2569 2198; x_wconf 87' lang='lat' dir='ltr'><strong>cognoscemus;</strong></span> <span class='ocrx_word' id='word_1_646' title='bbox 2595 2135 2861 2203; x_wconf 84' lang='lat' dir='ltr'><strong>quamvis</strong></span> <span class='ocrx_word' id='word_1_647' title='bbox 2883 2142 2939 2192; x_wconf 86' lang='lat' dir='ltr'><strong>et</strong></span> <span class='ocrx_word' id='word_1_648' title='bbox 2964 2156 3115 2195; x_wconf 90' lang='lat' dir='ltr'><strong>nunc</strong></span> <span class='ocrx_word' id='word_1_649' title='bbox 3144 2145 3430 2201; x_wconf 89' lang='lat' dir='ltr'><strong>credendo</strong></span> <span class='ocrx_word' id='word_1_650' title='bbox 3474 2154 3823 2225; x_wconf 81' lang='lat' dir='ltr'><strong>noverimus,</strong></span> 
     </span>
    </p>
   </div>
   <div class='ocr_carea' id='block_1_82' title="bbox 2118 2216 3825 2301">
    <p class='ocr_par' dir='ltr' id='par_1_82' title="bbox 2118 2216 3825 2301">
     <span class='ocr_line' id='line_1_82' title="bbox 2118 2216 3825 2301; baseline 0.019 -33"><span class='ocrx_word' id='word_1_651' title='bbox 2118 2216 2213 2269; x_wconf 86' lang='lat' dir='ltr'><strong>sed</strong></span> <span class='ocrx_word' id='word_1_652' title='bbox 2238 2218 2394 2287; x_wconf 92' lang='lat' dir='ltr'><strong>quod</strong></span> <span class='ocrx_word' id='word_1_653' title='bbox 2417 2223 2864 2292; x_wconf 84' lang='lat' dir='ltr'><strong>contemplando</strong></span> <span class='ocrx_word' id='word_1_654' title='bbox 2891 2244 3211 2287; x_wconf 74' lang='lat' dir='ltr'><strong>noscamus.</strong></span> <span class='ocrx_word' id='word_1_655' title='bbox 3229 2236 3509 2299; x_wconf 85' lang='lat' dir='ltr'><strong>Quamdiu</strong></span> <span class='ocrx_word' id='word_1_656' title='bbox 3535 2242 3684 2296; x_wconf 87' lang='lat' dir='ltr'><strong>enim</strong></span> <span class='ocrx_word' id='word_1_657' title='bbox 3727 2216 3825 2301; x_wconf 49' lang='lat' dir='ltr'><strong>su;</strong></span> 
     </span>
    </p>
   </div>
   <div class='ocr_carea' id='block_1_83' title="bbox 2120 2307 3821 2403">
    <p class='ocr_par' dir='ltr' id='par_1_83' title="bbox 2120 2307 3821 2403">
     <span class='ocr_line' id='line_1_83' title="bbox 2120 2307 3821 2403; baseline 0.019 -46"><span class='ocrx_word' id='word_1_658' title='bbox 2120 2320 2250 2360; x_wconf 88' lang='lat' dir='ltr'><strong>mus</strong></span> <span class='ocrx_word' id='word_1_659' title='bbox 2284 2307 2337 2360; x_wconf 90' lang='lat' dir='ltr'><strong>in</strong></span> <span class='ocrx_word' id='word_1_660' title='bbox 2373 2312 2812 2383; x_wconf 72' lang='lat' dir='ltr'><strong>corporaquale</strong></span> <span class='ocrx_word' id='word_1_661' title='bbox 2844 2332 2999 2371; x_wconf 92' lang='lat' dir='ltr'><strong>nunc</strong></span> <span class='ocrx_word' id='word_1_662' title='bbox 3048 2328 3152 2385; x_wconf 81' lang='lat' dir='ltr'><strong>est,</strong></span> <span class='ocrx_word' id='word_1_663' title='bbox 3184 2322 3239 2376; x_wconf 91' lang='lat' dir='ltr'><strong>id</strong></span> <span class='ocrx_word' id='word_1_664' title='bbox 3302 2330 3389 2380; x_wconf 88' lang='lat' dir='ltr'><strong>est</strong></span> <span class='ocrx_word' id='word_1_665' title='bbox 3446 2334 3821 2403; x_wconf 83' lang='lat' dir='ltr'><strong>corruptibilc</strong></span> 
     </span>
    </p>
   </div>
   <div class='ocr_carea' id='block_1_84' title="bbox 2118 2396 3816 2479">
    <p class='ocr_par' dir='ltr' id='par_1_84' title="bbox 2118 2396 3816 2479">
     <span class='ocr_line' id='line_1_84' title="bbox 2118 2396 3816 2479; baseline 0.019 -33"><span class='ocrx_word' id='word_1_666' title='bbox 2118 2396 2268 2463; x_wconf 91' lang='lat' dir='ltr'><strong>quod</strong></span> <span class='ocrx_word' id='word_1_667' title='bbox 2309 2406 2581 2468; x_wconf 84' lang='lat' dir='ltr'><strong>aggravat</strong></span> <span class='ocrx_word' id='word_1_668' title='bbox 2613 2402 2895 2472; x_wconf 90' lang='lat' dir='ltr'><strong>animam,</strong></span> <span class='ocrx_word' id='word_1_669' title='bbox 2948 2410 3387 2479; x_wconf 86' lang='lat' dir='ltr'><strong>peregrinamur</strong></span> <span class='ocrx_word' id='word_1_670' title='bbox 3438 2434 3471 2472; x_wconf 88' lang='lat' dir='ltr'><strong>a</strong></span> <span class='ocrx_word' id='word_1_671' title='bbox 3524 2396 3765 2478; x_wconf 82' lang='lat' dir='ltr'><strong>Domino</strong></span> <span class='ocrx_word' id='word_1_672' title='bbox 3804 2443 3816 2478; x_wconf 89' lang='lat'>:</span> 
     </span>
    </p>
   </div>
   <div class='ocr_carea' id='block_1_85' title="bbox 2119 2484 3816 2577">
    <p class='ocr_par' dir='ltr' id='par_1_85' title="bbox 2119 2484 3816 2577">
     <span class='ocr_line' id='line_1_85' title="bbox 2119 2484 3816 2577; baseline 0.019 -41"><span class='ocrx_word' id='word_1_673' title='bbox 2119 2484 2405 2577; x_wconf 67' lang='lat' dir='ltr'><strong>perfidem</strong></span> <span class='ocrx_word' id='word_1_674' title='bbox 2424 2487 2576 2544; x_wconf 90' lang='lat' dir='ltr'><strong>enim</strong></span> <span class='ocrx_word' id='word_1_675' title='bbox 2599 2491 2991 2564; x_wconf 87' lang='lat' dir='ltr'><strong>ambulamus,</strong></span> <span class='ocrx_word' id='word_1_676' title='bbox 3017 2514 3130 2554; x_wconf 92' lang='lat' dir='ltr'><strong>non</strong></span> <span class='ocrx_word' id='word_1_677' title='bbox 3160 2517 3259 2570; x_wconf 92' lang='lat' dir='ltr'><strong>per</strong></span> <span class='ocrx_word' id='word_1_678' title='bbox 3279 2505 3553 2576; x_wconf 87' lang='lat' dir='ltr'><strong>speciem,</strong></span> <span class='ocrx_word' id='word_1_679' title='bbox 3598 2510 3670 2577; x_wconf 89' lang='lat' dir='ltr'><strong>(ll</strong></span> <span class='ocrx_word' id='word_1_680' title='bbox 3694 2511 3816 2569; x_wconf 86' lang='lat' dir='ltr'><strong>Cor.</strong></span> 
     </span>
    </p>
   </div>
   <div class='ocr_carea' id='block_1_86' title="bbox 2114 2573 3820 2658">
    <p class='ocr_par' dir='ltr' id='par_1_86' title="bbox 2114 2573 3820 2658">
     <span class='ocr_line' id='line_1_86' title="bbox 2114 2573 3820 2658; baseline 0.019 -33"><span class='ocrx_word' id='word_1_681' title='bbox 2114 2587 2167 2628; x_wconf 93' lang='lat' dir='ltr'><strong>v.</strong></span> <span class='ocrx_word' id='word_1_682' title='bbox 2198 2573 2275 2644; x_wconf 82' lang='lat'><strong>6).</strong></span> <span class='ocrx_word' id='word_1_683' title='bbox 2309 2575 2473 2633; x_wconf 88' lang='lat' dir='ltr'><strong>Tunc</strong></span> <span class='ocrx_word' id='word_1_684' title='bbox 2511 2594 2648 2650; x_wconf 85' lang='lat' dir='ltr'><strong>ergo</strong></span> <span class='ocrx_word' id='word_1_685' title='bbox 2697 2598 2800 2652; x_wconf 91' lang='lat' dir='ltr'><strong>per</strong></span> <span class='ocrx_word' id='word_1_686' title='bbox 2847 2586 3121 2656; x_wconf 86' lang='lat' dir='ltr'><strong>speciem,</strong></span> <span class='ocrx_word' id='word_1_687' title='bbox 3175 2573 3447 2658; x_wconf 82' lang='lat' dir='ltr'><strong>quoniam</strong></span> <span class='ocrx_word' id='word_1_688' title='bbox 3496 2597 3820 2657; x_wconf 82' lang='lat' dir='ltr'><strong>videbimus</strong></span> 
     </span>
    </p>
   </div>
   <div class='ocr_carea' id='block_1_87' title="bbox 2113 2663 3822 2747">
    <p class='ocr_par' dir='ltr' id='par_1_87' title="bbox 2113 2663 3822 2747">
     <span class='ocr_line' id='line_1_87' title="bbox 2113 2663 3822 2747; baseline 0.018 -31"><span class='ocrx_word' id='word_1_689' title='bbox 2113 2676 2247 2716; x_wconf 88' lang='lat' dir='ltr'><strong>eum</strong></span> <span class='ocrx_word' id='word_1_690' title='bbox 2281 2663 2452 2719; x_wconf 91' lang='lat' dir='ltr'><strong>sicuti</strong></span> <span class='ocrx_word' id='word_1_691' title='bbox 2487 2672 2576 2723; x_wconf 89' lang='lat' dir='ltr'><strong>est</strong></span> <span class='ocrx_word' id='word_1_692' title='bbox 2605 2672 2649 2736; x_wconf 88' lang='grc' dir='ltr'><strong>(Ι</strong></span> <span class='ocrx_word' id='word_1_693' title='bbox 2681 2672 2835 2726; x_wconf 84' lang='lat' dir='ltr'><strong>Joan.</strong></span> <span class='ocrx_word' id='word_1_694' title='bbox 2872 2691 2953 2739; x_wconf 87' lang='grc' dir='ltr'>ιιι,</span> <span class='ocrx_word' id='word_1_695' title='bbox 2985 2677 3061 2747; x_wconf 87' lang='lat'><strong>2).</strong></span> <span class='ocrx_word' id='word_1_696' title='bbox 3125 2683 3269 2735; x_wconf 87' lang='lat' dir='ltr'><strong>Nam</strong></span> <span class='ocrx_word' id='word_1_697' title='bbox 3331 2683 3379 2736; x_wconf 90' lang='lat' dir='ltr'><strong>si</strong></span> <span class='ocrx_word' id='word_1_698' title='bbox 3438 2684 3612 2741; x_wconf 87' lang='lat' dir='ltr'><strong>etiam</strong></span> <span class='ocrx_word' id='word_1_699' title='bbox 3668 2706 3822 2747; x_wconf 91' lang='lat' dir='ltr'><strong>nunc</strong></span> 
     </span>
    </p>
   </div>
   <div class='ocr_carea' id='block_1_88' title="bbox 2112 2750 3815 2844">
    <p class='ocr_par' dir='ltr' id='par_1_88' title="bbox 2112 2750 3815 2844">
     <span class='ocr_line' id='line_1_88' title="bbox 2112 2750 3815 2844; baseline 0.016 -37"><span class='ocrx_word' id='word_1_700' title='bbox 2112 2750 2461 2811; x_wconf 89' lang='lat' dir='ltr'><strong>Christusin</strong></span> <span class='ocrx_word' id='word_1_701' title='bbox 2487 2758 2655 2813; x_wconf 91' lang='lat' dir='ltr'><strong>nobis</strong></span> <span class='ocrx_word' id='word_1_702' title='bbox 2694 2776 2805 2816; x_wconf 90' lang='lat' dir='ltr'><strong>non</strong></span> <span class='ocrx_word' id='word_1_703' title='bbox 2848 2770 3019 2835; x_wconf 85' lang='lat' dir='ltr'><strong>esset,</strong></span> <span class='ocrx_word' id='word_1_704' title='bbox 3062 2783 3175 2822; x_wconf 90' lang='lat' dir='ltr'><strong>non</strong></span> <span class='ocrx_word' id='word_1_705' title='bbox 3219 2769 3434 2827; x_wconf 89' lang='lat' dir='ltr'><strong>diceret</strong></span> <span class='ocrx_word' id='word_1_706' title='bbox 3482 2776 3815 2844; x_wconf 81' lang='lat' dir='ltr'><strong>Apostolus.</strong></span> 
     </span>
    </p>
   </div>
   <div class='ocr_carea' id='block_1_89' title="bbox 2112 2841 3816 2930">
    <p class='ocr_par' dir='ltr' id='par_1_89' title="bbox 2112 2841 3816 2930">
     <span class='ocr_line' id='line_1_89' title="bbox 2112 2841 3816 2930; baseline 0.016 -34"><span class='ocrx_word' id='word_1_707' title='bbox 2112 2841 2172 2897; x_wconf 88' lang='lat' dir='ltr'><strong>Si</strong></span> <span class='ocrx_word' id='word_1_708' title='bbox 2190 2850 2376 2899; x_wconf 87' lang='lat' dir='ltr'><strong>autem</strong></span> <span class='ocrx_word' id='word_1_709' title='bbox 2391 2844 2639 2903; x_wconf 76' lang='lat' dir='ltr'><strong>Christus</strong></span> <span class='ocrx_word' id='word_1_710' title='bbox 2662 2852 2719 2904; x_wconf 86' lang='lat' dir='ltr'><strong>in</strong></span> <span class='ocrx_word' id='word_1_711' title='bbox 2748 2852 2912 2919; x_wconf 81' lang='lat' dir='ltr'><strong>vobis,</strong></span> <span class='ocrx_word' id='word_1_712' title='bbox 2937 2871 3134 2927; x_wconf 73' lang='lat' dir='ltr'><strong>corpus</strong></span> <span class='ocrx_word' id='word_1_713' title='bbox 3165 2860 3382 2930; x_wconf 83' lang='lat' dir='ltr'><strong>quidem</strong></span> <span class='ocrx_word' id='word_1_714' title='bbox 3421 2841 3692 2921; x_wconf 79' lang='lat' dir='ltr'><strong>mortuum</strong></span> <span class='ocrx_word' id='word_1_715' title='bbox 3736 2878 3816 2924; x_wconf 72' lang='lat' dir='ltr'><strong>est</strong></span> 
     </span>
    </p>
   </div>
   <div class='ocr_carea' id='block_1_90' title="bbox 2108 3109 3815 3203">
    <p class='ocr_par' dir='ltr' id='par_1_90' title="bbox 2108 3109 3815 3203">
     <span class='ocr_line' id='line_1_90' title="bbox 2108 3109 3815 3203; baseline 0.019 -41"><span class='ocrx_word' id='word_1_716' title='bbox 2108 3109 2207 3163; x_wconf 91' lang='lat' dir='ltr'><strong>illo</strong></span> <span class='ocrx_word' id='word_1_717' title='bbox 2231 3127 2453 3180; x_wconf 87' lang='lat' dir='ltr'><strong>sumus,</strong></span> <span class='ocrx_word' id='word_1_718' title='bbox 2479 3116 2617 3169; x_wconf 89' lang='lat' dir='ltr'><strong>satis</strong></span> <span class='ocrx_word' id='word_1_719' title='bbox 2641 3119 2914 3188; x_wconf 88' lang='lat' dir='ltr'><strong>ostendit,</strong></span> <span class='ocrx_word' id='word_1_720' title='bbox 2940 3123 3036 3177; x_wconf 90' lang='lat' dir='ltr'><strong>ubi</strong></span> <span class='ocrx_word' id='word_1_721' title='bbox 3061 3125 3232 3183; x_wconf 90' lang='lat' dir='ltr'><strong>dicit:</strong></span> <span class='ocrx_word' id='word_1_722' title='bbox 3261 3129 3364 3199; x_wconf 85' lang='lat' dir='ltr'><strong>Ego</strong></span> <span class='ocrx_word' id='word_1_723' title='bbox 3394 3149 3515 3187; x_wconf 86' lang='lat' dir='ltr'><strong>sum</strong></span> <span class='ocrx_word' id='word_1_724' title='bbox 3554 3136 3701 3203; x_wconf 75' lang='lat' dir='ltr'><strong>vitis,</strong></span> <span class='ocrx_word' id='word_1_725' title='bbox 3728 3155 3815 3194; x_wconf 83' lang='lat' dir='ltr'><strong>vos</strong></span> 
     </span>
    </p>
   </div>
   <div class='ocr_carea' id='block_1_91' title="bbox 2105 3200 3816 3291">
    <p class='ocr_par' dir='ltr' id='par_1_91' title="bbox 2105 3200 3816 3291">
     <span class='ocr_line' id='line_1_91' title="bbox 2105 3200 3816 3291; baseline 0.019 -39"><span class='ocrx_word' id='word_1_726' title='bbox 2105 3200 2358 3271; x_wconf 81' lang='lat' dir='ltr'><strong>palmites</strong></span> <span class='ocrx_word' id='word_1_727' title='bbox 2382 3202 2668 3274; x_wconf 84' lang='lat' dir='ltr'><strong>(Joan.xv,</strong></span> <span class='ocrx_word' id='word_1_728' title='bbox 2700 3206 2778 3277; x_wconf 87' lang='lat'><strong>5).</strong></span> <span class='ocrx_word' id='word_1_729' title='bbox 2819 3208 2878 3264; x_wconf 91' lang='lat' dir='ltr'><strong>ln</strong></span> <span class='ocrx_word' id='word_1_730' title='bbox 2922 3210 3018 3267; x_wconf 93' lang='lat' dir='ltr'><strong>illo</strong></span> <span class='ocrx_word' id='word_1_731' title='bbox 3058 3230 3193 3285; x_wconf 89' lang='lat' dir='ltr'><strong>ergo</strong></span> <span class='ocrx_word' id='word_1_732' title='bbox 3233 3218 3345 3286; x_wconf 90' lang='lat' dir='ltr'><strong>die,</strong></span> <span class='ocrx_word' id='word_1_733' title='bbox 3390 3225 3621 3291; x_wconf 77' lang='lat' dir='ltr'><strong>quando</strong></span> <span class='ocrx_word' id='word_1_734' title='bbox 3670 3200 3816 3283; x_wconf 87' lang='lat' dir='ltr'><strong>vive-</strong></span> 
     </span>
    </p>
   </div>
   <div class='ocr_carea' id='block_1_92' title="bbox 2108 3291 3812 3386">
    <p class='ocr_par' dir='ltr' id='par_1_92' title="bbox 2108 3291 3812 3386">
     <span class='ocr_line' id='line_1_92' title="bbox 2108 3291 3812 3386; baseline 0.018 -43"><span class='ocrx_word' id='word_1_735' title='bbox 2108 3305 2241 3345; x_wconf 87' lang='lat' dir='ltr'><strong>mus</strong></span> <span class='ocrx_word' id='word_1_736' title='bbox 2264 3305 2327 3345; x_wconf 86' lang='lat' dir='ltr'><strong>ea</strong></span> <span class='ocrx_word' id='word_1_737' title='bbox 2350 3291 2466 3347; x_wconf 89' lang='lat' dir='ltr'><strong>vita</strong></span> <span class='ocrx_word' id='word_1_738' title='bbox 2480 3309 2596 3364; x_wconf 90' lang='lat' dir='ltr'><strong>qua</strong></span> <span class='ocrx_word' id='word_1_739' title='bbox 2618 3311 2773 3352; x_wconf 87' lang='lat' dir='ltr'><strong>mors</strong></span> <span class='ocrx_word' id='word_1_740' title='bbox 2796 3298 3214 3371; x_wconf 86' lang='lat' dir='ltr'><strong>absorbebitur,</strong></span> <span class='ocrx_word' id='word_1_741' title='bbox 3232 3322 3652 3378; x_wconf 86' lang='lat' dir='ltr'><strong>cognoscemus</strong></span> <span class='ocrx_word' id='word_1_742' title='bbox 3676 3318 3812 3386; x_wconf 84' lang='lat' dir='ltr'><strong>quia</strong></span> 
     </span>
    </p>
   </div>
   <div class='ocr_carea' id='block_1_93' title="bbox 2107 3377 3811 3473">
    <p class='ocr_par' dir='ltr' id='par_1_93' title="bbox 2107 3377 3811 3473">
     <span class='ocr_line' id='line_1_93' title="bbox 2107 3377 3811 3473; baseline 0.016 -42"><span class='ocrx_word' id='word_1_743' title='bbox 2107 3377 2309 3448; x_wconf 88' lang='lat' dir='ltr'><strong>ipsein</strong></span> <span class='ocrx_word' id='word_1_744' title='bbox 2334 3382 2522 3449; x_wconf 85' lang='lat' dir='ltr'><strong>Patre,</strong></span> <span class='ocrx_word' id='word_1_745' title='bbox 2548 3386 2605 3436; x_wconf 91' lang='lat' dir='ltr'><strong>et</strong></span> <span class='ocrx_word' id='word_1_746' title='bbox 2627 3399 2731 3439; x_wconf 90' lang='lat' dir='ltr'><strong>nos</strong></span> <span class='ocrx_word' id='word_1_747' title='bbox 2762 3384 2817 3439; x_wconf 90' lang='lat' dir='ltr'><strong>in</strong></span> <span class='ocrx_word' id='word_1_748' title='bbox 2843 3384 2987 3458; x_wconf 89' lang='lat' dir='ltr'><strong>ipso,</strong></span> <span class='ocrx_word' id='word_1_749' title='bbox 3022 3394 3077 3443; x_wconf 91' lang='lat' dir='ltr'><strong>et</strong></span> <span class='ocrx_word' id='word_1_750' title='bbox 3126 3393 3249 3463; x_wconf 90' lang='lat' dir='ltr'><strong>ipse</strong></span> <span class='ocrx_word' id='word_1_751' title='bbox 3299 3377 3357 3450; x_wconf 91' lang='lat' dir='ltr'><strong>in</strong></span> <span class='ocrx_word' id='word_1_752' title='bbox 3416 3397 3623 3467; x_wconf 86' lang='lat' dir='ltr'><strong>nobis;</strong></span> <span class='ocrx_word' id='word_1_753' title='bbox 3676 3377 3811 3473; x_wconf 76' lang='lat' dir='ltr'><strong>quia</strong></span> 
     </span>
    </p>
   </div>
   <div class='ocr_carea' id='block_1_94' title="bbox 2107 3469 3805 3550">
    <p class='ocr_par' dir='ltr' id='par_1_94' title="bbox 2107 3469 3805 3550">
     <span class='ocr_line' id='line_1_94' title="bbox 2107 3469 3805 3550; baseline 0.016 -31"><span class='ocrx_word' id='word_1_754' title='bbox 2107 3469 2246 3522; x_wconf 89' lang='lat' dir='ltr'><strong>tunc</strong></span> <span class='ocrx_word' id='word_1_755' title='bbox 2281 3469 2607 3538; x_wconf 80' lang='lat' dir='ltr'><strong>perficietur</strong></span> <span class='ocrx_word' id='word_1_756' title='bbox 2637 3473 2745 3529; x_wconf 91' lang='lat' dir='ltr'><strong>hoc</strong></span> <span class='ocrx_word' id='word_1_757' title='bbox 2776 3474 2963 3545; x_wconf 89' lang='lat' dir='ltr'><strong>ipsum</strong></span> <span class='ocrx_word' id='word_1_758' title='bbox 2996 3482 3149 3550; x_wconf 90' lang='lat' dir='ltr'><strong>quod</strong></span> <span class='ocrx_word' id='word_1_759' title='bbox 3185 3489 3235 3537; x_wconf 89' lang='lat' dir='ltr'><strong>et</strong></span> <span class='ocrx_word' id='word_1_760' title='bbox 3269 3499 3422 3540; x_wconf 91' lang='lat' dir='ltr'><strong>nunc</strong></span> <span class='ocrx_word' id='word_1_761' title='bbox 3470 3469 3805 3548; x_wconf 75' lang='lat' dir='ltr'><strong>inchoafum</strong></span> 
     </span>
    </p>
   </div>
   <div class='ocr_carea' id='block_1_95' title="bbox 2105 3558 3695 3648">
    <p class='ocr_par' dir='ltr' id='par_1_95' title="bbox 2105 3558 3695 3648">
     <span class='ocr_line' id='line_1_95' title="bbox 2105 3558 3695 3648; baseline 0.015 -36"><span class='ocrx_word' id='word_1_762' title='bbox 2105 3558 2332 3627; x_wconf 88' lang='lat' dir='ltr'><strong>estjam</strong></span> <span class='ocrx_word' id='word_1_763' title='bbox 2368 3577 2472 3631; x_wconf 91' lang='lat' dir='ltr'><strong>per</strong></span> <span class='ocrx_word' id='word_1_764' title='bbox 2499 3561 2711 3632; x_wconf 87' lang='lat' dir='ltr'><strong>ipsum.</strong></span> <span class='ocrx_word' id='word_1_765' title='bbox 2748 3572 2814 3621; x_wconf 91' lang='lat' dir='ltr'><strong>ut</strong></span> <span class='ocrx_word' id='word_1_766' title='bbox 2845 3568 2919 3622; x_wconf 91' lang='lat' dir='ltr'><strong>sit</strong></span> <span class='ocrx_word' id='word_1_767' title='bbox 2950 3569 3007 3624; x_wconf 92' lang='lat' dir='ltr'><strong>in</strong></span> <span class='ocrx_word' id='word_1_768' title='bbox 3041 3571 3204 3627; x_wconf 91' lang='lat' dir='ltr'><strong>nobis</strong></span> <span class='ocrx_word' id='word_1_769' title='bbox 3233 3579 3290 3629; x_wconf 90' lang='lat' dir='ltr'><strong>et</strong></span> <span class='ocrx_word' id='word_1_770' title='bbox 3323 3590 3426 3631; x_wconf 91' lang='lat' dir='ltr'><strong>nos</strong></span> <span class='ocrx_word' id='word_1_771' title='bbox 3460 3578 3517 3633; x_wconf 92' lang='lat' dir='ltr'><strong>in</strong></span> <span class='ocrx_word' id='word_1_772' title='bbox 3552 3578 3695 3648; x_wconf 91' lang='lat' dir='ltr'><strong>ipso.</strong></span> 
     </span>
    </p>
   </div>
   <div class='ocr_carea' id='block_1_96' title="bbox 2175 3650 3815 3728">
    <p class='ocr_par' dir='ltr' id='par_1_96' title="bbox 2175 3650 3815 3728">
     <span class='ocr_line' id='line_1_96' title="bbox 2175 3650 3815 3728; baseline 0.015 -25"><span class='ocrx_word' id='word_1_773' title='bbox 2175 3650 2227 3703; x_wconf 88' lang='lat'><strong>5.</strong></span> <span class='ocrx_word' id='word_1_774' title='bbox 2264 3651 2370 3719; x_wconf 87' lang='lat' dir='ltr'><strong>Qui</strong></span> <span class='ocrx_word' id='word_1_775' title='bbox 2400 3651 2580 3721; x_wconf 85' lang='lat' dir='ltr'><strong>habet,</strong></span> <span class='ocrx_word' id='word_1_776' title='bbox 2614 3654 2818 3724; x_wconf 83' lang='lat' dir='ltr'><strong>inquit.</strong></span> <span class='ocrx_word' id='word_1_777' title='bbox 2861 3660 3123 3716; x_wconf 86' lang='lat' dir='ltr'><strong>mandata</strong></span> <span class='ocrx_word' id='word_1_778' title='bbox 3153 3679 3271 3719; x_wconf 88' lang='lat' dir='ltr'><strong>mea</strong></span> <span class='ocrx_word' id='word_1_779' title='bbox 3303 3674 3354 3722; x_wconf 89' lang='lat' dir='ltr'><strong>et</strong></span> <span class='ocrx_word' id='word_1_780' title='bbox 3383 3672 3561 3723; x_wconf 70' lang='lat' dir='ltr'><strong>servat</strong></span> <span class='ocrx_word' id='word_1_781' title='bbox 3601 3687 3665 3725; x_wconf 85' lang='lat' dir='ltr'><strong>ea</strong></span> <span class='ocrx_word' id='word_1_782' title='bbox 3718 3672 3815 3728; x_wconf 86' lang='lat' dir='ltr'><strong>ille</strong></span> 
     </span>
    </p>
   </div>
   <div class='ocr_carea' id='block_1_97' title="bbox 2104 3741 3810 3827">
    <p class='ocr_par' dir='ltr' id='par_1_97' title="bbox 2104 3741 3810 3827">
     <span class='ocr_line' id='line_1_97' title="bbox 2104 3741 3810 3827; baseline 0.014 -31"><span class='ocrx_word' id='word_1_783' title='bbox 2104 3748 2180 3796; x_wconf 73' lang='lat' dir='ltr'><strong>est</strong></span> <span class='ocrx_word' id='word_1_784' title='bbox 2203 3741 2301 3812; x_wconf 90' lang='lat' dir='ltr'><strong>qui</strong></span> <span class='ocrx_word' id='word_1_785' title='bbox 2329 3742 2506 3814; x_wconf 83' lang='lat' dir='ltr'><strong>diligit</strong></span> <span class='ocrx_word' id='word_1_786' title='bbox 2532 3760 2633 3800; x_wconf 79' lang='lat' dir='ltr'><strong>me.</strong></span> <span class='ocrx_word' id='word_1_787' title='bbox 2661 3746 2766 3809; x_wconf 90' lang='lat' dir='ltr'><strong>Qui</strong></span> <span class='ocrx_word' id='word_1_788' title='bbox 2790 3747 2959 3806; x_wconf 86' lang='lat' dir='ltr'><strong>habet</strong></span> <span class='ocrx_word' id='word_1_789' title='bbox 2989 3753 3049 3808; x_wconf 93' lang='lat' dir='ltr'><strong>in</strong></span> <span class='ocrx_word' id='word_1_790' title='bbox 3082 3757 3381 3827; x_wconf 88' lang='lat' dir='ltr'><strong>memoria,</strong></span> <span class='ocrx_word' id='word_1_791' title='bbox 3413 3764 3469 3815; x_wconf 89' lang='lat' dir='ltr'><strong>et</strong></span> <span class='ocrx_word' id='word_1_792' title='bbox 3516 3768 3706 3818; x_wconf 81' lang='lat' dir='ltr'><strong>serVat</strong></span> <span class='ocrx_word' id='word_1_793' title='bbox 3755 3765 3810 3819; x_wconf 91' lang='lat' dir='ltr'><strong>in</strong></span> 
     </span>
    </p>
   </div>
   <div class='ocr_carea' id='block_1_98' title="bbox 2104 3830 3812 3925">
    <p class='ocr_par' dir='ltr' id='par_1_98' title="bbox 2104 3830 3812 3925">
     <span class='ocr_line' id='line_1_98' title="bbox 2104 3830 3812 3925; baseline 0.017 -42"><span class='ocrx_word' id='word_1_794' title='bbox 2104 3830 2254 3899; x_wconf 89' lang='lat' dir='ltr'><strong>vita;</strong></span> <span class='ocrx_word' id='word_1_795' title='bbox 2280 3834 2378 3903; x_wconf 88' lang='lat' dir='ltr'><strong>qui</strong></span> <span class='ocrx_word' id='word_1_796' title='bbox 2402 3833 2574 3890; x_wconf 87' lang='lat' dir='ltr'><strong>habet</strong></span> <span class='ocrx_word' id='word_1_797' title='bbox 2597 3838 2651 3891; x_wconf 93' lang='lat' dir='ltr'><strong>in</strong></span> <span class='ocrx_word' id='word_1_798' title='bbox 2678 3841 3072 3912; x_wconf 87' lang='lat' dir='ltr'><strong>sermonibus,</strong></span> <span class='ocrx_word' id='word_1_799' title='bbox 3095 3849 3151 3901; x_wconf 89' lang='lat' dir='ltr'><strong>et</strong></span> <span class='ocrx_word' id='word_1_800' title='bbox 3183 3855 3370 3904; x_wconf 85' lang='lat' dir='ltr'><strong>servat</strong></span> <span class='ocrx_word' id='word_1_801' title='bbox 3407 3849 3466 3905; x_wconf 91' lang='lat' dir='ltr'><strong>in</strong></span> <span class='ocrx_word' id='word_1_802' title='bbox 3514 3854 3812 3925; x_wconf 88' lang='lat' dir='ltr'><strong>moribus;</strong></span> 
     </span>
    </p>
   </div>
   <div class='ocr_carea' id='block_1_99' title="bbox 2107 3919 3817 4011">
    <p class='ocr_par' dir='ltr' id='par_1_99' title="bbox 2107 3919 3817 4011">
     <span class='ocr_line' id='line_1_99' title="bbox 2107 3919 3817 4011; baseline 0.016 -39"><span class='ocrx_word' id='word_1_803' title='bbox 2107 3919 2205 3991; x_wconf 92' lang='lat' dir='ltr'><strong>qui</strong></span> <span class='ocrx_word' id='word_1_804' title='bbox 2231 3920 2409 4011; x_wconf 75' lang='lat' dir='ltr'><strong>habet</strong></span> <span class='ocrx_word' id='word_1_805' title='bbox 2429 3924 2742 3995; x_wconf 86' lang='lat' dir='ltr'><strong>audiendo,</strong></span> <span class='ocrx_word' id='word_1_806' title='bbox 2766 3931 2822 3983; x_wconf 90' lang='lat' dir='ltr'><strong>et</strong></span> <span class='ocrx_word' id='word_1_807' title='bbox 2843 3935 3029 3985; x_wconf 88' lang='lat' dir='ltr'><strong>servat</strong></span> <span class='ocrx_word' id='word_1_808' title='bbox 3049 3931 3353 4004; x_wconf 84' lang='lat' dir='ltr'><strong>faciendo;</strong></span> <span class='ocrx_word' id='word_1_809' title='bbox 3384 3944 3484 3995; x_wconf 89' lang='lat' dir='ltr'><strong>aut</strong></span> <span class='ocrx_word' id='word_1_810' title='bbox 3516 3942 3615 4011; x_wconf 90' lang='lat' dir='ltr'><strong>qui</strong></span> <span class='ocrx_word' id='word_1_811' title='bbox 3641 3919 3817 3999; x_wconf 81' lang='lat' dir='ltr'><strong>habet</strong></span> 
     </span>
    </p>
   </div>
   <div class='ocr_carea' id='block_1_100' title="bbox 2108 4008 3819 4101">
    <p class='ocr_par' dir='ltr' id='par_1_100' title="bbox 2108 4008 3819 4101">
     <span class='ocr_line' id='line_1_100' title="bbox 2108 4008 3819 4101; baseline 0.015 -40"><span class='ocrx_word' id='word_1_812' title='bbox 2108 4008 2390 4077; x_wconf 81' lang='lat' dir='ltr'><strong>faciendo,</strong></span> <span class='ocrx_word' id='word_1_813' title='bbox 2420 4015 2475 4066; x_wconf 89' lang='lat' dir='ltr'><strong>et</strong></span> <span class='ocrx_word' id='word_1_814' title='bbox 2507 4019 2696 4069; x_wconf 88' lang='lat' dir='ltr'><strong>servat</strong></span> <span class='ocrx_word' id='word_1_815' title='bbox 2722 4022 3144 4088; x_wconf 85' lang='lat' dir='ltr'><strong>perseverando</strong></span> <span class='ocrx_word' id='word_1_816' title='bbox 3171 4039 3183 4089; x_wconf 90' lang='lat'><strong>;</strong></span> <span class='ocrx_word' id='word_1_817' title='bbox 3217 4025 3330 4095; x_wconf 75' lang='lat' dir='ltr'><strong>ipse</strong></span> <span class='ocrx_word' id='word_1_818' title='bbox 3351 4033 3454 4096; x_wconf 81' lang='lat' dir='ltr'><strong>est,</strong></span> <span class='ocrx_word' id='word_1_819' title='bbox 3478 4008 3687 4101; x_wconf 73' lang='lat' dir='ltr'><strong>inquit,</strong></span> <span class='ocrx_word' id='word_1_820' title='bbox 3723 4035 3819 4101; x_wconf 75' lang='lat' dir='ltr'><strong>qui</strong></span> 
     </span>
    </p>
   </div>
   <div class='ocr_carea' id='block_1_101' title="bbox 2105 4096 3817 4183">
    <p class='ocr_par' dir='ltr' id='par_1_101' title="bbox 2105 4096 3817 4183">
     <span class='ocr_line' id='line_1_101' title="bbox 2105 4096 3817 4183; baseline 0.015 -32"><span class='ocrx_word' id='word_1_821' title='bbox 2105 4096 2299 4169; x_wconf 82' lang='lat' dir='ltr'><strong>diligit</strong></span> <span class='ocrx_word' id='word_1_822' title='bbox 2330 4118 2434 4157; x_wconf 88' lang='lat' dir='ltr'><strong>me.</strong></span> <span class='ocrx_word' id='word_1_823' title='bbox 2460 4103 2641 4175; x_wconf 89' lang='lat' dir='ltr'><strong>Opere</strong></span> <span class='ocrx_word' id='word_1_824' title='bbox 2666 4110 2755 4162; x_wconf 90' lang='lat' dir='ltr'><strong>est</strong></span> <span class='ocrx_word' id='word_1_825' title='bbox 2782 4108 3241 4169; x_wconf 89' lang='lat' dir='ltr'><strong>demonstranda</strong></span> <span class='ocrx_word' id='word_1_826' title='bbox 3260 4116 3509 4183; x_wconf 85' lang='lat' dir='ltr'><strong>dilectio,</strong></span> <span class='ocrx_word' id='word_1_827' title='bbox 3535 4096 3604 4175; x_wconf 73' lang='lat' dir='ltr'><strong>ne</strong></span> <span class='ocrx_word' id='word_1_828' title='bbox 3636 4096 3706 4176; x_wconf 86' lang='lat' dir='ltr'><strong>sit</strong></span> <span class='ocrx_word' id='word_1_829' title='bbox 3731 4096 3817 4176; x_wconf 81' lang='lat' dir='ltr'><strong>in-</strong></span> 
     </span>
    </p>
   </div>
   <div class='ocr_carea' id='block_1_102' title="bbox 2104 4188 3819 4276">
    <p class='ocr_par' dir='ltr' id='par_1_102' title="bbox 2104 4188 3819 4276">
     <span class='ocr_line' id='line_1_102' title="bbox 2104 4188 3819 4276; baseline 0.015 -36"><span class='ocrx_word' id='word_1_830' title='bbox 2104 4188 2403 4246; x_wconf 77' lang='lat' dir='ltr'><strong>fructuosa</strong></span> <span class='ocrx_word' id='word_1_831' title='bbox 2428 4194 2677 4249; x_wconf 88' lang='lat' dir='ltr'><strong>nominis</strong></span> <span class='ocrx_word' id='word_1_832' title='bbox 2709 4198 3041 4270; x_wconf 85' lang='lat' dir='ltr'><strong>appellatio.</strong></span> <span class='ocrx_word' id='word_1_833' title='bbox 3086 4204 3161 4258; x_wconf 84' lang='lat' dir='ltr'><strong>Et</strong></span> <span class='ocrx_word' id='word_1_834' title='bbox 3209 4208 3307 4273; x_wconf 86' lang='lat' dir='ltr'><strong>qui</strong></span> <span class='ocrx_word' id='word_1_835' title='bbox 3352 4205 3540 4276; x_wconf 81' lang='lat' dir='ltr'><strong>diligit</strong></span> <span class='ocrx_word' id='word_1_836' title='bbox 3590 4210 3819 4276; x_wconf 87' lang='lat' dir='ltr'><strong>me,in-</strong></span> 
     </span>
    </p>
   </div>
   <div class='ocr_carea' id='block_1_103' title="bbox 2106 4278 3815 4365">
    <p class='ocr_par' dir='ltr' id='par_1_103' title="bbox 2106 4278 3815 4365">
     <span class='ocr_line' id='line_1_103' title="bbox 2106 4278 3815 4365; baseline 0.014 -35"><span class='ocrx_word' id='word_1_837' title='bbox 2106 4278 2252 4349; x_wconf 86' lang='lat' dir='ltr'><strong>quit,</strong></span> <span class='ocrx_word' id='word_1_838' title='bbox 2284 4280 2613 4351; x_wconf 86' lang='lat' dir='ltr'><strong>diligetur,a</strong></span> <span class='ocrx_word' id='word_1_839' title='bbox 2640 4286 2804 4342; x_wconf 83' lang='lat' dir='ltr'><strong>Putre</strong></span> <span class='ocrx_word' id='word_1_840' title='bbox 2828 4305 2948 4345; x_wconf 86' lang='lat' dir='ltr'><strong>meo</strong></span> <span class='ocrx_word' id='word_1_841' title='bbox 2968 4308 2989 4355; x_wconf 90' lang='lat'><strong><em>;</em></strong></span> <span class='ocrx_word' id='word_1_842' title='bbox 3018 4294 3067 4347; x_wconf 89' lang='lat' dir='ltr'><strong>et</strong></span> <span class='ocrx_word' id='word_1_843' title='bbox 3088 4308 3181 4363; x_wconf 90' lang='lat' dir='ltr'><strong>ego</strong></span> <span class='ocrx_word' id='word_1_844' title='bbox 3210 4293 3445 4365; x_wconf 79' lang='lat' dir='ltr'><strong>diligam</strong></span> <span class='ocrx_word' id='word_1_845' title='bbox 3462 4310 3604 4363; x_wconf 90' lang='lat' dir='ltr'><strong>eum,</strong></span> <span class='ocrx_word' id='word_1_846' title='bbox 3627 4301 3673 4352; x_wconf 86' lang='lat' dir='ltr'><strong>et</strong></span> <span class='ocrx_word' id='word_1_847' title='bbox 3698 4316 3815 4354; x_wconf 83' lang='lat' dir='ltr'><strong>ma-</strong></span> 
     </span>
    </p>
   </div>
   <div class='ocr_carea' id='block_1_104' title="bbox 2106 4367 3816 4455">
    <p class='ocr_par' dir='ltr' id='par_1_104' title="bbox 2106 4367 3816 4455">
     <span class='ocr_line' id='line_1_104' title="bbox 2106 4367 3816 4455; baseline 0.012 -33"><span class='ocrx_word' id='word_1_848' title='bbox 2106 4367 2380 4437; x_wconf 66' lang='lat' dir='ltr'><strong>nifestabo</strong></span> <span class='ocrx_word' id='word_1_849' title='bbox 2401 4372 2454 4426; x_wconf 90' lang='lat' dir='ltr'><strong>ei</strong></span> <span class='ocrx_word' id='word_1_850' title='bbox 2471 4373 2757 4443; x_wconf 76' lang='lat' dir='ltr'><strong>meipsum.</strong></span> <span class='ocrx_word' id='word_1_851' title='bbox 2784 4377 2926 4439; x_wconf 87' lang='lat' dir='ltr'><strong>Quid</strong></span> <span class='ocrx_word' id='word_1_852' title='bbox 2946 4384 3054 4446; x_wconf 90' lang='lat' dir='ltr'><strong>est,</strong></span> <span class='ocrx_word' id='word_1_853' title='bbox 3077 4380 3305 4449; x_wconf 84' lang='lat' dir='ltr'><strong>diligam</strong></span> <span class='ocrx_word' id='word_1_854' title='bbox 3328 4385 3353 4435; x_wconf 79' lang='lat'><em>?</em></span> <span class='ocrx_word' id='word_1_855' title='bbox 3378 4388 3649 4455; x_wconf 87' lang='lat' dir='ltr'><strong>tanquam</strong></span> <span class='ocrx_word' id='word_1_856' title='bbox 3678 4392 3816 4443; x_wconf 89' lang='lat' dir='ltr'><strong>tunc</strong></span> 
     </span>
    </p>
   </div>
   <div class='ocr_carea' id='block_1_105' title="bbox 2109 4459 3817 4542">
    <p class='ocr_par' dir='ltr' id='par_1_105' title="bbox 2109 4459 3817 4542">
     <span class='ocr_line' id='line_1_105' title="bbox 2109 4459 3817 4542; baseline 0.012 -30"><span class='ocrx_word' id='word_1_857' title='bbox 2109 4459 2429 4517; x_wconf 90' lang='lat' dir='ltr'><strong>dilecturus</strong></span> <span class='ocrx_word' id='word_1_858' title='bbox 2459 4462 2558 4530; x_wconf 91' lang='lat' dir='ltr'><strong>sit,</strong></span> <span class='ocrx_word' id='word_1_859' title='bbox 2592 4468 2648 4518; x_wconf 86' lang='lat' dir='ltr'><strong>et</strong></span> <span class='ocrx_word' id='word_1_860' title='bbox 2679 4480 2831 4520; x_wconf 91' lang='lat' dir='ltr'><strong>nunc</strong></span> <span class='ocrx_word' id='word_1_861' title='bbox 2866 4484 2978 4523; x_wconf 87' lang='lat' dir='ltr'><strong>non</strong></span> <span class='ocrx_word' id='word_1_862' title='bbox 3011 4469 3260 4542; x_wconf 77' lang='lat' dir='ltr'><strong>diligat?</strong></span> <span class='ocrx_word' id='word_1_863' title='bbox 3289 4474 3470 4529; x_wconf 86' lang='lat' dir='ltr'><strong>Absit.</strong></span> <span class='ocrx_word' id='word_1_864' title='bbox 3523 4476 3817 4539; x_wconf 72' lang='lat' dir='ltr'><strong>Quomodo</strong></span> 
     </span>
    </p>
   </div>
   <div class='ocr_carea' id='block_1_106' title="bbox 2110 4551 3815 4624">
    <p class='ocr_par' dir='ltr' id='par_1_106' title="bbox 2110 4551 3815 4624">
     <span class='ocr_line' id='line_1_106' title="bbox 2110 4551 3815 4624; baseline 0.01 -19"><span class='ocrx_word' id='word_1_865' title='bbox 2110 4551 2264 4605; x_wconf 88' lang='lat' dir='ltr'><strong>enim</strong></span> <span class='ocrx_word' id='word_1_866' title='bbox 2298 4568 2403 4607; x_wconf 91' lang='lat' dir='ltr'><strong>nos</strong></span> <span class='ocrx_word' id='word_1_867' title='bbox 2427 4557 2593 4608; x_wconf 89' lang='lat' dir='ltr'><strong>Pater</strong></span> <span class='ocrx_word' id='word_1_868' title='bbox 2623 4556 2740 4610; x_wconf 90' lang='lat' dir='ltr'><strong>sine</strong></span> <span class='ocrx_word' id='word_1_869' title='bbox 2770 4556 2932 4623; x_wconf 90' lang='lat' dir='ltr'><strong>Filio,</strong></span> <span class='ocrx_word' id='word_1_870' title='bbox 2966 4568 3059 4614; x_wconf 89' lang='lat' dir='ltr'><strong>aut</strong></span> <span class='ocrx_word' id='word_1_871' title='bbox 3095 4560 3271 4617; x_wconf 87' lang='lat' dir='ltr'><strong>Filius</strong></span> <span class='ocrx_word' id='word_1_872' title='bbox 3319 4564 3444 4619; x_wconf 90' lang='lat' dir='ltr'><strong>sine</strong></span> <span class='ocrx_word' id='word_1_873' title='bbox 3496 4566 3659 4623; x_wconf 85' lang='lat' dir='ltr'><strong>Patre</strong></span> <span class='ocrx_word' id='word_1_874' title='bbox 3691 4568 3815 4624; x_wconf 87' lang='lat' dir='ltr'><strong>dili-</strong></span> 
     </span>
    </p>
   </div>
   <div class='ocr_carea' id='block_1_107' title="bbox 2110 4637 3818 4722">
    <p class='ocr_par' dir='ltr' id='par_1_107' title="bbox 2110 4637 3818 4722">
     <span class='ocr_line' id='line_1_107' title="bbox 2110 4637 3818 4722; baseline 0.013 -33"><span class='ocrx_word' id='word_1_875' title='bbox 2110 4637 2632 4707; x_wconf 80' lang='lat' dir='ltr'><strong>geret‘tQuomodo</strong></span> <span class='ocrx_word' id='word_1_876' title='bbox 2663 4656 2794 4696; x_wconf 90' lang='lat' dir='ltr'><strong>cum</strong></span> <span class='ocrx_word' id='word_1_877' title='bbox 2834 4642 3306 4715; x_wconf 84' lang='lat' dir='ltr'><strong>inseparabiliter</strong></span> <span class='ocrx_word' id='word_1_878' title='bbox 3363 4658 3695 4722; x_wconf 88' lang='lat' dir='ltr'><strong>operentur,</strong></span> <span class='ocrx_word' id='word_1_879' title='bbox 3730 4671 3818 4712; x_wconf 88' lang='lat' dir='ltr'><strong>se-</strong></span> 
     </span>
    </p>
   </div>
   <div class='ocr_carea' id='block_1_108' title="bbox 2111 4726 3815 4815">
    <p class='ocr_par' dir='ltr' id='par_1_108' title="bbox 2111 4726 3815 4815">
     <span class='ocr_line' id='line_1_108' title="bbox 2111 4726 3815 4815; baseline 0.013 -35"><span class='ocrx_word' id='word_1_880' title='bbox 2111 4726 2446 4796; x_wconf 88' lang='lat' dir='ltr'><strong>parabiliter</strong></span> <span class='ocrx_word' id='word_1_881' title='bbox 2481 4728 2772 4800; x_wconf 78' lang='lat' dir='ltr'><strong>diligunt?</strong></span> <span class='ocrx_word' id='word_1_882' title='bbox 2803 4731 2917 4787; x_wconf 88' lang='lat' dir='ltr'><strong>Sed</strong></span> <span class='ocrx_word' id='word_1_883' title='bbox 2949 4736 3017 4789; x_wconf 89' lang='lat' dir='ltr'><strong>ad</strong></span> <span class='ocrx_word' id='word_1_884' title='bbox 3056 4736 3162 4793; x_wconf 93' lang='lat' dir='ltr'><strong>hoc</strong></span> <span class='ocrx_word' id='word_1_885' title='bbox 3196 4739 3359 4810; x_wconf 82' lang='lat' dir='ltr'><strong>dixit,</strong></span> <span class='ocrx_word' id='word_1_886' title='bbox 3393 4742 3623 4815; x_wconf 84' lang='lat' dir='ltr'><strong>diligam</strong></span> <span class='ocrx_word' id='word_1_887' title='bbox 3664 4762 3815 4813; x_wconf 85' lang='lat' dir='ltr'><strong>eum,</strong></span> 
     </span>
    </p>
   </div>
   <div class='ocr_carea' id='block_1_109' title="bbox 2110 4817 3811 4908">
    <p class='ocr_par' dir='ltr' id='par_1_109' title="bbox 2110 4817 3811 4908">
     <span class='ocr_line' id='line_1_109' title="bbox 2110 4817 3811 4908; baseline 0.012 -35"><span class='ocrx_word' id='word_1_888' title='bbox 2110 4820 2179 4873; x_wconf 90' lang='lat' dir='ltr'><strong>ad</strong></span> <span class='ocrx_word' id='word_1_889' title='bbox 2209 4817 2364 4889; x_wconf 87' lang='lat' dir='ltr'><strong>quod</strong></span> <span class='ocrx_word' id='word_1_890' title='bbox 2392 4818 2675 4889; x_wconf 88' lang='lat' dir='ltr'><strong>sequitur,</strong></span> <span class='ocrx_word' id='word_1_891' title='bbox 2705 4824 2757 4875; x_wconf 88' lang='lat' dir='ltr'><strong>et</strong></span> <span class='ocrx_word' id='word_1_892' title='bbox 2779 4822 3139 4894; x_wconf 71' lang='lat' dir='ltr'><strong>mani/astabo</strong></span> <span class='ocrx_word' id='word_1_893' title='bbox 3162 4829 3214 4883; x_wconf 91' lang='lat' dir='ltr'><strong>ei</strong></span> <span class='ocrx_word' id='word_1_894' title='bbox 3240 4832 3527 4902; x_wconf 82' lang='lat' dir='ltr'><strong>meipsum.</strong></span> <span class='ocrx_word' id='word_1_895' title='bbox 3554 4836 3811 4908; x_wconf 88' lang='lat' dir='ltr'><strong>Diligam,</strong></span> 
     </span>
    </p>
   </div>
   <div class='ocr_carea' id='block_1_110' title="bbox 2110 4908 3815 4990">
    <p class='ocr_par' dir='ltr' id='par_1_110' title="bbox 2110 4908 3815 4990">
     <span class='ocr_line' id='line_1_110' title="bbox 2110 4908 3815 4990; baseline 0.011 -26"><span class='ocrx_word' id='word_1_896' title='bbox 2110 4915 2163 4965; x_wconf 91' lang='lat' dir='ltr'><strong>et</strong></span> <span class='ocrx_word' id='word_1_897' title='bbox 2185 4908 2543 4977; x_wconf 80' lang='lat' dir='ltr'><strong>mani/estabo</strong></span> <span class='ocrx_word' id='word_1_898' title='bbox 2566 4928 2584 4975; x_wconf 89' lang='lat'><em>;</em></span> <span class='ocrx_word' id='word_1_899' title='bbox 2608 4909 2663 4963; x_wconf 91' lang='lat' dir='ltr'><strong>id</strong></span> <span class='ocrx_word' id='word_1_900' title='bbox 2697 4915 2805 4979; x_wconf 89' lang='lat' dir='ltr'><strong>est,</strong></span> <span class='ocrx_word' id='word_1_901' title='bbox 2827 4912 2896 4967; x_wconf 89' lang='lat' dir='ltr'><strong>ad</strong></span> <span class='ocrx_word' id='word_1_902' title='bbox 2923 4912 3029 4970; x_wconf 92' lang='lat' dir='ltr'><strong>hoc</strong></span> <span class='ocrx_word' id='word_1_903' title='bbox 3052 4916 3318 4990; x_wconf 88' lang='lat' dir='ltr'><strong>diligam,</strong></span> <span class='ocrx_word' id='word_1_904' title='bbox 3344 4925 3402 4976; x_wconf 90' lang='lat' dir='ltr'><strong>ut</strong></span> <span class='ocrx_word' id='word_1_905' title='bbox 3425 4925 3815 4983; x_wconf 77' lang='lat' dir='ltr'><strong>manifestam.</strong></span> 
     </span>
    </p>
   </div>
   <div class='ocr_carea' id='block_1_111' title="bbox 2112 4998 3814 5081">
    <p class='ocr_par' dir='ltr' id='par_1_111' title="bbox 2112 4998 3814 5081">
     <span class='ocr_line' id='line_1_111' title="bbox 2112 4998 3814 5081; baseline 0.01 -26"><span class='ocrx_word' id='word_1_906' title='bbox 2112 5003 2274 5055; x_wconf 88' lang='lat' dir='ltr'><strong>Nunc</strong></span> <span class='ocrx_word' id='word_1_907' title='bbox 2297 4998 2451 5055; x_wconf 87' lang='lat' dir='ltr'><strong>enim</strong></span> <span class='ocrx_word' id='word_1_908' title='bbox 2475 5000 2544 5054; x_wconf 89' lang='lat' dir='ltr'><strong>ad</strong></span> <span class='ocrx_word' id='word_1_909' title='bbox 2574 5000 2679 5057; x_wconf 87' lang='lat' dir='ltr'><strong>hoc</strong></span> <span class='ocrx_word' id='word_1_910' title='bbox 2703 5002 2926 5065; x_wconf 81' lang='lat' dir='ltr'><strong>dilexit,</strong></span> <span class='ocrx_word' id='word_1_911' title='bbox 2949 5009 3013 5060; x_wconf 87' lang='lat' dir='ltr'><strong>ut</strong></span> <span class='ocrx_word' id='word_1_912' title='bbox 3041 5009 3370 5081; x_wconf 88' lang='lat' dir='ltr'><strong>credamus,</strong></span> <span class='ocrx_word' id='word_1_913' title='bbox 3398 5017 3454 5067; x_wconf 90' lang='lat' dir='ltr'><strong>et</strong></span> <span class='ocrx_word' id='word_1_914' title='bbox 3476 5016 3814 5073; x_wconf 81' lang='lat' dir='ltr'><strong>mandatum</strong></span> 
     </span>
    </p>
   </div>
   <div class='ocr_carea' id='block_1_112' title="bbox 2111 5088 3815 5173">
    <p class='ocr_par' dir='ltr' id='par_1_112' title="bbox 2111 5088 3815 5173">
     <span class='ocr_line' id='line_1_112' title="bbox 2111 5088 3815 5173; baseline 0.011 -31"><span class='ocrx_word' id='word_1_915' title='bbox 2111 5088 2243 5145; x_wconf 86' lang='lat' dir='ltr'><strong>fidei</strong></span> <span class='ocrx_word' id='word_1_916' title='bbox 2278 5094 2577 5148; x_wconf 90' lang='lat' dir='ltr'><strong>teneamus</strong></span> <span class='ocrx_word' id='word_1_917' title='bbox 2614 5109 2627 5159; x_wconf 88' lang='lat'>;</span> <span class='ocrx_word' id='word_1_918' title='bbox 2662 5097 2802 5149; x_wconf 92' lang='lat' dir='ltr'><strong>tunc</strong></span> <span class='ocrx_word' id='word_1_919' title='bbox 2833 5096 2902 5150; x_wconf 89' lang='lat' dir='ltr'><strong>ad</strong></span> <span class='ocrx_word' id='word_1_920' title='bbox 2936 5095 3043 5153; x_wconf 91' lang='lat' dir='ltr'><strong>hoc</strong></span> <span class='ocrx_word' id='word_1_921' title='bbox 3076 5098 3297 5171; x_wconf 87' lang='lat' dir='ltr'><strong>diliget,</strong></span> <span class='ocrx_word' id='word_1_922' title='bbox 3325 5106 3387 5157; x_wconf 92' lang='lat' dir='ltr'><strong>ut</strong></span> <span class='ocrx_word' id='word_1_923' title='bbox 3414 5102 3733 5173; x_wconf 85' lang='lat' dir='ltr'><strong>videamus,</strong></span> <span class='ocrx_word' id='word_1_924' title='bbox 3759 5112 3815 5161; x_wconf 90' lang='lat' dir='ltr'><strong>et</strong></span> 
     </span>
    </p>
   </div>
   <div class='ocr_carea' id='block_1_113' title="bbox 2109 5180 3816 5264">
    <p class='ocr_par' dir='ltr' id='par_1_113' title="bbox 2109 5180 3816 5264">
     <span class='ocr_line' id='line_1_113' title="bbox 2109 5180 3816 5264; baseline 0.011 -32"><span class='ocrx_word' id='word_1_925' title='bbox 2109 5180 2293 5250; x_wconf 88' lang='lat' dir='ltr'><strong>ipsam</strong></span> <span class='ocrx_word' id='word_1_926' title='bbox 2327 5181 2607 5237; x_wconf 91' lang='lat' dir='ltr'><strong>visionem</strong></span> <span class='ocrx_word' id='word_1_927' title='bbox 2642 5183 2662 5216; x_wconf 82' lang='grc'>²</span> <span class='ocrx_word' id='word_1_928' title='bbox 2698 5185 3017 5241; x_wconf 89' lang='lat' dir='ltr'><strong>mercedem</strong></span> <span class='ocrx_word' id='word_1_929' title='bbox 3054 5187 3184 5243; x_wconf 83' lang='lat' dir='ltr'><strong>ﬁdei</strong></span> <span class='ocrx_word' id='word_1_930' title='bbox 3219 5190 3517 5260; x_wconf 89' lang='lat' dir='ltr'><strong>capiamus</strong></span> <span class='ocrx_word' id='word_1_931' title='bbox 3550 5209 3562 5247; x_wconf 88' lang='lat'><strong>:</strong></span> <span class='ocrx_word' id='word_1_932' title='bbox 3599 5195 3736 5264; x_wconf 88' lang='lat' dir='ltr'><strong>quia</strong></span> <span class='ocrx_word' id='word_1_933' title='bbox 3757 5202 3816 5251; x_wconf 89' lang='lat' dir='ltr'><strong>et</strong></span> 
     </span>
    </p>
   </div>
   <div class='ocr_carea' id='block_1_114' title="bbox 2110 5270 3814 5354">
    <p class='ocr_par' dir='ltr' id='par_1_114' title="bbox 2110 5270 3814 5354">
     <span class='ocr_line' id='line_1_114' title="bbox 2110 5270 3814 5354; baseline 0.011 -30"><span class='ocrx_word' id='word_1_934' title='bbox 2110 5286 2215 5327; x_wconf 90' lang='lat' dir='ltr'><strong>nos</strong></span> <span class='ocrx_word' id='word_1_935' title='bbox 2246 5286 2398 5325; x_wconf 87' lang='lat' dir='ltr'><strong>nunc</strong></span> <span class='ocrx_word' id='word_1_936' title='bbox 2421 5270 2744 5344; x_wconf 86' lang='lat' dir='ltr'><strong>diligimus,</strong></span> <span class='ocrx_word' id='word_1_937' title='bbox 2786 5273 3066 5331; x_wconf 89' lang='lat' dir='ltr'><strong>credendo</strong></span> <span class='ocrx_word' id='word_1_938' title='bbox 3098 5278 3248 5347; x_wconf 89' lang='lat' dir='ltr'><strong>quod</strong></span> <span class='ocrx_word' id='word_1_939' title='bbox 3284 5278 3609 5338; x_wconf 90' lang='lat' dir='ltr'><strong>videbimus</strong></span> <span class='ocrx_word' id='word_1_940' title='bbox 3634 5302 3647 5354; x_wconf 90' lang='lat'>;</span> <span class='ocrx_word' id='word_1_941' title='bbox 3672 5288 3814 5343; x_wconf 87' lang='lat' dir='ltr'><strong>tunc</strong></span> 
     </span>
    </p>
   </div>
   <div class='ocr_carea' id='block_1_115' title="bbox 2110 5360 3484 5436">
    <p class='ocr_par' dir='ltr' id='par_1_115' title="bbox 2110 5360 3484 5436">
     <span class='ocr_line' id='line_1_115' title="bbox 2110 5360 3484 5436; baseline 0.008 -19"><span class='ocrx_word' id='word_1_942' title='bbox 2110 5364 2301 5418; x_wconf 86' lang='lat' dir='ltr'><strong>autem</strong></span> <span class='ocrx_word' id='word_1_943' title='bbox 2331 5360 2661 5432; x_wconf 80' lang='lat' dir='ltr'><strong>diligemus,</strong></span> <span class='ocrx_word' id='word_1_944' title='bbox 2693 5365 2943 5420; x_wconf 88' lang='lat' dir='ltr'><strong>videndo</strong></span> <span class='ocrx_word' id='word_1_945' title='bbox 2975 5366 3128 5436; x_wconf 92' lang='lat' dir='ltr'><strong>quod</strong></span> <span class='ocrx_word' id='word_1_946' title='bbox 3170 5370 3484 5428; x_wconf 88' lang='lat' dir='ltr'><strong>credimus.</strong></span> 
     </span>
    </p>
   </div>
   <div class='ocr_carea' id='block_1_116' title="bbox 2176 5514 3511 5591">
    <p class='ocr_par' dir='ltr' id='par_1_116' title="bbox 2176 5514 3511 5591">
     <span class='ocr_line' id='line_1_116' title="bbox 2176 5514 3511 5591; baseline 0.008 -28"><span class='ocrx_word' id='word_1_947' title='bbox 2176 5516 2375 5591; x_wconf 45' lang='lat' dir='ltr'><strong>igniti,</strong></span> <span class='ocrx_word' id='word_1_948' title='bbox 2409 5515 2545 5591; x_wconf 63' lang='lat' dir='ltr'><strong>Quia</strong></span> <span class='ocrx_word' id='word_1_949' title='bbox 2563 5514 2731 5591; x_wconf 40' lang='lat' dir='ltr'><strong>no‘b&#39;is.</strong></span> <span class='ocrx_word' id='word_1_950' title='bbox 2764 5515 2895 5589; x_wconf 63' lang='lat' dir='ltr'><strong>Mss.</strong></span> <span class='ocrx_word' id='word_1_951' title='bbox 2930 5516 3371 5591; x_wconf 27' lang='lat' dir='ltr'><strong>pleriqueto‘uia</strong></span> <span class='ocrx_word' id='word_1_952' title='bbox 3400 5537 3511 5591; x_wconf 62' lang='lat' dir='ltr'><strong>nos,</strong></span> 
     </span>
    </p>
   </div>
   <div class='ocr_carea' id='block_1_117' title="bbox 2173 5578 3816 5659">
    <p class='ocr_par' dir='ltr' id='par_1_117' title="bbox 2173 5578 3816 5659">
     <span class='ocr_line' id='line_1_117' title="bbox 2173 5578 3816 5659; baseline 0.013 -34"><span class='ocrx_word' id='word_1_953' title='bbox 2173 5578 2194 5611; x_wconf 71' lang='grc'><strong>2</strong></span> <span class='ocrx_word' id='word_1_954' title='bbox 2214 5578 2303 5652; x_wconf 74' lang='lat' dir='ltr'><strong>Sic</strong></span> <span class='ocrx_word' id='word_1_955' title='bbox 2328 5579 2449 5659; x_wconf 62' lang='grc' dir='ltr'><strong>μεθ.</strong></span> <span class='ocrx_word' id='word_1_956' title='bbox 2488 5579 2553 5629; x_wconf 83' lang='lat' dir='ltr'><strong>At</strong></span> <span class='ocrx_word' id='word_1_957' title='bbox 2582 5578 2725 5636; x_wconf 89' lang='lat' dir='ltr'><strong>editi,</strong></span> <span class='ocrx_word' id='word_1_958' title='bbox 2754 5579 2866 5644; x_wconf 85' lang='lat' dir='ltr'><strong>ipsa</strong></span> <span class='ocrx_word' id='word_1_959' title='bbox 2889 5578 3358 5645; x_wconf 61' lang='lat' dir='ltr'><strong>visione&#39;;etinfra,</strong></span> <span class='ocrx_word' id='word_1_960' title='bbox 3389 5589 3642 5641; x_wconf 84' lang='lat' dir='ltr'><strong>credendo</strong></span> <span class='ocrx_word' id='word_1_961' title='bbox 3677 5593 3816 5659; x_wconf 82' lang='lat' dir='ltr'><strong>quod</strong></span> 
     </span>
    </p>
   </div>
   <div class='ocr_carea' id='block_1_118' title="bbox 2108 5641 2504 5693">
    <p class='ocr_par' dir='ltr' id='par_1_118' title="bbox 2108 5641 2504 5693">
     <span class='ocr_line' id='line_1_118' title="bbox 2108 5641 2504 5693; baseline 0 -1"><span class='ocrx_word' id='word_1_962' title='bbox 2108 5654 2214 5693; x_wconf 86' lang='lat' dir='ltr'><strong>non</strong></span> <span class='ocrx_word' id='word_1_963' title='bbox 2249 5641 2504 5693; x_wconf 69' lang='lat' dir='ltr'><strong>videmus.</strong></span> 
     </span>
    </p>
   </div>
  </div>
