4178 6192
323 211 474 275 1831

819 339 1239 400 TRAGTATUS
1278 335 1522 394 LXXVI.

326 463 398 516 De
416 475 476 515 eo
500 454 639 529 quod
660 453 928 524 sequitur,
952 447 1103 504 Dicit
1123 446 1171 499 ei
1193 443 1395 513 Judas,
1421 456 1534 496 non
1558 438 1655 493 ille
1694 430 2021 494 Iscariotes,

392 560 515 611 etc,
542 559 706 614 usque
728 541 797 597 ad
820 539 895 605 id,
918 539 1119 594 Sermo
1135 549 1308 605 quem
1334 530 1575 586 audistis
1598 542 1712 583 non
1736 530 1819 578 est
1838 532 2023 580 meus,

394 608 645 707 sed—ejus
672 632 770 705 qui
805 628 960 685 misit
992 642 1104 689 me,
1140 621 1346 678 Patris.
1383 620 1510 690 Cap.
1535 633 1648 678 xiv,
1684 616 1737 682 ᾗ.
1767 608 1953 664 22-24.

400 749 451 801 1.
485 738 985 811 Interrogantibus
1008 730 1311 801 discipulis
1333 727 1480 783 eteis
1500 724 1778 794 magistro
1801 731 2029 786 respon-

326 838 495 892 dente
524 807 873 900 Jesu,etiam
908 841 1015 880 nos
1041 828 1324 891 tanquam
1372 831 1503 872 cum
1553 813 1673 867 illis
1719 807 2026 870 discimus,

328 924 558 998 quando
578 896 839 975 sanctum
863 910 1237 982 Evangelium
1258 907 1345 964 vel
1358 904 1610 977 legimus
1624 900 1713 956 vel
1736 896 2027 954 audimus.

326 990 471 1078 Quia
500 1025 637 1080 ergo
668 1005 892 1060 dixerat
927 998 1225 1063 Dominus,
1250 996 1435 1051 Adhuc
1471 990 1764 1055 modicum,
1796 990 1845 1041 et
1877 998 2031 1039 mun-

327 1104 425 1157 dus
452 1116 535 1154 me
546 1079 670 1169 jam
689 1109 799 1151 non
819 1091 983 1159 videt,
1007 1105 1097 1145 vos
1119 1091 1303 1143 autem
1340 1081 1589 1139 videbitis
1622 1095 1742 1139 me;
1785 1079 2031 1130 interro-

331 1192 485 1265 gavit
506 1161 640 1245 eum
664 1187 733 1241 de
755 1183 864 1238 hoc
882 1182 1010 1253 ipso
1027 1178 1234 1245 Judas,
1258 1191 1373 1230 non
1398 1172 1494 1228 ille
1513 1169 1756 1226 traditor
1778 1166 1907 1235 ejus
1937 1161 2035 1232 qui

328 1254 627 1337 iscariotes
656 1271 1099 1343 cognominatus
1128 1270 1237 1335 est,
1269 1265 1366 1319 sed
1401 1262 1569 1332 cujus
1590 1255 1847 1329 Epistola
1885 1254 2039 1307 inter

334 1370 667 1441 Scripturas
700 1360 1013 1420 canonicas
1051 1355 1267 1426 legitur
1300 1369 1312 1408 :
1344 1352 1595 1417 Domine,
1643 1346 1774 1419 quid
1828 1346 2039 1411 factum

333 1467 430 1529 est,
456 1460 587 1530 quia
606 1455 763 1510 nobis
785 1451 1245 1519 manifestaturus
1267 1459 1323 1499 es
1352 1442 1609 1511 teipsum,
1641 1442 1692 1492 et
1730 1451 1835 1491 non
1876 1449 2040 1491 mun.

336 1522 663 1605 dot-Simus
685 1558 819 1600 cum
839 1538 983 1611 ipsis
1005 1542 1284 1606 tanquam
1301 1532 1724 1599 interrogantes
1747 1522 2040 1593 discipuli,

342 1645 831 1701 communemque
862 1610 1227 1698 imagistrum
1261 1618 1572 1676 audiamus
1621 1619 1678 1670 et
1706 1630 1828 1670 nos.
1859 1610 2042 1667 Judas

340 1729 498 1785 enim
530 1728 923 1789 sanctus,non
944 1712 1304 1776 immundus,
1322 1723 1426 1764 nec
1450 1708 1761 1762 insectator
1791 1698 2069 1768 Domini“

343 1817 447 1874 sed
478 1816 745 1875 sectator,
778 1821 1017 1863 causam
1042 1801 1303 1873 quaesivit
1337 1812 1518 1870 quare
1548 1811 1610 1851 se
1642 1810 1753 1849 non
1801 1789 2042 1856 mundo,

346 1906 450 1963 sed
472 1905 595 1960 suis
619 1898 1102 1955 manifestaturus
1125 1897 1276 1946 esset
1296 1890 1496 1955 Jesus};
1522 1899 1701 1955 quare
1718 1881 1907 1937 adhuc
1930 1896 2050 1935 mo-

346 1997 544 2051 dicum
577 1996 632 2046 et
658 1987 908 2044 mundus
939 1999 1051 2038 non
1084 1981 1302 2036 videret
1331 1993 1489 2045 eum,
1521 1974 1632 2045 ipsi
1677 1980 1868 2027 autem
1900 1970 2053 2024 vide-

346 2089 474 2142 rent
502 2097 659 2137 eum.

418 2178 472 2228 2.
506 2168 793 2241 Respondit
824 2167 997 2226 Iesus,
1029 2165 1079 2216 et
1109 2160 1254 2216 dixit
1285 2158 1381 2212 ei:
1424 2154 1488 2211 Si
1535 2156 1655 2225 quis
1700 2150 1889 2221 diligit
1949 2164 2053 2216 me,

347 2277 659 2321 sermonem
678 2272 859 2313 meum
879 2251 1115 2309 servabit
1131 2266 1147 2303 :
1160 2252 1211 2305 et
1243 2250 1409 2303 Pater
1439 2260 1592 2301 meus
1618 2242 1817 2313 diliget
1838 2256 1982 2307 eum,
2004 2243 2058 2294 et

351 2359 424 2413 ad
453 2371 577 2412 eum
606 2350 909 2412 veniemus,
941 2351 992 2399 et
1021 2342 1369 2397 mansionem
1398 2338 1548 2408 apud
1584 2351 1708 2390 eum
1764 2334 2056 2405 facimus.

352 2448 456 2515 Qui
484 2461 595 2499 non
618 2440 800 2510 diligit
820 2450 926 2503 me,
959 2448 1236 2489 sermones
1265 2444 1411 2484 meos
1431 2443 1541 2483 non
1566 2433 1762 2480 servat.
1799 2424 1940 2477 Ecce
1961 2437 2058 2476 ex-

354 2536 546 2608 posita
570 2536 655 2587 est
674 2544 850 2584 causa
872 2540 1049 2595 quare
1071 2538 1135 2577 se
1157 2520 1279 2575 suis
1304 2517 1782 2572 manifestaturus
1812 2516 1921 2578 est,
1947 2526 2062 2566 non

361 2604 755 2691 alienis,quos
781 2612 979 2671 mundi
1003 2606 1533 2679 nomineappellat;
1558 2604 1757 2674 etipsa
1778 2606 2065 2657 estcausa

363 2714 518 2788 quod
553 2690 910 2778 hiidiligant,
944 2702 1157 2757 illinon
1190 2698 1455 2769 diligant.
1485 2697 1617 2766 Ipsa
1665 2708 1844 2747 causa
1880 2698 1966 2746 est
1996 2690 2067 2743 de

362 2780 481 2878 qua
502 2816 665 2859 sacer
686 2798 919 2853 insonat
940 2786 1432 2858 Psalmus,Judica
1464 2800 1568 2848 me,
1603 2784 1764 2851 Deus,
1787 2790 1840 2835 et
1872 2780 2069 2835 discer-

363 2869 432 2951 ne
452 2906 677 2947 causam
712 2900 889 2940 meam
925 2881 989 2936 de
1023 2883 1181 2951 gente
1226 2891 1334 2932 non
1372 2881 1558 2929 sancta
1602 2871 1774 2943 (Psat.
1825 2886 1960 2937 χιιι,
1994 2869 2068 2940 t).

364 2985 473 3050 Qui
504 2981 658 3038 enim
688 2973 999 3046 diligunt‘,
1026 2970 1165 3042 quia
1186 2966 1455 3038 diligunt,
1482 2963 1777 3034 eliguntur
1812 2963 1951 3031 :qui
1975 2977 2069 3016 ve-

365 3091 430 3130 ro
462 3088 575 3128 non
611 3068 879 3137 diligunt,
903 3061 953 3116 si
975 3058 1193 3130 linguis
1216 3055 1519 3111 hominum
1543 3053 1858 3123 loquantur
1879 3057 1933 3105 et
1958 3056 2072 3104 An-

367 3164 653 3237 gelorum,
690 3158 839 3211 fiunt
866 3153 1244 3208 mramentum
1276 3162 1495 3201 sonans
1524 3150 1579 3199 et
1607 3141 1939 3214 cymbalum
1971 3141 2072 3196 tin-

372 3231 539 3311 niens
566 3269 580 3321 ;
612 3252 668 3303 et
699 3245 749 3301 si
780 3239 1090 3299 habuerint
1120 3236 1507 3311 prophetiam,
1533 3242 1585 3289 et
1616 3233 1857 3289 scierint
1878 3231 2074 3287 omnia

370 3341 752 3403 sacramenta,
766 3338 823 3389 et
843 3345 1077 3388 omnem
1092 3327 1395 3384 scientiam
1408 3370 1420 3392 ,
1435 3331 1489 3381 et
1506 3323 1816 3381 habuerint
1836 3336 2072 3377 omnem

368 3434 544 3488 ﬁdem
580 3434 642 3484 ut
676 3428 906 3480 montes
937 3414 1473 3486 transferant,nihil
1507 3420 1681 3481 sunt;
1717 3419 1770 3466 et
1797 3412 1843 3465 si
1887 3410 2073 3466 distri-

367 3522 850 3579 buerintomnem
867 3508 1260 3567 substantiam
1288 3523 1478 3566 suam.
1503 3514 1556 3560 et
1577 3502 1914 3559 tradiderint
1946 3518 2074 3557 cor-

366 3628 476 3683 pus
506 3622 676 3664 suum
717 3608 783 3659 ut
826 3602 1084 3666 ardeant,
1119 3597 1265 3654 nihil
1316 3598 1399 3652 eis
1449 3595 1685 3666 prodest
1715 3592 1762 3660 (I
1796 3590 1915 3646 Cor.
1947 3606 2072 3670 xm,

365 3681 512 3771 i—B).
547 3694 788 3753 Dilectio
821 3694 1057 3746 sanctos
1088 3686 1369 3744 discernit
1400 3703 1433 3742 a
1484 3684 1726 3750 mundo,
1778 3699 1905 3753 qua:
1944 3681 2075 3736 facit

366 3787 674 3844 unanimes
704 3780 966 3835 habitare
994 3776 1054 3830 in
1088 3778 1261 3832 domo
1311 3775 1477 3845 (Psal.
1531 3788 1700 3837 van,
1732 3772 1808 3843 7).
1845 3772 1902 3826 In
1958 3786 2077 3841 qua

366 3878 538 3933 domo
558 3870 686 3926 facit
711 3870 881 3923 Pater
902 3870 958 3920 et
976 3865 1153 3919 Filius
1196 3864 1553 3919 mansionem
1582 3881 1595 3929 ;
1635 3861 1731 3932 qui
1772 3862 1994 3915 donant
2020 3864 2078 3915 et

370 3965 559 4036 ipsam
578 3957 975 4022 dilectionem,
1000 3954 1213 4024 quibus
1238 3953 1457 4007 donent
1475 3952 1532 4005 in
1556 3951 1668 4005 fine
1690 3950 1859 4005 etiam
1886 3949 2075 4021 ipsam

372 4068 543 4111 suam
568 4044 1091 4105 manifestationem
1120 4060 1132 4096 :
1158 4044 1229 4098 de
1251 4058 1365 4114 qua
1386 4039 1708 4112 discipulus
1731 4039 2078 4110 magistrum

373 4138 772 4211 interrogavit,
796 4140 859 4192 ut
880 4153 996 4191 non
1018 4137 1213 4189 solum
1237 4131 1321 4186 illi
1347 4131 1447 4203 qui
1471 4134 1611 4185 tunc
1645 4129 1962 4184 audiebant
1980 4143 2080 4199 per

372 4252 439 4291 os
461 4235 610 4304 ejus,
635 4229 735 4284 sed
758 4229 934 4284 etiam
959 4242 1062 4281 nos
1094 4238 1197 4296 per
1216 4220 1591 4293 Evangelium
1615 4221 1742 4291 ejus
1778 4220 1881 4275 hoc
1909 4233 2082 4275 nosse

374 4335 705 4390 possemus.
732 4317 1043 4384 Quaesierat
1064 4312 1221 4368 enim
1246 4312 1315 4366 de
1335 4308 1547 4367 Christi
1591 4307 2075 4373 manifestatione,

376 4423 429 4471 et
454 4409 677 4467 audivit
698 4408 767 4463 de
793 4405 1103 4462 dilectione
1121 4408 1297 4473 atque
1321 4398 1759 4456 mansione.Est
1780 4413 1918 4469 ergo
1940 4412 2092 4468 qua:-

377 4507 512 4561 dam
542 4501 644 4556 Dei
688 4496 1085 4554 manifestatio
1124 4495 1383 4558 interior,
1411 4507 1588 4563 quam
1641 4505 1878 4561 prorsus
1926 4487 2090 4559 impii

381 4610 497 4649 non
523 4594 827 4657 noverunt,
854 4588 1071 4657 quibus
1094 4584 1192 4639 Dei
1219 4582 1467 4639 Patriset
1489 4580 1745 4652 Spiritus
1763 4580 1947 4634 sancti
1973 4593 2092 4632 ma-

380 4677 674 4736 nifestatio
699 4675 862 4730 nulla
883 4679 969 4730 est
996 4690 1010 4728 :
1041 4673 1167 4728 Filii
1204 4688 1335 4727 vero
1369 4671 1553 4743 potuit
1585 4685 1732 4739 esse,
1760 4670 1857 4724 sed
1882 4668 1937 4723 in
1963 4684 2093 4724 car-

381 4782 647 4837 ne;quae
677 4781 781 4819 nec
817 4763 949 4818 talis
1001 4767 1090 4816 est
1132 4761 1320 4831 qualis
1367 4758 1486 4826 illa,
1536 4776 1639 4814 nec
1707 4774 1936 4829 semper
1979 4756 2093 4812 illis

383 4860 585 4917 adesse
618 4850 1275 4925 potestqualiscumque
1298 4849 1392 4919 sit,
1414 4849 1510 4905 sed
1535 4848 1604 4902 ad
1629 4846 1926 4903 modicum
1952 4852 2093 4901 tem-

383 4966 524 5023 pus;
559 4945 745 5002 ethoc
775 4942 1312 5013 adjudicium,non
1348 4940 1416 4994 ad
1440 4938 1716 5009 gaudium
1745 4957 1758 5005 ;
1785 4938 1854 4991 ad
1880 4934 2094 5007 suppli-

386 5041 565 5106 cium,
598 5053 713 5092 non
746 5034 821 5091 ad
848 5032 1176 5105 praemium.

459 5130 513 5182 3.
547 5127 711 5182 Nunc
742 5129 830 5181 est
866 5139 1001 5195 ergo
1026 5126 1085 5177 ut
1118 5119 1537 5191 intelligamus,
1562 5120 1848 5189 quantum
1873 5115 2093 5187 aperire

388 5216 512 5286 ipse
535 5216 827 5286 dignatur,
860 5212 1152 5285 quomodo
1194 5211 1416 5266 dictum
1452 5208 1548 5279 sit,
1587 5207 1772 5263 Adhuc
1795 5205 2087 5275 modicum,

386 5307 437 5359 et
459 5304 691 5358 mundus
719 5320 806 5359 me
826 5305 947 5375 jam
976 5318 1088 5357 non
1120 5302 1283 5369 videt,
1316 5315 1405 5356 vos
1447 5301 1631 5355 autem
1684 5296 1937 5352 videbitis
1982 5310 2090 5351 me.

392 5395 607 5447 Verum
630 5392 972 5459 estquidem
992 5391 1142 5463 quod
1167 5394 1296 5462 post
1326 5388 1631 5462 paululum
1674 5387 1851 5443 etiam
1885 5398 2095 5454 corpus

464 5540 696 5595 iDecem
728 5542 873 5596 Mss..
905 5542 1011 5606 Qui
1041 5543 1175 5595 enim
1192 5543 1506 5608 diliguntur.

1271 196 1350 259 IN
1394 189 1723 258 JOANNIS
1768 176 2302 248 EVANGELIUM,
2349 178 2413 237 S.
2461 173 2881 238 AUGUSTlNl

3684 164 3844 224 1832

2132 332 2309 373 suum
2335 314 2395 370 in
2418 329 2533 387 quo
2555 316 2820 386 poterant
2841 324 2977 366 eum
3000 305 3243 381 etrimpii
3286 303 3502 370 videre,
3528 298 3711 358 oculis
3736 314 3845 355 eo-

2132 423 2263 461 rum
2297 406 2479 460 fuerat
2510 403 2918 460 subtracturus
2943 416 2958 469 ;
2982 394 3461 470 quandoquidem
3485 396 3615 464 post
3647 405 3845 447 resur-

2133 496 2445 553 rectionem
2472 510 2641 550 nemo
2672 491 2900 547 illorum
2933 488 3077 545 vidit
3104 503 3259 543 eum.
3293 485 3403 540 Sed
3445 482 3722 555 quoniam
3756 479 3842 533 di-

2135 592 2293 644 ctum
2327 591 2417 642 est
2448 583 2796 640 testantibus
2834 579 3091 651 Angelis,
3138 576 3229 633 Sic
3265 577 3443 631 veniet
3486 571 3845 643 quemadmo-

2136 678 2263 732 dum
2286 676 2497 731 vidistis
2528 690 2651 729 eum
2682 678 2901 727 euntem
2953 671 3011 723 in
3049 669 3250 723 cretum
3297 666 3449 736 (Act.
3487 680 3524 731 ι,
3560 662 3684 733 ll);
3737 676 3846 715 nec

2138 768 2296 823 aliud
2319 765 2610 822 credimus
2632 779 2807 834 quam
2830 775 2965 816 eum
2988 758 3047 814 in
3071 758 3275 813 eodem
3306 768 3545 826 corpore
3583 750 3656 807 ad
3683 750 3849 821 judi—

2139 857 2293 914 cium
2324 856 2588 911 vivorum
2622 857 2677 908 et
2700 854 3061 907 mortuorum
3092 863 3222 903 esse
3250 850 3562 900 venturum
3598 858 3611 896 :
3644 837 3852 911 procul

2140 945 2316 1001 dubio
2349 948 2487 999 tunc
2508 958 2641 998 eum
2659 939 2877 995 videbit
2900 938 3168 1005 mundus,
3192 950 3306 1006 quo
3345 932 3583 989 nomine
3621 927 3856 1000 signiﬁ-

2143 1033 2257 1090 cati
2279 1038 2418 1089 sunt
2437 1050 2469 1088 a
2499 1046 2677 1102 regno
2691 1029 2815 1099 ejus
2838 1026 3035 1083 alieni.
3059 1027 3138 1082 Ac
3163 1040 3261 1095 per
3282 1023 3391 1078 hoc
3428 1022 3596 1091 longe
3644 1016 3858 1073 melius

2144 1122 2629 1196 intelligiturjam
2653 1120 2794 1176 illud
2820 1126 3048 1189 tempus
3069 1114 3397 1185 significare
3419 1110 3692 1176 voluisse,
3710 1109 3770 1163 in
3790 1121 3860 1162 eo

2147 1212 2303 1283 quod
2328 1194 2429 1277 ait,
2456 1209 2642 1265 Adhuc
2662 1207 2950 1267 modicum,
2974 1210 3026 1260 et
3047 1202 3284 1259 mundus
3303 1215 3389 1255 me
3411 1200 3525 1269 iam
3549 1212 3658 1250 non
3694 1194 3863 1259 videt,

2148 1299 2384 1373 quando
2399 1299 2456 1354 in
2473 1299 2584 1354 fine
2600 1297 2795 1355 saeculi
2817 1313 2888 1352 au
2899 1296 3112 1351 feretur
3124 1293 3195 1349 ab
3212 1291 3398 1348 oculis
3418 1291 3859 1350 damnatorum,

2154 1395 2220 1447 ut
2251 1388 2332 1444 illi
2362 1405 2496 1444 eum
2529 1388 2600 1444 de
2631 1392 2830 1443 caetero
2864 1384 3118 1452 videant,
3152 1383 3305 1453 apud
3349 1396 3495 1452 quos
3546 1376 3861 1448 diligentes

2154 1496 2286 1538 eum
2312 1478 2449 1534 facit
2470 1480 2640 1533 Pater
2660 1474 2966 1547 atqueipse
2982 1472 3369 1527 mansionem.
3384 1467 3647 1525 Modicum
3659 1468 3857 1521 autem

2158 1570 2324 1634 dixit,
2357 1567 2495 1639 quia
2519 1571 2575 1622 et
2604 1566 2657 1621 id
2690 1566 2839 1635 quod
2872 1562 3158 1634 prolixum
3209 1560 3439 1616 videtur
3492 1553 3858 1616 hominibus,

2157 1658 2564 1715 brevissimum
2591 1660 2680 1711 est
2708 1664 2840 1711 ante
2859 1652 3060 1709 oculos
3080 1651 3217 1707 Dei:
3244 1649 3314 1705 de
3336 1648 3443 1704 hoc
3483 1646 3696 1718 quippe
3733 1659 3862 1697 mot-

2158 1750 2414 1806 dicoiste
2438 1748 2557 1818 ipse
2578 1748 2826 1801 Joannes
2866 1741 3239 1811 evangelista,
3279 1738 3479 1801 Fitioti,
3517 1734 3732 1806 inquit,
3763 1748 3863 1787 no-

2158 1840 2375 1893 vissima
2392 1841 2533 1891 liora
2554 1841 2631 1890 est
2653 1834 2697 1905 (l
2727 1836 2889 1891 Joan.
2926 1849 2990 1896 ιι,
3025 1830 3133 1901 18).

2236 1929 2286 1983 4.
2315 1927 2394 1984 Ne
2417 1926 2547 1997 quis
2565 1940 2732 1994 porro
2754 1920 3047 1978 existimet
3096 1920 3321 1973 Patrem
3372 1911 3780 1970 tantummodo
3813 1921 3871 1965 et

2166 2018 2374 2073 Filium
2400 2016 2525 2071 sine
2547 2012 2765 2084 Spiritu
2784 2016 2984 2067 sancto
3003 2008 3156 2080 apud
3175 2005 3480 2061 dilectores
3510 2017 3642 2057 suos
3678 2000 3872 2054 facere

2172 2108 2551 2171 mansionem,
2586 2102 2803 2158 recolat
2836 2100 2989 2172 quod
3017 2096 3288 2169 superius
3319 2094 3390 2148 de
3421 2090 3637 2162 Spiritu
3667 2094 3873 2143 sancto

2169 2198 2385 2255 dictum
2414 2200 2524 2262 est,
2550 2194 2719 2261 Quem
2743 2190 2978 2246 mundus
2998 2203 3106 2243 non
3127 2189 3299 2258 potest
3332 2185 3594 2254 accipere,
3623 2181 3879 2251 quianon

2168 2291 2320 2346 videt
2348 2304 2488 2351 eum,
2522 2301 2620 2341 nec
2657 2286 2757 2339 scit
2787 2299 2913 2338 eum
2956 2298 2973 2335 :
3012 2295 3103 2334 vos
3137 2282 3318 2332 autem
3355 2273 3682 2344 cognoscetis
3730 2285 3881 2337 eum,

2171 2382 2300 2451 quia
2320 2376 2464 2449 apud
2486 2392 2577 2431 vos
2597 2372 2855 2441 manebit,
2879 2376 2931 2426 et
2969 2370 3029 2423 in
3067 2367 3215 2423 vobis
3256 2366 3359 2421 erit
3379 2363 3573 2435 ⁸(Ιοιῑη.
3617 2375 3733 2425 xxv,
3768 2358 3879 2429 17).

2174 2447 2317 2526 Ecce
2342 2447 2475 2522 facit
2497 2465 2555 2519 in
2578 2463 2793 2519 sanctis
2814 2477 2947 2516 cum
2972 2458 3135 2514 Patre
3156 2461 3213 2512 et
3232 2453 3374 2511 Filio
3420 2459 3660 2509 sanctus
3706 2447 3883 2503 etiam

2173 2558 2425 2629 Spiritus
2457 2552 2814 2609 mansionem
2841 2568 2854 2618 ;
2887 2549 3048 2604 intus
3080 2546 3302 2617 utique,
3335 2547 3617 2613 tanquam
3639 2538 3791 2594 Deus
3822 2537 3881 2591 in

2174 2626 2392 2718 templo
2416 2661 2540 2700 suo.
2566 2642 2717 2698 Deus
2737 2638 3009 2706 Trinitas,
3032 2638 3199 2691 Pater
3230 2638 3285 2691 et
3318 2632 3499 2688 Filius
3539 2634 3595 2686 et
3629 2626 3885 2700 Spiritus

2177 2730 2769 2801 sanctus,veniuntad
2786 2729 3066 2799 nos,dum
3081 2723 3351 2780 venimus
3384 2721 3455 2777 ad
3478 2735 3607 2776 eos:
3638 2716 3885 2775 veniunt

2178 2818 2881 2887 subveniendo,venimus
2903 2812 3254 2885 obediendo;
3279 2809 3519 2865 veniunt
3540 2804 3887 2861 illuminan-

2180 2917 2276 2983 do,
2294 2914 2559 2970 venimus
2581 2908 2855 2965 intuendo
2877 2924 2890 2974 ;
2915 2903 3150 2960 veniunt
3168 2899 3486 2971 implendo,
3514 2895 3785 2951 venimus
3799 2910 3902 2948 ca-

2182 3005 2427 3078 piendo:
2452 3006 2513 3057 ut
2533 3000 2613 3056 sit
2635 2999 2801 3054 nobis
2821 3011 3022 3052 eorum
3046 3009 3160 3049 non
3184 2988 3436 3046 extraria
3471 2985 3637 3055 visio,
3655 2985 3760 3040 sed
3800 2983 3897 3038 in-

2181 3103 2379 3156 terna;
2401 3091 2531 3149 etin
2551 3088 2720 3145 nobis
2737 3100 2938 3142 eorum
2966 3099 3081 3138 non
3127 3077 3464 3136 transitoria
3499 3074 3748 3140 mansio,
3778 3071 3881 3129 sed

2183 3190 2416 3241 aeterna.
2434 3180 2529 3237 Sic
2551 3177 2768 3234 mundo
2792 3191 2906 3231 non
2932 3188 2993 3229 se
3016 3170 3191 3229 Filius
3216 3168 3582 3225 manifestat:
3631 3164 3886 3218 mundus

2183 3276 2339 3330 enim
2360 3271 2554 3326 dictus
2572 3272 2660 3323 est
2680 3266 2789 3321 hoc
2815 3264 2965 3331 loco,
2990 3262 3060 3317 de
3090 3258 3307 3331 quibus
3348 3257 3625 3312 continuo
3660 3252 3906 3322 subjun-

2184 3364 2287 3431 xit,
2313 3363 2423 3434 Qui
2451 3375 2556 3415 non
2586 3356 2773 3427 diligit
2802 3369 2912 3421 me,
2943 3365 3219 3407 sermones
3248 3362 3387 3403 meos
3436 3360 3547 3401 non
3596 3348 3799 3398 servat.
3834 3338 3907 3395 Hi

2186 3432 2440 3522 suntqui
2459 3452 2689 3504 Patrem
2704 3443 3050 3514 etSpiritum
3068 3443 3339 3496 sanctum
3358 3453 3434 3492 nu
3447 3450 3665 3506 nquam
3682 3432 3906 3487 vident:

2186 3544 2393 3600 Filium
2419 3545 2611 3596 autem
2632 3552 2748 3591 non
2773 3538 2836 3588 ut
2858 3530 3277 3597 beatiﬁcentur,
3302 3527 3405 3582 sed
3445 3529 3509 3580 ut
3535 3524 3905 3595 judicentur,

2186 3635 2253 3690 ad
2280 3631 2569 3688 modicum
2593 3626 2814 3691 vident;
2841 3639 2945 3678 nec
2980 3620 3174 3692 ipsum
3217 3618 3275 3673 in
3316 3618 3502 3673 forma
3535 3614 3655 3679 Dei,
3678 3611 3773 3668 ubi
3809 3614 3903 3668 est

2186 3740 2316 3781 cum
2338 3723 2504 3778 Patre
2522 3727 2574 3774 et
2595 3715 2813 3789 Spiritu
2848 3720 3047 3768 sancto
3093 3705 3648 3783 pariterinvisibilis
3675 3729 3690 3771 ;
3713 3703 3817 3758 sed
3853 3702 3917 3758 in

2188 3829 2377 3908 t.orma
2398 3806 2674 3871 hominis,
2702 3804 2801 3860 ubi
2833 3819 2960 3859 esse
2991 3799 3173 3858 voluit
3202 3799 3419 3855 mundo
3468 3794 3732 3869 patiendo
3764 3808 3914 3847 con-

2194 3890 2553 3980 iemptibilis,
2582 3895 2903 3967 judicando
2936 3890 3232 3949 terribilis.

2259 3997 2311 4047 5.
2347 3990 2508 4056 Quod
2540 4003 2669 4042 vero
2694 3984 2983 4054 adjunxit,
3008 3982 3070 4036 Et
3115 3994 3294 4036 sermo
3336 3993 3494 4049 quem
3536 3975 3764 4031 audistis
3790 3988 3900 4027 non

2206 4085 2282 4139 est
2302 4096 2473 4145 meus,
2496 4076 2588 4133 sed
2608 4077 2725 4145 eius
2746 4075 2841 4144 qui
2861 4073 3008 4127 misit
3036 4087 3147 4134 me,
3187 4070 3366 4123 Patris
3388 4086 3408 4131 ;
3449 4082 3565 4122 non
3614 4062 3923 4125 miremur,

2209 4186 2322 4227 non
2347 4182 2661 4240 paveamus
2681 4182 2698 4225 ς
2718 4178 2835 4218 non
2858 4165 2945 4216 est
2967 4159 3159 4214 minor
3180 4157 3365 4223 Patre,
3390 4155 3491 4210 sed
3517 4169 3630 4209 non
3675 4156 3767 4207 est
3805 4150 3922 4206 nisi

2208 4276 2241 4315 a
2274 4239 2471 4325 Patre;
2508 4270 2619 4311 non
2652 4256 2739 4308 est
2769 4251 2957 4321 impar
2988 4247 3138 4318 ipso,
3169 4246 3267 4302 sed
3323 4260 3438 4299 non
3487 4244 3577 4297 est
3622 4258 3655 4295 a
3704 4239 3924 4310 seipso.

2204 4349 2405 4418 Neque
2429 4346 2585 4401 enim
2612 4341 2892 4396 mentitus
2914 4340 3003 4393 est
3021 4334 3291 4401 dicendo,
3326 4331 3433 4397 Qui
3466 4347 3574 4385 non
3608 4328 3797 4398 diligit
3813 4340 3926 4396 me,

2203 4450 2476 4494 sermones
2500 4447 2644 4489 meos
2667 4446 2773 4486 non
2795 4434 2994 4484 servat.
3018 4424 3163 4481 Ecce
3186 4438 3325 4478 suos
3347 4421 3490 4476 dixit
3533 4434 3661 4475 esse
3704 4432 3929 4473 sermo-

2209 4546 2312 4587 nes
2339 4547 2353 4599 ;
2378 4524 2666 4597 numquid
2694 4521 2807 4578 sibi
2831 4521 2956 4591 ipse
2977 4522 3066 4573 est
3086 4514 3438 4581 contrarius,
3462 4510 3565 4568 ubi
3587 4524 3791 4567 rursus
3841 4505 3933 4561 di-

2206 4619 2309 4687 xit,
2332 4596 2397 4671 Et
2429 4596 2606 4670 seruio
2626 4627 2785 4683 quem
2806 4608 3037 4664 audistis
3070 4620 3177 4661 non
3218 4610 3297 4660 est
3338 4602 3534 4658 meus?
3572 4599 3641 4655 Et
3685 4596 3935 4652 fortasse

2205 4683 2446 4781 propter
2477 4706 2735 4775 aliquam
2769 4697 3233 4767 distinctionem,
3266 4694 3368 4750 ubi
3400 4709 3538 4749 suos
3564 4689 3735 4755 dixit,
3782 4683 3934 4741 dixit

2205 4796 2532 4874 pluraliter,
2565 4794 2671 4848 hoc
2703 4795 2793 4847 est
2834 4803 3153 4848 sermones;
3205 4786 3305 4841 ubi
3356 4788 3549 4839 autem
3597 4791 3929 4841 sermonem,

2204 4868 2312 4946 hoc
2343 4892 2433 4944 est
2459 4883 2734 4949 Verbum,
2771 4896 2886 4937 non
2918 4893 3091 4934 suum
3124 4876 3267 4932 dixit
3289 4890 3435 4944 esse,
3467 4872 3569 4929 sed
3596 4868 3803 4933 Patris,
3834 4880 3930 4921 se-

2203 4983 2395 5051 ipsum
2420 4972 2666 5043 intelligi
2689 4969 2891 5027 voluit.
2919 4968 2980 5024 In
3005 4965 3289 5039 principio
3312 4963 3469 5019 enim
3494 4964 3617 5018 erat
3640 4958 3929 5023 Verbum,

2201 5047 2255 5126 et
2272 5067 2528 5124 Verbum
2548 5065 2671 5118 erat
2691 5060 2844 5132 apud
2870 5060 3073 5122 Deum,
3089 5059 3309 5112 etDeus
3324 5056 3448 5109 erat
3465 5050 3712 5106 Verbum
3734 5047 3926 5116 (Joan.

2202 5179 2242 5227 ι,
2276 5159 2352 5229 1).
2384 5156 2509 5211 Non
2543 5151 2742 5223 utique
2772 5164 2968 5217 suum,
3002 5146 3103 5203 sed
3137 5143 3323 5202 Patris
3345 5139 3708 5199 esthrbum
3734 5154 3748 5190 ;
3773 5150 3925 5205 quo-

2208 5226 2379 5305 modo
2403 5259 2507 5301 nec
2541 5258 2647 5297 sua
2669 5240 2878 5309 imago,
2904 5238 3000 5293 sed
3032 5236 3220 5292 Patris
3247 5254 3262 5302 ;
3287 5250 3390 5291 nec
3415 5247 3558 5289 suus
3575 5226 3936 5284 Filiusidem

2215 5346 2357 5413 ipse,
2392 5336 2486 5391 sed
2518 5330 2726 5387 Patris.
2760 5328 2928 5383 Recte
2959 5326 3137 5395 igitur
3165 5324 3370 5381 tribuit
3400 5313 3934 5389 auctoriquidquid

2210 5406 2350 5491 facit
2374 5424 2634 5503 aequalis,
2666 5438 2699 5476 ε.
2729 5437 2841 5492 quo
2881 5419 3058 5475 habet
3090 5418 3198 5473 hoc
3221 5416 3417 5490 ipsum
3442 5412 3598 5487 quod
3626 5408 3709 5467 illi
3741 5406 3939 5465 estin-

2211 5520 2546 5582 ditierenter
2577 5508 2835 5584 tequalis.
