4178 6192
318 229 342 287 1
357 227 478 291 833

808 371 1235 429 'I‘RAC'I‘A'I‘US
1275 374 1551 432 LXXVII.

312 453 389 506 De
413 469 473 509 eo
506 456 647 525 quod
675 461 943 530 sequitur,
968 461 1094 519 Hec
1117 462 1345 521 locutus
1382 481 1514 521 sum
1554 467 1719 523 vobis
1741 468 1892 539 apud
1925 484 2024 524 vos

388 559 676 616 manens;
712 566 883 622 usque
910 552 979 607 ad
1007 552 1080 621 id,
1117 554 1317 612 Pacem
1352 572 1540 614 meam
1574 558 1645 614 do
1669 559 1873 626 vobis;
1908 574 2023 614 non

387 636 681 703 quomodo
722 641 975 697 mundus
1006 642 1124 711 dat,
1161 660 1265 716 ego
1311 646 1385 703 do
1425 646 1607 703 vobis.
1646 647 1775 720 Cap.
1821 650 2023 719 x1v,i.

382 722 585 780 25-27.

386 810 434 863 1.
466 812 527 866 In
546 816 897 883 praecedenti
919 818 1166 877 lectione
1187 823 1375 879 sancti
1401 824 1711 896 Evangelii,
1736 842 1910 896 quam
1943 841 2024 881 se-

312 899 516 972 quitur
544 903 655 960 ista
677 922 799 977 quze
823 910 992 966 modo
1016 912 1256 969 recitata
1284 917 1388 982 est,
1421 915 1706 972 Dominus
1731 916 1904 971 Jesus
1929 918 2025 971 di-

309 998 475 1047 xerat
507 1010 570 1049 se
600 1001 653 1050 et
674 997 901 1055 Patrem
933 1001 1003 1056 ad
1040 1001 1342 1061 dilectores
1384 1022 1520 1061 suos
1558 1022 1685 1062 esse
1726 1011 2022 1074 venturos,

309 1088 366 1137 et
397 1087 551 1153 apud
577 1103 672 1143 eos
699 1090 1062 1149 mansionem
1094 1110 1217 1150 esse
1241 1095 1513 1153 tacturos.
1535 1096 1805 1153 Jamvero
1836 1102 1893 1153 et
1923 1114 2024 1153 su-

310 1174 512 1242 perius
542 1177 762 1233 dixerat
798 1181 867 1236 de
889 1181 1103 1252 Spiritu
1134 1190 1355 1253 sancto,
1387 1188 1491 1243 Vos
1521 1192 1701 1244 autem
1739 1204 2023 1261 cognosce-

310 1265 380 1318 tis
421 1280 571 1331 eum,
608 1268 741 1339 quia
780 1271 926 1343 apud
948 1288 1035 1329 vos
1055 1276 1319 1343 manebit,
1341 1284 1393 1333 et
1433 1279 1494 1333 in
1521 1278 1670 1335 vobis
1708 1281 1811 1335 erit
1843 1280 2017 1348 (Joan.

310 1372 429 1421 xw,
468 1359 593 1427 l7):
630 1361 785 1417 unde
817 1360 1210 1421 intelleximus
1260 1368 1316 1422 in
1368 1369 1587 1425 sanctis
1636 1374 1917 1441 tanquam
1960 1369 2021 1426 in

311 1445 534 1517 templo
554 1464 662 1504 suo
683 1449 863 1505 simul
887 1468 1123 1509 manere
1142 1454 1481 1513 Trinitatem
1505 1458 1707 1515 Deum.
1728 1458 1894 1515 Nunc
1916 1475 2021 1515 au-

309 1540 428 1593 tem
460 1537 602 1595 dicit
633 1555 647 1594 :
676 1541 803 1597 ch
824 1542 1039 1598 locutus
1058 1561 1180 1600 sum
1201 1546 1349 1602 vobis
1370 1548 1515 1619 apud
1538 1565 1625 1605 vos
1644 1565 1890 1606 manens.
1920 1549 2022 1604 Illa

311 1626 513 1698 itaque
537 1629 759 1685 mansio
792 1630 907 1688 alia
935 1637 1045 1702 est,
1073 1652 1252 1706 quam
1284 1638 1551 1709 promisit
1583 1640 1832 1695 futuram
1861 1659 1874 1707 ;
1899 1639 2022 1696 haec

308 1733 441 1773 vere
464 1719 780 1791 alia,quam
800 1729 1146 1794 praesentem
1170 1742 1298 1784 csse
1323 1731 1586 1785 testatur.
1613 1728 1721 1786 llla
1741 1730 2022 1801 spiritua-

309 1806 386 1862 lis
432 1814 543 1875 est,
594 1813 772 1882 atque
820 1812 1171 1870 intrinsecus
1219 1818 1518 1874 mentibus
1556 1819 1867 1875 redditur:
1900 1820 2020 1875 haec

308 1899 633 1969 corporalis
664 1901 991 1960 forinsecus
1010 1904 1195 1961 oculis
1227 1910 1401 1978 atque
1431 1908 1671 1965 auribus
1692 1910 2017 1967 exhibetur.

310 1986 413 2043 llla
444 1989 503 2043 in
526 1993 808 2047 aeternum
840 1992 1138 2050 beatiﬁcat
1167 1995 1479 2065 liberatos;
1517 1998 1637 2055 haec
1668 1999 1726 2053 in
1763 2004 2022 2072 tempore

307 2079 509 2135 visitet
528 2080 877 2139 liberandos.
896 2084 1232 2142 Secundum
1251 2086 1413 2143 illam
1436 2088 1719 2145 Dominus
1740 2107 1773 2146 a
1794 2090 1918 2146 suis
1938 2090 2020 2146 di-

310 2170 629 2227 lectoribus
650 2189 765 2228 nun
790 2176 1045 2244 recedit;
1079 2178 1398 2234 secundum
1423 2178 1575 2235 hanc
1596 2180 1643 2235 it
1666 2188 1719 2235 et
1740 2182 1956 2238 recedit
1978 2186 2019 2239 ¹.

316 2260 465 2326 Haec,
515 2261 729 2333 inquit,
781 2264 994 2319 locutus
1039 2282 1160 2321 sum
1210 2267 1379 2337 vobis,
1411 2268 1556 2341 apud
1606 2285 1693 2326 vos
1741 2286 1965 2326 manens
2003 2288 2023 2329 :

312 2351 515 2420 utique
548 2354 860 2423 praesentia
891 2356 1197 2427 corporali,
1222 2374 1339 2430 qua
1369 2374 1502 2415 cum
1526 2358 1644 2415 illis
1670 2360 2024 2418 visibilislo-

313 2440 620 2510 quebatur.

382 2533 437 2583 2.
482 2532 806 2589 Paractetus
844 2542 1054 2604 autem,
1086 2537 1298 2608 inquit,
1331 2538 1570 2611 Spiritus
1598 2545 1841 2609 sanctus,
1864 2559 2024 2614 quem

312 2620 493 2676 millet
524 2622 695 2677 Pater
723 2622 784 2677 in
815 2626 1036 2680 nomine
1066 2642 1208 2695 meo,
1240 2628 1335 2683 ille
1364 2645 1453 2685 vos
1494 2630 1702 2686 docebit
1734 2635 1943 2699 omnia,
1974 2639 2026 2688 et

314 2712 767 2767 commemorabit
781 2730 871 2769 vos
884 2717 1072 2770 omnia
1085 2732 1436 2789 quaecumque
1447 2718 1652 2775 dixero
1666 2722 2025 2777 vobis.Num-

316 2801 598 2871 quidnam
622 2802 765 2858 dicit
790 2804 994 2872 Filius,
1017 2812 1074 2862 et
1097 2808 1259 2864 docet
1291 2809 1545 2880 Spiritus
1576 2816 1839 2877 sanctus,
1862 2820 1919 2868 ut
1941 2813 2021 2868 di-

316 2897 484 2949 cente
520 2893 664 2949 Filio
712 2897 885 2951 verba
928 2897 1245 2969 capiamus.
1276 2900 1516 2957 docente
1565 2906 1764 2958 autem
1804 2903 2023 2973 Spiritu

315 2987 523 3038 sancto
554 2983 759 3039 eadem
792 2985 965 3041 verba
995 2986 1440 3059 intelligamus?
1470 2990 1643 3053 Quasi
1666 2992 1820 3046 dicat
1845 2990 2026 3046 Filius

316 3074 446 3129 sine
477 3072 693 3144 Spiritu
724 3078 946 3142 sancto,
976 3081 1074 3131 aut
1111 3077 1363 3148 Spiritus
1395 3084 1631 3135 sanctus
1668 3081 1871 3137 doceat
1900 3081 2027 3136 sine

317 3162 463 3218 Filio
499 3179 512 3216 :
546 3167 648 3218 aut
677 3179 811 3219 vero
843 3179 959 3220 non
991 3168 1049 3220 et
1077 3166 1259 3223 Filius
1291 3168 1497 3224 doceat
1526 3174 1582 3223 et
1602 3169 1855 3241 Spiritus
1896 3186 2028 3224 san-

316 3256 450 3307 ctus
482 3252 661 3322 dicat,
683 3258 742 3310 et
771 3270 904 3309 cum
932 3254 1078 3310 Deus
1098 3256 1319 3327 aliquid
1343 3256 1482 3312 dicit
1500 3262 1553 3313 et
1575 3259 2027 3327 docet,’l‘rinitas

317 3341 450 3413 ipsa
468 3342 914 3400 dicatetdoceat
933 3344 960 3399 ‘l
994 3345 1102 3401 Sed
1128 3347 1406 3416 quoniam
1429 3346 1686 3403 Trinitas
1718 3354 1827 3416 est,
1852 3366 2025 3421 Opor-

315 3433 481 3487 tebat
523 3435 649 3503 ejus
681 3434 944 3505 singulas
976 3435 1272 3492 insinuare
1304 3452 1603 3508 personas,
1646 3454 1890 3510 eamque
1921 3456 2026 3495 nos

318 3521 594 3578 distincte
615 3523 838 3592 audire,
862 3524 1331 3596 inseparabiliter
1361 3526 1707 3598 intelligere.
1743 3529 1890 3583 Audi
1922 3529 2026 3585 Pa-

316 3615 471 3665 trem
496 3611 783 3667 dicentem
820 3612 919 3669 ubi
953 3613 1119 3683 legis,
1154 3616 1420 3670 Dominus
1450 3616 1601 3671 dixit
1632 3617 1701 3672 ad
1722 3633 1827 3687 me,
1856 3620 2029 3673 Filius

319 3716 475 3754 meus
515 3716 571 3754 es
612 3701 861 3772 tu(Psal.
902 3718 962 3766 ιι,
986 3703 1042 3773 ’7)
1075 3718 1090 3758 :
1123 3704 1259 3758 audi
1292 3709 1350 3760 et
1379 3704 1682 3761 docentem
1726 3706 1822 3760 ubi
1863 3706 2027 3779 legis,

320 3789 515 3844 Omnis
544 3793 639 3861 qui
658 3792 875 3846 audivit
896 3809 929 3846 α
953 3793 1117 3848 Patre
1138 3796 1192 3847 et
1223 3793 1436 3863 didicit,
1460 3796 1609 3849 venit
1640 3795 1711 3850 ad
1740 3812 1825 3851 me
1849 3797 2033 3864 (toan.

318 3899 403 3947 v1,
445 3881 554 3951 45).
604 3882 815 3937 Filium
845 3899 982 3939 vero
1033 3882 1319 3941 dicentem
1364 3886 1533 3941 modo
1565 3887 1815 3955 audisti;
1868 3887 1937 3942 de
1967 3902 2031 3944 se

317 3971 545 4042 quippe
586 3972 686 4038 ait,
710 3972 1079 4044 Quaecumque
1119 3973 1306 4030 dixero
1345 3976 1488 4031 vobis
1518 3992 1727 4042 :quem
1760 3977 1806 4031 si
1844 3979 2031 4034 etdo—

320 4068 556 4115 centcm
588 4060 676 4115 vis
694 4078 882 4130 nosse,
907 4062 1252 4132 magistrum
1279 4064 1483 4124 recole.
1523 4066 1667 4121 Unus
1688 4072 1786 4134 est,
1813 4066 2025 4139 inquit,

317 4149 581 4219 Magister
617 4155 791 4207 vester
827 4149 1082 4206 Christus
1113 4151 1338 4223 (Matth.
1388 4170 1551 4217 xxm,
1594 4156 1703 4226 10).
1746 4156 2027 4227 Spiritum

319 4255 501 4311 porro
532 4245 823 4310 sanctum,
846 4256 1019 4311 quem
1046 4242 1217 4296 modo
1240 4242 1457 4298 audisti
1484 4244 1783 4301 docentem
1809 4246 1909 4301 ubi
1941 4247 2025 4301 di-

322 4333 487 4383 ctum
512 4332 617 4396 est,
640 4329 757 4399 Ipse
774 4344 861 4385 vos
880 4329 1087 4385 docebit
1111 4333 1317 4401 omnia,
1343 4332 1480 4388 audi
1507 4331 1682 4389 etiam
1716 4334 2028 4404 dicentem,

322 4421 431 4473 ubi
456 4418 596 4490 legis
626 4418 684 4473 in
706 4420 947 4475 Actibus
977 4421 1409 4492 Apostolorum,
1434 4422 1601 4479 beato
1624 4429 1788 4481 Petro
1816 4424 2029 4483 dixisse

319 4508 611 4577 Spiritum
657 4518 941 4574 sanctum,
979 4510 1118 4566 Vade
1147 4526 1269 4566 cum
1302 4512 1433 4580 illis,
1466 4516 1599 4584 quia
1648 4530 1744 4585 ego
1788 4517 1915 4572 misi
1943 4532 2032 4572 eos

324 4602 483 4669 (Art.
515 4616 571 4666 x,
599 4600 711 4668 20).
745 4599 950 4655 Omnis
984 4600 1163 4671 igitur
1193 4606 1251 4658 et
1278 4602 1421 4658 dicit
1450 4608 1506 4659 et
1526 4604 1693 4659 docet
1724 4606 1980 4662 Trinitas
2016 4624 2028 4661 :

322 4691 432 4746 sed
460 4689 569 4743 nisi
600 4688 776 4744 etiam
800 4689 1144 4761 singillatim
1169 4694 1701 4765 commendaretur,
1723 4711 1850 4751 eam
1870 4696 2031 4752 nullo

322 4780 507 4837 modo
536 4778 792 4834 humana
830 4795 1033 4851 capere
1076 4780 1271 4851 utique
1299 4787 1495 4853 posset
1523 4782 1853 4841 inﬁrmitas.
1888 4790 2032 4841 Cum

323 4888 465 4940 ergo
489 4870 721 4925 omnino
744 4870 817 4923 sit
848 4868 1279 4941 inseparabilis,
1305 4888 1607 4943 nunquam
1632 4875 1885 4932 Trinitas
1908 4892 2036 4933 esse

323 4963 596 5025 sciretur,
620 4958 668 5013 si
704 4974 935 5030 semper
957 4958 1423 5028 inseparabiliter
1450 4963 1777 5020 diceretur:
1813 4983 1945 5021 nam
1979 4971 2037 5023 et

324 5068 466 5107 cum
499 5048 749 5104 dicimus
771 5050 998 5104 Patrem
1020 5054 1075 5105 et
1098 5050 1305 5107 Filium
1337 5056 1393 5107 et
1425 5052 1709 5124 Spiritum
1744 5060 2033 5124 sanctum,

328 5159 447 5198 non
490 5156 586 5197 eos
610 5140 807 5211 utique
835 5140 1087 5197 dicimus
1120 5142 1318 5211 simul,
1345 5159 1479 5199 cum
1518 5144 1632 5216 ipsi
1666 5162 1779 5201 non
1815 5148 2039 5217 possint

326 5247 459 5288 esse
481 5246 592 5285 non
612 5229 810 5284 simul.
835 5230 996 5296 Quod
1028 5245 1162 5287 vero
1183 5232 1431 5301 addidit,
1456 5235 1895 5290 commemorabit
1926 5253 2037 5307 vos,

324 5318 658 5389 intelligere
690 5317 969 5373 debemus
989 5318 1188 5386 etiam,
1213 5322 1366 5393 quod
1388 5322 1667 5392 jubemur
1697 5339 1811 5379 non
1836 5325 2039 5381 oblivi-

327 5410 415 5466 sci
439 5407 859 5463 saluberrimos
882 5407 1139 5465 monitus
1168 5411 1240 5466 ad
1264 5412 1509 5482 gratiam
1536 5414 1848 5484 pertinere,
1866 5430 2040 5485 quam

330 5515 440 5555 nos
472 5499 895 5555 commemorat
923 5496 1203 5570 Spiritus.

398 5602 411 5633 ι
441 5598 569 5647 Lov.
599 5594 753 5644 redit.
783 5594 975 5646 Castori
1009 5598 1238 5660 codices,
1267 5598 1475 5653 recedit.

655 5686 921 5748 Panos.
967 5687 1201 5754 XXXV.

1412 243 1871 307 TRACTATUS
1917 244 2212 312 LXXVII.
2260 250 2517 314 CAPUT
2562 253 2723 314 XIV.

3678 263 3833 325 1834

2205 385 2257 440 3.
2290 386 2507 452 Pacem,
2558 385 2769 457 inquit,
2819 384 3077 459 relinquo
3119 389 3281 458 vobis,
3323 408 3508 462 pacem
3552 411 3727 452 meam
3768 396 3835 451 do

2133 473 2299 531 vobis.
2327 476 2441 532 Hoc
2471 478 2558 532 est
2598 476 2749 547 quod
2771 474 3023 547 legimus
3063 480 3211 551 apud
3249 481 3608 554 prOphetam,
3642 487 3835 541 Pacem

2133 580 2298 636 super
2322 580 2513 637 pacem
2545 584 2563 621 :
2605 582 2807 639 pacem
2858 567 3027 625 nobis
3078 570 3360 642 relinquit
3393 572 3606 644 iturus,
3639 590 3838 643 pacem

2134 672 2300 711 suam
2332 657 2499 713 nobis
2538 657 2695 713 dabit
2726 657 2786 713 in
2819 657 2930 714 line
2960 663 3260 717 venturus.
3304 667 3514 721 Pacem
3549 664 3717 720 nobis
3750 681 3837 720 re-

2133 743 2345 815 linquit
2394 747 2457 802 in
2496 746 2604 802 hoc
2635 747 2866 815 sazculo,
2901 763 3110 819 panem
3162 767 3330 807 suam
3365 753 3530 809 nobis
3582 752 3742 808 dabit
3781 753 3839 808 in

2133 834 2321 891 futuro
2352 836 2581 893 saeculo.
2615 841 2834 907 .Pacem
2867 854 3036 894 suam
3073 841 3240 896 nobis
3292 842 3590 913 relinquit,
3624 843 3681 898 in
3728 858 3842 914 qua

2134 930 2436 982 manentes
2462 926 2688 984 hostem
2711 928 3035 985 vincimus:
3064 946 3261 1002 pacem
3284 949 3451 988 suam
3477 933 3839 999 nobisdabit,

2134 1016 2369 1085 quando
2400 1016 2525 1072 sine
2556 1016 2721 1074 hoste
2753 1019 3153 1090 regnabimus.
3187 1022 3392 1077 Pacem
3426 1021 3704 1093 relinquit
3734 1038 3838 1079 no-

2132 1105 2241 1173 bis,
2276 1107 2541 1162 utetiam
2592 1106 2685 1163 hic
2734 1107 2981 1165 invicem
3016 1108 3335 1181 diligamus
3370 1127 3383 1164 :
3436 1126 3637 1183 pacem
3670 1128 3839 1167 suam

2132 1193 2296 1249 nobis
2318 1195 2497 1264 dabit,
2518 1196 2618 1251 ubi
2647 1213 2950 1267 nunquam
2972 1198 3283 1255 dissentire
3309 1199 3840 1271 possimus.Pacem

2132 1282 2407 1353 relinquit
2439 1283 2629 1351 nobis,
2664 1301 2733 1339 ne
2765 1284 2836 1341 de
2875 1286 3119 1342 occultis
3151 1288 3365 1343 nostris
3405 1288 3649 1343 invicem
3675 1288 3841 1358 judi-

2131 1388 2492 1443 cemus,cum
2523 1372 2581 1427 in
2606 1372 2714 1430 hoc
2746 1391 2950 1430 sumus
2981 1377 3199 1432 mundo
3226 1394 3239 1432 :
3266 1393 3466 1447 pacem
3486 1394 3654 1433 suam
3679 1378 3841 1433 dabit

2133 1463 2317 1531 nobis,
2348 1481 2482 1520 cum
2523 1464 2929 1521 manifestabit
2968 1466 3348 1537 cogitationes
3370 1466 3586 1532 cordis,
3619 1472 3674 1523 et
3703 1472 3843 1523 tunc

2131 1553 2261 1611 laus
2291 1554 2402 1611 erit
2424 1554 2742 1627 unicuique
2776 1572 2805 1610 ι
2832 1555 2948 1611 Deo
2976 1556 3017 1621 (Ι
3052 1557 3174 1612 Cor.
3208 1571 3284 1624 ιν,
3308 1557 3383 1627 5).
3423 1558 3483 1612 In
3514 1556 3611 1612 illo
3644 1560 3838 1611 tamen

2131 1647 2303 1714 atque
2324 1644 2394 1699 ab
2418 1643 2513 1699 illo
2538 1645 2704 1700 nobis
2739 1647 2828 1700 est
2865 1660 2994 1715 pax,
3019 1644 3138 1701 sive
3161 1661 3338 1716 quam
3370 1645 3540 1701 nobis
3563 1644 3841 1716 relinquit

2132 1734 2323 1790 iturus
2355 1735 2425 1790 ad
2475 1734 2726 1804 Patrem,
2755 1734 2874 1789 sive
2923 1751 3099 1805 quam
3142 1735 3314 1790 nobis
3362 1736 3524 1790 dabit
3574 1752 3677 1790 nos
3706 1752 3843 1805 per-

2132 1826 2410 1881 ducturus
2468 1826 2537 1881 ad
2590 1825 2839 1883 Patrem.
2882 1824 3024 1891 Quid
3093 1831 3289 1882 autem
3342 1826 3507 1881 nobis
3566 1826 3844 1897 relinquit

2131 1914 2455 1970 ascendens
2487 1930 2520 1969 a
2546 1912 2733 1980 nobis,
2769 1913 2880 1969 nisi
2918 1913 3197 1984 seipsum,
3231 1914 3368 1968 dum
3419 1929 3533 1969 non
3568 1913 3780 1968 recedit
3809 1930 3844 1968 a

2132 2004 2299 2060 nobis
2324 2003 2350 2056 ἲ
2399 2004 2528 2076 Ipse
2559 2008 2646 2060 est
2678 2004 2833 2060 enim
2866 2021 2974 2073 pax
3006 2009 3239 2071 nostra;
3291 2005 3389 2075 qui
3431 2004 3561 2060 fecit
3597 2009 3843 2075 utraque

2132 2109 2315 2148 unum
2356 2094 2572 2165 (Ephes.
2613 2110 2675 2159 ιι,
2724 2094 2832 2165 14).
2878 2095 2994 2149 Pax
3036 2110 3171 2165 ergo
3231 2094 3352 2165 ipse
3410 2094 3578 2148 nobis
3627 2099 3736 2161 est,
3788 2099 3843 2149 et

2131 2200 2265 2241 cum
2298 2184 2591 2240 credimus
2622 2184 2760 2255 quia
2790 2189 2897 2251 est,
2930 2189 2987 2240 et
3015 2200 3150 2240 cum
3181 2184 3448 2240 videmus
3488 2200 3618 2241 eum
3666 2183 3841 2239 sicuti

2133 2280 2217 2329 est
2247 2274 2291 2345 (ῐ
2320 2274 2478 2331 Joan.
2512 2289 2598 2341 ιιι,
2628 2274 2705 2343 2).
2740 2272 2800 2327 Si
2830 2273 2984 2329 enim
3014 2273 3302 2351 quamdiu
3353 2288 3559 2328 sumus
3604 2274 3662 2327 in
3710 2288 3839 2327 cor-

2134 2378 2273 2433 pore
2321 2361 2681 2433 corruptibili
2733 2362 2886 2433 quod
2931 2366 3205 2433 aggravet
3248 2362 3530 2429 animam,
3566 2378 3698 2417 cum
3741 2378 3843 2433 per

2133 2452 2308 2508 fidem
2341 2452 2734 2519 ambulamus,
2760 2468 2873 2508 non
2898 2468 2995 2523 per
3020 2453 3293 2523 speciem,
3321 2469 3436 2507 non
3461 2452 3679 2507 deserit
3711 2468 3843 2522 per-

2132 2542 2461 2612 egrinantes
2492 2559 2522 2596 a
2555 2558 2617 2597 se
2648 2542 2719 2611 (11
2750 2540 2869 2597 Cor.
2902 2558 2957 2607 v,
2990 2542 3045 2606 6,
3074 2541 3160 2611 7);
3216 2546 3431 2612 quanto
3478 2540 3662 2612 magis
3707 2557 3839 2595 cum

2134 2631 2204 2686 ad
2239 2632 2428 2702 ipsam
2460 2630 2713 2702 speciem
2746 2630 3102 2695 venerimus,
3132 2646 3237 2684 nos
3269 2629 3534 2701 implebit
3564 2645 3631 2684 ex
3662 2629 3765 2683 se?

2203 2720 2257 2775 4.
2291 2720 2402 2776 Sed
2434 2720 2574 2791 quid
2605 2724 2691 2775 est
2721 2720 2875 2790 quod
2911 2719 3007 2775 ubi
3039 2718 3141 2784 ait,
3168 2720 3360 2773 Pacem
3394 2720 3642 2790 relinquo
3671 2717 3840 2781 vobis,

2132 2826 2249 2867 non
2300 2808 2527 2865 addidit
2574 2824 2794 2871 meam;
2841 2808 2939 2864 ubi
2987 2824 3121 2863 vero
3164 2808 3265 2874 ait,
3295 2807 3360 2864 do
3394 2808 3554 2876 vobis,
3589 2806 3668 2862 ibi
3700 2806 3841 2862 dixit

2134 2906 2349 2957 meam?
2370 2899 2575 2955 Utrum
2598 2897 3063 2955 subaudiendum
3088 2904 3177 2954 est
3198 2913 3398 2965 meam,
3416 2902 3473 2953 et
3495 2897 3593 2952 ubi
3617 2896 3839 2952 dictum

2137 3007 2250 3047 non
2284 2993 2392 3057 est,
2417 2988 2550 3058 quia
2577 2992 2767 3059 potest
2797 2990 2996 3043 referri
3031 2989 3101 3043 ad
3138 2996 3451 3059 utrumque
3482 2986 3655 3042 etiam
3684 2987 3839 3057 quod

2136 3079 2314 3135 semel
2344 3080 2568 3133 dictum
2601 3075 2729 3131 est?
2760 3078 2844 3130 An
2879 3076 3023 3131 forte
3052 3081 3107 3131 et
3137 3077 3230 3131 hic
3262 3076 3485 3147 aliquid
3518 3076 3655 3131 latet
3686 3075 3837 3148 quod

2136 3169 2447 3240 petendum
2478 3171 2567 3222 est
2594 3170 2652 3221 et
2682 3166 3080 3236 quaerendum,
3104 3170 3161 3220 et
3189 3167 3259 3220 ad
3292 3168 3439 3235 quod
3472 3164 3838 3236 pulsantibus

2137 3257 2561 3329 aperiendum?
2589 3254 2735 3319 Quid
2769 3254 2819 3310 si
2851 3254 3001 3310 enim
3052 3270 3253 3325 pacem
3302 3271 3466 3310 suam
3500 3271 3621 3310 eam
3657 3254 3839 3311 voluit

2135 3346 2380 3418 intelligi
2403 3344 2635 3417 qualem
2660 3343 2837 3399 habet
2855 3342 3020 3416 ipse?
3042 3344 3158 3398 Pax
3180 3358 3311 3397 vero
3334 3343 3445 3397 ista
3470 3359 3647 3413 quam
3672 3343 3839 3398 nobis

2135 3435 2416 3507 relinquit
2462 3436 2522 3490 in
2573 3435 2677 3491 hoc
2727 3433 2958 3499 smculo,
2994 3437 3191 3488 nostra
3237 3436 3322 3486 est
3371 3432 3561 3503 potius
3592 3433 3838 3487 dicenda

2138 3542 2310 3599 quam
2344 3524 2549 3596 ipsius.
2575 3523 2662 3579 Illi
2695 3524 2908 3595 quippe
2940 3522 3083 3579 nihil
3118 3529 3395 3592 repugnat
3418 3520 3475 3576 in
3499 3521 3714 3591 seipse,
3740 3520 3836 3592 qui

2138 3614 2361 3671 nullum
2414 3613 2585 3669 habet
2630 3612 2868 3669 omnino
2919 3617 3221 3684 peccatum
3256 3627 3268 3665 :
3305 3627 3408 3666 nos
3441 3614 3632 3667 autem
3663 3608 3839 3665 talem

2138 3720 2340 3776 pacem
2391 3718 2546 3759 nunc
2594 3702 2898 3771 habemus,
2934 3702 2992 3757 in
3043 3719 3159 3772 qua
3201 3700 3391 3756 adhuc
3424 3700 3710 3763 dicamus,
3744 3701 3841 3755 Di-

2136 3795 2299 3851 mitte
2343 3794 2496 3850 nobis
2543 3792 2724 3849 debita
2779 3799 2966 3849 nostra
3014 3792 3225 3862 (Matth.
3273 3809 3350 3859 vr,
3407 3792 3511 3859 12).
3563 3790 3665 3845 Est
3712 3806 3842 3860 ergo

2139 3885 2306 3941 nobis
2356 3900 2464 3955 pax
2510 3883 2729 3954 aliqua,
2763 3881 3040 3953 quoniam
3094 3881 3566 3938 condelectamur
3604 3880 3715 3951 legi
3744 3879 3845 3935 Dei

2140 3974 2464 4032 secundum
2498 3973 2836 4029 interiorem
2870 3971 3165 4029 hominem
3201 3986 3214 4025 :
3252 3972 3352 4027 sed
3387 3986 3500 4027 non
3532 3974 3622 4027 est
3652 3968 3844 4041 plena.

2138 4064 2277 4136 quia
2306 4064 2569 4120 videmus
2619 4062 2794 4118 aliam
2846 4061 3030 4133 legem
3064 4061 3122 4116 in
3156 4060 3434 4116 membris
3486 4058 3722 4127 nostris,
3756 4075 3848 4114 re—

2142 4158 2500 4227 pugnantem
2547 4152 2662 4225 legi
2712 4152 2927 4208 mentis
2969 4155 3179 4207 nostrae
3210 4152 3389 4222 (Rom.
3422 4166 3521 4219 vn,
3554 4149 3623 4201 22
3651 4152 3703 4202 et
3732 4148 3846 4218 23).

2142 4249 2399 4317 Itemque
2430 4244 2584 4301 inter
2616 4260 2721 4301 nos
2753 4244 2913 4315 ipsos
2946 4246 3033 4298 est
3061 4241 3228 4296 nobis
3260 4258 3388 4311 pax,
3422 4238 3560 4310 quia
3600 4235 3846 4291 invicem

2140 4336 2310 4393 nobis
2359 4334 2654 4391 credimus
2701 4332 2855 4403 quod
2909 4331 3154 4387 invicem
3204 4328 3519 4400 diligamus
3554 4344 3566 4381 :
3602 4326 3700 4380 sed
3746 4340 3849 4379 nec

2142 4427 2270 4497 ipsa
2315 4424 2487 4496 plena
2531 4428 2639 4491 est,
2672 4422 2808 4493 quia
2839 4420 3213 4491 cogitationes
3246 4418 3435 4473 cordis
3474 4414 3658 4471 nostri
3702 4412 3850 4468 invi-

2142 4531 2265 4572 cem
2295 4531 2409 4569 non
2432 4512 2731 4578 videmus;
2759 4514 2815 4565 et
2836 4508 3096 4579 quaadam
3120 4508 3190 4561 de
3219 4506 3388 4562 nobis
3412 4521 3533 4577 quae
3567 4519 3679 4557 non
3714 4508 3853 4558 sunt

2143 4604 2203 4659 in
2254 4603 2443 4667 nobis,
2479 4599 2565 4654 vel
2598 4599 2657 4653 in
2690 4598 2899 4653 melius
2948 4596 3193 4651 invicem
3228 4595 3313 4649 vel
3354 4594 3413 4649 in
3444 4593 3694 4649 deterius
3726 4590 3855 4663 cpi-

2145 4708 2375 4748 namur.
2408 4690 2606 4760 Itaque
2656 4687 2766 4742 ista
2811 4686 3041 4741 etiamsi
3073 4687 3143 4740 ab
3178 4684 3273 4740 illo
3308 4683 3473 4740 nobis
3514 4682 3714 4739 relicta
3745 4687 3851 4747 est,

2146 4798 2253 4852 pax
2284 4783 2481 4835 nostra
2514 4780 2600 4832 est
2635 4793 2648 4831 :
2682 4775 2794 4831 nisi
2825 4775 2982 4830 enim
3015 4775 3084 4829 ab
3116 4773 3235 4841 illo,
3270 4790 3382 4829 non
3424 4773 3768 4828 haberemus
3800 4776 3857 4826 et.

2144 4869 2356 4937 talem;
2412 4868 2513 4924 sed
2562 4866 2687 4937 ipse
2738 4882 2849 4920 non
2905 4864 3081 4920 habet
3127 4863 3326 4919 talem.
3377 4863 3431 4917 Si
3492 4862 3856 4917 tenuerimus

2148 4974 2333 5030 usque
2364 4958 2422 5011 in
2448 4958 2623 5011 tinem
2645 4956 2877 5028 qualem
2909 4953 3258 5025 accepimus,
3284 4952 3513 5023 qualem
3548 4950 3722 5005 habet
3754 4948 3857 5003 ha-

2146 5050 2437 5118 bebimus,
2472 5048 2569 5102 ubi
2602 5046 2747 5102 nihil
2782 5045 2949 5101 nobis
2982 5047 3257 5116 repugnet
3288 5059 3353 5097 ex
3386 5042 3572 5109 nobis,
3605 5044 3663 5095 et
3713 5038 3857 5094 nihil

2149 5156 2255 5196 nos
2288 5140 2534 5195 invicem
2585 5137 2762 5193 lateat
2810 5137 2865 5193 in
2919 5136 3196 5191 cordibus
3228 5132 3461 5189 nostris.
3499 5130 3615 5185 Nec
3659 5130 3857 5202 ignoro

2149 5231 2256 5286 ista
2286 5229 2517 5285 Domini
2549 5227 2726 5283 verba
2755 5227 2927 5282 etiam
2961 5226 3042 5282 sic
3077 5224 3260 5295 accipi
3297 5238 3483 5294 posse,
3508 5225 3568 5275 ut
3593 5222 3858 5291 ejusdem

2150 5320 2451 5377 sententiis
2504 5318 2765 5390 repetitio
2814 5316 3096 5381 videatur,
3149 5318 3342 5369 Pacem
3391 5314 3640 5383 relinquo
3691 5312 3858 5377 vobis,

2149 5427 2335 5485 pacem
2384 5425 2564 5465 meam
2611 5408 2676 5464 do
2725 5410 2874 5462 vobis
2905 5424 2921 5461 :
2957 5409 3017 5461 ut
3048 5406 3202 5478 quod
3234 5405 3477 5471 dixerat,
3507 5419 3721 5475 pacem,
3758 5404 3862 5459 hoc

2153 5501 2444 5575 repetierit
2491 5500 2713 5568 dicens,
2744 5511 2930 5569 pacem
2976 5511 3190 5558 meam;
3222 5499 3279 5551 et
3309 5495 3463 5567 quod
3495 5494 3739 5563 dixerat,
3772 5511 3866 5548 re-

2155 5595 2341 5666 linquo
2370 5590 2541 5661 vobis,
2575 5588 2682 5645 hoc
2729 5586 3025 5659 repetierit
3055 5586 3274 5653 dicens,
3308 5586 3383 5642 do
3418 5584 3583 5641 vobis.
3618 5583 3690 5640 Ut
3718 5582 3867 5639 volet

2957 5684 3542 5766 (C’inquanle—lmit.)
