4148 6190
342 253 494 313 1835

341 389 587 458 quisque
637 381 885 451 accipiat
918 395 932 434 :
965 392 1058 431 me
1099 378 1291 429 tamen
1335 371 1607 433 delectat,
1637 368 1809 425 Credo
1840 369 2047 458 etvos,

343 454 551 533 fratres
586 473 697 528 mei
728 468 943 534 dilecti,
975 466 1056 521 sic
1099 469 1294 519 tenere
1344 462 1515 515 istam
1567 473 1787 531 pacem,
1822 456 1921 510 ubi
1952 454 2049 508 ad-

345 567 660 624 versarium
695 556 1057 617 concorditer
1086 554 1397 618 vincimus,
1432 554 1494 605 ut
1524 548 1920 605 desideremus
1954 562 2050 616 pa-

345 675 490 718 cem,
528 656 625 711 ubi
658 648 1054 709 adversarium
1091 661 1202 700 non
1236 641 1600 697 habebimus.

414 753 466 805 5.
503 746 661 812 Quod
711 759 843 797 vero
894 737 1177 794 Dominus
1228 731 1511 802 adjunxit,
1565 735 1737 800 atque
1787 728 1889 795 ait,
1934 727 2049 782 Non

344 840 603 917 quomodo
650 834 881 893 mundus
912 830 1027 896 dat,
1056 843 1149 899 ego
1197 824 1261 881 do
1310 824 1489 917 uobis;
1538 823 1687 917 quid
1725 824 1829 917 est
1865 817 2048 883 aliud,

348 910 484 1001 nisi,
515 946 632 987 non
665 920 954 998 quomodo
998 917 1265 973 homines
1294 915 1431 969 dant
1461 911 1558 983 qui
1590 910 1840 982 diligunt
1873 922 2051 962 mun-

349 1000 513 1091 dum,
545 1021 626 1076 ita
655 1018 725 1074 do
751 1012 962 1070 vobis?
991 1008 1099 1075 Qui
1150 1010 1453 1077 propterea
1498 1003 1640 1058 dant
1683 1000 2049 1091 sibi_pacem,

349 1120 413 1172 ut
442 1086 566 1169 sine
597 1104 865 1164 molestia
896 1100 1086 1156 litium
1120 1100 1294 1167 atque
1324 1093 1629 1159 bellorum,
1656 1106 1769 1146 non
1792 1088 1928 1157 Deo,
1952 1086 2051 1142 sed

351 1206 536 1264 amico
570 1216 676 1258 suo
707 1195 927 1253 mundo
959 1191 1335 1264 perfruantur
1358 1203 1370 1241 :
1392 1190 1447 1242 et
1469 1182 1701 1256 quando
1723 1179 1891 1251 justis
1914 1179 2054 1234 dant

352 1311 554 1370 pacem
586 1296 653 1346 ut
681 1304 795 1345 non
830 1302 927 1341 eos
959 1285 1399 1354 persequantur,
1426 1292 1542 1370 pax.
1566 1288 1680 1370 non
1701 1272 1901 1370 potest
1929 1282 2055 1370 esse

350 1359 503 1453 vera,
530 1382 628 1439 ubi
657 1395 774 1435 non
806 1379 894 1432 est
920 1388 1055 1428 vera
1084 1366 1422 1433 concordia;
1447 1364 1585 1436 quia
1604 1361 1897 1453 disjuncta
1918 1359 2057 1413 sunt

353 1452 546 1535 corda.
600 1467 898 1539 Quomodo
948 1463 1099 1519 enim
1149 1474 1389 1516 consors
1437 1455 1672 1519 dicitur,
1706 1452 1806 1523 qui
1836 1452 2054 1539 sortem

346 1566 573 1639 jungit;
594 1538 675 1616 ita
694 1559 791 1614 ille
814 1568 1049 1612 concors
1070 1549 1381 1639 dicendum
1405 1544 1630 1639 est,qui
1648 1538 2056 1639 cordajungit.

354 1630 655 1727 I‘Iosvergo,
689 1644 1041 1711 charissimi,
1074 1642 1289 1715 quibus
1320 1638 1585 1695 Christus
1630 1649 1841 1727 pacem‘
1880 1630 2059 1727 relin:

356 1749 502 1821 quit,
527 1722 805 1815 etpacem
828 1753 996 1794 suam
1021 1734 1191 1790 nobis
1214 1733 1332 1799 dat,
1349 1745 1464 1785 non
1488 1728 1642 1821 sicut
1664 1724 1945 1791 mundus,
1962 1722 2059 1821 sed

357 1814 509 1897 sicut
538 1814 635 1891 ille
667 1849 769 1905 per
799 1844 972 1901 quem
1006 1827 1190 1881 factus
1221 1826 1309 1878 est
1342 1820 1620 1883 mundus,
1654 1822 1712 1871 ut
1744 1814 2061 1871 concordes

355 1935 577 1997 simus;
606 1926 928 1997 jungamus
976 1919 1221 1973 invicem
1267 1912 1458 1978 corda,
1493 1915 1549 1967 et
1574 1925 1671 1965 cor
1703 1921 1881 1963 unum
1927 1920 2060 1959 sur-

358 2038 492 2079 sum
525 2018 865 2079 habeamus,
900 2026 971 2065 ne
1001 2008 1413 2077 corrumpatur
1442 2002 1500 2056 in
1533 2006 1707 2056 terra.

829 2096 1249 2155 TRACTATUS
1290 2090 1596 2149 LXXVIII.

360 2205 420 2261 In
454 2203 509 2261 id
538 2201 678 2275 quod
706 2196 967 2255 Dominus
997 2192 1153 2256 dicit,
1188 2190 1310 2244 Non
1354 2186 1621 2242 turbetur
1651 2198 1749 2237 cor
1777 2184 2059 2275 vestrum,

536 2274 728 2363 neque
769 2284 1061 2351 formidet,
1094 2288 1201 2337 etc.
1235 2280 1364 2347 Cap.
1401 2292 1515 2345 xw,
1550 2276 1639 2341 iv.
1670 2275 1760 2341 2‘7,
1792 2274 1881 2328 28.

432 2388 482 2441 1.
499 2360 859 2454 Αοοθ-ρὶιιιιιε,
876 2370 1276 2438 fratres,verba
1298 2365 1531 2424 Domini
1552 2363 1801 2419 dicentis
1816 2363 1885 2418 ad
1899 2360 2064 2454 disci-

359 2476 528 2550 pulos
558 2450 697 2530 suos
721 2488 733 2525 :
758 2470 879 2525 Non
909 2465 1170 2521 turbetur
1188 2475 1280 2516 eor
1308 2465 1559 2521 vestrum,
1583 2468 1757 2525 neque
1785 2450 2059 2550 formidet.

359 2538 599 2621 audistis
631 2562 761 2631 quia
786 2570 888 2627 ego
918 2553 1040 2608 dixi
1068 2550 1233 2613 vobis,
1272 2545 1428 2605 Vada.
1460 2549 1508 2600 et
1547 2544 1709 2598 venio
1740 2540 1816 2596 ad
1846 2555 1934 2631 vos
1963 2558 1983 2594 :
2014 2538 2063 2595 si

358 2629 669 2722 diligentis
695 2662 797 2706 me.
830 2641 1134 2714 gauderetis
1164 2636 1375 2706 utique,
1400 2633 1533 2705 quia
1563 2648 1659 2701 ego
1690 2630 1821 2687 vado
1852 2629 1921 2722 ad
1954 2636 2061 2722 t‘a-

357 2718 529 2801 trem;
559 2739 690 2808 quia
721 2738 883 2790 Pater
912 2729 1087 2798 major
1132 2741 1219 2781 me
1258 2734 1360 2779 est.
1395 2723 1538 2777 Hinc
1579 2736 1714 2791 ergo
1756 2718 1975 2775 turbari
2009 2723 2063 2774 et

358 2830 674 2889 formidare
732 2823 957 2896 poterat
1006 2834 1104 2873 cor
1159 2814 1415 2879 illorum,
1468 2812 1618 2882 quod
1671 2810 1789 2865 ibat
1835 2809 1905 2864 ab
1956 2808 2062 2877 eis,

360 2919 631 2993 quamvis
658 2918 937 2971 venturus
970 2908 1039 2964 ad
1072 2921 1209 2961 eos:
1245 2920 1316 2960 ne
1345 2900 1588 2959 forsitan
1621 2916 1854 2973 gregem
1888 2898 2064 2971 lupus

359 2989 469 3066 hoc
516 3002 817 3064 intervallo
865 2998 1179 3064 invaderet,
1231 2991 1480 3065 pastoris
1557 2990 1842 3046 absentia.
1882 2989 1990 3045 Sed
2033 3007 2066 3045 a

359 3100 577 3172 quibus
609 3097 780 3153 homo
804 3086 1171 3152 abscedebat,
1198 3084 1347 3139 Deus
1372 3098 1485 3137 non
1509 3080 1982 3172 derelinquebat:
2010 3083 2067 3136 et

362 3170 514 3245 idem
566 3187 691 3256 ipse
737 3179 1004 3239 Christus
1054 3176 1219 3232 homo
1251 3179 1309 3229 et
1337 3172 1513 3228 Deus.
1546 3170 1693 3241 Ergo
1725 3174 1781 3224 et
1809 3170 1932 3225 ibat
1968 3185 2067 3239 per

362 3278 419 3333 id
471 3276 623 3350 quod
671 3273 847 3330 homo
895 3271 1040 3336 erat,
1067 3269 1124 3322 et
1155 3262 1432 3320 manebat
1479 3276 1580 3333 per
1623 3260 1678 3315 id
1712 3259 1864 3350 quod
1916 3259 2066 3350 Deus

363 3346 521 3422 erat‘:
548 3365 668 3420 ibat
697 3379 799 3434 per
830 3360 884 3415 id
920 3355 1071 3428 quod
1107 3370 1219 3410 uno
1250 3352 1374 3407 loco
1406 3355 1550 3418 erat,
1576 3349 1847 3405 manebat
1878 3364 1978 3419 per
2008 3346 2067 3402 id

365 3456 514 3530 quod
546 3454 762 3526 ubique
784 3452 925 3507 erat.
950 3448 1064 3503 Cur
1085 3446 1281 3515 itaque
1304 3441 1636 3496 turbaretur
1656 3442 1712 3495 et
1733 3438 2068 3495 formidaret

364 3563 483 3617 cor,
521 3544 756 3617 quando
797 3542 877 3596 ita
907 3536 1211 3594 deserebat
1255 3532 1473 3601 oculos,
1506 3538 1567 3587 ut
1617 3546 1732 3586 non
1785 3530 2070 3585 desereret

366 3638 498 3696 cor?
530 3633 809 3701 Quamvis
839 3630 992 3686 Dens
1023 3627 1195 3683 etiam
1228 3625 1328 3697 qui
1361 3622 1520 3679 nulio
1552 3621 1882 3679 continetur
1921 3619 2065 3687 loco,

369 3726 630 3781 discedat
650 3722 720 3776 ab
744 3735 943 3775 eorum
976 3715 1267 3782 cordibus,
1292 3713 1392 3785 qui
1413 3729 1540 3770 eum
1574 3711 1914 3781 relinquunt
1946 3724 2069 3763 mo-

370 3816 547 3881 ribus,
573 3828 686 3866 non
720 3808 997 3880 pedibus;
1022 3810 1078 3860 et
1098 3804 1291 3859 veniat
1323 3804 1393 3857 ad
1416 3820 1513 3858 eos
1535 3802 1633 3873 qui
1656 3802 2073 3857 convertuntur

372 3903 443 3957 ad
494 3916 627 3955 eum
678 3914 793 3953 non
845 3895 1008 3961 facie,
1061 3894 1159 3948 sed
1211 3892 1344 3961 fide,
1378 3896 1435 3947 et
1482 3891 1767 3947 accedunt
1815 3890 1883 3946 ad
1938 3903 2072 3944 eum

375 3994 719 4057 mente,non
742 4002 931 4042 carne.
948 3985 1021 4040 Ut
1042 3990 1231 4037 autem
1256 3981 1647 4052 intelligerent
1666 3981 1991 4037 secundum
2015 3979 2072 4035 id

376 4081 530 4153 quod
581 4078 756 4134 homo
801 4078 923 4130 erat
960 4089 1090 4129 eum
1131 4071 1362 4137 dixisse,
1403 4070 1546 4125 Vado
1576 4077 1623 4125 et
1656 4069 1813 4125 venio
1845 4070 1919 4123 ad
1950 4083 2077 4133 vos;

377 4169 610 4241 adjecit,
643 4171 818 4238 atque
844 4165 941 4231 ait,
978 4162 1037 4217 Si
1064 4160 1366 4229 ditigeretis
1394 4176 1498 4227 me,
1532 4159 1838 4227 gauderetis
1867 4160 2074 4230 utique,

378 4260 510 4334 quia
558 4276 657 4328 ego
708 4256 840 4312 vado
883 4254 953 4310 ad
1004 4257 1220 4310 Patrem
1239 4266 1256 4311 .·
1298 4252 1429 4321 quia
1477 4251 1640 4303 Pater
1667 4249 1842 4317 major
1867 4264 1950 4303 me
1979 4253 2076 4305 est.

377 4354 484 4410 Per
515 4350 667 4422 quod
700 4365 835 4419 ergo
868 4345 1047 4402 Filius
1080 4359 1195 4400 non
1229 4347 1316 4399 est
1346 4341 1585 4414 aequalis
1618 4341 1791 4409 Patri,
1824 4358 1926 4413 per
1972 4340 2081 4397 hoc

377 4445 563 4499 iturus
593 4443 715 4496 erat
747 4438 815 4492 ad
853 4441 1101 4502 Patrem,
1126 4451 1157 4491 a
1180 4450 1294 4506 quo
1322 4436 1599 4488 venturus
1628 4436 1711 4487 est
1742 4431 1897 4487 vivos
1923 4431 2082 4502 judi-

381 4538 611 4591 caturus
645 4534 701 4586 et
734 4532 995 4584 mortuos
1030 4542 1042 4582 :
1075 4540 1175 4597 per
1205 4523 1346 4580 illud
1381 4528 1574 4579 autem
1610 4523 1666 4577 in
1701 4539 1811 4594 quo
1844 4521 2085 4593 aequalis

380 4627 469 4679 est
511 4618 773 4693 gignenti
812 4616 1182 4689 Unigenitus,
1217 4629 1515 4685 nunquam
1568 4614 1784 4670 recedit
1816 4631 1848 4669 a
1882 4613 2083 4684 Patre;

381 4713 481 4768 sed
515 4726 647 4765 cum
680 4709 778 4763 illo
808 4711 895 4762 est
927 4706 1142 4776 ubique
1188 4708 1345 4759 totus
1395 4702 1519 4775 pari
1561 4703 1878 4769 divinitate,
1912 4719 2086 4776 quam

383 4800 583 4859 nullus
632 4796 885 4852 continet
935 4794 1116 4849 locus.
1154 4794 1288 4847 Cum
1318 4794 1470 4848 enim
1504 4795 1560 4848 in
1592 4795 1767 4862 [arma
1803 4794 1896 4849 Dei
1925 4800 2086 4861 esset,

382 4892 536 4949 sicut
564 4884 876 4959 Apostolus
910 4883 1185 4954 loquitur,
1218 4898 1325 4936 non
1376 4884 1626 4954 rapinam
1678 4884 1985 4938 arbitratus
2015 4892 2091 4939 est

381 4999 492 5040 esse
516 4976 750 5052 aequalis
784 4976 906 5029 Deo.
942 4973 1241 5039 Quomodo
1270 4973 1425 5027 enim
1480 4972 1685 5042 rapina
1734 4977 1921 5042 posset
1961 4988 2089 5030 esse

383 5076 593 5128 natura
614 5083 740 5139 qua:
774 5081 887 5119 non
921 5068 1043 5119 erat
1074 5066 1373 5133 usurpata,
1399 5062 1497 5117 sed
1531 5062 1699 5116 nata?
1729 5062 2090 5135 Semetipsum

384 5165 561 5217 autem
593 5154 925 5217 exinanivit,
958 5157 1187 5225 [ormam
1232 5154 1377 5206 servi
1420 5151 1696 5223 accipiens
1726 5152 1989 5224 (Philipp.
2024 5170 2087 5220 ιι,

383 5254 439 5319 6,
468 5252 525 5319 7)
561 5264 573 5302 :
610 5264 722 5303 non
756 5261 892 5316 ergo
925 5243 1194 5299 amittens
1221 5241 1405 5307 illam,
1439 5242 1537 5296 sed
1572 5241 1861 5313 accipiens
1891 5242 2086 5299 istam.

385 5339 465 5394 Eo
506 5338 678 5392 modo
728 5351 790 5391 se
838 5332 1197 5399 exinaniens,
1232 5348 1345 5403 quo
1397 5331 1491 5388 hic
1543 5331 1726 5388 minor
1774 5333 2092 5405 apparebat

390 5442 563 5499 quam
597 5426 747 5496 apud
782 5421 1008 5480 Patrem
1042 5423 1333 5479 manebat.
1361 5426 1564 5479 Forma
1586 5422 1794 5494 quippe
1823 5423 1971 5480 servi
2001 5440 2095 5480 ac-

391 5516 589 5583 cessit,
615 5531 729 5569 non
754 5514 937 5569 forma
957 5514 1056 5570 Dei
1080 5513 1318 5571 recessit
1343 5529 1354 5569 :
1379 5514 1501 5572 haec
1520 5518 1609 5572 est
1631 5518 1948 5589 assumpta,
1976 5532 2091 5573 non

389 5609 491 5667 illa
538 5608 900 5677 consumpta.
934 5608 1175 5677 Propter
1222 5604 1370 5663 hanc
1419 5606 1580 5676 dicit,
1615 5606 1778 5664 Pater
1806 5607 1984 5681 maior
2010 5624 2095 5667 me

1295 238 1373 296 IN
1416 232 1735 297 JOANNIS
1779 226 2320 302 EVANGELIUM,
2365 232 2430 293 S.
2478 234 2899 297 AUGUSTINI

3706 236 3735 293 1
3746 232 3858 292 836

2154 370 2281 421 est:
2314 373 2547 438 pr0pter
2587 369 2749 427 illam
2800 386 2953 442 vero,
2988 372 3094 442 Ego
3142 380 3193 426 et
3242 375 3414 426 Pater
3460 387 3633 425 unum
3677 384 3861 424 sumus

2156 456 2333 527 (Joau.
2368 476 2419 523 ι,
2451 460 2563 531 30).

2225 549 2281 602 2.
2315 549 2431 605 Hoc
2476 553 2739 608 attendat
2788 553 3048 621 arianus,
3083 559 3137 611 et
3182 555 3498 610 attentione
3531 554 3607 609 sit
3636 570 3815 608 sanus
3848 569 3861 606 ι

2158 652 2227 691 ne
2247 641 2613 696 contentione
2633 642 2711 696 sit
2730 659 2932 709 vanus,
2960 648 3079 711 aut,
3104 646 3255 715 quod
3283 651 3366 699 est
3390 645 3572 713 pejus,
3597 643 3861 695 insanus.

2156 734 2287 785 Haec
2317 737 2405 786 est
2433 732 2586 791 enim
2619 736 2802 789 forma
2834 736 3011 801 servi,
3039 738 3091 789 in
3127 753 3242 807 qua
3289 735 3389 791 Dei
3441 734 3624 789 Filius
3676 731 3867 786 minor

2157 828 2264 890 est,
2301 839 2414 878 non
2448 828 2613 880 Patre
2647 825 2789 892 solo,
2816 828 2913 881 sed
2945 826 3114 881 etiam
3149 827 3367 898 Spiritu
3401 829 3606 882 sancto
3637 842 3649 879 :
3678 842 3864 896 neque

2157 912 2210 968 id
2244 917 2493 981 tantum,
2519 916 2615 970 sed
2641 918 2813 971 etiam
2846 918 3067 988 seipso;
3097 918 3235 989 quia
3270 918 3421 973 idem
3456 917 3659 989 ipsein
3686 918 3867 972 forma

2158 1002 2254 1058 Dei
2291 1004 2475 1074 major
2506 1009 2593 1060 est
2622 1007 2826 1074 seipso.
2853 1007 3048 1077 Neque
3078 1008 3231 1063 enim
3262 1007 3435 1063 homo
3455 1006 3720 1063 Christus
3750 1024 3863 1062 non

2159 1093 2373 1148 dicitur
2425 1093 2602 1150 Filius
2650 1096 2766 1162 Dei,
2801 1098 2952 1167 quod
2985 1096 3155 1152 etiam
3203 1097 3326 1153 soia
3358 1113 3491 1153 caro
3525 1098 3652 1168 ejus
3685 1097 3743 1152 in
3779 1113 3868 1152 se-

2161 1182 2362 1255 pulcro
2398 1186 2611 1241 meruit
2642 1186 2935 1257 appellari.
2963 1188 3103 1242 Nam
3138 1187 3275 1259 quid
3310 1187 3465 1243 aliud
3497 1188 3869 1253 confitemur,

2162 1290 2292 1329 cum
2322 1275 2573 1331 dicimus
2604 1278 2834 1333 credere
2866 1294 2970 1334 nos
3002 1278 3059 1331 in
3096 1279 3465 1350 unigenitum
3499 1277 3601 1333 Dei
3638 1277 3869 1342 Filium,

2164 1367 2264 1436 qui
2311 1366 2417 1423 sub
2466 1367 2666 1424 Pontio
2710 1368 2889 1425 Pilato
2923 1370 3235 1426 cruciﬁxus
3267 1373 3355 1425 est
3384 1374 3440 1425 et
3470 1369 3772 1441 sepultus?
3802 1369 3871 1424 Et

2164 1457 2304 1529 quid
2337 1458 2461 1528 ejus
2492 1458 2602 1513 nisi
2634 1475 2767 1515 caro
2807 1460 3035 1532 sepulta
3079 1464 3167 1516 est
3215 1461 3341 1516 sine
3393 1459 3632 1515 anima?
3663 1463 3741 1515 Ac
3775 1476 3875 1531 per

2164 1547 2272 1604 hoc
2325 1565 2455 1604 cum
2508 1550 2797 1605 credimus
2834 1551 2892 1605 in
2939 1550 3038 1606 Dei
3087 1550 3295 1606 Filium
3330 1552 3429 1621 qui
3460 1548 3728 1623 sepultus
3760 1552 3871 1615 est,

2166 1637 2418 1709 profecto
2455 1637 2664 1693 Filium
2700 1638 2797 1693 Dei
2830 1640 3080 1694 dicimus
3115 1644 3170 1695 et
3199 1656 3431 1694 carnem
3465 1656 3589 1708 quae
3624 1638 3749 1693 sola
3780 1655 3873 1693 se-

2167 1720 2331 1791 pulta
2361 1728 2465 1776 est.
2492 1720 2617 1789 Ipse
2638 1736 2771 1792 ergo
2794 1721 3062 1777 Christus
3097 1721 3277 1777 Filius
3305 1722 3425 1789 Dei,
3449 1720 3690 1791 aequalis
3725 1719 3873 1774 Patri

2166 1810 2225 1864 in
2260 1810 2442 1864 forma
2472 1809 2593 1877 Dei,
2628 1811 2763 1881 quia
2809 1812 3186 1880 semetipsum
3240 1811 3572 1877 exinanivit,
3608 1826 3720 1865 non
3758 1810 3873 1864 for-

2169 1914 2323 1954 mam
2358 1899 2453 1954 Dei
2477 1899 2769 1967 amittens,
2794 1900 2888 1955 sed
2918 1900 3159 1956 formam
3183 1900 3329 1955 servi
3356 1900 3665 1970 accipiens,
3684 1899 3879 1968 major

2170 1994 2257 2044 est
2286 1993 2341 2044 et
2368 1989 2592 2061 seipso;
2628 1991 2766 2061 quia
2798 1991 2983 2060 major
3012 1996 3099 2046 est
3131 1992 3310 2046 forma
3354 1991 3454 2046 Dei
3486 2006 3612 2061 quae
3652 1989 3878 2044 amissa

2170 2096 2285 2135 non
2334 2085 2444 2149 cst,
2477 2098 2652 2152 quam
2698 2083 2847 2137 servi
2895 2099 3023 2153 quae
3070 2088 3305 2154 accepta
3344 2090 3450 2140 esl.
3481 2082 3620 2148 Quid
3674 2082 3878 2152 itaque

2172 2171 2506 2240 mirum,vel
2532 2173 2667 2243 quid
2698 2173 3090 2244 indignum,si
3112 2174 3430 2229 secundum
3457 2174 3605 2228 hanc
3626 2172 3877 2229 formam

2169 2262 2322 2319 servi
2368 2262 2631 2335 loquens.
2666 2264 2746 2318 ait
2788 2262 2888 2319 Dei
2933 2264 3127 2331 Filius,
3162 2265 3325 2319 Pater
3352 2263 3533 2333 major
3561 2280 3647 2318 me
3676 2270 3795 2325 est;
3825 2268 3883 2320 et

2172 2356 2491 2411 secundum
2543 2356 2641 2409 Dei
2692 2355 2936 2411 formam
2987 2354 3253 2426 loquens,
3303 2357 3385 2411 ait
3424 2355 3575 2411 idem
3620 2356 3744 2427 ipse
3777 2355 3881 2411 Dei

2173 2444 2371 2512 Filius,
2404 2445 2518 2512 Ego
2548 2448 2598 2499 et
2626 2445 2788 2499 Pater
2816 2461 2989 2499 unum
3020 2448 3241 2500 sumus?
3274 2442 3458 2500 Unum
3508 2449 3645 2500 sunt
3694 2445 3880 2509 enim,

2172 2535 2493 2591 secundum
2546 2534 2603 2589 id
2654 2536 2805 2605 quod
2858 2539 3002 2590 Deus
3050 2540 3168 2590 erat
3222 2535 3455 2591 Verbum
3497 2551 3516 2591 :
3558 2534 3745 2604 major
3791 2540 3885 2591 est

2172 2622 2358 2692 Pater,
2410 2624 2733 2679 secundum
2784 2624 2840 2679 id
2893 2626 3046 2696 quod
3096 2626 3329 2681 Verbum
3370 2641 3493 2681 caro
3542 2628 3752 2695 factum
3802 2631 3885 2680 est

2171 2713 2285 2782 (Id.
2316 2729 2353 2779 ι,
2382 2714 2431 2780 1,
2468 2713 2573 2785 14).
2608 2714 2801 2770 Dicam
2835 2715 3007 2770 etiam
3042 2716 3190 2786 quod
3223 2714 3416 2770 Ariani
3448 2719 3502 2771 et
3530 2713 3885 2770 Eunomiani

2173 2818 2381 2872 negare
2426 2820 2539 2859 non
2587 2808 2835 2874 possunt
2866 2820 2878 2858 :
2914 2807 3230 2861 secundum
3265 2804 3414 2860 hanc
3446 2805 3688 2860 formam
3725 2803 3886 2860 servi

2173 2910 2321 2966 puer
2366 2893 2630 2950 Christus
2686 2895 2861 2950 etiam
2921 2896 3262 2967 parentibus
3319 2896 3438 2951 suis
3496 2897 3684 2951 minor
3735 2900 3886 2963 erat,

2174 2984 2402 3053 quando
2434 3000 2644 3055 parvus
2676 2984 3018 3055 majoribus,
3050 2985 3198 3041 sicut
3228 2986 3513 3057 scriptum
3543 2991 3650 3054 est,
3685 2989 3889 3044 subdi-

2176 3079 2262 3128 tus
2292 3081 2411 3130 erat
2441 3074 2593 3145 (Luc.
2619 3090 2678 3140 ιι,
2702 3075 2809 3144 51).
2845 3074 2989 3140 Quid
3025 3075 3222 3146 igitur,
3248 3074 3534 3144 bmretice,
3561 3092 3693 3131 cum
3720 3077 3888 3134 Chri-

2176 3168 2303 3220 stus
2348 3164 2501 3220 Deus
2534 3165 2611 3221 sit
2640 3169 2698 3219 et
2726 3165 2917 3233 homo,
2951 3164 3213 3237 loquitur
3244 3172 3309 3222 ut
3341 3167 3534 3238 homo,
3565 3171 3622 3222 et
3652 3167 3888 3225 calum-

2176 3252 2359 3309 niaris
2384 3252 2534 3309 Deo?
2558 3253 2657 3309 Ille
2680 3254 2737 3309 in
2762 3270 2824 3309 se
2848 3258 3114 3311 naturam
3139 3258 3502 3311 commendat
3532 3256 3886 3327 humanam;

2175 3348 2235 3399 tu
2262 3344 2320 3398 in
2346 3343 2441 3398 illo
2464 3344 2644 3399 audes
2665 3344 2992 3400 deformare
3015 3345 3307 3401 divinam?
3339 3346 3617 3415 Infidelis,
3638 3349 3888 3421 ingrate,

2176 3434 2377 3490 ideone
2409 3438 2469 3489 tu
2503 3434 2720 3490 minuis
2749 3450 2882 3490 eum
2912 3436 3011 3507 qui
3044 3434 3177 3491 fecit
3198 3440 3272 3503 te,
3297 3436 3432 3508 quia
3454 3437 3596 3493 dicit
3618 3437 3715 3493 ille
3739 3441 3890 3509 quid

2176 3526 2364 3581 factus
2394 3525 2463 3581 sit
2496 3530 2730 3597 propter
2761 3530 2814 3581 te
2829 3527 2857 3580 ?
2886 3525 3138 3597 .Equalis
3168 3527 3320 3582 enim
3361 3528 3538 3594 Patri,
3572 3528 3751 3585 Filius
3782 3547 3895 3602 per

2179 3631 2351 3687 quem
2376 3615 2565 3671 factus
2587 3619 2674 3670 est
2698 3616 2892 3683 homo,
2910 3620 2969 3671 ut
2997 3616 3184 3671 minor
3204 3622 3359 3673 esset
3381 3620 3569 3687 Patre,
3587 3618 3771 3675 factus
3798 3625 3893 3676 est

2178 3707 2353 3762 homo
2384 3723 2396 3760 :
2433 3706 2586 3777 quod
2620 3706 2731 3760 nisi
2765 3706 2941 3773 fieret,
2978 3706 3119 3776 quid
3146 3712 3300 3763 esset
3329 3706 3551 3763 homo?

2173 3828 2185 3840 ο
2253 3798 2303 3850 3.
2338 3797 2502 3852 Dicat
2534 3795 2704 3867 plane
2744 3795 3023 3852 Dominus
3054 3803 3110 3851 et
3140 3797 3418 3867 Magister
3459 3803 3671 3866 noster,
3706 3799 3770 3854 Si
3803 3802 3900 3856 (li-

2180 3886 2427 3957 tigeretis
2472 3903 2580 3955 me,
2611 3887 2922 3957 gauderetis
2968 3888 3175 3957 utique,
3210 3890 3337 3959 quia
3370 3889 3505 3945 vado
3534 3889 3603 3943 ad
3638 3892 3898 3963 Patrem,

2184 3976 2312 4047 qru‘i
2362 3979 2522 4032 P:.’er
2568 3978 2746 4049 major
2781 3992 2868 4032 me
2905 3980 2999 4034 est.
3044 3979 3187 4033 Cum
3231 3978 3539 4050 discipulis
3579 3980 3899 4037 audiamus

2184 4066 2358 4123 verba
2389 4066 2659 4132 doctoris,
2692 4083 2807 4123 non
2841 4084 2973 4123 cum
3008 4068 3215 4124 alienis
3263 4085 3586 4141 sequamur
3615 4072 3899 4128 astutiam

2186 4157 2529 4228 deceptoris.
2563 4158 2961 4229 Agnoscamus
2988 4158 3277 4230 geminam
3309 4160 3701 4216 substantiam
3736 4162 3905 4219 Chri-

2190 4248 2295 4314 sti;
2321 4247 2576 4303 divinam
2610 4248 2965 4320 scilicetqua
2998 4249 3236 4320 mqualis
3263 4255 3350 4306 est
3374 4252 3543 4319 Patri,
3570 4251 3902 4310 humanam

2192 4355 2304 4409 qua
2329 4339 2515 4408 major
2536 4343 2623 4393 est
2646 4337 2832 4394 Pater.
2856 4338 3179 4410 Utrumque
3202 4345 3396 4397 autem
3420 4341 3594 4398 simul
3620 4359 3732 4398 non
3760 4344 3902 4412 duo,

2192 4430 2293 4486 sed
2344 4444 2497 4483 unus
2545 4431 2629 4483 est
2675 4427 2967 4495 Christus;
3022 4443 3091 4483 ne
3123 4430 3197 4485 sit
3229 4430 3585 4501 quaternitas
3618 4448 3731 4487 non
3765 4433 3909 4487 Tri-

2193 4519 2344 4575 nitas
2388 4518 2558 4575 Deus.
2595 4517 2752 4573 Sicut
2781 4518 2937 4574 enim
2970 4535 3119 4575 unus
3150 4524 3237 4576 est
3268 4520 3438 4575 homo
3478 4523 3676 4577 anima
3717 4524 3908 4579 ratio-

2196 4608 2341 4665 nalis
2373 4615 2423 4663 et
2455 4625 2609 4677 caro,
2643 4610 2725 4664 sic
2757 4626 2909 4665 unus
2939 4614 3024 4666 est
3056 4610 3324 4667 Christus
3378 4611 3526 4667 Deus
3570 4616 3625 4668 et
3672 4611 3858 4669 homo
3893 4630 3906 4669 :

2197 4715 2262 4755 ac
2314 4714 2415 4769 per
2462 4698 2568 4753 hoc
2598 4697 2886 4767 Christus,
2920 4702 3007 4755 est
3060 4701 3207 4756 Deus
3254 4700 3451 4757 anima
3500 4701 3811 4758 rationalis
3854 4709 3913 4760 et

2197 4805 2347 4846 caro.
2374 4786 2670 4844 Christum
2706 4788 2761 4843 in
2794 4788 2887 4844 his
2920 4790 3209 4854 omnibus,
3234 4790 3525 4846 Christum
3558 4791 3617 4846 in
3649 4793 3912 4862 singulis

2198 4880 2561 4936 confitemur.
2596 4881 2735 4945 Quis
2766 4884 3012 4951 estergo
3058 4897 3161 4953 per
3190 4898 3356 4952 quem
3391 4882 3578 4938 factus
3607 4887 3692 4937 est
3724 4899 3913 4940 mun-

2199 4970 2351 5026 dus?
2380 4970 2647 5025 Christus
2675 4970 2864 5037 Jesus,
2898 4972 2995 5027 sed
3031 4972 3087 5026 in
3123 4972 3309 5027 forma
3348 4971 3469 5029 Dei.
3504 4973 3641 5038 Quis
3670 4977 3757 5029 est
3794 4975 3911 5030 sub

2199 5062 2403 5117 Pontio
2430 5061 2607 5117 Pilato
2629 5062 2975 5117 crucifixus?
2995 5063 3263 5119 Christus
3284 5063 3475 5133 Jesus,
3501 5064 3602 5120 sed
3631 5065 3690 5119 in
3716 5065 3915 5124 forma

2200 5151 2370 5208 servi.
2397 5153 2537 5207 Item
2560 5152 2630 5207 de
2652 5152 2901 5222 singulis
2924 5152 3137 5225 quibus
3159 5152 3332 5209 homo
3355 5158 3603 5210 constat.
3623 5155 3762 5219 Quis
3791 5174 3915 5213 non

2199 5249 2287 5299 est
2336 5243 2644 5300 derelictus
2705 5244 2760 5299 in
2823 5244 3098 5300 inferno?
3142 5246 3402 5301 Christus
3450 5244 3640 5315 Jesus,
3696 5248 3797 5303 sed
3851 5250 3913 5303 in

2203 5333 2397 5389 anima
2428 5335 2569 5390 sola.
2607 5334 2745 5399 Quis
2791 5340 3222 5392 resurrecturus
3272 5336 3461 5391 triduo
3502 5337 3694 5407 jacuit
3726 5338 3785 5392 in
3820 5356 3920 5393 se.

2201 5425 2449 5496 pulcro?
2491 5424 2750 5481 Christus
2799 5424 2991 5493 Jesus,
3027 5427 3124 5481 sed
3176 5427 3235 5481 in
3285 5442 3456 5482 carne
3506 5426 3647 5482 sola.
3681 5426 3920 5484 Dicitur

2201 5534 2338 5588 ergo
2370 5520 2426 5573 et
2458 5516 2515 5571 in
2557 5516 2651 5573 his
2690 5517 2935 5588 singulis
2974 5518 3263 5574 Christus.
3299 5522 3514 5573 Verum
3559 5519 3675 5574 hec
3706 5521 3919 5576 omnia

2204 5624 2318 5666 non
2351 5608 2485 5679 duo,
2518 5607 2605 5666 vel
2636 5612 2775 5682 tres,
2808 5608 2907 5668 sed
2960 5624 3112 5667 unus
3160 5612 3247 5666 est
3284 5606 3571 5666 Christus.
3607 5609 3737 5666 Ideo
3766 5623 3917 5680 ergo
