4148 6190
345 294 501 355 1837

340 434 509 504 dixit,
532 434 595 490 Si
622 434 933 505 diligeretis
958 450 1063 503 me,
1086 435 1407 504 gauderetis
1437 441 1642 512 utique,
1666 440 1794 510 quia
1824 439 1958 495 vado
1979 440 2050 494 ad

340 528 609 590 Patrem;
637 526 774 596 quia
821 530 1038 581 naturae
1086 525 1360 584 humanae
1407 530 1822 601 gratulandum
1847 533 1956 597 est,
1984 545 2049 587 eo

339 616 491 686 quod
521 616 606 672 sic
636 621 942 689 assumpta
973 621 1060 673 est
1089 635 1122 672 a
1151 617 1338 675 Verbo
1370 622 1695 691 unigenito,
1729 626 1794 677 ut
1824 621 2050 676 immor-

335 703 465 760 talis
497 705 949 761 constitueretur
980 708 1037 761 in
1074 706 1239 779 coelo,
1265 712 1437 779 atque
1468 710 1547 764 ita
1578 711 1740 765 fieret
1770 714 1921 765 terra
1959 727 2051 765 su-

338 793 563 864 blimis,
605 800 669 851 ut
699 797 1155 869 incorruptibilis
1189 798 1372 869 pulvis
1404 800 1623 856 sederet
1649 801 1719 855 ad
1753 800 2048 856 dexteram

340 886 548 941 Patris.
601 884 719 941 Hoc
762 886 915 941 enim
959 889 1128 944 modo
1159 904 1221 943 se
1253 888 1475 945 iturum
1522 889 1666 945 dixit
1696 891 1767 944 ad
1801 890 2047 945 Patrem.

344 976 486 1033 Nam
519 976 772 1045 profecto
792 979 861 1032 ad
886 977 1053 1033 illum
1081 978 1203 1034 ibat
1232 980 1327 1049 qui
1360 996 1491 1035 cum
1525 979 1625 1036 illo
1646 987 1783 1036 erat.
1808 980 1919 1035 Sed
1945 980 2051 1037 hoc

338 1075 459 1123 erat
482 1067 568 1122 ire
590 1068 661 1123 ad
684 1083 816 1122 eum
842 1070 898 1123 et
918 1070 1183 1125 recedere
1204 1086 1238 1125 a
1261 1070 1449 1137 nobis,
1475 1074 1704 1125 mutare
1733 1074 1903 1141 atque
1935 1070 2052 1126 im-

340 1157 589 1213 mortale
621 1158 809 1214 facere
836 1159 987 1228 quod
1016 1159 1253 1215 mortale
1285 1160 1536 1232 suscepit
1560 1177 1629 1217 ex
1664 1160 1855 1230 nobis,
1888 1164 1945 1216 et
1973 1160 2051 1217 le-

339 1264 475 1305 vare
506 1248 565 1303 in
598 1248 809 1305 cmlum
838 1264 939 1320 per
970 1250 1124 1321 quod
1157 1250 1264 1305 fuit
1292 1250 1351 1306 in
1384 1256 1538 1306 terra
1567 1268 1667 1322 pro
1700 1251 1890 1307 nobis.
1915 1251 2052 1316 Quis

336 1355 457 1394 non
486 1338 619 1396 hinc
650 1340 916 1412 gaudeat,
942 1340 1041 1411 qui
1063 1340 1147 1395 sic
1170 1339 1362 1412 diligit
1380 1340 1775 1409 Christum,ut
1796 1344 1853 1396 et
1882 1356 2051 1397 suam

337 1432 613 1484 naturam
626 1430 752 1499 jam
772 1428 1164 1485 immortalem
1182 1429 1507 1500 gratuletur
1525 1430 1583 1485 in
1607 1429 1857 1501 Christo,
1878 1434 2052 1501 atque

336 1518 397 1574 id
430 1536 493 1577 se
524 1524 717 1592 speret
749 1522 1013 1577 futurum
1043 1536 1173 1577 esse
1202 1537 1307 1592 per
1334 1519 1624 1578 Christum
1647 1521 1675 1577 ‘t

829 1646 1266 1704 TRACTATUS
1312 1646 1559 1704 LXXlX.

340 1758 414 1815 De
433 1772 493 1814 eo
516 1755 660 1829 quod
681 1758 778 1826 ait,
804 1757 873 1812 Et
902 1773 1058 1813 nunc
1089 1757 1210 1813 dixi
1230 1756 1390 1814 vobis
1415 1756 1754 1830 priusquam
1784 1755 1896 1825 ﬁat,
1921 1761 2049 1829 etc.,

340 1864 513 1921 usque
540 1848 611 1904 ad
641 1847 714 1915 id,
746 1848 995 1920 Surgite,
1030 1864 1234 1906 eamus
1267 1848 1425 1905 hinc.
1457 1850 1585 1921 Cap.
1610 1866 1726 1917 xw,
1752 1849 1837 1917 ﬁt.
1862 1847 2050 1905 29-31.

409 1976 460 2031 l.
496 1975 779 2032 Dominus
810 1979 868 2032 et
897 1975 1151 2032 salvator
1179 1980 1375 2032 noster
1401 1975 1577 2032 Jesus
1600 1975 1866 2032 Christus
1888 1974 2049 2031 dixe-

336 2071 429 2122 rat
451 2066 753 2138 discipulis
779 2065 900 2121 suis
926 2082 939 2120 :
970 2065 1031 2120 Si
1051 2066 1360 2137 diligeretis
1384 2081 1489 2134 me,
1509 2065 1814 2138 gauderetis
1836 2066 2044 2139 utique,

336 2160 465 2228 quia
498 2157 635 2213 vado
664 2156 735 2212 ad
766 2159 1017 2219 Patrem;
1050 2158 1179 2229 quia
1225 2158 1392 2212 Pater
1439 2157 1616 2229 major
1644 2172 1728 2213 me
1757 2164 1852 2213 est.
1885 2155 2044 2221 Quod

338 2265 405 2303 ex
438 2248 629 2303 forma
657 2247 807 2303 servi
840 2264 971 2303 cum
1004 2247 1242 2315 dixisse,
1276 2263 1389 2302 non
1418 2263 1485 2303 ex
1517 2248 1702 2304 forma
1724 2246 1825 2304 Dei
1847 2246 1906 2302 in
1929 2262 2047 2318 qua

337 2336 583 2409 aequalis
604 2345 690 2393 est
713 2336 885 2403 Patri,
911 2337 1068 2392 novit
1090 2337 1234 2392 ﬁdes
1257 2354 1383 2408 quas
1414 2336 1704 2409 religiosis
1724 2343 1810 2393 est
1842 2336 2047 2393 menti-

338 2428 449 2483 bus
482 2428 617 2498 iixa,
643 2444 758 2483 non
790 2425 1173 2482 calumniosis
1192 2430 1249 2483 et
1270 2428 1643 2483 dementibus
1668 2427 2045 2483 ﬁcta.Deinde

333 2517 644 2587 subjuuxit
676 2535 689 2573 :
728 2518 788 2572 Et
818 2532 967 2572 nunc
994 2515 1117 2571 dixi
1144 2517 1293 2574 vobis
1320 2516 1647 2589 priusquam
1677 2517 1795 2588 ﬁat,
1829 2524 1889 2573 ut
1919 2533 2043 2573 cum
2082 2536 2092 2545 ·

330 2610 544 2669 factum
573 2611 762 2679 fuerit,
786 2608 1037 2664 credatis.
1063 2607 1214 2671 Quid
1236 2613 1322 2664 est
1348 2608 1476 2675 hoc,
1503 2625 1635 2665 cum
1660 2609 1847 2680 magis
1870 2608 2044 2666 homo
2090 2648 2091 2651 η

334 2700 570 2756 credere
600 2699 808 2754 debeat
838 2703 1150 2770 antequam
1175 2700 1273 2754 fiat
1295 2700 1348 2755 id
1366 2700 1529 2777 quod
1553 2700 1907 2756 credendum
1932 2700 2046 2755 est?

338 2794 467 2847 [nec
490 2794 580 2846 est
612 2790 765 2845 enim
797 2789 921 2845 laus
953 2789 1107 2858 ﬁdei,
1133 2792 1179 2845 si
1206 2791 1357 2861 quod
1380 2790 1635 2846 creditur
1657 2807 1772 2846 non
1795 2790 2040 2846 videtur.

336 2881 481 2936 Nam
517 2880 659 2951 quid
696 2896 974 2952 magnum
1006 2884 1095 2935 est
1124 2880 1169 2935 si
1202 2881 1455 2936 creditur
1484 2881 1638 2953 quod
1669 2880 1917 2947 videtur,
1950 2896 2043 2938 se-

333 2971 593 3028 cundum
628 2970 788 3026 illam
821 2971 1076 3042 ejusdem
1127 2970 1354 3027 Domini
1404 2972 1775 3037 sententiam,
1809 2973 2093 3044 quando;

328 3060 685 3135 discipulum
713 3063 905 3134 arguit
925 3063 1125 3119 dicens
1151 3080 1162 3117 :
1190 3064 1328 3131 Quia
1350 3063 1881 3133 vidisti,credidisti,
1905 3063 2043 3119 beati

326 3156 427 3225 qui
471 3168 583 3210 non
632 3153 819 3209 vident
864 3160 915 3209 et
961 3153 1189 3210 credunt
1222 3156 1402 3225 (Joan.
1436 3171 1528 3215 xx,
1558 3154 1694 3227 29)?
1736 3156 1803 3209 Et
1848 3154 2041 3211 nescio

331 3250 531 3300 utrum
567 3246 801 3300 credere
831 3245 1116 3301 dicendus
1146 3248 1231 3301 est
1256 3245 1499 3316 quisque
1522 3247 1675 3318 quod
1700 3246 1886 3313 videt;
1910 3262 2041 3302 nam

326 3333 461 3405 ipsa
504 3333 653 3389 ﬁdes
683 3332 743 3388 in
777 3332 1027 3404 Epistola
1058 3351 1183 3405 quas
1230 3335 1502 3391 scribitur
1532 3335 1603 3389 ad
1636 3336 1929 3404 Hebraeos,
1960 3334 2043 3390 ita

328 3428 420 3479 est
448 3424 693 3479 deﬁnita
725 3442 738 3479 :
774 3425 862 3479 Est
905 3433 1091 3481 autem
1121 3424 1252 3495 ﬁdes
1282 3428 1627 3497 sperantium
1662 3429 1677 3461 ¹
1710 3425 2039 3493 substantia,

328 3516 600 3571 convictio
626 3531 810 3570 rerum
832 3529 956 3587 qua?
975 3531 1083 3571 non
1106 3516 1365 3571 videntur
1388 3517 1569 3589 (Hebr.
1591 3533 1669 3587 x1,
1693 3518 1764 3589 1).
1785 3517 2039 3587 Quapro-

328 3609 455 3676 pter
486 3604 538 3659 si
573 3604 717 3661 tides
743 3608 829 3660 est
861 3620 1050 3661 rerum
1093 3622 1216 3677 quas
1262 3608 1600 3675 creduntur,
1633 3608 1947 3676 eademque
1980 3606 2043 3661 ii-

327 3697 429 3751 des
460 3710 662 3751 earum
697 3700 782 3750 est
813 3712 938 3766 qua:
973 3712 1085 3751 non
1109 3696 1403 3765 videntur;
1440 3697 1575 3767 quid
1612 3695 1723 3753 sibi
1751 3695 2038 3767 vultquod

331 3785 616 3841 Dominus
639 3784 737 3851 ait,
763 3786 826 3839 Et
858 3801 1000 3841 nunc
1029 3785 1149 3841 dixi
1176 3787 1327 3841 vobis
1354 3786 1679 3859 priusquam
1700 3787 1815 3856 ﬁat,
1838 3792 1897 3841 ut
1916 3802 2040 3842 cum

320 3876 536 3942 factum
567 3873 763 3943 fuerit,
797 3874 1028 3931 credatis
1053 3880 1077 3928 Ρ
1107 3875 1307 3932 Nonne
1340 3875 1529 3947 potius
1560 3876 1870 3931 dicendum
1909 3875 2036 3941 fuit,

329 3963 397 4018 Et
426 3980 585 4019 nunc
617 3963 736 4018 dixi
769 3964 930 4020 vobis
962 3964 1303 4036 priusquam
1334 3965 1451 4033 ﬁal,
1486 3968 1549 4020 ut
1579 3965 1850 4033 credatis,
1884 3964 2037 4036 quod

324 4069 461 4110 cum
496 4054 713 4109 factum
761 4054 954 4119 fuerit,
988 4053 1275 4111 videatis?
1304 4058 1448 4110 Nam
1480 4059 1537 4109 et
1565 4053 1660 4111 ille
1694 4056 1784 4111 cui
1816 4055 2037 4111 dictum

318 4147 439 4212 ‘cst,
465 4144 605 4211 Quia
637 4144 841 4213 vidisti,
875 4143 1175 4211 credidisti,
1210 4160 1324 4201 non
1357 4144 1465 4200 hoc
1498 4145 1744 4201 credidit
1775 4147 1926 4217 quod
1959 4146 2039 4201 vi-

324 4233 450 4301 dit;
482 4234 584 4289 sed
618 4233 776 4289 aliud
810 4234 971 4301 vidit,
996 4234 1152 4290 aliud
1184 4234 1460 4290 credidit:
1486 4236 1629 4291 vidit
1662 4236 1813 4292 enim
1848 4236 2040 4292 homi-

324 4338 486 4387 nem,
512 4323 756 4380 credidit
777 4323 981 4379 Dcum.
1008 4325 1287 4381 Cerncbat
1317 4325 1529 4397 quippe
1561 4328 1731 4398 atque
1762 4326 2039 4397 tangebat

324 4431 562 4471 carnem
593 4414 905 4486 viventem,
939 4432 1116 4486 quam
1148 4416 1366 4471 viderat
1411 4415 1781 4483 morientem;
1818 4422 1873 4472 et
1914 4433 2037 4474 cre-

322 4504 506 4561 debat
546 4504 729 4560 Deum
760 4506 819 4562 in
852 4522 1024 4561 carne
1072 4506 1197 4576 ipsa
1246 4505 1542 4563 latentem.
1575 4506 1855 4563 Credebat
1903 4522 2036 4579 ergo

329 4599 530 4652 mente
560 4597 715 4667 quod
750 4612 865 4652 non
896 4596 1146 4663 videbat,
1172 4612 1273 4667 per
1303 4596 1410 4653 hoc
1442 4598 1593 4667 quod
1626 4597 1896 4654 sensibus
1918 4613 2038 4653 cor-

323 4685 488 4757 poris
530 4687 864 4759 apparebat.
899 4687 1011 4742 Sed
1038 4685 1147 4742 ctsi
1179 4686 1454 4742 dicuntur
1482 4687 1636 4744 credi
1669 4704 1798 4759 quas
1827 4688 2034 4743 viden-

319 4780 445 4844 tur,
468 4777 625 4833 sicut
654 4779 795 4834 dicit
825 4778 1235 4849 unusquisque
1256 4778 1440 4834 oculis
1464 4780 1587 4834 suis
1608 4795 1667 4835 se
1689 4781 2031 4836 credidisse:

318 4884 446 4926 non
476 4877 669 4925 tamen
701 4869 829 4941 ipsa
851 4874 938 4926 est
960 4886 1086 4941 quae
1109 4870 1166 4924 in
1193 4869 1360 4925 nobis
1384 4868 1702 4926 aediﬁcatur
1735 4872 1908 4939 fides;
1933 4874 2033 4928 sed

315 4977 390 5018 ex
424 4959 600 5015 rebus
633 4976 760 5031 qum
792 4960 1081 5029 videntur,
1107 4959 1299 5031 agitur
1329 4959 1387 5015 in
1423 4961 1591 5017 nobis
1615 4965 1765 5017 utea
1792 4963 2033 5018 credan-

314 5062 418 5107 tur
465 5066 591 5122 quze
634 5067 749 5105 non
799 5050 1090 5111 videntur.
1126 5051 1425 5120 Quocirca,
1461 5050 1845 5121 dilectissimi,
1881 5054 2033 5108 unde

318 5158 482 5198 nunc
514 5141 662 5197 mihi
693 5157 884 5198 sermo
911 5146 1019 5208 est,
1043 5143 1197 5214 quod
1233 5141 1512 5197 Dominus
1533 5142 1633 5209 ait,
1658 5145 1723 5198 Et
1746 5160 1895 5198 nunc
1914 5144 2037 5201 dixi

314 5234 471 5291 vobis
495 5234 828 5307 priusquam
849 5235 972 5304 ﬂat,
996 5242 1054 5290 ut
1078 5251 1203 5290 cum
1220 5235 1425 5305 factum
1447 5236 1636 5304 fuerit,
1661 5236 1906 5291 credatis
1920 5252 1940 5295 ;
1964 5235 2033 5289 il-

311 5326 416 5381 lud
451 5324 651 5396 utique
682 5325 839 5393 dicit,
870 5341 995 5380 cum
1023 5327 1233 5395 factum
1260 5327 1455 5396 /ucrit,
1492 5326 1643 5396 quod
1684 5342 1817 5381 eum
1855 5325 2031 5381 visuri

304 5421 478 5472 erant
511 5418 647 5489 post
676 5420 922 5472 mortem
944 5417 1253 5484 viventem,
1279 5420 1334 5472 et
1356 5416 1425 5472 ad
1455 5415 1675 5472 Patrem
1711 5416 2033 5473 ascenden-

377 5568 391 5603 ¹
426 5567 556 5635 'i‘res
585 5564 732 5635 Mss,
766 5567 1154 5635 sperandorum.
1201 5569 1316 5620 Am.
1350 5573 1414 5635 Aet
1443 5566 1591 5635 Bad.,
1633 5568 2032 5635 sperandarum.

314 5629 404 5697 Er;
441 5631 568 5697 L03.
602 5636 663 5697 et
683 5629 922 5697 plerique
950 5631 1095 5693 Mss,
1126 5633 1464 5697 sperantium.
1492 5629 1586 5686 Sic'
1606 5629 1795 5687 rursus
1827 5634 2036 5690 variant

320 5692 485 5751 intra,
515 5692 699 5745 Trath
725 5692 805 5744 95.

1480 300 1943 363 TRACTATUS
1988 300 2247 365 LXXIX.
2293 304 2547 368 CAPUT
2590 307 2691 368 1V.

3714 326 3869 388 1838

2161 442 2299 495 tem:
2317 457 2429 512 quo
2450 442 2570 499 viso
2592 443 2690 501 illo
2712 445 2857 501 illud
2882 447 3111 503 fuerant
3133 451 3551 525 credituri,quo
3573 458 3695 529 ipse
3717 467 3872 519 esset

2155 529 2415 588 Christus
2467 533 2650 591 Filius
2701 536 2797 591 Dei
2832 537 2961 605 vivi,
3011 539 3107 610 qui
3152 543 3344 611 potuit
3385 543 3491 601 hoc
3524 546 3710 605 facere
3741 568 3872 606 cum

2156 619 2538 687 praedixisset,
2572 628 2627 679 et
2659 626 2969 695 pradicere
3001 633 3133 683 ante
3164 646 3342 701 quam
3390 633 3601 691 iaceret
3635 653 3648 690 :
3682 640 3873 693 credi-

2151 706 2270 763 turi
2304 719 2495 769 autem
2541 714 2644 770 hoc
2689 733 2801 772 non
2855 718 2965 773 ﬁde
3016 734 3184 789 nova,
3218 722 3321 777 sed
3354 728 3552 792 aucta;
3585 730 3684 781 aut
3713 733 3864 783 certe

2155 814 2288 854 cum
2316 808 2583 860 mortuus
2604 807 3025 875 essetdeiecta,
3045 826 3177 865 cum
3201 814 3618 871 resurrexisset
3638 816 3871 873 refecta.

2155 887 2352 959 Neque
2371 891 2524 947 enim
2539 909 2670 949 eum
2698 894 2797 949 Dei
2823 894 3031 951 Filium
3055 913 3167 953 non
3185 905 3389 956 etante
3404 904 3745 973 credebant;
3774 910 3869 962 sed

2157 994 2288 1033 cum
2339 980 2395 1036 in
2445 982 2544 1039 illo
2595 985 2811 1040 factum
2855 992 3009 1043 esset
3039 991 3193 1059 quod
3237 996 3371 1047 ante
3415 995 3692 1063 praedixit,
3728 997 3872 1054 fides

2156 1067 2256 1124 illa
2286 1087 2407 1139 quas
2443 1077 2582 1130 tunc
2611 1076 2842 1145 quando
2893 1076 3006 1133 illis
3056 1077 3403 1150 loquebatur
3434 1083 3539 1138 fuit
3586 1101 3783 1156 parva,
3817 1093 3874 1142 et

2156 1171 2287 1213 cum
2324 1170 2647 1217 moreretur
2678 1180 2822 1234 pene
2846 1165 2967 1235 jam
3004 1167 3186 1236 nulla,
3219 1174 3275 1224 et
3307 1169 3510 1226 revixit
3540 1180 3591 1227 et
3623 1176 3815 1232 crevit.

2226 1248 2280 1301 2.
2307 1246 2524 1304 Deinde
2548 1250 2684 1323 quid
2711 1253 3137 1311 dicit‘Uamnon
3154 1259 3331 1314 multa
3357 1260 3832 1330 loquarvobiscum
3851 1284 3869 1321 .-

2154 1337 2306 1391 venit
2328 1339 2470 1392 enim
2491 1342 2742 1411 princeps
2761 1344 2958 1399 mundi
2976 1345 3171 1416 hujus:
3192 1348 3344 1419 quis,
3364 1348 3472 1404 nisi
3496 1352 3794 1408 diabolus?
3806 1355 3870 1410 Et

2156 1425 2213 1477 in
2227 1439 2428 1480 menon
2444 1426 2603 1484 habet
2618 1428 3174 1503 quidquammullum
3190 1435 3409 1493 scilicet
3422 1438 3657 1495 omnino
3673 1457 3872 1512 pecca-

2154 1516 2303 1570 tum.
2330 1514 2423 1571 Sic
2448 1517 2607 1575 enim
2631 1521 2885 1576 ostendit
2907 1538 3021 1578 non
3046 1530 3468 1595 creaturarum,
3486 1530 3586 1583 sed
3610 1536 3865 1599 peccato-

2156 1606 2633 1678 rum,principem
2648 1609 2941 1666 diabolum
2954 1629 3118 1683 ,quos
3134 1631 3290 1672 nunc
3304 1616 3535 1673 nomine
3551 1620 3744 1674 mundi
3762 1621 3837 1677 bu
3852 1654 3875 1667 -

2147 1693 3097 1775 jusappellat.thuotiescumque
3113 1707 3315 1762 mundi
3332 1724 3542 1763 nomen
3558 1708 3616 1765 in
3635 1711 3772 1766 mali
3788 1713 3870 1768 si-

2156 1784 2527 1856 gniﬁcatione
2575 1791 2830 1861 ponitur,
2867 1809 2980 1849 non
3012 1797 3265 1852 ostendit
3298 1797 3409 1853 nisi
3443 1801 3645 1854 mundi
3700 1801 3867 1859 istius

2155 1880 2475 1947 amatores;
2520 1880 2589 1936 de
2621 1882 2836 1952 quibus
2884 1883 3019 1939 alibi
3071 1887 3355 1959 scriptum
3387 1894 3498 1957 est,
3532 1889 3868 1965 Quicumque

2156 1965 2393 2022 voluerit
2421 1968 2631 2026 amicus
2661 1987 2772 2028 esse
2804 1975 2999 2031 saeculi
3030 1976 3214 2047 hujus,
3248 1979 3506 2034 inimicus
3536 1980 3633 2035 Dei
3661 1988 3865 2038 consti-

2156 2058 2338 2111 tuetur
2359 2057 2568 2127 (Jacobi
2588 2077 2659 2129 IV,
2685 2061 2758 2131 4).
2783 2064 2944 2119 Absit
2974 2080 3108 2135 ergo
3140 2070 3204 2121 ut
3235 2066 3319 2122 sie
3348 2067 3714 2140 intelligatur
3744 2071 3865 2128 dia-

2158 2145 2323 2203 bolus
2342 2148 2607 2223 princeps
2628 2153 2853 2223 mundi,
2872 2162 3146 2225 tanquam
3170 2160 3333 2227 gerat
3351 2157 3606 2215 universi
3630 2162 3859 2229 mundi,

2156 2235 2213 2292 id
2246 2242 2357 2309 est,
2390 2240 2517 2296 cmli
2549 2245 2604 2298 et
2634 2246 2819 2311 terrae,
2853 2249 3027 2316 atque
3058 2248 3317 2304 omnium
3352 2265 3478 2320 quae
3517 2250 3576 2306 in
3609 2252 3691 2308 eis
3724 2262 3857 2308 sunt

2156 2327 2545 2401 principatum
2582 2350 2595 2389 :
2629 2334 2700 2389 de
2729 2334 2886 2405 quali
2938 2337 3157 2392 mundo
3206 2338 3428 2395 dictum
3471 2348 3578 2410 est,
3611 2357 3744 2397 cum
3792 2343 3863 2397 de

2156 2416 2380 2474 Christo
2401 2419 2588 2478 Verbo
2618 2438 2804 2479 sermo
2834 2429 3008 2493 esset,
3031 2426 3093 2481 Et
3123 2428 3361 2484 mundus
3387 2445 3492 2501 per
3522 2446 3649 2486 eum
3678 2432 3861 2503 factus

2156 2512 2237 2563 est
2270 2508 2451 2579 (Joan.
2479 2527 2519 2578 ι,
2547 2512 2653 2583 10).
2688 2512 3005 2571 Universus
3037 2517 3233 2589 itaque
3264 2519 3515 2576 mundus
3548 2538 3581 2576 a
3610 2524 3862 2579 summis

2153 2598 2316 2655 caelis
2350 2617 2535 2673 usque
2556 2604 2627 2660 ad
2672 2604 2935 2662 intimam
2963 2613 3174 2663 terram
3200 2609 3444 2666 creatori
3467 2618 3550 2667 est
3574 2613 3861 2684 subditus,

2156 2704 2272 2745 non
2308 2690 2618 2762 desertori;
2645 2696 3013 2767 redemptori,
3043 2713 3155 2753 non
3187 2698 3619 2771 intercmptori;
3656 2701 3863 2758 libera-

2153 2780 2286 2849 tori,
2318 2796 2434 2837 non
2467 2783 2839 2856 captivatori;
2874 2786 3113 2856 doctori,
3151 2804 3266 2845 non
3298 2789 3609 2862 deceptori.
3650 2793 3865 2856 Quem-

2153 2869 2473 2929 admodum
2496 2876 2778 2931 autemsit
2802 2875 3216 2947 intelligendus
3231 2879 3570 2952 princepsm
3582 2883 3721 2937 undi
3745 2885 3865 2940 dia-

2153 2960 2344 3028 bolus,
2384 2964 2713 3021 evidentius
2747 2967 2971 3036 aperuit
3004 2967 3217 3025 Paulus
3245 2971 3561 3040 apostolus,
3587 2974 3683 3043 qui
3727 2990 3861 3030 cum

2153 3049 2418 3121 dixisset,
2450 3053 2567 3107 Non
2613 3058 2693 3109 est
2738 3055 2893 3111 nobis
2923 3057 3234 3113 colluctatio
3265 3060 3523 3116 adversus
3552 3078 3780 3119 carnem
3809 3071 3863 3120 et

2152 3143 2498 3210 sanguinem,
2535 3143 2588 3198 id
2621 3148 2731 3211 est,
2765 3146 3034 3201 adversus
3067 3146 3366 3217 homines;
3399 3152 3664 3222 subjecit,
3689 3158 3860 3225 atque

2153 3231 2254 3298 ait,
2276 3232 2368 3287 sed
2389 3232 2645 3289 adversus
2661 3234 2937 3308 principes
2957 3247 3008 3291 et
3027 3242 3318 3308 potestates
3339 3246 3391 3295 ct
3414 3250 3645 3299 rectores
3667 3247 3835 3301 mund
3842 3248 3861 3301 i

2153 3322 2505 3379 tenebrarum
2534 3326 3051 3398 harum(Ephes.vr,
3070 3328 3175 3400 t2).
3201 3332 3475 3399 Sequenti
3506 3334 3661 3389 enim
3687 3338 3857 3392 verbo

2151 3413 2416 3484 exposuit
2447 3414 2585 3485 quid
2618 3415 2879 3482 dixisset,
2905 3416 3121 3487 mundi,
3144 3434 3277 3473 cum
3311 3419 3582 3489 subjecit,
3614 3425 3857 3479 tenebra-

2151 3504 2503 3575 rum‘harum
2524 3522 2543 3560 :
2567 3523 2639 3563 ne
2659 3507 2972 3578 quisquam
3006 3508 3210 3563 mundi
3243 3510 3478 3565 nomine
3510 3511 3858 3585 intelligeret

2152 3593 2482 3650 universam
2516 3604 2862 3667 creaturam,
2887 3600 3050 3668 cujus
3074 3598 3233 3654 nullo
3259 3601 3425 3657 modo
3449 3606 3583 3656 sunt
3604 3608 3855 3659 rectores

2152 3684 2339 3755 angeli
2374 3686 2716 3744 desertores.
2750 3688 3133 3756 Tenebrarum,
3169 3689 3381 3761 inquit,
3415 3690 3636 3763 harum,
3660 3693 3720 3749 id
3744 3701 3850 3761 est,

2152 3777 2358 3833 mundi
2382 3778 2548 3835 istius
2570 3782 2900 3837 amatorum
2928 3799 2940 3837 :
2963 3797 3029 3838 ex
3052 3782 3266 3854 quibus
3290 3790 3478 3839 tamen
3505 3783 3667 3840 electi
3692 3792 3851 3853 sunt,

2149 3885 2265 3925 non
2298 3886 2401 3942 per
2431 3887 2600 3928 suum
2633 3873 2926 3941 meritum,
2951 3876 3047 3931 sed
3082 3891 3183 3946 per
3212 3874 3312 3930 Dei
3343 3875 3615 3946 gratiam,
3638 3878 3854 3947 quibus

2150 3958 2307 4027 dicit,
2342 3962 2544 4017 Fuistis
2570 3964 2718 4019 enim
2749 3964 3045 4035 aliquando
3073 3966 3343 4032 tenebraz;
3370 3981 3519 4021 nunc
3549 3974 3727 4022 autem
3759 3968 3857 4023 luat

2149 4053 2207 4104 in
2255 4053 2490 4108 Domino
2521 4054 2623 4125 (td.
2656 4070 2711 4122 v,
2744 4054 2819 4126 8).
2856 4055 3069 4111 Omnes
3119 4055 3274 4111 enim
3326 4056 3561 4112 fuerunt
3607 4058 3717 4113 sub
3766 4076 3854 4115 re-

2152 4141 2405 4197 ctoribus
2436 4144 2810 4199 tenebrarum
2846 4145 3069 4214 barum,
3094 4146 3149 4201 id
3184 4152 3288 4211 est,
3314 4145 3617 4202 hominum
3652 4148 3857 4217 impio-

2150 4247 2302 4299 rum,
2330 4240 2605 4304 tanquam
2638 4234 2889 4289 tenebrae
2913 4235 3022 4291 sub
3049 4235 3336 4291 tenebris:
3364 4236 3461 4289 sed
3490 4239 3697 4305 gratias
3731 4238 3852 4301 Deo,

2150 4323 2247 4392 qui
2275 4326 2419 4377 eruit
2455 4340 2570 4395 nos,
2606 4324 2757 4379 sicut
2788 4324 2927 4379 dicit
2957 4325 3109 4380 idem
3142 4323 3461 4395 apostolus,
3494 4325 3559 4379 de
3586 4330 3856 4395 potestate

2148 4418 2523 4485 tenebrarum,
2546 4426 2595 4472 et
2618 4417 2904 4472 transtulit
2930 4418 2986 4471 in
3017 4433 3243 4488 regnum
3272 4418 3407 4473 Filii
3435 4417 3722 4472 charitatis
3743 4434 3853 4471 sua!

2150 4506 2377 4573 (Coloss.
2431 4524 2469 4575 ι,
2526 4508 2754 4577 12,13).
2810 4508 2871 4561 1n
2923 4523 3034 4579 quo
3084 4507 3353 4579 princeps
3400 4506 3576 4577 hujus
3624 4507 3850 4571 mundi,

2152 4598 2255 4653 hoc
2288 4604 2373 4653 est
2406 4598 2776 4653 tenebrarum
2809 4597 3040 4667 harum,
3068 4614 3181 4653 non
3216 4597 3463 4653 habebat
3494 4598 3847 4669 quidquam;

2149 4689 2287 4761 quia
2320 4705 2505 4761 neque
2536 4704 2669 4745 cum
2704 4692 2937 4760 peccato
2969 4688 3119 4744 Deus
3149 4692 3401 4757 venerat,
3437 4704 3539 4744 nec
3571 4688 3694 4759 ejus
3726 4705 3848 4744 car-

2147 4796 2280 4836 nem
2330 4780 2399 4835 de
2451 4780 2670 4852 peccati
2719 4778 3027 4851 propagine
3059 4780 3228 4852 Virgo
3279 4783 3563 4852 pepereat.
3611 4780 3678 4835 Et
3726 4784 3847 4835 tan-

2148 4886 2322 4942 quam
2354 4870 2405 4926 ei
2437 4872 2747 4938 diceretur,
2780 4872 2895 4925 Cur
2941 4886 3074 4942 ergo
3125 4871 3389 4937 moreris,
3424 4870 3469 4925 si
3512 4887 3623 4925 non
3666 4870 3845 4925 habes

2146 4967 2443 5034 peccatum
2478 4962 2569 5018 cui
2601 4962 2881 5018 debeatur
2913 4962 3114 5018 mortis
3150 4960 3538 5033 supplicium?
3568 4960 3843 5016 continuo

2146 5056 2412 5128 subjecit,
2445 5056 2556 5112 Sed
2587 5060 2645 5110 ut
2674 5062 2957 5124 cognoscat
2990 5055 3224 5110 mundus
3254 5056 3381 5124 quia
3406 5053 3572 5121 diligo
3606 5051 3838 5113 Patrem,

2144 5152 2193 5203 et
2222 5147 2358 5202 sicut
2391 5146 2710 5201 mandatum
2740 5145 2888 5201 dedit
2920 5144 3057 5200 mihi
3085 5148 3263 5209 Pater,
3297 5142 3376 5196 sic
3403 5140 3580 5210 facio;
3608 5142 3841 5207 surgite.

2142 5253 2331 5292 eamus
2354 5238 2497 5291 hinc.
2522 5234 2903 5291 Discumbcns
2928 5235 3080 5289 enim
3106 5230 3608 5287 discumbentibus
3643 5229 3844 5300 loque-

2143 5327 2333 5381 batur.
2370 5327 2569 5383 Eamus
2612 5330 2805 5381 autem
2839 5325 3001 5390 dixit,
3038 5338 3171 5394 quo,
3202 5321 3315 5376 nisi
3347 5320 3417 5375 ad
3453 5319 3614 5374 illum
3658 5320 3842 5375 locum

2144 5416 2295 5471 unde
2328 5416 2514 5470 fuerat
2545 5415 2859 5471 tradendus
2889 5413 2959 5468 ad
2994 5416 3260 5477 mortem,
3285 5410 3381 5481 qui
3410 5409 3635 5465 nullum
3668 5408 3840 5466 babe-

2143 5507 2243 5562 bat
2274 5504 2542 5560 meritum
2578 5502 2809 5559 mortis?
2830 5502 2935 5557 Sed
2970 5501 3305 5558 habebatut
3334 5506 3651 5558 moreretur
3682 5518 3841 5556 man-

2144 5597 2344 5653 datum
2392 5595 2593 5667 Patris,
2628 5603 2905 5667 tanquam
2939 5593 3033 5651 ille
3066 5594 3135 5649 de
3166 5610 3277 5665 quo
3327 5593 3664 5664 praedictum
3698 5596 3840 5657 erat,

2134 5688 2271 5756 Quae
2319 5702 2433 5745 non
2482 5686 2663 5762 rapui,
2709 5690 2839 5743 tunc
2887 5684 3230 5746 exsolvebam
3274 5684 3451 5757 (Psal.
3506 5700 3698 5753 vam,
3729 5684 3786 5749 5)
3825 5696 3841 5736 :
