4148 6190
308 293 459 354 1839

305 430 551 482 mortem
585 422 709 478 sine
738 422 927 477 debito
959 420 1278 486 soluturus,
1311 423 1367 475 et
1399 436 1503 474 nos
1535 436 1568 475 a
1599 422 1781 473 morte
1812 418 2008 475 debita

305 512 1231 585 redempturus.Rapueratautem
1246 509 1425 565 Adam
1444 512 1743 581 peccatum
1756 510 2007 579 ,quando

306 623 541 662 manum
576 606 629 659 in
666 604 931 659 arborem
965 601 1417 673 praesumptione
1443 601 1713 671 deceptus
1734 600 2007 668 extendit,

306 699 370 749 ut
393 691 944 749 incommunicabile
966 706 1177 745 nomen
1196 689 1552 744 inconcessre
1571 687 1893 743 divinitatis
1923 688 2009 742 in-

306 786 551 851 vaderet,
588 800 758 855 quam
811 782 951 837 Filio
1004 781 1103 836 Dei
1154 784 1363 837 natura
1394 782 1737 847 contulerat,
1771 795 1886 835 non
1920 795 2011 834 ra-

306 892 463 946 plna.

820 1010 1244 1069 TRACTATUS
1289 1010 1499 1067 LXXX.

312 1124 382 1182 De
416 1140 474 1180 eo
506 1120 644 1193 quod
675 1120 831 1189 dicit,
862 1120 980 1191 Ego
1023 1136 1154 1175 sum
1187 1118 1320 1173 vitis
1346 1135 1501 1186 vera,
1535 1123 1588 1174 et
1640 1120 1803 1173 Pater
1851 1134 2016 1174 meus

382 1212 627 1284 agricola
646 1216 763 1277 est;
796 1225 966 1280 usque
993 1209 1066 1265 ad
1092 1210 1320 1275 id,Jam
1352 1226 1453 1264 vos
1484 1208 1686 1263 mundi
1717 1208 1859 1264 estis
1889 1225 2015 1282 pro-

378 1310 504 1375 pter
536 1317 865 1359 sermonem
899 1316 1072 1372 quem
1104 1299 1335 1356 locutus
1367 1314 1493 1355 sum
1542 1299 1725 1356 vobis.
1761 1299 1890 1372 Cap.
1921 1315 2013 1372 xv,

380 1395 432 1465 ᾗ.
470 1394 589 1450 1-3.

384 1522 432 1576 1.
468 1522 581 1574 Iste
611 1518 772 1575 locus
804 1514 1196 1587 evangelicus,
1234 1515 1457 1582 fratres,
1492 1513 1591 1569 ubi
1625 1529 1687 1570 se
1720 1514 1862 1571 dicit
1899 1514 2015 1571 Do-

312 1611 507 1665 minus
538 1610 737 1675 vitem,
762 1610 818 1662 et
849 1605 1169 1677 discipulos
1201 1621 1339 1661 suos
1371 1604 1663 1676 palmites,
1698 1604 2015 1659 secundum

313 1702 416 1754 hoc
451 1698 592 1755 dicit
622 1698 774 1770 quod
816 1700 903 1753 est
941 1700 1113 1767 caput
1162 1694 1448 1756 Ecclesia.
1484 1710 1708 1766 nosque
1755 1694 2019 1749 membra

309 1790 456 1858 ejus,
484 1787 765 1843 mediator
796 1786 895 1840 Dei
920 1789 976 1840 et
1010 1784 1308 1841 hominum
1342 1783 1517 1840 homo
1547 1782 1816 1840 Christus
1845 1784 2017 1839 Jesus

307 1879 353 1946 (Ι
384 1878 517 1933 Tim.
548 1895 602 1947 ιι,
625 1877 700 1948 5).
731 1876 913 1931 Unius
940 1875 1157 1947 quippe
1189 1882 1403 1930 naturte
1427 1878 1566 1930 sunt
1588 1873 1717 1929 vitis
1738 1881 1791 1928 et
1814 1872 2020 1946 palmi-

312 1976 399 2024 tes
443 1985 453 2022 :
500 1970 735 2038 propter
781 1965 935 2036 quod
985 1980 1113 2019 cum
1164 1967 1317 2019 esset
1364 1963 1534 2034 Deus,
1584 1963 1753 2032 cujus
1802 1969 2017 2018 natura

316 2075 427 2113 non
462 2071 685 2126 sumus,
709 2056 895 2111 factus
923 2061 1011 2110 est
1041 2053 1239 2120 homo,
1262 2058 1327 2108 ut
1351 2053 1411 2108 in
1441 2052 1540 2109 illo
1571 2056 1724 2109 esset
1753 2052 1886 2108 vitis
1916 2052 2020 2107 bu-

314 2156 486 2197 mana
510 2146 732 2198 natura,
758 2137 926 2207 cujus
948 2140 1003 2192 et
1025 2152 1131 2192 nos
1159 2134 1425 2191 homines
1448 2134 1720 2205 palmites
1737 2150 1864 2190 esse
1888 2150 2019 2206 pos-

316 2246 533 2286 semus.
560 2228 705 2292 Quid
728 2242 864 2297 ergo
886 2228 997 2293 est,
1022 2226 1130 2295 Ego
1150 2242 1272 2280 sum
1298 2226 1424 2279 vitis
1453 2231 1619 2279 vera?
1640 2223 1933 2295 Numquid
1958 2225 2022 2278 ut

318 2322 552 2378 adderet
585 2334 734 2385 vera,
764 2316 874 2372 hoc
902 2316 971 2371 ad
1005 2332 1133 2371 eam
1167 2316 1339 2371 vitem
1372 2314 1590 2383 retulit,
1625 2315 1779 2370 unde
1807 2315 1918 2370 ista
1948 2312 2021 2369 si-

318 2410 586 2468 militudo
616 2407 897 2465 translata
925 2406 1053 2463 est?
1083 2406 1178 2462 Sic
1208 2405 1362 2463 enim
1396 2406 1608 2460 dicitur
1632 2404 1782 2473 vitis,
1812 2421 1914 2476 per
1942 2404 2020 2461 si-

319 2500 737 2568 militudinem,
771 2515 885 2556 non
918 2514 1021 2570 per
1050 2497 1499 2568 proprietatem;
1534 2496 2017 2567 quemadmodum

320 2593 535 2647 dicitur
561 2590 703 2657 ovis,
736 2603 941 2658 agnus,
972 2587 1081 2653 leo,
1112 2586 1453 2657 petra,lapis
1484 2584 1800 2656 angularia,
1824 2589 1880 2641 et
1908 2600 2021 2640 cs-

317 2686 439 2737 tera
469 2677 831 2748 bujusmodi,
856 2692 983 2745 quas
1014 2674 1201 2746 magis
1231 2675 1358 2746 ipsa
1387 2678 1527 2729 sunt
1547 2691 1695 2741 vera,
1719 2690 1783 2730 ex
1808 2674 2023 2745 quibus

313 2773 613 2826 ducuntur
662 2767 784 2822 ista:
843 2762 1291 2830 similitudines,
1326 2780 1441 2819 non
1486 2763 1881 2834 preprietates.
1915 2764 2022 2819 Sed

313 2876 441 2917 cum
479 2858 637 2926 dicit,
673 2858 780 2927 Ego
819 2871 942 2911 sum
974 2855 1099 2909 vitis
1126 2870 1278 2921 vera,
1310 2854 1381 2909 ab
1432 2853 1530 2909 illa
1571 2870 1630 2909 se
1678 2854 1883 2928 utique
1930 2854 2025 2909 di—

1248 288 1321 347 IN
1367 286 1686 349 JOANNlS
1731 286 2268 363 EVANGELIUM,
2318 289 2381 349 S.
2429 285 2852 350 AUGUSTINl

3670 282 3827 343 1840

2116 422 2183 477 Et
2212 423 2321 480 hoc
2352 438 2486 494 ergo
2516 418 2971 488 sicutunicuique
2995 417 3253 472 Dominus
3274 416 3452 472 dedit:
3485 432 3599 471 non
3626 416 3825 486 itaque

2118 514 2188 568 de
2218 530 2344 569 suo.
2376 514 2642 567 Jamvero
2667 511 2814 582 quod
2838 509 3123 580 sequitur,
3147 507 3237 563 sed
3262 509 3397 563 Deus
3421 508 3829 563 incrementum

2118 603 2265 658 dedit
2294 603 2341 672 (Ι
2375 603 2493 658 Cor.
2528 620 2611 667 ιιι,
2643 602 2795 672 5-Ἳ);
2831 616 2946 655 ιιοιι
2980 615 3077 671 per
3109 598 3262 665 illos,
3296 600 3394 654 sed
3431 614 3532 670 per
3563 598 3825 669 seipsum

2122 694 2257 747 facit
2280 711 2294 749 :
2318 693 2541 748 excedit
2563 692 2671 747 hoc
2702 692 3017 745 humanam
3052 688 3460 754 humilitatem,
3485 688 3707 745 excedit
3733 703 3829 740 an-

2118 783 2359 855 gelicam
2407 781 2853 850 sublimitatem,
2908 795 3016 836 nec
3063 778 3300 835 omnino
3332 778 3580 849 pertinet
3612 778 3724 833 nisi
3755 778 3827 832 ad

2121 873 2431 942 agricolam
2483 871 2848 927 Trinitatem.
2899 871 3025 924 lam
3074 884 3164 924 vos
3210 868 3405 924 mundi
3441 870 3589 935 estis,
3626 866 3828 922 mundi

2119 962 2335 1019 scilicet
2366 967 2538 1033 atque
2571 959 2912 1017 mundandi.
2946 959 3142 1029 Neque
3172 959 3327 1014 enim
3362 957 3473 1013 nisi
3507 956 3715 1013 mundi
3747 974 3832 1011 es-

2123 1058 2273 1119 sent,
2306 1053 2556 1109 fructum
2591 1052 2734 1107 ferre
2765 1050 3132 1121 potuissent:
3160 1054 3217 1105 et
3248 1056 3440 1104 tamen
3472 1064 3706 1103 omnem
3730 1048 3828 1117 qui

2123 1145 2232 1199 fert
2264 1143 2539 1211 fructum,
2573 1146 2782 1215 purgat
2811 1140 3083 1212 agricola,
3117 1146 3181 1197 ut
3227 1140 3478 1197 fructum
3526 1138 3657 1211 plus
3698 1139 3832 1193 affe-

2123 1240 2229 1291 rat.
2264 1234 2395 1290 Fert
2440 1234 2717 1300 fructum,
2753 1232 2890 1304 quia
2939 1233 3197 1288 mundus
3245 1237 3365 1301 est;
3401 1237 3573 1303 atque
3605 1235 3667 1286 ut
3698 1232 3829 1302 plus

2121 1324 2342 1392 afferat,
2370 1326 2651 1393 purgatur
2681 1322 2889 1376 adhuc.
2914 1319 3055 1385 Quis
3085 1320 3239 1375 enim
3262 1327 3350 1375 est
3380 1320 3439 1375 in
3470 1319 3577 1375 hac
3597 1318 3719 1374 vita
3748 1319 3832 1374 sic

2123 1412 2401 1478 mundus,
2419 1416 2481 1467 ut
2503 1427 2617 1465 non
2639 1411 2714 1465 sit
2738 1410 2924 1481 magis
2959 1409 3252 1481 magisque
3285 1408 3703 1465 mundandus?
3728 1408 3831 1463 Ubi

2129 1525 2150 1555 ι
2178 1504 2222 1558 si
2246 1503 2563 1558 dixerimus
2585 1501 2720 1573 quia
2742 1506 3040 1572 peccatum
3066 1517 3180 1557 non
3212 1500 3514 1569 habemus,
3540 1516 3648 1555 nos
3671 1499 3833 1571 ipsos

2124 1594 2479 1663 seducimus,
2503 1596 2560 1647 et
2581 1592 2789 1647 veritas
2810 1591 2868 1646 in
2894 1591 3061 1647 nobis
3095 1607 3210 1647 non
3242 1596 3368 1647 est:
3394 1592 3442 1645 si
3474 1596 3668 1646 autem
3702 1607 3833 1645 eon-

2125 1684 2261 1740 fessi
2296 1684 2573 1739 fuerimus
2606 1686 2837 1753 peccata
2871 1686 3089 1747 nostra,
3117 1680 3299 1735 fidelis
3321 1685 3408 1736 est
3430 1680 3829 1751 etjustus,qui

2124 1773 2373 1829 dimittat
2407 1772 2573 1827 nobis
2624 1775 2879 1843 peccata,
2912 1780 2964 1825 et
3000 1771 3241 1825 mundet
3274 1787 3386 1825 non
3422 1771 3491 1825 ab
3524 1770 3683 1825 omni
3721 1768 3834 1823 ini-

2126 1864 2346 1935 quitate
2369 1886 2395 1912 »
2420 1862 2467 1932 (l
2493 1863 2647 1917 Joan.
2678 1863 2726 1926 1,
2749 1862 2862 1932 8,9)
2889 1878 2901 1916 :
2928 1860 3168 1916 mundct
3200 1861 3393 1931 utique
3428 1860 3697 1925 mundos,
3727 1856 3831 1913 hoc

2125 1960 2215 2012 est
2264 1955 2612 2019 fructuosos,
2666 1956 2728 2007 ut
2778 1955 2934 2007 tanto
2986 1952 3105 2006 sint
3153 1949 3581 2015 fructuosiores,
3616 1952 3834 2020 quanto

2126 2044 2344 2102 fuerint
2374 2042 2733 2098 mundiores.

2196 2140 2249 2191 3.
2280 2137 2409 2189 Jam
2439 2149 2527 2190 vos
2556 2132 2750 2187 mundi
2778 2134 2905 2187 estis
2935 2138 3154 2202 propter
3184 2132 3404 2186 verbum
3436 2130 3582 2203 quod
3618 2130 3833 2184 locutus

2125 2241 2246 2281 sum
2280 2224 2443 2279 vobis.
2477 2227 2664 2291 Quare
2713 2238 2828 2277 non
2877 2221 2975 2287 ait,
3010 2221 3208 2276 mundi
3260 2221 3400 2276 estis
3450 2222 3679 2291 propter
3724 2218 3837 2273 Ba-

2127 2316 2406 2387 ptismum
2438 2330 2553 2384 quo
2586 2312 2685 2368 loti
2714 2312 2869 2373 estis,
2905 2311 3002 2367 sed
3035 2311 3137 2379 ait,
3164 2317 3396 2381 propter
3436 2310 3652 2365 verbum
3691 2310 3839 2379 quod

2128 2408 2336 2463 locutus
2366 2421 2481 2460 sum
2513 2404 2655 2459 vobis
2671 2418 2691 2463 ;
2723 2402 2833 2458 nisi
2865 2402 3004 2472 quia
3033 2406 3091 2457 et
3120 2402 3176 2456 in
3211 2416 3360 2471 aqua
3389 2400 3625 2456 verbum
3659 2416 3836 2454 mum

2129 2496 2264 2552 dat?
2286 2493 2531 2551 Detrahe
2552 2494 2815 2560 verbum,
2838 2496 2894 2547 et
2919 2491 3057 2562 quid
3086 2496 3170 2546 est
3202 2508 3353 2561 aqua
3384 2490 3497 2546 nisi
3524 2490 3721 2560 aqua?
3739 2492 3841 2545 Ac-

2129 2585 2281 2643 cedit
2328 2583 2567 2639 verbum
2621 2583 2687 2637 ad
2740 2580 3111 2648 elementum,
3154 2585 3209 2636 et
3259 2580 3324 2634 ﬁt
3372 2579 3839 2645 Sacramentum,

2129 2676 2297 2733 etiam
2350 2674 2543 2744 ipsum
2568 2676 2847 2741 tanquam
2901 2670 3128 2727 visibile
3156 2670 3418 2726 verbum.
3456 2674 3594 2724 Nam
3626 2672 3684 2725 et
3729 2669 3839 2723 hoc

2132 2767 2327 2838 utique
2355 2766 2598 2831 dixerat,
2623 2760 2859 2835 quando
2892 2764 3066 2834 pedes
3093 2762 3393 2834 discipulis
3426 2762 3569 2819 lavit
3595 2779 3607 2816 :
3632 2763 3739 2829 Qui
3767 2764 3842 2817 Io-

2130 2866 2215 2913 tus
2244 2864 2339 2923 est,
2373 2871 2478 2910 non
2522 2854 2728 2924 indiget
2758 2854 2867 2908 nisi
2896 2858 2955 2907 ut
2994 2853 3151 2924 pedes
3182 2853 3343 2920 lavet,
3376 2852 3465 2909 sed
3495 2862 3573 2908 est
3605 2853 3840 2907 mundus

310 2948 525 3007 scernit
548 2946 643 3003 cui
674 2945 905 3012 dicitur,
931 2943 1207 3012 Quomodo
1236 2959 1490 3001 conversa
1512 2960 1569 3000 es
1598 2944 1657 2999 in
1689 2944 2022 3001 amaritudi-
2075 2937 2103 3023 ι
2131 2950 2270 3004 lotus
2318 2947 2497 3017 (Joan.
2521 2962 2645 3011 xui,
2680 2944 2785 3014 10).
2815 2942 2977 2998 Unde
3008 2943 3123 2998 ista
3153 2947 3313 2999 tanta
3345 2944 3529 2999 virtus
3560 2960 3746 3013 aquae,
3780 2946 3843 2998 ut

310 3058 456 3111 nem,
492 3039 620 3095 vitis
650 3036 836 3093 aliena
863 3037 1083 3105 (lerem.
1119 3051 1182 3102 ιι,
1213 3034 1345 3102 21)?
1373 3034 1516 3091 Nam
1564 3051 1678 3106 quo
1724 3042 1888 3106 pacto
1936 3038 2027 3091 est

313 3131 445 3186 vitis
474 3145 631 3195 vera,
663 3143 790 3197 quae
821 3128 1152 3195 exspectata
1188 3128 1275 3181 est
1319 3127 1384 3180 ut
1414 3124 1626 3181 faceret
1657 3141 1847 3193 uvam,
1884 3126 2018 3183 fecit

317 3225 508 3276 autem
546 3218 748 3290 spinas
780 3217 929 3286 (lsai.
964 3232 1021 3285 ν,
1054 3214 1151 3287 li)?

389 3312 442 3364 2.
470 3310 572 3380 Ego
602 3304 963 3378 sum,inquit,
995 3306 1120 3360 vitis
1152 3320 1303 3371 vera,
1328 3311 1377 3362 et
1407 3307 1574 3361 Pater
1603 3322 1753 3362 meus
1782 3306 2027 3377 agricola

318 3412 415 3459 (st.
443 3400 664 3456 Omnem
694 3395 979 3468 palmitem
1002 3396 1056 3448 in
1078 3410 1167 3450 me
1187 3411 1294 3451 non
1315 3397 1573 3465 ferentem
1598 3396 2027 3466 lructum,tollet

319 3510 440 3549 cum
456 3510 473 3546 :
486 3495 537 3547 et
559 3503 773 3547 omnem
794 3486 891 3557 qui
900 3486 1007 3555 fert
1018 3487 1282 3555 fructum,
1296 3486 1554 3556 purgabit
1566 3492 1775 3551 eum,ut
1789 3487 2031 3553 fructum

320 3584 443 3653 plus
470 3581 685 3651 aﬂerat.
704 3572 1000 3645 Numquid
1028 3588 1207 3629 unum
1230 3586 1369 3629 sunt
1389 3572 1643 3645 agricola
1664 3580 1719 3629 et
1737 3574 1905 3630 vitis?
1929 3575 2029 3630 Se-

323 3692 349 3725 r
360 3690 388 3725 ιι
402 3671 581 3725 ndum
605 3668 711 3721 hoc
725 3680 859 3736 ergo
875 3663 1009 3718 vitis
1024 3663 1631 3729 Christus,secundum
1647 3664 1800 3735 quod
1826 3664 2028 3731 ait,Pa-

324 3759 589 3829 (erinajor
602 3770 684 3810 me
703 3755 1203 3822 est(.loan.x1v.28)
1229 3770 1241 3808 :
1267 3753 1522 3808 secundu
1535 3769 1585 3808 ιιι
1609 3758 1798 3809 autem
1816 3754 2027 3826 idquod

323 3851 423 3916 ait,
459 3848 565 3914 Ego
594 3850 645 3898 et
677 3845 839 3897 Pater
867 3856 1042 3895 unum
1071 3857 1261 3895 sumus
1290 3840 1391 3912 (Id.
1426 3859 1477 3906 ιι,
1510 3842 1624 3913 30),
1650 3847 1707 3897 et
1737 3842 1860 3913 ipse
1892 3842 2033 3914 agri-

324 3937 449 3991 cola
483 3937 585 3989 est.
623 3931 735 3987 Nec
767 3929 897 3984 talis
929 3929 1133 3999 quales
1164 3934 1318 3996 sunt,
1354 3930 1453 4000 qui
1496 3932 1855 3987 extrinsecus
1887 3949 2030 4003 ope-

324 4026 508 4082 rando
556 4020 830 4078 exhibent
879 4017 1303 4087 ministerium;
1341 4020 1439 4075 sed
1476 4020 1611 4075 talis
1643 4027 1706 4076 ut
1731 4023 1828 4078 det
1857 4022 2029 4079 etiam

327 4114 679 4171 intrinsecus
730 4109 1175 4163 incrementum.
1210 4108 1347 4163 Nam
1385 4124 1558 4179 neque
1586 4111 1682 4181 qui
1708 4112 1927 4181 plantat
1956 4120 2034 4169 est

327 4203 565 4276 aliquid,
588 4215 763 4272 neque
782 4199 877 4271 qui
899 4196 1083 4266 rigat;
1103 4197 1194 4252 sed
1214 4198 1310 4266 qui
1329 4199 1726 4254 incrementum
1745 4198 1837 4255 dat
1868 4202 2025 4257 Deus.

329 4296 437 4353 Sed
462 4293 665 4364 utique
688 4291 841 4346 Deus
864 4292 949 4344 est
966 4287 1251 4357 Christus,
1275 4288 1407 4359 quia
1433 4288 1582 4344 Deus
1610 4294 1733 4345 erat
1753 4289 2030 4360 Verbum;

332 4386 486 4443 unde
517 4384 643 4455 ipse
672 4384 726 4436 et
757 4380 922 4435 Pater
952 4393 1130 4434 unum
1163 4381 1299 4433 sunt
1325 4394 1337 4431 :
1362 4382 1417 4434 ct
1438 4379 1483 4434 si
1509 4378 1758 4435 Verbum
1793 4396 1924 4435 caro
1956 4380 2033 4436 fa-

331 4483 491 4533 ctum
548 4480 629 4529 est
677 4472 782 4543 (Id.
842 4487 881 4537 ι,
916 4472 967 4539 1,
1004 4470 1089 4539 14)
1138 4470 1293 4540 quod
1327 4486 1441 4526 non
1473 4475 1610 4539 erat,
1642 4475 1837 4526 manet
1880 4471 2032 4543 quod

332 4571 471 4623 erat.
524 4562 783 4633 Denique
831 4574 965 4615 cum
1016 4559 1087 4614 de
1138 4564 1302 4615 Patre
1352 4564 1634 4630 tanquam
1673 4560 1743 4615 de
1788 4560 2037 4631 agricola

333 4656 572 4712 dixisset
602 4651 751 4721 quod
787 4649 1179 4704 infructuosos
1210 4648 1475 4720 palmites
1502 4648 1681 4716 tollat,
1712 4649 2038 4706 fructuosos

335 4749 529 4801 autem
580 4743 789 4813 purget
826 4744 891 4793 ut
938 4738 1071 4808 plus
1120 4740 1363 4794 afferant
1411 4739 1705 4808 fructum;
1762 4742 2038 4796 continuo

334 4836 508 4892 etiam
532 4834 788 4903 seipsum
812 4829 1212 4884 mundatorcm
1242 4828 1551 4900 palmitum
1575 4830 2041 4896 ostendens,Jam

334 4917 877 4995 vos,inquit,mundi
904 4916 1035 4972 estis
1059 4924 1283 4987 propter
1309 4932 1613 4973 sermonem
1642 4934 1801 4990 quem
1833 4919 2043 4974 locutus

336 5032 455 5071 sum
487 5014 652 5069 vobis.
687 5010 828 5065 Ecce
850 5011 907 5063 et
934 5006 1059 5078 ipse
1090 5006 1397 5063 mundator
1428 5010 1513 5062 est
1540 5007 2042 5080 palmitum,quod

338 5111 424 5162 est
462 5100 749 5175 agricolae,
785 5114 897 5154 non
932 5095 1062 5152 vitis
1094 5094 1351 5151 ofﬁcium
1388 5112 1399 5149 :
1434 5096 1533 5167 qui
1566 5095 1743 5152 etiam
1776 5096 2044 5168 palmites

342 5193 633 5267 operarios
655 5206 793 5247 suos
818 5188 970 5244 fecit.
996 5185 1142 5242 Nam
1168 5184 1275 5240 etsi
1300 5201 1410 5241 non
1432 5187 1570 5241 dant
1594 5186 2044 5257 incrementum,

345 5282 695 5356 impendunt
725 5286 919 5337 tamen
962 5275 1195 5349 aliquod
1229 5274 1665 5347 adjumentum;
1700 5277 1798 5333 sed
1830 5293 1943 5333 non
1977 5276 2046 5331 de

345 5390 449 5428 suo
486 5391 497 5428 ε
533 5375 671 5441 Quia
700 5374 819 5427 sine
848 5386 957 5439 me,
990 5368 1197 5441 inquit,
1228 5367 1373 5423 nihil
1408 5369 1637 5438 potestis
1664 5368 1865 5438 facere.
1895 5364 2047 5422 Audi

347 5464 517 5518 etiam
548 5463 707 5533 ipsos
739 5460 1081 5518 confitentes
1113 5475 1125 5515 :
1164 5458 1304 5528 Quid
1332 5464 1515 5515 autem
1544 5464 1621 5515 est
1652 5455 1890 5531 Apollo?
1919 5457 2050 5530 quid

348 5561 531 5610 autem
553 5551 787 5605 Paulus?
808 5550 1045 5607 Ministri
1059 5566 1157 5623 per
1176 5540 1837 5622 quos(8id'w)credidistis,
1856 5556 1907 5605 et
1930 5547 2054 5603 uni-

345 5643 544 5716 cuique
568 5640 712 5697 sicut
736 5639 995 5696 Dominus
1016 5640 1186 5698 dedit.
1202 5640 1309 5712 Ego
1325 5640 1602 5712 plantavi,
1620 5640 1805 5712 Apollo
1826 5639 2048 5712 rigavit.

2132 3053 2343 3108 corpus
2374 3039 2573 3105 tangat
2606 3039 2661 3089 et
2687 3050 2784 3089 cor
2813 3032 3031 3100 abluat,
3065 3032 3179 3088 nisi
3212 3033 3457 3090 faciente
3492 3033 3661 3089 verbo
3690 3050 3704 3087 ε
3729 3050 3840 3089 non

2134 3127 2269 3198 quia
2300 3126 2532 3190 dicitur,
2557 3124 2653 3180 sed
2689 3123 2824 3195 quia
2847 3122 3138 3179 creditur?
3166 3123 3308 3179 Nam
3334 3128 3391 3179 et
3414 3124 3471 3179 in
3495 3123 3623 3195 ipso
3646 3123 3840 3191 verbo,

2134 3217 2290 3273 aliud
2322 3224 2407 3271 est
2452 3231 2633 3271 sonus
2679 3214 2986 3282 transiens,
3019 3212 3177 3269 aliud
3213 3214 3394 3270 virtus
3435 3231 3701 3271 manens.
3734 3215 3843 3267 Hoc

2132 3310 2211 3365 est
2242 3308 2466 3362 verbum
2493 3305 2619 3373 fidei
2646 3304 2794 3375 quod
2816 3304 3201 3375 prmdicamus,
3236 3305 3317 3359 ait
3345 3307 3681 3377 Apostolus,
3714 3307 3845 3379 quia

2134 3400 2181 3453 si
2210 3398 2483 3465 confessus
2511 3397 2683 3466 fueris
2715 3395 2772 3448 in
2804 3409 2894 3449 ore
2934 3403 3029 3449 tuo
3068 3397 3194 3465 quia
3243 3395 3501 3450 Dominus
3542 3401 3623 3451 est
3668 3399 3841 3464 Iesus,

2137 3498 2188 3544 et
2213 3486 2519 3543 credideris
2544 3488 2599 3539 in
2631 3484 2788 3541 corde
2818 3489 2909 3539 tuo
2939 3486 3070 3554 quia
3116 3486 3251 3539 Deus
3297 3484 3453 3539 illum
3503 3490 3783 3543 suscitavit
3812 3504 3847 3543 a

2136 3578 2384 3645 mortuis,
2414 3575 2596 3631 salvus
2624 3577 2755 3631 eris.
2790 3573 2959 3631 Corde
2985 3573 3132 3629 enim
3160 3573 3405 3629 creditur
3436 3576 3509 3630 ad
3539 3576 3840 3646 justitiam,

2138 3683 2230 3725 ore
2250 3676 2430 3723 autem
2452 3666 2716 3733 confessio
2745 3663 2811 3735 fit
2840 3663 2910 3719 ad
2938 3663 3175 3720 salutem
3210 3664 3380 3735 (Rom.
3406 3681 3460 3732 x,
3484 3666 3654 3737 840).
3681 3665 3843 3723 Unde

2140 3759 2198 3814 in
2230 3758 2471 3813 Actibus
2499 3754 2909 3826 Apostolorum
2955 3755 3184 3825 legitur,
3216 3754 3343 3809 Fide
3385 3756 3654 3811 mundans
3682 3758 3847 3812 corda

2138 3864 2319 3906 eorum
2352 3848 2490 3919 (Act.
2524 3862 2615 3912 xv,
2648 3844 2701 3916 9)
2740 3860 2751 3900 :
2785 3848 2842 3900 et
2871 3845 2930 3899 in
2962 3844 3222 3916 Epistola
3253 3862 3357 3901 sua
3388 3846 3587 3903 beatus
3616 3847 3844 3915 Petrus,

2141 3940 2229 3995 Sic
2274 3944 2325 3995 et
2372 3954 2479 4005 vos,
2526 3935 2736 4007 inquit,
2768 3936 3044 4006 Baptisma
3088 3952 3240 3991 savos
3286 3938 3461 4006 facit;
3507 3954 3614 3993 non
3662 3940 3850 3994 carnis

2140 4028 2402 4100 depositio
2450 4025 2721 4091 sordium,
2770 4025 2860 4080 sed
2909 4028 3252 4081 conscientiae
3301 4026 3451 4082 bonae
3500 4028 3851 4098 interrogatio

2141 4120 2183 4193 (Ι
2214 4120 2367 4175 Petr.
2391 4133 2474 4185 ιιι,
2500 4116 2608 4185 21).
2634 4116 2739 4171 Hoc
2767 4121 2845 4171 est
2876 4115 3099 4171 verbum
3126 4116 3253 4186 ﬁdei
3282 4116 3421 4188 quod
3450 4117 3850 4188 praedicamus:

2142 4207 2411 4281 quosine
2441 4206 2620 4261 dubio
2646 4211 2708 4261 ut
2730 4206 3011 4261 mundare
3043 4206 3240 4278 possit,
3266 4212 3641 4263 consecratur
3670 4212 3727 4264 et
3758 4209 3853 4265 Ba-

2144 4301 2415 4372 ptismus.
2448 4297 2713 4355 Christus
2745 4298 2960 4370 quippe
3001 4298 3305 4353 nobiscum
3340 4299 3490 4369 vitis,
3523 4316 3652 4356 cum
3686 4300 3852 4358 Patre

2144 4389 2418 4461 agricola,
2453 4386 2655 4443 dilexit
2681 4387 2995 4453 Ecclesium,
3028 4396 3083 4442 et
3107 4387 3342 4459 seipsum
3374 4389 3609 4445 tradidit
3636 4407 3737 4461 pro
3766 4406 3849 4447 ea.

2148 4481 2294 4551 Lege
2336 4478 2697 4550 Apostolum,
2748 4482 2803 4534 et
2852 4477 2979 4534 vide
3027 4478 3166 4549 quid
3217 4479 3501 4551 adjungat
3553 4497 3566 4535 :
3619 4482 3685 4536 Ut
3729 4497 3849 4537 eam

2145 4570 2531 4637 sanctiﬁraret,
2582 4568 2793 4639 inquit,
2842 4567 3111 4623 inundans
3160 4584 3274 4624 eam
3330 4567 3551 4625 lavacro
3595 4587 3751 4641 aquae
3795 4574 3853 4627 in

2146 4660 2309 4716 verbo
2342 4659 2561 4729 (Ephes.
2592 4676 2645 4717 ν,
2678 4658 2889 4728 25-26).
2924 4657 3226 4713 Mundatio
3260 4658 3439 4729 igitur
3486 4676 3855 4733 nequaquam

2151 4751 2303 4807 fluxo
2334 4763 2386 4806 et
2417 4748 2575 4804 labili
2629 4748 2975 4805 tribueretur
3023 4747 3328 4815 elemento,
3363 4749 3473 4805 nisi
3523 4752 3855 4821 adderetur,

2148 4844 2205 4895 in
2238 4840 2417 4896 verba.
2452 4837 2567 4893 lloc
2598 4836 2837 4893 verbum
2889 4836 3021 4893 fidei
3070 4840 3300 4893 tantum
3334 4836 3477 4894 valet
3510 4840 3566 4894 in
3600 4840 3858 4895 Ecclesia

2156 4930 2273 4998 Dei,
2308 4934 2371 4985 ut
2419 4945 2519 5000 per
2568 4930 2761 5000 ipsum
2813 4928 3143 4984 credentem
3189 4928 3225 4996 ¹,
3278 4928 3639 4998 offerentem,
3686 4929 3858 4985 bene-

2154 5020 2466 5089 dicentem,
2498 5018 2839 5090 tingentem,
2865 5017 3041 5073 etiam
3076 5016 3369 5074 tantillum
3404 5020 3642 5074 mundet
3674 5020 3858 5075 infan-

2155 5114 2307 5177 tem;
2361 5108 2632 5181 quamvis
2683 5109 2944 5163 nondum
2985 5106 3266 5163 valentem
3310 5108 3482 5163 corde
3522 5109 3754 5165 credere
3784 5108 3857 5163 ad

2148 5198 2462 5271 justitiam,
2495 5203 2551 5255 et
2581 5212 2678 5253 ore
2709 5197 2964 5253 conﬁteri
2996 5197 3064 5252 ad
3098 5196 3364 5253 salutem.
3399 5198 3607 5253 Totum
3656 5197 3762 5253 hoc
3794 5198 3861 5252 ﬁt

2157 5306 2258 5361 per
2304 5289 2567 5359 verbum,
2599 5288 2667 5343 de
2716 5304 2829 5358 quo
2879 5286 3160 5341 Dominus
3212 5286 3307 5354 ait,
3354 5288 3473 5341 Jam
3522 5303 3612 5344 vos
3663 5287 3861 5342 mundi

2158 5382 2281 5437 estis
2310 5385 2528 5451 propter
2552 5376 2768 5434 verbum
2799 5375 2937 5447 quod
2968 5376 3178 5432 locutus
3208 5392 3327 5431 sum
3356 5376 3526 5431 vobis.

2230 5586 2243 5621 ί
2270 5586 2414 5639 Lov.,
2447 5597 2539 5648 per
2569 5582 2733 5647 ipsam
2765 5577 3079 5648 credentem.
3116 5579 3251 5648 Editi
3283 5576 3389 5639 alii,
3437 5596 3529 5645 per
3561 5580 3727 5644 ipsum
3757 5598 3867 5631 cre-

2166 5648 2401 5711 dentem;
2423 5644 2880 5697 consentientibus
2900 5644 3045 5705 Mem,
3063 5646 3153 5709 qui
3172 5650 3354 5697 carent
3370 5644 3520 5705 voce,
3538 5648 3843 5709 oﬂerenlem
