4148 6190
347 219 499 279 1841

913 362 1337 421 'I‘RACTATUS
1381 368 1626 427 LXXXI.

334 445 410 501 De
444 461 507 502 eo
537 447 680 519 quod
709 450 809 517 ait,
844 450 1073 507 Maneto
1103 453 1162 509 in
1199 471 1311 523 me,
1343 461 1398 512 et
1429 474 1533 530 ego
1566 460 1624 515 in
1654 463 1854 531 vobis;
1887 483 2057 538 usque

405 537 476 593 ad
509 538 589 609 id,
622 540 1042 614 Quodcumque
1073 544 1367 603 volueritis
1398 551 1626 621 petetis,
1651 556 1706 609 et
1738 555 1836 611 liet
1864 537 2050 614 vobis.

407 628 542 698 Cap.
576 646 670 698 xv,
702 632 757 701 in
793 632 922 687 4-7.

407 717 457 773 1.
493 717 681 773 Vitem
734 737 796 775 se
841 721 989 778 dixit
1036 741 1164 781 esse
1212 728 1403 796 Jesus,
1438 733 1497 785 et
1542 732 1864 805 discipulos
1913 754 2051 794 suos

333 806 631 877 palmites,
654 813 710 864 et
735 811 1047 882 agricolam
1068 815 1295 872 Patrem
1318 835 1330 873 :
1354 820 1875 893 undejampridem
1897 827 2051 883 sicut

334 898 638 966 potuimus
669 899 1035 972 disputatum
1056 909 1161 962 est.
1188 907 1250 961 In
1272 906 1381 963 bac
1403 914 1598 966 autem
1622 910 1889 986 lectione,
1913 932 2047 973 cum

334 988 525 1043 adhuc
553 989 624 1044 de
652 989 841 1063 seipso
875 994 973 1063 qui
1000 1000 1091 1051 est
1119 996 1273 1065 vitis,
1308 1004 1364 1054 et
1407 1001 1477 1056 de
1522 1002 1641 1059 suis
1688 1005 2047 1081 palmitibus,

332 1078 446 1134 hoc
479 1082 569 1134 est
595 1079 901 1151 discipulis
933 1083 1304 1157 loqueretur:
1337 1091 1576 1160 Manete,
1611 1092 1821 1165 inquit,
1846 1096 1907 1151 in
1938 1078 2044 1167 me,

329 1173 382 1225 et
411 1183 510 1238 ego
542 1171 602 1223 in
631 1170 805 1226 vobis.
826 1170 951 1228 Non
984 1190 1048 1229 eo
1080 1177 1254 1232 modo
1285 1177 1367 1233 illi
1399 1179 1457 1234 in
1489 1181 1637 1252 ipso,
1662 1182 1810 1240 sicut
1840 1188 1965 1257 ipse
1987 1189 2045 1243 in

332 1257 470 1313 illis.
507 1258 831 1331 Utrumque
858 1267 1054 1318 autem
1087 1267 1324 1335 prodest
1356 1285 1467 1325 non
1504 1270 1633 1342 ipsi,
1668 1274 1762 1329 sed
1798 1274 1934 1331 illis.
1964 1277 2047 1333 Ita

331 1348 553 1420 quippe
584 1349 643 1404 in
676 1350 787 1406 vite
818 1356 956 1407 sunt
998 1353 1288 1425 palmites,
1326 1366 1382 1412 ut
1411 1358 1509 1414 viti
1559 1377 1673 1417 non
1724 1366 2043 1437 conferant,

328 1438 433 1493 sed
480 1439 617 1495 inde
657 1441 940 1512 accipiant
974 1445 1125 1499 unde
1155 1445 1352 1502 vivant
1384 1464 1397 1503 :
1431 1449 1510 1504 ita
1540 1468 1672 1508 vero
1703 1455 1835 1510 vitis
1865 1462 1952 1512 est
1986 1459 2043 1513 in

326 1527 692 1598 palmitibus,
712 1534 775 1584 ut
810 1530 976 1587 vitale
999 1532 1342 1591 alimentum
1369 1538 1776 1597 subministret
1797 1544 1900 1615 eis,
1925 1562 2040 1602 non

324 1622 527 1673 sumat
554 1618 627 1673 ab
657 1618 758 1674 eis.
792 1620 871 1675 Ac
917 1637 1018 1692 per
1050 1623 1154 1678 hoc
1185 1629 1243 1679 et
1275 1633 1610 1685 manentem
1645 1631 1702 1686 in
1736 1648 1797 1688 se
1829 1634 2043 1692 habere

326 1705 646 1777 Christum,
680 1716 998 1766 etmanere
1046 1710 1107 1767 in
1163 1714 1414 1783 Christo,
1466 1719 1775 1791 discipulis
1805 1726 2042 1794 prodest

323 1800 662 1867 utrumque,
689 1815 798 1853 non
833 1800 1082 1857 Christo.
1106 1803 1251 1859 Nam
1285 1808 1523 1877 praeciso
1556 1808 1814 1881 palmite,
1850 1819 2041 1885 potest

323 1887 395 1942 de
425 1886 553 1941 viva
604 1888 761 1945 radis
809 1888 961 1946 alius
1011 1891 1334 1963 pullulare;
1381 1898 1482 1968 qui
1531 1905 1725 1957 autem
1757 1906 2038 1974 praecisus

324 1980 433 2041 est,
468 1977 597 2033 sine
626 1978 818 2035 radice
848 1995 964 2036 non
998 1987 1187 2052 potest
1217 1985 1423 2042 vivere.

393 2068 448 2120 2.
482 2065 746 2138 Denique
776 2069 1042 2143 adjungit
1070 2076 1127 2129 et
1155 2074 1296 2131 dicit
1327 2092 1341 2132 :
1372 2076 1530 2134 Sicut
1556 2081 1766 2152 palmes
1806 2100 1913 2142 non
1940 2102 2036 2159 po-

324 2160 429 2212 test
455 2158 606 2226 ferre
631 2158 877 2227 [rnatum
904 2176 941 2215 a
963 2165 1267 2234 semetipso,
1292 2168 1407 2222 nisi
1424 2170 1698 2226 manserit
1718 2174 1777 2227 in
1798 2175 1938 2243 vite;
1958 2178 2036 2233 sic

321 2260 425 2300 nec
443 2260 555 2314 vos,
576 2248 686 2301 nisi
718 2248 772 2300 in
800 2265 887 2302 me
915 2253 1247 2308 manseritis.
1270 2257 1479 2327 Magna
1508 2260 1702 2330 gratias
1735 2277 2036 2320 commen-

324 2335 501 2403 datio,
535 2336 740 2393 fratres
774 2338 885 2394 mei
920 2356 933 2396 :
968 2343 1143 2398 corda
1174 2343 1408 2401 instruit
1439 2347 1773 2420 humilium,
1805 2370 1907 2410 ora
1937 2355 2034 2412 ob-

322 2425 499 2481 struit
529 2427 934 2498 superborum.
965 2430 1111 2489 Ecce
1138 2435 1254 2502 cui,
1277 2435 1327 2490 si
1357 2438 1595 2509 audent,
1619 2444 2029 2516 respondeant,

320 2515 421 2587 qui
453 2516 788 2587 ignorantes
810 2519 911 2576 Dei
939 2522 1249 2595 justitiam,
1274 2534 1327 2582 et
1348 2544 1513 2585 suam
1536 2532 1795 2591 volentes
1815 2515 2027 2593 constié

318 2610 501 2674 tuere,
545 2607 789 2677 justitiaa
840 2610 935 2667 Dei
982 2629 1097 2668 non
1150 2624 1287 2672 sunt
1334 2619 1583 2691 subjecti
1632 2622 1808 2692 (Rom.
1850 2643 1906 2693 x,
1947 2626 2025 2700 3).

316 2696 461 2752 Ecce
484 2697 579 2752 cui
604 2701 999 2789 respondeant
1029 2703 1140 2759 sibi
1172 2704 1488 2779 placentes,
1512 2716 1570 2767 et
1589 2714 1658 2768 ad
1685 2713 1832 2770 bona
1855 2696 2027 2789 opera

316 2784 585 2840 iacienda
610 2786 788 2843 Deum
812 2788 921 2844 sibi
951 2794 1345 2851 necessarium
1370 2814 1484 2854 non
1508 2808 1800 2872 putantes.
1824 2784 2025 2863 Nonne

315 2872 453 2929 huic
496 2874 784 2933 resistunt
829 2880 1361 2949 veritati,homines
1410 2898 1601 2946 mente
1639 2894 1916 2965 corrupti,
1941 2913 2025 2953 re-

312 2962 479 3034 probi
526 2963 683 3021 circa
716 2966 889 3023 tidem
921 2969 997 3039 (II
1037 2972 1174 3027 Tim.
1205 2989 1289 3044 in,
1316 2976 1397 3047 8),
1434 2981 1534 3048 qui
1585 2962 1939 3054 respondent
1968 2990 2025 3042 et

311 3052 636 3124 loquuntur
684 3054 1071 3131 iniquitatem,
1122 3062 1381 3121 dicentes
1421 3082 1436 3123 :
1484 3069 1530 3123 A
1560 3052 1697 3127 Deo'
1734 3071 2021 3133 habemus

308 3144 466 3214 quod
487 3144 753 3201 homines
775 3164 1004 3218 sumus,
1027 3168 1060 3206 a
1083 3153 1251 3209 nobis
1281 3154 1427 3227 ipsis
1462 3163 1655 3217 autem
1696 3164 1847 3233 quod
1874 3165 2021 3234 justi

309 3249 517 3289 sumus
559 3236 588 3289 ἱ)
635 3236 782 3299 Quid
833 3237 1051 3307 dicitis,
1085 3243 1185 3312 qui
1234 3261 1336 3301 vos
1389 3246 1548 3317 ipsos
1578 3250 1869 3323 decipitis,
1905 3272 2015 3312 non

306 3327 753 3391 assertores,sed
806 3328 1258 3400 prmcipitatores
1297 3334 1461 3391 liberi
1504 3339 1750 3409 arbitrii,
1784 3359 1850 3399 cx
1900 3344 2015 3401 alto

307 3413 577 3470 elationis
608 3430 708 3487 por
730 3418 927 3474 inania
957 3424 1449 3495 prmsumptionis,
1476 3427 1532 3483 in
1557 3431 1842 3499 profunda
1872 3435 2017 3491 sub-

308 3504 625 3560 mersionis
642 3506 669 3560 7
690 3506 908 3579 Nempe
931 3525 1035 3564 vox
1074 3520 1264 3569 vestra
1300 3520 1409 3584 est,
1434 3521 1589 3589 quod
1632 3521 1803 3580 homo
1824 3540 1892 3579 ex
1922 3543 2015 3582 se-

308 3595 559 3666 metipso
585 3596 1026 3667 facitjustitiam
1045 3616 1058 3655 :
1075 3599 1183 3659 hoc
1204 3605 1484 3661 estaltum
1510 3607 1772 3667 elationis
1793 3618 2009 3671 vestras.

302 3685 414 3740 Sed
469 3686 681 3741 veritas
729 3688 1092 3757 contradicit,
1124 3696 1181 3747 et
1228 3693 1386 3761 dicit,
1428 3698 1644 3755 Palmes
1691 3718 1802 3757 non
1842 3710 2011 3775 potest

291 3776 446 3841 ferre
492 3779 739 3844 [ructum
769 3793 803 3831 a
849 3778 1155 3850 semetipso,
1204 3785 1312 3837 nisi
1359 3790 1623 3843 manserit
1672 3792 1729 3846 in
1774 3796 1894 3849 vite.
1929 3794 2010 3852 Ite

298 3881 458 3918 nunc
513 3878 613 3933 per
668 3865 930 3936 abrupta,
980 3877 1032 3923 et
1093 3885 1205 3925 non
1251 3872 1531 3931 habentes
1578 3878 1672 3934 ubi
1724 3881 2005 3951 figamini,

297 3957 539 4009 ventosa
570 3953 927 4024 loquacitate
948 3957 1277 4025 jactamini.
1309 3961 1438 4019 Haec
1466 3972 1606 4023 sunt
1636 3968 1834 4026 inania
1866 3990 2007 4043 prae-

296 4042 656 4113 sumptionis
687 4049 910 4099 vestras.
954 4045 1064 4101 Sed
1098 4049 1232 4120 quid
1267 4067 1365 4108 vos
1398 4061 1670 4126 sequatur
1709 4042 1917 4126 videte,
1951 4069 2005 4119 et

292 4133 340 4187 si
368 4136 459 4187 est
493 4133 551 4186 in
589 4132 750 4189 vobis
789 4133 945 4189 ullus
975 4153 1203 4205 sensus,
1229 4140 1477 4199 horrete.
1503 4148 1605 4209 Qui
1643 4150 1798 4205 enim
1842 4170 1875 4206 a
1906 4170 2000 4209 so-

293 4222 544 4293 metipso
583 4238 644 4276 se
682 4222 933 4279 fructum
970 4225 1261 4284 existimat
1303 4232 1468 4301 ferre,
1495 4234 1551 4289 in
1596 4236 1701 4292 vite
1734 4256 1847 4295 non
1880 4247 1999 4311 est;

290 4310 394 4382 qui
417 4311 479 4366 in
500 4310 618 4368 vite
636 4328 749 4366 non
775 4320 881 4384 est,
908 4314 964 4368 in
1001 4316 1229 4373 Christo
1253 4336 1366 4374 non
1401 4327 1523 4390 est;
1558 4326 1654 4395 qui
1683 4327 1740 4382 in
1778 4310 2002 4389 Christo

290 4416 409 4456 non
456 4404 566 4469 est,
618 4400 972 4460 christianus
1013 4422 1129 4463 non
1191 4412 1294 4466 est.
1345 4415 1476 4470 Haec
1523 4418 1660 4471 sunt
1720 4422 2002 4489 profunda

287 4488 721 4545 submersionis
750 4496 975 4547 vestrae.

362 4580 415 4635 3.
459 4579 645 4634 Etiam
686 4585 859 4651 atque
896 4584 1068 4640 etiam
1110 4587 1467 4647 considerate
1497 4595 1634 4664 quid
1668 4598 1860 4657 adhuc
1899 4618 2001 4657 ve-

286 4670 435 4724 ritas
458 4669 743 4740 adjungat
765 4679 817 4726 et
839 4670 998 4727 dicat
1022 4688 1035 4726 :
1061 4674 1172 4743 Ego
1199 4693 1338 4746 sum,
1366 4681 1736 4756 inquit,vitis,
1760 4704 1849 4744 vos
1876 4692 1997 4761 pal-

285 4761 475 4814 mites.
510 4758 618 4822 Qui
645 4767 833 4816 manet
863 4760 923 4816 in
954 4779 1058 4831 me,
1092 4771 1147 4820 et
1175 4782 1269 4836 ego
1299 4771 1361 4823 in
1391 4785 1471 4836 eo,
1499 4772 1589 4829 hic
1614 4778 1727 4845 fert
1753 4758 1998 4848 fructum

284 4849 558 4901 multum:
572 4851 836 4917 quiasine
853 4866 939 4906 me
959 4851 1102 4907 nihil
1123 4859 1341 4925 potestis
1359 4860 1560 4927 facere.
1581 4863 1661 4920 Ne
1683 4868 1995 4940 quisquam

281 4941 518 5009 putaret
554 4936 761 4993 saltem
792 4956 1033 5008 parvum
1063 4942 1315 5015 aliquem
1346 4948 1597 5007 fructum
1632 4971 1802 5024 posse
1832 4936 1866 5013 a
1909 4975 1996 5015 se-

282 5027 538 5097 metipso
556 5026 857 5097 palmitem
882 5029 1047 5101 ferre,
1074 5049 1206 5089 cum
1232 5036 1598 5108 dixisset,hic
1620 5044 1728 5113 fert
1755 5049 1995 5115 fructum

278 5116 548 5182 multum,
568 5131 682 5170 non
710 5117 809 5181 ait,
832 5119 969 5189 quia
997 5120 1123 5177 sine
1147 5138 1238 5179 me
1262 5141 1467 5196 parum
1496 5134 1738 5200 potestis
1770 5135 1953 5195 facere
1978 5156 1992 5206 ;

279 5206 406 5273 sed,
441 5204 586 5259 nihil
612 5206 836 5275 potestis
863 5211 1071 5278 facere.
1115 5212 1244 5270 Sive
1282 5230 1417 5288 ergo
1444 5234 1671 5289 parum,
1696 5224 1811 5279 sive
1858 5204 1995 5282 mul-

277 5306 430 5364 tum,
472 5297 601 5353 sine
649 5298 746 5354 illo
797 5300 923 5356 fieri
976 5318 1090 5359 non
1147 5310 1353 5375 potest,
1388 5309 1515 5367 sine
1546 5329 1661 5383 quo
1695 5314 1837 5372 nihil
1874 5318 1993 5375 ﬁeri

280 5392 493 5463 potest.
516 5387 663 5451 Quia
686 5389 796 5446 etsi
826 5408 1031 5463 parum
1062 5396 1321 5454 attulerit
1344 5400 1590 5473 palmes,
1624 5419 1752 5461 eum
1787 5414 1994 5480 purgat

280 5479 537 5553 agricola
563 5483 630 5533 ut
659 5478 794 5551 plus
826 5483 1024 5541 aii'erat
1059 5502 1071 5540 :
1101 5490 1295 5544 tamen
1329 5490 1439 5547 nisi
1470 5490 1531 5549 in
1567 5494 1683 5552 vite
1713 5478 1994 5559 manserit

278 5579 334 5635 et
372 5568 583 5630 vixerit
630 5569 703 5627 de
731 5571 944 5643 radice,
978 5578 1395 5657 quantumlibet
1424 5583 1676 5650 fructum
1715 5604 1749 5650 a
1776 5598 1992 5650 semet.

1475 231 1945 304 TRAC'I‘ATUS
1989 242 2279 305 LXXXII.
2327 244 2579 309 CAPUT
2623 249 2755 310 XV.

3720 273 3873 330 1842

2170 380 2297 450 ipso
2330 397 2444 437 non
2477 386 2667 454 potest
2698 384 2861 442 ferre.
2886 390 3163 453 Quamvis
3201 399 3390 452 autem
3430 400 3694 460 Christus
3739 407 3868 462 vitis

2169 485 2282 524 non
2305 479 2471 539 esset,
2499 473 2609 528 nisi
2633 473 2802 530 homo
2824 483 3008 546 esset;
3040 485 3235 538 tamen
3257 484 3428 541 istam
3456 493 3703 559 gratiam
3738 498 3867 565 pal-

2166 558 2406 615 mitibus
2443 578 2558 617 non
2582 566 2883 634 praeberet,
2910 568 3022 624 nisi
3062 571 3235 628 etiam
3278 575 3426 632 Deus
3457 584 3629 635 esset.
3659 584 3865 641 Verum

2163 648 2297 716 quia
2317 648 2397 703 ita
2418 650 2543 706 sine
2564 652 2678 709 ista
2698 656 2883 725 gratia
2916 674 3026 715 non
3069 666 3260 731 potest
3292 664 3426 735 vivi,
3454 672 3591 723 utet
3616 686 3773 727 mors
3806 674 3864 728 in

2160 743 2444 810 potestate
2492 741 2568 797 sit
2614 744 2783 800 liberi
2832 748 3054 805 arbitrii
3088 767 3099 805 :
3135 753 3194 807 Si
3233 758 3353 826 quis
3392 756 3453 811 in
3494 776 3607 827 me,
3654 761 3862 834 inquit,

2158 845 2264 884 non
2297 834 2582 900 manserit,
2618 837 2862 891 mittetur
2889 840 3042 905 foras
3088 844 3226 898 sicut
3272 848 3516 915 palmes;
3546 856 3595 906 et
3626 864 3864 922 arescet;

2157 922 2209 973 et
2236 920 2496 989 colligant
2540 938 2685 993 eum,
2719 933 2769 980 et
2802 928 2859 981 in
2891 929 3072 999 ignem
3115 932 3353 996 mittent,
3387 946 3437 992 et
3483 939 3657 996 ardet.
3696 920 3867 1014 Ligna

2156 1008 2350 1080 itaque
2372 1010 2502 1066 vitis
2537 1018 2691 1069 tanto
2724 1021 2865 1071 sunt
2894 1024 3419 1092 contemptibiliora
3440 1029 3485 1083 si
3517 1029 3576 1083 in
3600 1031 3714 1087 vite
3746 1050 3861 1088 non

2157 1099 2495 1165 manserint,
2521 1107 2736 1170 quanto
2767 1105 3109 1174 gloriosiora
3126 1111 3171 1165 si
3192 1116 3518 1172 manserint
3542 1134 3555 1171 :
3588 1120 3860 1193 denique,

2155 1186 2309 1243 sicut
2337 1190 2406 1244 de
2441 1190 2528 1245 bis
2559 1190 2733 1247 etiam
2766 1210 2867 1263 per
2898 1196 3249 1256 Ezechielem
3282 1206 3627 1276 prophetam
3659 1186 3861 1266 Do-mi;

2157 1293 2269 1332 nus
2291 1277 2449 1345 dicit,
2473 1280 2708 1345 praecisa
2738 1283 2914 1339 nullis
2946 1286 3335 1357 agricolarum
3360 1293 3560 1351 usibus
3590 1314 3859 1371 prosunt,

2156 1366 2333 1420 nullis
2378 1366 2681 1424 fabrilibus
2727 1372 2998 1440 operibus
3029 1376 3378 1445 deputantur
3408 1366 3621 1454 (Ezecli.
3654 1404 3747 1457 xv,
3778 1366 3856 1461 5).

2154 1455 2343 1512 Unum
2368 1458 2438 1513 de
2459 1458 2690 1516 duobus
2714 1463 2941 1532 palmiti
2963 1467 3357 1538 congruit,aul
3382 1472 3645 1540 vitis,aut
3667 1455 3854 1547 ignis:

2151 1544 2202 1599 si
2233 1544 2291 1599 in
2322 1545 2437 1601 vite
2469 1563 2584 1603 non
2617 1552 2724 1617 est,
2758 1549 2816 1605 in
2848 1552 2981 1623 igne
3012 1554 3121 1610 erit
3152 1570 3166 1612 :
3202 1560 3266 1612 ut
3297 1573 3428 1629 ergo
3461 1560 3519 1616 in
3564 1544 3719 1634 igne
3742 1582 3853 1621 non

2150 1635 2247 1702 sit,
2284 1635 2343 1689 in
2373 1635 2485 1691 vite
2516 1637 2612 1695 sit.

2222 1727 2273 1782 li.
2308 1726 2367 1780 Si
2395 1730 2706 1785 manseritis
2738 1732 2799 1785 in
2827 1748 2932 1801 me,
2954 1733 3166 1805 inquit,
3190 1743 3243 1793 et
3272 1739 3435 1795 verba
3465 1758 3586 1798 mea
3620 1745 3675 1799 in
3708 1745 3856 1801 vobis

2150 1820 2473 1885 manserint,
2505 1822 2890 1893 quodcumque
2917 1824 3213 1882 volueritis
3240 1832 3450 1899 petatis,
3482 1836 3535 1887 et
3562 1834 3653 1901 ﬁet
3682 1837 3850 1891 vobis.

2149 1905 2434 1962 Manendo
2483 1908 2695 1981 quippe
2725 1910 2785 1966 in
2816 1912 3059 1981 Christo,
3092 1916 3229 1986 quid
3262 1916 3405 1974 velle
3445 1928 3697 1992 possunt
3742 1926 3853 1980 nisi

2147 1997 2299 2066 quod
2331 1999 2597 2054 convenit
2630 2000 2896 2058 Christo?
2926 2004 3073 2068 Quid
3108 2006 3247 2063 velle
3279 2018 3523 2079 possunt
3562 2016 3854 2071 manendo

2144 2084 2206 2140 in
2252 2085 2564 2155 Salvatore,
2612 2088 2723 2144 nisi
2773 2091 2927 2162 quod
2979 2109 3093 2150 non
3143 2100 3233 2151 est
3279 2096 3535 2155 alienum
3564 2118 3596 2156 a
3628 2102 3856 2160 saluto?

2143 2173 2313 2229 Aliud
2337 2176 2555 2248 quippe
2578 2176 2844 2234 volumus
2866 2180 3005 2249 quia
3030 2198 3237 2239 sumus
3268 2184 3329 2240 in
3350 2186 3598 2255 Christo,
3616 2195 3673 2245 et
3695 2192 3851 2248 aliud

2145 2262 2413 2319 volumus
2443 2263 2583 2335 quia
2613 2280 2816 2320 sumus
2861 2266 3053 2323 adhuc
3082 2267 3142 2323 in
3174 2269 3282 2325 hoc
3314 2274 3546 2329 saeculo.
3580 2275 3660 2331 De
3695 2294 3858 2335 man-

2142 2352 2303 2408 sione
2333 2367 2586 2422 namque
2612 2352 2790 2424 hujus
2811 2353 3010 2410 saeculi
3032 2356 3204 2414 nobis
3226 2357 3537 2429 aliquando
3561 2363 3845 2435 subrepit,

2143 2443 2205 2497 ut
2234 2440 2342 2498 hoc
2373 2448 2642 2514 petamus
2674 2446 2828 2516 quod
2866 2444 3033 2501 nobis
3064 2463 3179 2503 non
3212 2449 3483 2520 expedire
3526 2454 3841 2513 nescimus.

2138 2532 2249 2587 Sed
2273 2532 2426 2588 absit
2456 2536 2519 2588 ut
2549 2533 2647 2589 ﬁat
2676 2534 2867 2601 nobis,
2898 2535 2948 2591 si
2980 2552 3289 2594 manemus
3340 2539 3401 2596 in
3454 2541 3706 2613 Christo,
3740 2546 3844 2615 qui

2136 2637 2251 2678 non
2302 2621 2439 2679 facit
2467 2624 2703 2694 quando
2752 2623 3027 2696 petimus,
3058 2626 3173 2683 nisi
3204 2628 3356 2699 quod
3388 2631 3618 2703 expedit
3649 2634 3837 2691 nobis.

2134 2710 2433 2769 Manantes
2482 2728 2618 2786 ergo
2668 2713 2726 2769 in
2775 2731 2861 2782 eo,
2893 2730 3025 2772 cum
3057 2717 3230 2774 verba
3267 2720 3395 2790 ejus
3427 2720 3484 2775 in
3519 2722 3683 2779 nobis
3722 2740 3837 2780 ma-

2135 2810 2291 2869 nent,
2317 2805 2723 2876 quodcumque
2744 2805 3100 2863 voluerimus
3131 2812 3419 2880 petemus,
3441 2814 3497 2865 et
3521 2813 3617 2868 ﬁet
3646 2814 3835 2871 nobis.

2132 2889 2279 2953 Quia
2326 2893 2373 2948 si
2423 2894 2675 2965 petimus
2703 2899 2761 2950 et
2790 2911 2907 2951 non
2939 2897 3057 2964 fiet,
3090 2912 3201 2953 non
3247 2898 3355 2955 hoc
3403 2900 3649 2969 petimus
3680 2904 3835 2973 quod

2132 2978 2303 3035 habet
2336 2982 2560 3037 mansio
2592 2982 2648 3037 in
2680 3000 2768 3051 eo,
2794 3000 2896 3040 nec
2919 2986 3074 3055 quod
3105 2986 3324 3043 habent
3353 2989 3523 3044 verba
3556 2991 3680 3058 ojus
3708 3008 3834 3062 quae

2131 3075 2370 3126 manent
2401 3072 2457 3126 in
2490 3072 2689 3141 nobis;
2724 3074 2822 3128 sed
2853 3077 3005 3145 quod
3050 3075 3221 3134 habet
3252 3078 3543 3149 cupiditas
3574 3085 3632 3136 et
3672 3082 3836 3138 infir-

2131 3159 2299 3216 mitas
2319 3162 2534 3231 carnis,
2559 3178 2687 3233 qua:
2711 3180 2825 3218 non
2844 3163 3010 3219 estin
3036 3180 3121 3229 eo,
3148 3171 3205 3222 et
3227 3168 3283 3221 in
3308 3183 3425 3237 qua
3448 3185 3561 3225 non
3594 3180 3836 3230 manent

2126 3251 2302 3306 verba
2332 3251 2478 3319 ejus.
2504 3251 2649 3307 Nam
2682 3252 2887 3323 utique
2916 3253 2985 3308 ad
3019 3256 3189 3309 verba
3220 3256 3347 3325 ejus
3380 3257 3633 3327 pertinet
3653 3264 3831 3319 oratio

2128 3338 2226 3395 illa
2256 3356 2426 3412 quam
2458 3341 2672 3409 docuit,
2706 3342 2803 3398 ubi
2835 3343 3105 3413 dicimus,
3140 3346 3308 3399 Pater
3334 3352 3540 3415 noster,
3563 3352 3659 3419 qui
3687 3366 3741 3405 es
3773 3355 3831 3407 in

2122 3432 2268 3486 ralis
2315 3430 2526 3504 (Matth.
2579 3449 2657 3500 vr,
2706 3432 2783 3502 9).
2833 3433 2919 3488 Ab
2974 3433 3147 3503 hujus
3203 3434 3485 3490 orationis
3540 3438 3729 3495 verbis
3777 3446 3833 3495 et

2123 3521 2398 3577 sensibus
2430 3538 2545 3577 non
2568 3522 2908 3577 recedamus
2929 3522 3303 3593 petitionibus
3335 3525 3635 3586 nostris.et
3664 3530 3831 3599 quid-

2123 3610 2261 3679 quid
2296 3609 2655 3679 petierimus,
2684 3610 2779 3666 tlet
2810 3611 2999 3667 nobis.
3032 3611 3195 3667 Tunc
3226 3611 3382 3668 enim
3416 3614 3657 3671 dicenda
3689 3625 3830 3674 sunt

2121 3700 2294 3754 verba
2342 3699 2469 3769 ejus
2514 3702 2572 3753 in
2624 3699 2789 3754 nobis
2840 3716 3092 3766 manere,
3127 3702 3360 3771 quando
3410 3704 3656 3760 facimus
3706 3723 3826 3776 quae

2116 3789 2411 3860 praeepit,
2436 3793 2492 3844 et
2520 3788 2820 3859 diligimus
2853 3806 2980 3860 qure
3013 3792 3283 3860 promisit
3314 3808 3329 3847 :
3362 3796 3598 3863 quando
3629 3800 3822 3852 autem

2117 3879 2289 3934 verba
2328 3878 2456 3948 ejus
2507 3884 2745 3934 manent
2784 3881 2841 3934 in
2883 3881 3188 3947 memoria,
3224 3898 3328 3936 nec
3358 3882 3735 3940 inveniuntur
3765 3888 3822 3942 in

2116 3967 2253 4037 vita,
2282 3984 2396 4023 non
2428 3973 2797 4038 computatur
2828 3969 3049 4039 palmes
3080 3970 3137 4025 in
3171 3971 3303 4038 vite,
3334 3971 3471 4042 quia
3501 3974 3671 4029 vitam
3708 3993 3821 4031 non

2115 4058 2354 4115 attrahit
2390 4076 2455 4115 ex
2500 4060 2711 4116 radice.
2744 4061 2828 4115 Ad
2873 4061 3020 4115 hanc
3059 4061 3443 4117 differentiam
3483 4064 3633 4120 valet
3671 4068 3818 4135 quod

2111 4149 2396 4219 scriptum
2428 4155 2535 4217 est,
2571 4151 2633 4205 Et
2668 4154 2930 4218 memoria
2978 4151 3341 4207 retinentibus
3386 4152 3650 4208 mandata
3679 4157 3817 4222 eius,

2111 4246 2172 4293 ut
2201 4238 2417 4309 faciunt
2444 4256 2514 4296 ea
2545 4240 2711 4311 (Psal.
2745 4256 2843 4310 cn,
2878 4240 2986 4311 18).
3019 4239 3186 4295 Multi
3218 4241 3372 4295 enim
3418 4244 3697 4297 memoria
3731 4259 3820 4298 rc-

2110 4328 2318 4397 tinent,
2352 4334 2413 4386 ut
2436 4335 2842 4398 contemnant,
2871 4331 2959 4385 vel
3009 4330 3184 4387 etiam
3217 4329 3518 4385 derideant
3550 4335 3604 4385 et
3636 4348 3818 4402 oppu-

2107 4424 2282 4489 gnent
2307 4435 2392 4477 ea.
2417 4422 2481 4474 In
2514 4420 2604 4474 his
2633 4420 2808 4475 verba
2834 4416 3050 4473 Christi
3083 4434 3199 4473 non
3233 4423 3492 4487 manent,
3518 4420 3616 4490 qui
3644 4422 3817 4477 attin-

2107 4515 2253 4581 gunt
2284 4509 2737 4581 quodammodo,
2770 4524 2883 4562 non
2916 4508 3204 4563 cohaerent
3235 4524 3250 4563 :
3283 4513 3338 4564 et
3369 4508 3498 4565 ideo
3541 4509 3656 4565 illis
3700 4529 3814 4568 non

2106 4601 2254 4659 erint
2286 4602 2345 4656 in
2378 4600 2747 4666 beneﬁcium,
2782 4599 2882 4655 sed
2916 4598 2975 4655 in
3006 4598 3434 4656 testimonium.
3464 4601 3537 4657 Et
3568 4602 3699 4673 quia
3729 4604 3813 4659 sic

2106 4690 2307 4745 insunt
2337 4690 2418 4745 eis
2443 4698 2501 4744 ut
2540 4704 2655 4744 non
2685 4692 2962 4745 maneant
2984 4688 3042 4744 in
3080 4688 3188 4759 eis,
3215 4690 3287 4747 ad
3311 4689 3419 4746 hoc
3444 4693 3715 4749 tenentur
3742 4692 3809 4749 ab

2105 4780 2209 4847 eis,
2243 4787 2302 4835 ut
2324 4779 2667 4849 judicentur
2697 4796 2765 4835 ex
2790 4780 2896 4836 eis.

2581 4908 2912 4965 TRACTAT
2921 4911 3001 4968 US
3040 4912 3314 4970 LXXXII.

2102 5019 2175 5074 De
2201 5033 2260 5074 eo
2292 5018 2431 5091 quod
2462 5019 2720 5074 Dominus
2751 5018 2905 5087 dicit,
2928 5020 2991 5074 In
3024 5019 3130 5076 hoc
3162 5021 3508 5075 clarificatus
3531 5024 3619 5075 est
3640 5021 3807 5076 Pater

2174 5124 2361 5177 meus,
2388 5112 2451 5164 ut
2478 5110 2726 5165 fructum
2762 5109 3082 5180 plurimum
3115 5111 3597 5180 aiieratis;usque
3627 5110 3696 5163 ad
3728 5111 3803 5165 id.

2172 5199 2241 5253 Et
2274 5216 2478 5255 maneo
2510 5200 2567 5255 in
2601 5202 2731 5271 ejus
2762 5199 3089 5257 dilectione.
3125 5201 3264 5271 Cap.
3298 5217 3389 5266 xv,
3426 5202 3476 5269 ᾗ.
3511 5202 3667 5255 8-10.

2174 5323 2225 5378 1.
2249 5323 2432 5394 Magis
2464 5326 2761 5396 magisque
2793 5323 3054 5379 Salvator
3084 5325 3349 5396 gratiam,
3376 5340 3486 5396 qua
3508 5325 3805 5384 salvamur

2100 5412 2406 5483 discipulis
2454 5413 2741 5484 loquendo
2789 5414 3201 5469 commendans
3253 5431 3265 5469 :
3318 5416 3379 5470 In
3426 5416 3543 5485 hoc,
3595 5417 3801 5489 inquit,

2098 5502 2179 5559 cla
2189 5503 2431 5571 riﬁcatus
2445 5504 2695 5560 estPater
2705 5510 2941 5572 meus,ut
2950 5507 3195 5576 fructum
3211 5504 3513 5576 plurimum
3535 5508 3800 5578 offeratis,

2098 5600 2151 5651 et
2170 5594 2503 5662 efﬁciamini
2532 5595 2642 5651 mei
2671 5595 2952 5669 discipuli.
2975 5593 3101 5653 Sive
3128 5594 3472 5669 gloriﬁcatus
3501 5597 3621 5656 sive
3641 5597 3805 5655 clari-
