4178 6192
330 266 483 328 1813

331 405 519 472 [iratus
554 399 800 465 dicatur,
824 413 891 452 ex
915 413 1029 452 uno
1055 412 1242 469 graeco
1258 396 1429 452 verbo
1452 398 1765 465 utrumque
1786 390 2036 449 transla-

330 498 456 547 tum
489 495 595 555 est,
638 488 791 561 quod
825 491 914 543 est
944 482 1204 556 δοξάζειν,
1239 483 1373 555 Δόξα
1392 486 1546 542 enim
1576 502 1702 558 qua:
1734 498 1914 555 grizece
1945 480 2036 536 di-

333 583 501 649 citur,
536 580 712 635 latine
742 577 925 649 gloria
953 580 1059 633 est.
1094 578 1252 641 Quod
1294 578 1419 632 ideo
1452 573 2032 632 commemorandum

332 669 678 735 existimavi,
712 667 851 738 quia
894 667 1029 722 dicit
1058 666 1392 736 Apostolus.
1428 666 1486 720 Si
1510 665 1780 720 Abraham
1809 680 1880 718 ea:
1910 676 2033 732 ope-

335 762 485 815 ribus
528 760 851 829 iustiﬁcalus
880 761 979 822 est,
1007 755 1164 811 habet
1195 756 1460 827 gloriam,
1490 756 1582 810 sed
1625 771 1737 808 non
1766 752 1836 808 ad
1868 754 2035 808 Deum

334 850 503 919 (Rom.
539 866 614 918 1v,
644 846 720 919 2).
746 847 875 903 Haec
899 850 985 901 est
1008 846 1078 900 ad
1104 847 1285 901 Deum
1318 844 1501 916 gloria
1533 860 1646 915 qua
1678 842 2036 915 gloriﬁcatur

333 957 445 994 non
479 939 672 1001 homo,
706 938 802 993 sed
835 937 1010 1000 Deus,
1044 936 1091 991 si
1126 951 1241 991 non
1270 952 1334 991 ex
1364 935 1659 1006 operibus,
1692 934 1790 989 sed
1823 948 1891 987 ex
1922 932 2035 988 ﬁdo

324 1030 705 1099 justiﬁcatur,
724 1028 990 1084 utexDeo
1014 1026 1098 1081 illi
1120 1028 1193 1082 sit
1209 1028 1358 1097 quod
1383 1026 1558 1082 etiam
1582 1026 1727 1081 bene
1742 1027 2031 1096 operatur:

332 1122 606 1193 quoniam
640 1122 883 1191 palmes,
908 1121 1060 1177 sicut
1083 1120 1206 1191 jam
1240 1120 1507 1192 superius
1533 1119 1669 1186 dixi,
1695 1135 1809 1174 non
1843 1119 2037 1189 potest

330 1217 473 1269 ferre
522 1215 775 1269 fructum
823 1229 855 1266 a
886 1211 1191 1281 semetipso
1239 1211 1441 1279 (Tract.
1468 1210 1557 1275 81,
1591 1225 1649 1264 ιι.
1672 1210 1749 1279 2).
1785 1206 1844 1263 Si
1876 1206 2031 1261 enim

326 1305 387 1359 in
420 1304 527 1359 hoc
557 1302 910 1358 clariﬁcatus
940 1304 1026 1355 est
1058 1305 1207 1355 Deus
1240 1303 1411 1354 Pater
1440 1304 1501 1353 ut
1541 1298 1795 1353 fructum
1845 1295 2031 1367 pluri-

330 1410 493 1449 mum
542 1394 876 1458 efferamus,
907 1393 963 1445 et
988 1390 1312 1445 efficiamur
1341 1388 1550 1443 Christi
1581 1386 1881 1458 discipuli;
1917 1402 2031 1441 non

328 1484 437 1539 hoc
467 1482 658 1552 gloriae
699 1484 906 1536 nostra;
941 1479 1285 1544 tribuamus,
1320 1481 1599 1549 tanquam
1636 1478 1740 1532 hoc
1769 1491 1837 1531 ex
1868 1474 2035 1531 nobis

326 1572 472 1642 ipsis
502 1571 845 1626 habeamus.
880 1570 1019 1639 Ejus
1050 1572 1139 1625 est
1167 1568 1318 1624 enim
1351 1568 1473 1623 haec
1504 1568 1709 1639 gratia,
1734 1574 1786 1622 et
1817 1565 1944 1621 ideo
1974 1565 2031 1620 in

329 1664 438 1717 hoc
470 1678 586 1716 non
619 1664 838 1727 nostra,
862 1660 963 1714 sed
987 1659 1114 1729 ejus
1136 1664 1221 1714 est
1248 1658 1449 1729 gloria.
1476 1656 1639 1712 Unde
1659 1661 1716 1712 et
1738 1654 1875 1711 alibi
1898 1672 2033 1710 cum

328 1751 587 1818 dixisset,
609 1750 695 1805 Sic
726 1750 900 1805 luceat
932 1750 1116 1804 tamen
1145 1757 1383 1805 vestrum
1406 1764 1589 1803 coram
1622 1746 1953 1814 hominibus,
1973 1753 2034 1800 ut

326 1841 548 1896 videant
576 1854 741 1911 Opera
781 1843 959 1894 vestra
990 1840 1173 1899 bona;
1208 1853 1277 1893 ne
1317 1854 1351 1892 a
1392 1835 1725 1906 semetipsis
1764 1838 2037 1907 putarent

327 1946 450 1987 esse
492 1932 646 1987 bona
684 1945 858 2001 opera
899 1945 1025 1996 sua,
1051 1944 1187 1983 mox
1215 1927 1463 1994 aduidit,
1495 1930 1559 1983 El
1588 1926 1896 1996 gloriﬁcent
1922 1927 2030 1980 Pa-

327 2026 463 2077 trem
512 2027 748 2077 vestrum
799 2018 896 2091 qui
942 2020 1003 2075 in
1047 2020 1194 2074 cretis
1239 2022 1314 2074 est
1357 2016 1562 2087 (Matth.
1598 2015 1889 2087 ν,16).1ιι
1922 2014 2033 2072 hoc

325 2112 483 2167 enim
515 2110 875 2183 gloriﬁcatur
904 2110 1074 2165 Pater
1102 2115 1163 2164 ut
1196 2108 1449 2163 fructum
1483 2106 1803 2179 plurimum
1835 2105 2033 2161 attera-

325 2218 481 2270 mus,
504 2206 563 2257 et
592 2200 917 2258 efﬁciamur
937 2199 1153 2256 Christi
1185 2198 1481 2272 discipuli.
1504 2200 1549 2254 A
1580 2213 1694 2270 quo
1725 2196 2031 2265 efﬁcimur,

324 2291 439 2346 nisi
471 2291 542 2347 ab
581 2289 681 2346 illo
713 2290 884 2361 cujus
916 2287 1313 2345 misericordia
1344 2286 1621 2359 prawenit
1654 2285 1809 2343 nos?
1838 2283 2034 2357 Ipsius

324 2378 480 2434 enim
505 2379 849 2449 ﬁgmentum
873 2392 1103 2444 sumus,
1128 2376 1305 2432 creati
1326 2374 1385 2431 in
1408 2373 1636 2431 Christo
1655 2377 1795 2430 Jesu
1819 2372 1879 2428 in
1903 2388 2033 2445 ope-

326 2468 489 2524 ribus
522 2467 689 2523 bonis
721 2466 936 2539 (Ep/tes.
969 2482 1031 2536 11,
1069 2466 1180 2537 10).

396 2559 449 2611 2.
485 2558 639 2613 Sicut
670 2555 870 2611 dilexit
902 2571 986 2610 me
1016 2558 1197 2625 Pater,
1233 2555 1445 2625 inquit,
1478 2556 1527 2609 et
1555 2569 1651 2625 ego
1682 2552 1855 2608 dilexi
1896 2566 1985 2607 vos
2013 2567 2033 2608 :

327 2654 546 2703 manete
577 2649 633 2702 in
662 2646 948 2702 dilectione
976 2662 1117 2701 mea.
1145 2647 1286 2701 Ecce
1307 2647 1461 2701 unde
1502 2650 1641 2701 sunt
1661 2644 1830 2701 nobis
1861 2659 2035 2715 opera

328 2739 503 2792 bona.
556 2737 702 2791 Nam
750 2736 903 2791 unde
952 2734 1123 2790 nobis
1173 2738 1388 2799 essent,
1423 2734 1535 2788 nisi
1584 2734 1721 2805 quia
1752 2733 1895 2788 ﬁdes
1936 2748 2037 2803 per

332 2826 699 2883 dilectionem
724 2829 998 2897 operatur
1020 2825 1224 2896 (Galat.
1258 2840 1313 2888 v,
1344 2823 1440 2895 6)?
1471 2822 1631 2879 Unde
1668 2827 1856 2879 autem
1890 2821 2033 2877 dili-

331 2932 622 2988 geremus,
643 2914 758 2971 nisi
792 2914 947 2985 prius
972 2914 1347 2986 diligeremur
1377 2914 1397 2964 P
1424 2913 1805 2985 Apertissime
1838 2912 1946 2968 hoc
1976 2912 2035 2966 in

332 3007 589 3077 Epistola
638 3022 742 3060 sua
789 3005 941 3060 idem
991 3005 1104 3060 iste
1146 3003 1495 3074 evangelista
1526 3002 1668 3058 dixit
1708 3020 1721 3059 :
1759 3004 1858 3059 Nos
1905 3003 2038 3060 dili-

333 3112 523 3167 gamus
553 3096 738 3159 Deum,
770 3093 1033 3166 quoniam
1079 3092 1195 3165 ipse
1238 3094 1394 3164 prior
1438 3091 1644 3148 dilexit
1678 3108 1774 3149 nos
1804 3093 1847 3163 (ι
1879 3094 2035 3149 Joan.

335 3203 412 3253 ιν,
443 3186 555 3255 19).
589 3184 749 3247 Quod
796 3190 984 3239 autem
1034 3183 1131 3251 ait,
1161 3183 1313 3239 Sicut
1361 3181 1565 3239 dilexit
1612 3198 1697 3238 me
1743 3184 1939 3249 Pater,
1989 3186 2041 3237 et

334 3291 432 3343 ego
455 3275 626 3329 dilexi
640 3289 727 3329 vos
741 3290 762 3335 ,·
778 3290 891 3330 non
915 3272 1308 3345 aequalitatem
1323 3276 1543 3328 natura:
1557 3273 1811 3329 ostendit
1830 3274 2038 3328 nostrae

335 3373 391 3422 et
420 3382 558 3429 suae,
592 3365 743 3419 sicut
772 3370 857 3419 est
906 3363 1093 3420 Patris
1124 3368 1181 3418 et
1226 3363 1431 3435 ipsius,
1484 3364 1581 3420 sed
1635 3362 1880 3435 gratiam
1925 3379 2041 3434 qua

336 3455 617 3510 mediator
647 3453 742 3508 Dei
795 3456 851 3508 et
884 3452 1186 3510 hominum
1219 3460 1305 3508 est
1353 3453 1524 3509 homo
1574 3452 1831 3508 Christus
1872 3451 2041 3509 Jesus

336 3548 381 3615 (Ι
417 3548 545 3599 Tim.
579 3561 639 3603 ιι,
664 3544 738 3615 5).
766 3544 1051 3599 Mediator
1072 3543 1289 3616 quippe
1314 3547 1694 3612 monstratur,
1719 3560 1849 3599 cum
1880 3542 2039 3614 dicit,

338 3654 422 3690 me
453 3637 639 3699 Pater,
674 3642 725 3689 et
772 3650 863 3703 ego
910 3650 996 3688 vos
1031 3636 1070 3690 ³.
1116 3633 1263 3688 Nam
1316 3634 1480 3689 Pater
1524 3634 1723 3704 utique
1758 3632 1953 3705 diligit
1990 3642 2043 3690 et

338 3744 461 3794 nos,
504 3726 596 3780 sed
650 3726 705 3778 in
753 3724 920 3794 ipso;
953 3724 1089 3795 quia
1122 3725 1178 3778 in
1226 3724 1333 3779 hoc
1363 3723 1720 3794 gloriﬁcatur
1762 3724 1947 3791 Pater,
1981 3729 2045 3780 ut

339 3818 593 3869 fructum
627 3813 930 3867 aﬁeramus
958 3813 1015 3867 in
1046 3812 1181 3881 vite,
1215 3812 1324 3870 hoc
1347 3818 1435 3868 est
1456 3812 1515 3867 in
1543 3811 1703 3881 Filio,
1738 3817 1794 3870 et
1824 3812 2042 3871 efﬁcia-

340 3929 475 3967 mur
502 3912 632 3981 ejus
662 3911 955 3981 discipuli.

412 4002 465 4053 3.
490 4000 713 4067 Manete,
746 3999 958 4071 inquit,
983 4002 1037 4053 in
1069 3999 1358 4057 dilectione
1379 4002 1828 4066 mea.Quomodo
1854 4020 2045 4063 mane-

342 4089 579 4147 bimus?
604 4089 753 4144 Audi
791 4089 929 4159 quid
955 4089 1255 4160 sequitur:
1290 4091 1351 4146 Si
1376 4097 1649 4163 prxcepta
1677 4111 1818 4165 mea,
1838 4096 2044 4167 inquit,

342 4181 994 4250 servaveritis,manebitis
1008 4182 1065 4235 in
1077 4180 1370 4238 dilectione
1383 4184 1770 4242 mea.Dilectio
1784 4186 1917 4244 facit
1931 4206 2046 4261 pra)

344 4276 510 4343 cepta
531 4271 849 4339 servari,an
866 4275 1147 4343 praecepta
1163 4275 1387 4328 servata
1402 4273 1618 4329 faciunt
1633 4275 2002 4335 dilectionem
2019 4282 2046 4337 ?

343 4365 451 4419 Sed
477 4363 603 4434 quis
635 4360 889 4433 ambigat
912 4361 1064 4432 quod
1092 4361 1321 4418 dilectio
1351 4364 1674 4436 praecedit?
1700 4366 1857 4423 Unde
1888 4370 2045 4426 enim

344 4456 628 4525 praecepta
651 4455 839 4508 servet
861 4468 974 4507 non
999 4450 1195 4519 habet,
1220 4453 1319 4524 qui
1349 4470 1463 4509 non
1487 4454 1697 4526 diligit.
1730 4458 1889 4523 Quod
1912 4474 2047 4531 ergo

346 4544 445 4613 ait,
470 4545 527 4599 Si
548 4548 813 4614 praecepta
834 4558 957 4597 mra
978 4545 1345 4611 scrvaveritis,
1368 4545 1660 4601 manebilis
1681 4548 1739 4602 in
1762 4546 2050 4606 dilectione

344 4651 487 4701 mea,
516 4633 765 4687 ostendit
797 4649 910 4687 non
944 4632 1096 4688 unde
1128 4631 1357 4689 dilectio
1403 4639 1728 4705 generetur,
1762 4637 1865 4694 sed
1895 4640 2050 4697 unde

346 4725 1023 4793 monstretur.Tanquam
1049 4723 1474 4790 diceret,Nolitc
1486 4742 1584 4781 vos
1602 4730 1801 4797 putare
1817 4746 2050 4788 manere

346 4817 405 4870 in
447 4812 752 4869 dilectione
784 4828 931 4879 mea,
958 4812 1003 4865 si
1039 4828 1156 4868 non
1195 4815 1438 4870 servatis
1478 4825 1759 4887 praecepta
1797 4835 1920 4875 mea
1954 4837 1967 4875 :
2000 4824 2051 4879 si

346 4904 496 4961 enim
527 4902 908 4970 servaveritis,
943 4902 1271 4958 manebitis.
1295 4903 1412 4960 Hoc
1440 4904 1556 4977 last,
1582 4906 1715 4962 hinc
1748 4912 2050 4981 apparebit

346 4997 502 5068 quod
526 4996 584 5051 in
608 4992 916 5049 dilectione
932 5009 1059 5049 mea
1080 4992 1415 5064 mancbitis,
1432 4994 1479 5050 si
1494 5006 1778 5069 praecepta
1796 5014 1922 5057 mea
1935 5020 2047 5059 ser-

346 5089 568 5146 Vahitis.
592 5087 664 5142 Ut
686 5102 854 5143 nemo
878 5101 939 5142 se
961 5083 1141 5153 fallat,
1158 5086 1403 5141 dicendo
1427 5088 1577 5158 quod
1600 5104 1733 5145 eum
1758 5090 2046 5163 diligat,si

348 5183 472 5251 ejus
505 5186 785 5253 praecepta
811 5194 924 5235 non
953 5184 1162 5234 servat.
1188 5177 1333 5235 Nam
1366 5177 1424 5233 in
1449 5183 1675 5237 tantum
1699 5197 1832 5239 eum
1858 5184 2051 5256 diligi-

352 5289 398 5324 n:
414 5288 499 5337 us,
515 5271 573 5325 in
590 5273 873 5341 quantum
889 5269 1011 5339 ejus
1036 5271 1323 5340 praecepta
1345 5284 1671 5326 servamus:
1689 5270 1745 5327 in
1762 5279 2050 5345 quantum

350 5366 543 5413 autem
594 5360 792 5414 minus
838 5374 1153 5425 servamus,
1188 5358 1381 5414 minus
1420 5358 1744 5431 diligimus.
1778 5364 2053 5428 Quamvis

360 5441 511 5509 quod
546 5440 644 5501 ait,
667 5440 869 5495 Manete
899 5442 955 5494 in
986 5439 1278 5496 dilectione
1304 5456 1441 5510 mea,
1470 5457 1584 5498 non
1616 5448 1858 5515 apparet
1878 5461 2054 5519 quam

424 5565 541 5611 IEr.
574 5564 739 5638 ξειιιξίξ.
774 5568 823 5612 ct
866 5565 1023 5638 νει-[ιη
1062 5567 1137 5617 sic
1166 5567 1343 5618 ferunt
1376 5582 1386 5617 :
1422 5568 1511 5618 Sic
1555 5569 1747 5621 dilexit
1777 5588 1853 5623 me
1883 5573 2053 5638 Pater,

358 5632 403 5676 et
434 5642 526 5687 ego
556 5626 720 5675 dilexi
750 5640 851 5675 vos.
908 5629 977 5678 Μ.

1285 262 1375 322 ΙΝ
1419 260 1742 323 JOANNIS
1788 255 2329 330 EVANGELIUM,
2372 258 2435 318 S.
2483 258 2903 323 AUGUSTINI

3692 262 3847 323 1844

2143 390 2352 447 dixerit
2371 392 2763 459 dilectionem,
2789 397 2980 450 utrum
3005 410 3121 467 qua
3141 410 3272 452 eum
3294 395 3709 469 diligimus,an
3732 416 3851 470 qua

2141 479 2268 550 ipse
2299 480 2488 555 diligit
2520 501 2625 540 nos
2659 500 2672 540 :
2700 485 2802 540 sed
2835 500 2903 539 ex
2932 485 3106 541 verbo
3136 487 3435 558 superiore
3464 489 3846 559 dignoscitur.

2143 569 2377 627 Dixerat
2406 571 2643 645 quippe,
2678 575 2740 629 Et
2766 589 2862 642 ego
2893 574 3068 630 dilexi
3094 591 3216 637 vos;
3246 576 3338 633 cui
3368 578 3538 635 verbo
3569 579 3849 635 continuo

2142 659 2465 729 subjunxit,
2514 663 2725 718 Manete
2775 665 2829 716 in
2878 662 3168 719 dilectione
3214 680 3334 721 mea
3364 683 3384 723 :
3417 667 3517 723 illa
3559 684 3695 740 ergo
3737 685 3851 740 qua

2141 748 2341 805 dilexit
2390 766 2514 808 nos.
2551 751 2694 819 Quid
2727 759 2814 808 est
2842 769 2999 825 ergo,
3032 754 3239 810 Manete
3281 757 3343 811 in
3371 756 3662 814 dilectione
3704 776 3852 829 mea,

2142 839 2277 907 nisi,
2312 844 2541 897 manete
2571 841 2627 896 in
2660 842 2847 914 gratia
2880 844 3046 899 mea?
3075 843 3145 898 Et
3175 844 3315 915 quid
3347 851 3451 911 est,
3484 847 3545 903 Si
3571 859 3849 922 praecepta

2143 944 2264 984 mea
2290 933 2656 999 servaveritis,
2689 931 2981 988 manebilis
3015 932 3072 987 in
3100 932 3390 991 dilectione
3432 952 3580 1004 mea,
3614 937 3751 1006 nisi,
3780 955 3850 996 ex

2140 1016 2249 1073 hoc
2300 1018 2492 1075 scietis
2540 1020 2692 1091 quod
2743 1020 2799 1075 in
2851 1020 3159 1077 dilectione
3209 1038 3337 1080 mea
3368 1040 3481 1096 qua
3511 1041 3611 1083 vos
3642 1027 3847 1100 diligo,

2143 1106 2472 1174 mancbitis,
2505 1108 2551 1163 si
2602 1112 2891 1180 praecepta
2922 1125 3048 1165 mea
3086 1110 3432 1167 servabitis?
3462 1112 3588 1169 Non
3618 1130 3755 1188 ergo
3788 1121 3855 1172 ut

2142 1211 2248 1250 nos
2280 1196 2506 1269 diligat,
2540 1197 2697 1267 prius
2738 1198 2864 1269 ejus
2904 1203 3189 1271 praecepta
3237 1216 3568 1271 servamus;
3604 1206 3701 1260 sed
3737 1206 3852 1261 nisi

2141 1302 2250 1341 nos
2291 1286 2516 1359 diligat,
2542 1297 2826 1361 praecepta
2874 1291 3001 1359 ejus
3059 1306 3292 1348 servare
3338 1309 3456 1350 non
3510 1311 3848 1366 possumus.

2141 1374 2269 1431 Haec
2300 1381 2386 1433 est
2416 1377 2605 1448 gratia
2635 1395 2759 1449 qum
2792 1379 3116 1437 humilibus
3164 1385 3341 1453 patet,
3374 1385 3653 1455 superbos
3684 1386 3846 1443 latet.

2212 1465 2263 1521 4.
2295 1466 2403 1521 Sed
2438 1468 2580 1539 quid
2623 1469 2766 1525 illud
2816 1474 2905 1526 est
2950 1470 3104 1543 quod
3135 1472 3443 1545 adjungit:
3478 1475 3630 1531 Sicut
3660 1481 3710 1532 et
3741 1494 3848 1549 ego

2140 1557 2322 1610 Patris
2368 1559 2481 1612 mei
2526 1568 2795 1629 praecepta
2841 1563 3075 1631 servavi,
3102 1568 3155 1617 et
3204 1579 3395 1619 maneo
3443 1567 3499 1618 in
3548 1567 3670 1635 ejus
3710 1567 3850 1623 dile~

2139 1648 2351 1702 ctione?
2375 1646 2581 1719 Utique
2602 1648 2775 1705 etiam
2800 1650 2893 1706 hic
2916 1651 3063 1708 hanc
3084 1652 3657 1726 dilectionemzPatris
3676 1656 3849 1712 intel-

2142 1734 2239 1805 ligi
2268 1736 2462 1805 voluit,
2492 1755 2605 1808 qua
2632 1754 2766 1795 eum
2797 1739 2985 1813 diligit
3028 1745 3215 1797 Pater.
3252 1745 3331 1799 Ita
3362 1743 3572 1815 quippe
3602 1746 3848 1816 dixerat,

2138 1825 2290 1882 Sicut
2337 1826 2533 1883 dilexit
2582 1844 2665 1883 me
2713 1833 2903 1899 Pater,
2943 1838 2995 1886 et
3040 1846 3134 1902 ego
3182 1831 3360 1887 dilexi
3398 1848 3486 1889 vos
3498 1852 3520 1899 ;
3552 1841 3727 1908 atque
3757 1836 3851 1893 bis

2143 1916 2330 1973 verbis
2375 1917 2476 1974 illa
2521 1918 2846 1990 subjunxit,
2879 1921 3086 1977 Manete
3134 1924 3191 1977 in
3238 1922 3530 1981 dilectione
3564 1942 3711 1994 mea,
3752 1926 3849 1982 illa

2143 2006 2341 2079 procul
2370 2006 2546 2065 dubio
2578 2026 2691 2080 qua
2722 2009 2895 2066 dilexi
2928 2026 3049 2068 vos.
3084 2011 3229 2084 Ergo
3274 2015 3426 2085 quod
3454 2015 3533 2070 ait
3565 2016 3741 2072 etiam
3774 2018 3845 2072 de

2141 2099 2331 2163 Patre,
2357 2098 2540 2154 illanec
2565 2099 2625 2153 in
2645 2100 2764 2167 eius
2784 2098 3100 2167 dilectione,
3125 2100 3225 2157 illa
3254 2101 3477 2160 scilicet
3506 2105 3843 2177 accipienda

2140 2190 2231 2242 est
2261 2202 2373 2257 qua
2403 2186 2605 2244 dilexit
2628 2204 2759 2244 eum
2792 2190 2973 2245 Pater.
2998 2190 3105 2246 Sed
3138 2193 3415 2263 numquid
3444 2202 3497 2250 et
3530 2194 3619 2250 hic
3649 2196 3845 2267 gratia

2142 2274 2517 2348 intelligenda
2546 2282 2653 2344 est,
2678 2295 2791 2351 qua
2820 2283 2990 2336 Pater
3019 2279 3207 2351 diligit
3239 2281 3465 2345 Filium,
3486 2284 3639 2341 sicut
3658 2287 3850 2357 gratia

2141 2372 2231 2424 est
2261 2385 2375 2439 qua
2405 2385 2511 2426 nos
2532 2369 2725 2441 diligit
2756 2370 2973 2426 Filius:
2999 2387 3132 2428 cum
3155 2371 3341 2430 simus
3372 2391 3476 2432 nos
3501 2374 3604 2431 ﬁlii
3635 2376 3847 2449 gratia,

2143 2472 2258 2514 non
2290 2461 2532 2526 natura;
2566 2458 2912 2531 Unigenitus
2959 2464 3153 2517 autem
3204 2466 3438 2532 natura,
3470 2480 3585 2521 non
3624 2465 3855 2537 gratia?

2143 2552 2232 2603 An
2265 2547 2373 2605 hoc
2402 2549 2577 2604 etiam
2613 2549 2671 2605 in
2705 2550 2829 2622 ipso
2863 2550 3005 2607 Filio
3037 2552 3107 2607 ad
3142 2551 3436 2610 hominem
3479 2556 3849 2611 referendum

2145 2638 2269 2694 est?
2298 2640 2378 2693 Ita
2408 2654 2568 2694 sane.
2602 2639 2744 2695 Nam
2778 2640 3046 2707 dicendo,
3069 2640 3224 2698 Sicut
3253 2642 3451 2699 dilexit
3481 2661 3566 2700 me
3596 2648 3779 2714 Pater,
3808 2655 3861 2703 et

2144 2742 2240 2796 ego
2272 2726 2457 2783 dilexi
2485 2744 2593 2796 vos,
2622 2730 2870 2800 gratiam
2906 2731 3241 2788 mediatoris
3271 2734 3544 2790 ostendit.
3567 2735 3857 2792 Mediator

2146 2821 2343 2872 autem
2378 2815 2477 2871 Dci
2500 2821 2558 2872 et
2582 2817 2906 2887 hominum,
2930 2836 3048 2877 non
3079 2821 3137 2876 in
3172 2826 3449 2892 quantum
3470 2826 3643 2892 Deus,
3664 2826 3764 2880 sed
3794 2826 3855 2882 in

2148 2909 2433 2977 quantum
2465 2904 2637 2962 homo
2659 2914 2743 2962 est
2763 2907 3030 2965 Christus
3052 2912 3239 2966 Jesus.
3266 2914 3331 2965 Et
3359 2912 3613 2983 profecto
3645 2929 3857 2970 secun-

2149 2996 2287 3051 dum
2310 2994 2363 3050 id
2389 2996 2541 3067 quod
2574 2996 2744 3052 homo
2776 3004 2884 3068 est,
2909 3000 2977 3054 de
3010 2999 3110 3055 illo
3142 3000 3373 3073 legitur,
3410 3004 3471 3057 Et
3500 3007 3665 3060 Jews
3693 3006 3860 3077 proﬁ-

2146 3082 2321 3139 ciebat
2344 3086 2619 3156 sapientia
2640 3092 2690 3141 et
2713 3089 2893 3154 actate,
2907 3095 2959 3144 et
2978 3088 3166 3156 gratia
3186 3089 3333 3159 apud
3350 3094 3521 3146 Deum
3533 3096 3589 3147 et
3609 3092 3858 3149 homines

2148 3174 2299 3245 (Luc.
2334 3193 2396 3244 11,
2430 3176 2540 3248 52).
2575 3176 2910 3234 Secundum
2960 3178 3067 3235 hoc
3115 3180 3294 3251 igitur
3340 3188 3488 3237 recte
3536 3199 3854 3254 possumus

2149 3264 2362 3331 dicere,
2379 3266 2678 3336 quodcum
2695 3267 2764 3322 ad
2782 3271 3050 3325 naturam
3074 3269 3171 3327 Dei
3196 3287 3309 3325 non
3344 3272 3630 3342 pertineat
3651 3273 3853 3330 huma-

2149 3370 2226 3411 na
2248 3359 2472 3420 natura,
2497 3355 2566 3409 ad
2590 3371 2893 3426 personam
2928 3362 3124 3415 tamen
3157 3360 3445 3431 unigeniti
3478 3362 3602 3418 Filii
3630 3363 3729 3419 Dei
3752 3378 3855 3434 per

2152 3442 2397 3515 gratiam
2434 3443 2681 3515 pertinet
2710 3446 2971 3502 humana
3002 3451 3553 3515 natura;ettantam
3582 3453 3857 3523 gratiam,

2155 3536 2217 3587 ut
2239 3532 2401 3589 nulla
2420 3535 2490 3589 sit
2513 3535 2720 3606 major,
2743 3534 2903 3591 nulla
2936 3553 3174 3607 prorsus
3197 3538 3458 3610 aequalis.
3482 3540 3677 3612 Neque
3698 3542 3855 3598 enim

2154 3622 2313 3678 illam
2338 3624 2768 3695 susceptionem
2789 3625 3043 3683 hominis
3057 3627 3174 3682 ulla
3190 3630 3394 3685 merita
3417 3636 3857 3702 praecesserunt,

2153 3714 2255 3770 sed
2277 3713 2348 3769 ab
2378 3714 2477 3770 illa
2508 3716 2875 3787 susceptione
2901 3717 3107 3773 merita
3136 3718 3265 3788 ejus
3296 3724 3506 3775 cuncta
3536 3728 3856 3791 coeperunt.

2155 3804 2347 3859 Manet
2367 3819 2503 3874 ergo
2526 3805 2702 3860 Filius
2725 3806 2783 3860 in
2808 3806 3112 3863 dilectione
3134 3824 3248 3878 qua
3268 3824 3401 3864 eum
3437 3808 3638 3865 dilexit
3666 3810 3855 3878 Pater,

2156 3898 2214 3949 et
2244 3893 2370 3949 ideo
2401 3894 2649 3950 servavit
2692 3898 2977 3967 praecepta
3006 3896 3153 3967 ejus.
3188 3897 3334 3962 Quid
3367 3902 3455 3954 est
3484 3900 3640 3955 enim
3672 3904 3729 3955 et
3758 3899 3858 3956 ille

2155 3982 2349 4050 homo,
2376 3983 2663 4056 nisiﬁquod
2696 3984 2845 4040 Deus
2875 3990 3179 4057 susceptor
3200 3991 3288 4043 est
3310 3988 3437 4059 ejus
3459 3988 3634 4060 (Prol.
3660 4006 3745 4058 111,
3779 3993 3859 4063 4),

2157 4071 2309 4127 Deus
2339 4072 2496 4128 enim
2528 4077 2650 4129 erat
2673 4072 2950 4142 Verbum,
2973 4073 3318 4145 Unigenitus
3349 4077 3605 4150 gignenti
3628 4085 3863 4136 coaeter-

2159 4181 2269 4221 nus
2302 4179 2315 4218 :
2348 4163 2450 4220 sed
2482 4167 2548 4219 ut
2578 4162 2864 4219 mediator
2892 4164 3125 4220 daretur
3155 4164 3347 4234 nobis,
3377 4183 3478 4238 per
3506 4168 3861 4225 ineffabilem

2156 4254 2405 4327 gratiam
2454 4252 2708 4309 Verbum
2760 4270 2891 4311 caro
2948 4254 3162 4312 tactum
3211 4259 3320 4325 est,
3370 4260 3427 4313 et
3478 4256 3755 4315 habitavit
3802 4260 3861 4315 in

2158 4345 2327 4402 nobis
2356 4344 2540 4417 (Joan.
2572 4360 2611 4414 1,
2650 4344 2754 4415 14).

2643 4488 3057 4547 TBACTATUS
3099 4490 3383 4549 LXXXIII.

2158 4605 2219 4659 In
2267 4601 2377 4657 hinc
2406 4600 2590 4667 verba,
2623 4598 2753 4655 Ilaec
2801 4599 3032 4656 locutus
3079 4616 3208 4657 sum
3255 4600 3439 4669 vobis,
3475 4605 3535 4658 ut
3575 4605 3862 4675 gaudium

2232 4706 2425 4748 meum
2454 4690 2515 4747 in
2544 4688 2704 4747 vobis
2736 4688 2832 4755 sit,
2852 4693 2911 4746 et
2938 4689 3220 4761 gaudium
3243 4694 3499 4748 vestrum
3533 4692 3866 4766 impleatur.

2232 4782 2348 4837 Hoc
2394 4783 2484 4835 est
2533 4782 2883 4851 prazceptum
2935 4795 3151 4846 meum,
3185 4784 3249 4836 ut
3295 4780 3554 4854 diligatis
3594 4783 3866 4856 invicem,

2232 4870 2387 4928 sicut
2416 4867 2589 4925 dilexi
2616 4884 2737 4925 vos.
2775 4868 2904 4940 Cap.
2936 4884 3029 4936 xv,
3064 4869 3155 4938 ἥ.
3194 4870 3279 4937 11,
3316 4870 3401 4925 12.

2235 4996 2283 5052 1.
2317 4993 2597 5064 Audistis,
2630 4992 2978 5063 charissimi,
3013 4994 3321 5051 Dominum
3368 4994 3654 5054 dicentem
3688 4998 3867 5056 disci-

2160 5085 2313 5159 pulis
2360 5084 2505 5153 suis,
2539 5086 2658 5140 Ilzc
2689 5084 2895 5141 locutus
2924 5101 3045 5141 sum
3077 5086 3247 5158 vobis,
3281 5095 3341 5141 ut
3370 5086 3637 5155 gaudium
3681 5107 3863 5148 meum

2160 5181 2219 5231 in
2247 5177 2395 5232 vobis
2424 5178 2514 5241 sit,
2546 5183 2596 5231 et
2642 5175 2911 5247 gaudium
2960 5182 3193 5233 vestrum
3248 5178 3563 5248 impleatur.
3591 5179 3740 5245 Quid
3771 5187 3864 5240 est

2161 5266 2437 5338 gaudium
2461 5264 2673 5320 Christi
2697 5266 2755 5321 in
2779 5265 2963 5336 nobis,
2987 5265 3101 5322 nisi
3127 5267 3277 5337 quod
3312 5266 3585 5337 dignatur
3612 5272 3869 5341 gaudere

2162 5357 2233 5412 de
2262 5355 2469 5411 nobis?
2499 5354 2568 5409 Et
2597 5354 2733 5425 quid
2767 5358 2855 5411 est
2884 5355 3165 5427 gaudium
3215 5360 3485 5412 nostrum
3536 5360 3690 5430 quod
3729 5361 3875 5421 dicit

2163 5444 2548 5516 implendum,
2581 5444 2690 5499 nisi
2739 5445 2867 5516 ejus
2916 5445 3129 5501 habere
3176 5446 3540 5502 consortium
3567 5448 3594 5503 ?
3631 5454 3875 5523 Propter

2165 5535 2318 5608 quod
2350 5534 2518 5589 beato
2540 5536 2707 5590 Petso
2728 5535 2973 5601 dixerat,
2988 5536 3047 5590 Si
3071 5551 3176 5592 non
3210 5536 3392 5591 lavero
3412 5542 3485 5607 te,
3506 5553 3617 5592 non
3647 5539 3875 5603 habebis

2162 5627 2379 5697 partem
2425 5638 2633 5680 mecum
2679 5618 2793 5697 (Idl
2833 5640 2951 5696 xm,
3001 5625 3079 5695 8).
3132 5625 3422 5683 Gaudium
3448 5640 3585 5698 ergo
3626 5628 3759 5701 ejus
3808 5634 3869 5691 in
