4148 6190
304 210 472 271 1845

300 345 497 417 nobis,
531 346 722 420 gratia
752 352 842 405 est
872 366 1047 421 quam
1084 352 1353 423 prestitit
1385 356 1553 413 nobis
1587 374 1599 413 :
1633 358 1763 431 ipsa
1792 364 1878 417 est
1914 365 1929 399 ί
1963 367 2019 420 et

300 436 589 505 gaudium
616 444 903 495 nostrum.
930 441 1037 495 Sed
1065 440 1134 497 de
1158 441 1266 499 hac
1289 443 1386 499 ille
1407 446 1581 503 etiam
1606 465 1673 505 ex
1696 452 2017 511 aeternitate

297 526 853 599 gaudebat,quando
870 546 974 585 nos
989 529 1154 601 elegit
1172 539 1302 588 ante
1317 535 1793 595 constitutionem
1812 543 2015 598 mundi

294 616 521 687 (Ephes.
539 636 579 685 ι,
599 620 674 693 4).
700 620 813 675 Nec
837 626 987 677 recte
1010 639 1325 693 possumus
1347 626 1535 685 dicere
1558 631 1714 701 quod
1735 634 2012 703 gaudium

301 708 431 778 ejus
463 708 702 780 plenum
729 728 841 767 non
866 717 1027 768 erat:
1056 731 1166 769 non
1195 715 1348 771 enim
1373 717 1526 775 Deus
1549 722 1884 794 imperfecte
1905 723 2015 779 ali-

302 800 541 870 quando
561 801 869 870 gaudebat.
887 803 996 858 Sed
1025 803 1166 859 illud
1186 806 1312 875 ejus
1335 808 1615 879 gaudium
1634 812 1689 866 in
1708 813 1875 869 nobis
1898 830 2013 869 non

293 892 458 943 erat:
485 890 622 960 quia
652 906 757 947 nec
790 908 895 949 nos
919 892 977 948 in
1003 894 1217 964 quibus
1240 911 1368 952 esse
1395 901 1734 970 possetjam
1758 918 2010 970 eramus;

297 993 403 1033 nec
427 980 665 1050 quando
697 996 825 1037 esse
851 983 1159 1054 ccepimus,
1185 1002 1318 1041 cum
1352 986 1449 1044 illo
1470 1005 1596 1045 esse
1618 991 1922 1062 coepimus.
1952 993 2009 1047 ln

295 1065 425 1136 ipso
449 1071 644 1123 autem
661 1084 893 1141 semper
906 1074 1046 1141 erat,
1062 1072 1162 1143 qui
1178 1088 1280 1129 nos
1292 1090 1432 1130 suos
1450 1078 1672 1132 futuros
1685 1079 2011 1135 certissima

297 1170 419 1210 sum
451 1157 827 1227 prmscientice
856 1159 1092 1215 veritate
1122 1162 1427 1231 gaudebat.
1454 1164 1700 1221 Proinde
1730 1168 2009 1238 gaudium

285 1247 411 1317 jam
432 1247 754 1318 perfectum
770 1251 839 1307 de
855 1251 1022 1307 nobis
1038 1252 1557 1327 habebat,quando
1585 1275 1687 1314 nos
1703 1260 2010 1330 prmscien-

295 1338 919 1407 doetprzedestinando
936 1343 1258 1412 gaudebat:
1277 1361 1464 1418 neque
1486 1347 1641 1403 enim
1667 1348 1892 1405 ullusin
1911 1349 2010 1407 illo

295 1424 649 1495 ejusgaudio
673 1430 864 1483 metus
878 1444 1003 1484 esse
1030 1434 1275 1500 poterat,
1296 1448 1364 1488 ne
1381 1435 1522 1490 forte
1546 1451 1659 1491 non
1684 1437 2009 1507 ﬂeretquod

295 1528 358 1570 se
382 1514 673 1571 facturum
699 1533 825 1573 esse
853 1520 1213 1589 praescicbat.
1240 1522 1351 1578 Sed
1377 1540 1563 1596 neque
1586 1542 1717 1581 cum
1741 1526 1797 1581 id
1823 1527 2009 1583 facere

295 1606 493 1677 Coepit,
512 1607 661 1677 quod
688 1622 750 1663 se
773 1608 1061 1666 facturum
1086 1627 1211 1668 esse
1234 1614 1538 1686 prmscivit,
1560 1616 1834 1687 gaudium
1859 1617 2006 1688 ejus,

296 1712 415 1767 quo
437 1697 646 1753 beatus
670 1701 777 1765 est,
803 1700 1009 1767 crevit;
1035 1701 1253 1775 alioqui
1286 1704 1504 1761 beatior
1536 1706 1720 1763 factus
1743 1711 1847 1775 est,
1873 1708 2010 1779 quia

294 1799 402 1839 nos
432 1784 587 1839 fecit.
620 1784 787 1842 Absit
818 1785 945 1855 hoc,
980 1788 1188 1845 fratres
1224 1805 1239 1845 :
1272 1791 1374 1847 Dei
1410 1792 1703 1850 beatitudo
1736 1794 1874 1867 quia
1905 1813 2007 1852 nec

293 1874 492 1929 minor
520 1875 707 1931 fuerat
738 1876 865 1933 sine
897 1879 1088 1944 nobis,
1115 1896 1228 1935 non
1254 1880 1320 1935 lit
1351 1883 1531 1953 major
1553 1900 1619 1939 ex
1641 1885 1830 1942 nobis.
1855 1886 2010 1943 Gau-

293 1965 458 2020 dium
492 1965 672 2037 igitur
691 1968 818 2038 ejus
843 1967 911 2024 de
935 1968 1123 2026 salute
1150 1976 1370 2041 nostra,
1394 1974 1548 2044 quod
1572 1974 1628 2029 in
1653 1974 1752 2031 illo
1780 1992 2011 2049 semper

296 2054 406 2110 fuit
428 2071 564 2111 cum
588 2057 878 2128 praescivit
903 2062 958 2114 et
990 2060 1420 2132 praedestinavit
1450 2080 1576 2135 nos,
1599 2065 1771 2137 cmpit
1800 2081 1927 2123 esse
1949 2068 2006 2123 in

296 2144 471 2199 nobis
521 2146 754 2216 quando
802 2148 1018 2204 vocavit
1066 2166 1207 2219 nos;
1244 2156 1299 2206 et
1349 2151 1457 2209 hoc
1494 2154 1768 2224 gaudium
1801 2157 2007 2213 merito

300 2239 567 2290 nostrum
604 2235 877 2306 dicimus,
900 2253 1016 2308 quo
1038 2245 1090 2294 et
1113 2255 1219 2295 nos
1240 2240 1396 2296 beati
1431 2242 1608 2298 futuri
1642 2261 1842 2300 sumus
1868 2264 1881 2301 :
1906 2247 2006 2302 sed

302 2325 409 2382 hoc
442 2327 720 2398 gaudium
756 2332 1020 2385 nostrum
1053 2332 1263 2388 crescit
1293 2338 1350 2389 et
1382 2335 1628 2404 proficit,
1652 2342 1709 2392 et
1738 2338 1811 2393 ad
1842 2355 2006 2395 suam

298 2417 711 2487 perfectionem
746 2422 1164 2488 perseverando
1197 2424 1505 2494 pertendit.
1532 2425 1675 2497 Ergo
1699 2426 2008 2485 inchoatur

290 2504 349 2561 in
374 2507 488 2562 fide
512 2509 960 2577 renascentium,
986 2510 1324 2584 implebitur
1343 2514 1403 2570 in
1427 2517 1662 2587 praemio
1695 2534 2003 2590 resurgen-

286 2595 455 2651 tium.
490 2598 636 2654 Ecce
686 2598 839 2655 unde
889 2600 1112 2657 dictum
1157 2604 1452 2673 existimo,
1487 2607 1610 2662 liae
1639 2608 1853 2665 locutus
1882 2626 2004 2665 sum

287 2686 454 2756 vobis,
491 2695 549 2742 ut
577 2689 843 2757 gaudium
890 2707 1074 2746 meum
1124 2694 1180 2747 in
1230 2695 1376 2750 vobis
1415 2699 1509 2767 sit,
1541 2706 1591 2753 et
1619 2699 1889 2770 gaudium
1921 2716 2002 2756 ve-

286 2783 464 2831 strum
513 2778 862 2847 impleatur:
895 2781 953 2834 in
1000 2782 1150 2838 vobis
1190 2786 1261 2838 sit
1320 2801 1546 2856 meum;
1583 2790 1886 2860 impleatur
1913 2806 1999 2846 ve-

292 2870 502 2920 strum.
526 2869 767 2938 Semper
788 2868 941 2923 enim
962 2875 1086 2925 erat
1106 2886 1297 2927 meum
1328 2873 1585 2945 plenum,
1608 2881 1664 2931 et
1686 2882 1998 2949 antequam

292 2954 673 3019 vocaremini,
704 2970 829 3012 cum
863 2960 1103 3014 vocandi
1139 2978 1170 3016 a
1202 2977 1292 3017 me
1324 2964 1769 3036 praesciremini;
1802 2969 1903 3024 sed
1937 2969 2003 3024 fit

292 3049 350 3101 et
371 3046 429 3100 in
453 3046 788 3112 vobis,cum
812 3046 922 3104 hoc
944 3050 1240 3106 eiﬁeimini
1265 3053 1415 3124 quod
1439 3057 1697 3126 praescivi
1720 3057 1790 3113 de
1811 3058 1998 3115 vobis.

284 3136 595 3207 Implentur
644 3141 836 3193 autem
886 3146 1128 3195 vestrum
1167 3160 1185 3196 :
1225 3144 1362 3214 quia
1410 3144 1561 3200 beati
1610 3146 1789 3214 eritis,
1841 3151 1995 3221 quod

282 3226 549 3280 nondum
584 3226 765 3295 estis;
798 3227 950 3283 sicut
980 3230 1151 3285 creati
1184 3232 1323 3288 estis
1355 3235 1455 3305 qui
1486 3252 1601 3291 non
1637 3237 1851 3295 fuistis.

353 3319 407 3369 2.
445 3317 552 3372 Hoc
597 3321 697 3384 est,
750 3317 963 3389 inquit,
1011 3329 1345 3392 praeceptum
1396 3340 1594 3393 meum,
1646 3331 1701 3382 ut
1751 3328 1998 3402 diligatis

282 3406 541 3475 invicem,
566 3408 705 3461 sicut
727 3408 909 3462 dilexi
930 3424 1036 3464 vos.
1063 3410 1190 3466 Sive
1220 3413 1446 3469 dicatur
1476 3422 1849 3489 praeceptum,
1875 3421 1995 3477 sive

284 3498 656 3564 mandatum,
689 3513 755 3552 ex
791 3515 905 3553 uno
936 3500 1108 3555 verbo
1140 3518 1325 3574 graeco
1358 3510 1676 3579 utrumque
1715 3510 1994 3582 interpre-

282 3591 460 3657 tatur,
486 3589 636 3658 quod
670 3592 759 3643 est
789 3585 1007 3658 ἐντολή.
1040 3590 1306 3649 Jamvero
1337 3595 1508 3651 istam
1542 3600 1894 3657 sententiam
1939 3605 1996 3659 et

282 3686 452 3733 antea
485 3677 726 3747 dixerat,
760 3682 829 3736 de
862 3700 977 3753 qua
1013 3701 1102 3740 me
1133 3686 1317 3755 vobis,
1352 3694 1415 3743 ut
1447 3692 1627 3761 potui,
1663 3691 1996 3763 disputasse

282 3767 626 3824 meminisse
675 3770 896 3826 debetis
944 3774 1167 3844 (Supra,
1212 3777 1383 3833 Tract.
1414 3780 1524 3849 65).
1578 3780 1657 3835 Ibi
1706 3782 1862 3837 enim
1912 3782 1996 3837 sic

278 3858 383 3925 ait,
417 3858 734 3914 Mandatum
781 3876 981 3917 novum
1010 3863 1075 3918 do
1122 3866 1293 3932 vobis,
1327 3876 1388 3923 ut
1424 3868 1681 3941 diligatis
1730 3872 1992 3941 invicem,

278 3948 426 4002 sicut
454 3946 638 4003 dilexi
668 3964 775 4016 vos,
811 3956 871 4005 ut
902 3958 949 4006 et
978 3968 1065 4007 vos
1093 3954 1349 4024 diligatis
1393 3959 1623 4014 invicem
1656 3960 1835 4031 (Joan.
1868 3979 1993 4033 xm,

284 4035 402 4102 34).
446 4035 630 4105 Hujus
678 4038 874 4107 itaque
921 4044 1176 4097 mandati
1230 4046 1510 4118 repetitio,
1567 4052 1993 4106 commendatio

281 4130 411 4181 est:
440 4126 549 4181 nisi
577 4129 729 4199 quod
766 4129 861 4199 ibi,
889 4130 1225 4203 Mandatum,
1252 4136 1465 4207 inquit,
1492 4154 1695 4194 novum
1718 4140 1783 4195 do
1806 4142 1993 4209 vobis;

286 4213 386 4268 hic
436 4220 651 4283 autem,
702 4218 807 4273 Hoc
853 4225 954 4289 est,
1009 4220 1215 4293 inquit,
1261 4226 1585 4283 mandatum
1629 4246 1810 4285 meum
1839 4248 1857 4284 :
1890 4230 1991 4301 ibi,

285 4307 567 4376 tanquam
610 4322 725 4363 non
766 4308 939 4364 fuerit
978 4315 1110 4366 ante
1148 4312 1260 4369 tale
1302 4318 1674 4386 mandatum;
1734 4320 1843 4386 hic,
1871 4325 1994 4374 tan-

279 4409 461 4465 quam
488 4410 600 4448 non
624 4395 696 4450 sit
722 4396 878 4451 aliud
904 4398 1033 4469 ejus
1056 4404 1547 4461 mandatum.Sed
1573 4406 1992 4464 ibidietumest

275 4500 502 4551 novum,
552 4500 623 4539 ne
671 4484 728 4539 in
779 4492 1059 4546 vetustate
1114 4496 1311 4547 nostra
1366 4512 1799 4566 perseveremus
1843 4515 1856 4555 :
1899 4498 1992 4555 hic

278 4574 504 4630 dictum
536 4580 625 4631 est
654 4592 856 4645 meum,
894 4596 963 4633 ne
994 4587 1484 4641 contemnendum
1520 4598 1807 4659 putemus.

353 4664 405 4720 3.
459 4665 619 4728 Quod
671 4672 868 4722 autem
917 4669 1011 4725 hic
1061 4670 1142 4726 ita
1191 4672 1357 4742 dixit,
1402 4677 1506 4732 lloc
1543 4683 1621 4733 est
1664 4679 1989 4735 mandatum

280 4772 487 4824 meum,
507 4755 664 4811 velut
688 4775 801 4813 non
825 4760 895 4813 sit
919 4761 1099 4829 aliud,
1126 4765 1262 4833 quid
1291 4775 1585 4837 putamus,
1612 4772 1814 4826 fratres
1841 4774 1988 4827 mei?

276 4845 720 4918 Numquidnam
746 4850 931 4905 solum
957 4852 1081 4922 ejus
1097 4855 1166 4909 de
1190 4856 1618 4916 istadilectione
1642 4862 1985 4917 mandatum

274 4942 385 5004 est,
411 4954 524 5008 qua
545 4938 848 5011 diligimus
870 4942 1153 4998 invicem?
1176 4949 1376 5003 Nonne
1396 4954 1484 5003 est
1505 4954 1559 5005 et
1580 4950 1736 5007 aliud
1772 4954 1984 5025 majus,

272 5032 339 5082 ut
368 5028 681 5100 diligamus
716 5030 938 5086 Deum?
969 5037 1083 5089 Aut
1114 5050 1244 5091 vero
1278 5036 1346 5092 de
1376 5038 1497 5094 sola
1533 5041 1679 5096 Deus
1711 5043 1877 5099 nobis
1898 5044 1983 5099 di-

271 5116 524 5173 lectione
548 5119 865 5190 mandavit,
883 5123 1083 5179 utalia
1107 5142 1221 5180 non
1246 5128 1652 5198 requiramus?
1675 5132 1811 5189 Tria
1833 5141 1984 5189 certe

271 5206 652 5263 commendat
697 5210 1011 5281 Apostolus
1059 5214 1258 5271 dicens
1292 5234 1305 5272 :
1341 5219 1567 5276 Manent
1601 5229 1785 5277 autem
1822 5223 1980 5293 ﬁdes,

266 5314 410 5369 spes,
442 5296 705 5364 charitas,
735 5298 848 5356 tria
873 5301 990 5359 haec
1018 5319 1038 5359 :
1069 5305 1249 5374 maior
1276 5311 1457 5365 autem
1506 5310 1703 5366 horum
1744 5312 1984 5370 Charitas

271 5388 316 5459 (Ι
338 5386 726 5458 Cor.xm,13).
756 5388 886 5445 Etsi
917 5391 975 5447 in
1008 5391 1305 5463 charitale,
1328 5395 1437 5453 hoc
1466 5402 1556 5455 est
1588 5400 1646 5455 in
1678 5400 1982 5458 dilectione

268 5475 707 5537 concluduntur
736 5479 851 5536 duo
892 5480 991 5537 illa
1038 5490 1352 5557 praecepta;
1387 5490 1569 5562 major
1600 5495 1793 5550 tamen
1827 5491 1981 5550 dicta

334 5581 352 5617 ι
387 5574 551 5632 Editi,
592 5574 703 5635 ipse
728 5580 819 5630 est.
854 5579 936 5631 At.
969 5581 1116 5648 Mss,
1149 5584 1259 5650 ipsa
1290 5595 1385 5637 est.

1424 222 1886 289 TRACTA'I‘US
1934 230 2251 301 LXXXIV.
2296 241 2551 307 CAPUT
2595 250 2721 313 XV.

3681 268 3834 329 1846

2128 374 2214 426 est
2246 387 2394 468 esse,
2429 395 2544 435 non
2576 382 2717 440 sola.
2751 384 2831 441 De
2864 388 2973 445 fide
3003 390 3182 463 igitur
3230 392 3396 451 nobis
3422 413 3597 468 quam
3645 402 3831 457 multa

2128 466 2397 556 mandata
2420 475 2577 541 sunt,
2603 491 2777 544 quam
2812 478 2997 535 multa
3018 480 3088 536 de
3110 498 3229 552 spe,
3255 484 3389 555 quia
3417 466 3603 556 potest
3624 496 3830 546 cuncta

2126 552 2421 626 colligere,
2443 561 2570 631 quis
2590 569 2983 624 enumerando
3015 572 3322 628 sufﬁcere?
3353 576 3461 630 Sed
3494 577 3829 634 intueamur

2127 643 2279 736 quod
2329 646 2407 702 ait
2455 650 2603 707 idem
2662 656 2982 725 apostolus,
3034 661 3325 718 Plenitudo
3381 665 3535 736 chis
3590 666 3828 723 charilas

2124 732 2294 828 (Rom.
2328 752 2452 828 xiii,
2488 740 2596 811 10).
2630 742 2739 798 Ubi
2770 760 2906 816 ergo
2939 746 3191 805 charitas
3222 756 3333 822 est,
3367 732 3506 824 quid
3549 760 3637 811 est
3676 758 3829 828 quod

2126 824 2311 917 possit
2341 827 2580 886 deesse?
2612 834 2709 889 ubi
2743 840 2936 892 autem
2971 855 3085 894 non
3109 848 3213 908 est,
3240 843 3377 913 quid
3404 848 3491 900 est
3512 847 3665 916 quod
3693 824 3830 917 pos-

2124 912 2201 1004 sit
2247 917 2564 986 prodesse?
2597 923 2829 981 Daemon
2872 928 3055 984 credit
3080 932 3293 1000 (Jacobi
3321 950 3382 999 Il,
3418 912 3661 1004 19),‘nec
3693 912 3828 991 dili-

2126 1000 2210 1071 git
2234 1018 2246 1057 :
2274 1019 2442 1062 nemo
2465 1008 2676 1082 diligit,
2702 1014 2801 1085 qui
2826 1032 2938 1071 non
2963 1018 3165 1074 credit.
3191 1020 3427 1077 Frustra
3450 1000 3701 1093 quidem,
3726 1026 3828 1081 sed

2125 1097 2316 1149 tamen
2352 1102 2536 1167 potest
2566 1117 2796 1173 sperare
2826 1106 3049 1163 veniam
3082 1109 3178 1180 qui
3215 1125 3327 1166 non
3362 1110 3549 1183 diligit
3601 1129 3614 1168 :
3658 1130 3828 1171 nemo

2122 1185 2319 1238 autem
2348 1193 2529 1256 potest
2552 1190 2857 1263 desperare
2889 1196 2988 1267 qui
3012 1197 3217 1269 diligit.
3244 1202 3443 1272 Itaque
3474 1202 3573 1257 ubi
3597 1203 3826 1259 dilectio

2122 1274 2343 1366 est,‘ibi
2375 1281 2701 1366 necessario
2735 1283 2877 1339 fides
2907 1290 2963 1341 et
2992 1304 3123 1358 spes
3156 1307 3168 1344 :
3206 1293 3259 1345 et
3293 1291 3389 1345 ubi
3421 1290 3649 1349 dilectio
3690 1309 3827 1366 pro-

2120 1361 2282 1432 ximi,
2308 1364 2387 1420 ibi
2420 1373 2747 1429 necessario
2780 1375 2952 1431 etiam
2981 1377 3211 1434 dilectio
3245 1380 3365 1435 Dei.
3392 1382 3499 1445 Qui
3522 1383 3675 1439 enim
3710 1402 3825 1440 non

2120 1452 2311 1545 diligit
2355 1455 2556 1528 Deum,
2599 1466 2885 1533 quomodo
2933 1466 3120 1538 diligit
3170 1470 3496 1538 proximum
3543 1477 3824 1545 tanquam

2120 1542 2412 1614 seipsum;
2448 1551 2919 1625 quandoquidem
2953 1573 3066 1612 non
3102 1558 3290 1631 diligit
3321 1563 3375 1615 et
3406 1542 3696 1630 seipsum?
3728 1564 3828 1619 Est

2120 1634 2335 1724 quippe
2367 1636 2581 1710 impius
2605 1646 2659 1697 et
2691 1644 2957 1717 iniquus;
2983 1647 3084 1720 qui
3116 1653 3308 1705 autem
3344 1650 3529 1723 diligit
3556 1651 3827 1724 iniquita-

2120 1722 2256 1811 tem,
2289 1740 2404 1779 non
2436 1725 2605 1797 plane
2635 1729 2845 1803 diligit,
2879 1734 2974 1788 sed
3009 1733 3129 1790 odit
3157 1736 3416 1792 animam
3450 1722 3619 1794 suam
3652 1722 3823 1811 (Psal.

2118 1825 2172 1875 x,
2203 1809 2281 1881 6).
2316 1811 2432 1868 Iloc
2463 1830 2598 1887 ergo
2631 1824 2973 1890 praceptum
3006 1822 3237 1879 Domini
3268 1828 3594 1894 teneamus,
3624 1809 3689 1882 ut
3718 1844 3826 1884 nos

2117 1902 2370 1985 invicem
2419 1906 2766 1979 diligamus;
2802 1914 2857 1967 et
2884 1913 3170 1986 quidquid
3219 1914 3377 1971 aliud
3414 1917 3704 1987 praecepit,
3740 1918 3825 1974 la-

2119 1996 2342 2053 ciemus
2372 2000 2387 2033 ί
2414 2015 2427 2054 :
2454 1999 2731 2070 quoniam
2763 2001 3049 2074 quidquid
3081 2007 3170 2060 est
3202 2004 3359 2061 aliud
3389 2005 3483 2061 hic
3516 2006 3819 2065 habemus.

2118 2087 2475 2145 Discernitur
2505 2090 2721 2162 quippe
2751 2091 2863 2148 ista
2893 2092 3124 2150 dilectio
3147 2095 3219 2150 ab
3248 2094 3347 2151 illa
3378 2096 3685 2153 dilectione
3707 2114 3824 2170 qua

2117 2193 2180 2235 se
2208 2178 2453 2234 invicem
2487 2179 2740 2253 diligunt
2770 2180 3040 2239 homines
3071 2183 3225 2239 sicut
3255 2184 3520 2241 homines
3548 2202 3562 2242 :
3588 2204 3722 2243 nam
3757 2191 3820 2243 ut

2117 2268 2563 2339 discerneretur,
2588 2272 2929 2343 adjunctum
2963 2278 3074 2341 est,
3096 2277 3237 2329 sicut
3265 2276 3441 2331 dilexi
3467 2292 3576 2332 vos.
3602 2277 3819 2348 thuid

2114 2359 2269 2414 enim
2286 2359 2476 2428 diligit
2489 2378 2593 2416 nos
2607 2360 2890 2431 Christus,
2912 2363 3023 2420 nisi
3040 2372 3093 2418 ut
3107 2380 3349 2436 regnare
3372 2366 3586 2435 possim
3599 2384 3667 2423 us
3681 2383 3816 2422 cum

2113 2449 2374 2505 Christo?
2390 2452 2473 2505 Ad
2499 2441 2605 2507 hoc
2622 2467 2754 2523 ergo
2777 2458 2833 2508 et
2857 2469 2960 2509 nos
2984 2453 3229 2510 invicem
3254 2454 3815 2528 diligamus,utdile-

2114 2540 2364 2596 ctionem
2391 2546 2645 2597 nostram
2667 2542 3367 2613 discernamusacaeteris,
3383 2545 3609 2617 quinon
3624 2546 3694 2601 ad
3712 2546 3818 2601 hoc

2113 2643 2175 2685 se
2220 2627 2464 2685 invicem
2514 2629 2785 2701 diligunt,
2820 2631 2960 2701 quia
3008 2648 3112 2687 nec
3161 2631 3432 2704 diligunt.
3476 2633 3584 2699 Qui
3622 2637 3816 2690 autem

2112 2734 2173 2773 se
2196 2722 2427 2788 propter
2458 2718 2793 2775 habendum
2826 2724 3000 2776 Deum
3025 2720 3425 2795 diligunt,ipsi
3449 2736 3511 2778 se
3533 2721 3817 2795 diligunt:

2111 2822 2243 2878 ergo
2276 2816 2335 2862 ut
2365 2824 2423 2863 se
2456 2808 2714 2880 diligant,
2750 2809 2928 2865 Deum
2962 2810 3236 2883 diligunt.
3270 2810 3393 2869 Non
3439 2815 3529 2868 est
3577 2812 3693 2868 haec
3724 2812 3817 2868 di-

2108 2896 2278 2959 lectio
2302 2899 2358 2953 in
2384 2898 2655 2956 omnibus
2688 2900 3028 2956 hominibus
3056 2917 3068 2954 :
3096 2901 3259 2972 pauci
3283 2918 3345 2957 se
3372 2904 3673 2973 propterea
3695 2902 3817 2957 dili-

2108 2980 2271 3060 gnat,
2306 2992 2370 3044 ut
2414 2988 2492 3045 sit
2534 2989 2686 3045 Deus
2712 2989 2998 3045 omniain
3031 2990 3307 3047 omnibus
3339 2994 3383 3060 (Ι
3417 2994 3541 3047 Cor.
3574 3009 3665 3062 xv,
3696 2992 3810 3065 28).

2569 3114 2996 3171 TRACTATUS
3050 3116 3350 3174 LXXXIV.

2106 3229 2169 3284 In
2216 3225 2375 3295 illud,
2410 3226 2688 3297 Majorem
2740 3224 2847 3279 hac
2895 3224 3264 3280 dilectionem
3314 3240 3487 3281 nemo
3522 3225 3717 3293 habet,
3751 3232 3814 3283 ut

2178 3318 2433 3373 animam
2485 3332 2652 3373 suam
2704 3317 2883 3387 ponat
2912 3314 3045 3385 quis
3093 3330 3197 3386 pro
3248 3314 3453 3370 amicis
3501 3316 3647 3373 suis.
3681 3316 3812 3387 Cap.

2175 3425 2267 3476 xv,
2302 3409 2355 3478 it.
2390 3408 2475 3462 13.

2179 3520 2229 3573 1.
2264 3516 2689 3571 Plenitudinem
2731 3512 3058 3570 dilectionis
3098 3529 3211 3586 qua
3252 3530 3354 3567 nos
3395 3512 3638 3567 invicem
3685 3511 3812 3567 dili-

2105 3622 2239 3679 gere
2271 3608 2572 3673 debemus,
2608 3606 2810 3660 fratres
2840 3602 3193 3663 charissimi,
3229 3601 3492 3657 deﬁnivit
3522 3600 3809 3657 Dominus

2104 3697 2302 3753 dicens
2334 3713 2347 3751 :
2381 3696 2633 3765 Maiorem
2664 3694 2763 3749 liae
2793 3694 3142 3749 dilectionem
3190 3707 3348 3748 nemo
3379 3691 3559 3759 habet,
3588 3699 3650 3746 ut
3679 3693 3811 3746 ani-

2105 3803 2251 3842 mam
2282 3802 2437 3841 suam
2465 3789 2632 3857 ponat
2652 3783 2775 3857 quis
2802 3800 2902 3857 pro
2932 3785 3125 3839 amicis
3155 3782 3289 3838 suis.
3317 3780 3461 3847 Quia
3482 3797 3617 3853 ergo
3649 3796 3813 3850 supe-

2104 3877 2226 3932 rius
2256 3876 2496 3944 dixerat,
2531 3878 2634 3932 Hoc
2662 3885 2739 3932 est
2769 3876 3095 3929 mandatum
3124 3890 3325 3941 meum,
3359 3880 3417 3926 ut
3447 3871 3687 3943 diligatis
3718 3872 3810 3927 in-

2106 3967 2295 4035 vicem,
2327 3964 2469 4019 sicut
2525 3964 2699 4019 dilexi
2742 3980 2864 4032 vos;
2906 3962 3115 4034 quibus
3143 3962 3334 4017 verbis
3381 3959 3603 4015 addidit
3653 3960 3809 4030 quod

2105 4071 2260 4111 nunc
2283 4054 2551 4125 audistis,
2577 4055 2830 4125 Majorem
2852 4053 2955 4109 hac
2988 4052 3329 4108 dilectionem
3356 4064 3514 4105 nemo
3549 4049 3727 4118 habet,
3752 4051 3810 4103 ut

2102 4146 2348 4200 animam
2395 4162 2556 4200 suam
2599 4150 2767 4216 ponat
2797 4146 2918 4215 quis
2958 4159 3057 4215 pro
3096 4143 3291 4197 amicis
3320 4141 3431 4195 suis
3459 4158 3480 4194 ,ο
3512 4140 3571 4193 fit
3602 4156 3666 4193 ex
3704 4140 3808 4194 hoc

2102 4250 2486 4308 consequens,
2521 4236 2671 4307 quod
2714 4236 2865 4289 idem
2920 4234 3026 4288 iste
3076 4230 3428 4303 evangelista
3455 4229 3707 4283 Joannes
3746 4228 3804 4281 in

2102 4327 2359 4398 Epistola
2416 4344 2520 4383 sua
2576 4326 2735 4391 dicit,
2800 4325 2863 4380 Ut
2918 4321 3366 4394 quemadmodum
3421 4318 3660 4373 Christus
3706 4333 3803 4386 pro

2101 4417 2255 4472 nobis
2293 4416 2544 4472 animam
2581 4430 2738 4470 suam
2783 4416 2983 4486 posuit,
3014 4414 3091 4466 sic
3127 4414 3176 4466 et
3214 4426 3317 4464 nos
3356 4410 3667 4463 debeamus
3703 4422 3801 4476 pro

2096 4507 2363 4576 fratribus
2409 4507 2626 4560 animas
2670 4518 2871 4574 ponere
2919 4503 2964 4573 (Ι
3003 4503 3159 4557 Joan.
3198 4515 3281 4562 ιιι,
3324 4498 3439 4568 16);
3491 4495 3801 4566 diligentes

2100 4598 2300 4667 utique
2331 4595 2571 4650 invicem
2609 4594 2758 4648 sicut
2797 4593 2917 4663 ipse
2948 4589 3149 4646 dilexit
3181 4605 3305 4657 nos,
3349 4587 3448 4660 qui
3498 4602 3599 4657 pro
3632 4586 3800 4641 nobis

2098 4687 2352 4742 animam
2387 4701 2554 4740 suam
2591 4682 2801 4754 posuit.
2835 4681 3125 4736 Nimirum
3156 4680 3265 4734 hoc
3295 4683 3384 4734 est
3412 4676 3568 4749 quod
3590 4674 3801 4757 legitur

2097 4779 2155 4832 in
2190 4776 2507 4831 Proverbiis
2539 4774 2900 4829 Salomonis:
2937 4771 2997 4826 Si
3038 4768 3242 4826 sederis
3298 4784 3511 4825 cauare
3548 4766 3615 4823 ad
3644 4784 3800 4821 men-

2094 4885 2211 4923 sam
2232 4868 2490 4934 potentis,
2513 4863 2859 4919 considerans
2882 4862 3132 4931 intellige
3150 4878 3269 4933 quae
3289 4862 3645 4931 apponuntur
3667 4857 3796 4917 tibi;

2093 4967 2143 5015 et
2181 4958 2262 5014 sic
2296 4960 2450 5013 mitte
2485 4972 2712 5011 manum
2749 4963 2923 5021 luam,
2954 4952 3130 5008 sciens
3170 4951 3299 5023 quia
3338 4949 3473 5005 talia
3514 4954 3564 5002 te
3593 4952 3797 5015 Oportet

2085 5064 2414 5121 praeparare
2435 5048 2793 5121 (Prov.xxm,
2819 5047 2843 5101 1
2865 5051 2915 5102 et
2943 5045 3020 5116 2).
3037 5044 3182 5098 Nam
3208 5059 3330 5112 quae
3360 5040 3667 5141 mensaest
3690 5052 3797 5140 po:

2096 5141 2292 5209 tentis,
2327 5139 2439 5195 nisi
2474 5139 2623 5194 unde
2654 5138 2909 5194 sumitur
2938 5152 3147 5206 corpus
3176 5140 3232 5189 et
3260 5138 3500 5201 sanguis
3532 5138 3658 5199 ejus
3692 5138 3791 5198 qui

2091 5228 2347 5283 animam
2380 5244 2547 5284 suam
2583 5227 2779 5298 posuit
2810 5242 2910 5296 pro
2943 5223 3149 5279 nobis?
3178 5222 3243 5275 Et
3273 5219 3411 5291 quid
3443 5223 3533 5274 est
3560 5219 3631 5272 ad
3664 5234 3791 5273 eam

2091 5319 2309 5387 sedere,
2344 5317 2455 5372 nisi
2485 5315 2787 5371 humiliter
2810 5312 3121 5371 accedere?
3150 5312 3218 5366 Et
3246 5310 3386 5381 quid
3418 5316 3501 5365 est
3532 5309 3789 5366 conside-

2090 5423 2219 5464 rare
2265 5411 2322 5463 et
2370 5404 2692 5477 intelligere
2734 5420 2860 5477 quae
2909 5407 3283 5473 apponuntur
3314 5398 3439 5467 tibi,
3471 5398 3584 5456 nisi
3615 5400 3788 5473 digne

2091 5501 2307 5555 tantam
2340 5494 2581 5568 gratiam
2615 5492 2902 5564 cogitare?
2922 5492 2985 5548 Et
3008 5491 3145 5563 quid
3181 5497 3265 5546 est
3294 5491 3374 5547 sic
3406 5489 3632 5547 mittere
3662 5507 3788 5547 ma-

2150 5596 2270 5649 ‘lta
2298 5598 2424 5649 Lov.
2455 5595 2593 5647 Editi
2629 5609 2751 5646 vero
2781 5593 2870 5645 alii
2903 5597 2955 5645 et
2986 5593 3226 5657 plerique
3262 5594 3405 5653 tiles,
3442 5594 3720 5655 faciamus.
