4148 6190
335 228 491 289 1847

330 382 497 431 num,
546 367 607 419 ut
638 361 789 419 scias
812 361 947 433 quia
1000 360 1135 417 talia
1184 366 1241 417 te
1290 365 1514 432 oportet
1538 378 1881 434 praeparare,
1924 362 2038 418 nisi

332 456 485 526 quod
513 456 633 524 jam
660 452 801 518 dixi,
826 451 964 522 quia
990 451 1140 506 sicut
1172 466 1272 521 pro
1295 451 1463 507 nobis
1485 450 1757 509 Christus
1779 452 2036 508 animam

330 559 496 598 suam
531 541 745 612 posuit,
766 541 847 595 sic
871 545 927 595 et
948 556 1052 595 nos
1073 540 1349 595 debemus
1382 541 1609 597 animas
1632 558 1733 612 pro
1758 542 2034 597 fratribus

329 649 540 700 ponere
559 631 585 685 ?
614 631 776 686 Sicut
806 630 960 684 enim
987 630 1067 685 ait
1086 631 1261 684 etiam
1294 630 1595 699 apostolus
1622 632 1848 696 Petrus,
1874 632 2034 687 Chri-

327 727 442 775 stus
470 738 567 791 pro
590 720 743 775 nobis
770 736 962 791 passus
986 724 1082 784 est,
1107 720 1421 789 relinquens
1441 720 1597 774 nobis
1622 721 1951 791 exemplum,
1974 724 2035 775 ut

327 828 620 883 sequamur
666 812 893 879 vestigia
938 810 1053 875 eius
1101 809 1142 875 (Ι
1180 810 1325 863 Petr.
1362 826 1418 875 ιι,
1451 810 1559 878 2t).
1596 808 1713 863 Hoc
1766 817 1847 863 est
1896 808 2035 865 talia

327 914 671 970 praeparare.
708 898 823 952 Hoc
858 897 1010 951 beati
1047 901 1328 967 martyres
1359 896 1584 952 ardenti
1616 896 1920 953 dilectione
1954 897 2032 951 fe-

329 992 533 1047 cerunt
562 1006 574 1042 :
608 1002 855 1057 quorum
888 987 936 1041 si
969 1002 1083 1040 non
1135 986 1388 1040 inaniter
1437 986 1747 1042 memorias
1778 985 2032 1042 celebra-

327 1096 482 1146 mus,
515 1084 685 1147 alque
717 1075 774 1130 in
806 1074 1063 1129 convivio
1096 1091 1210 1146 quo
1242 1079 1299 1129 et
1324 1074 1435 1147 ipsi
1478 1075 1722 1131 saturati
1766 1080 1925 1141 sunt,
1959 1076 2030 1130 ad

326 1183 591 1224 mensam
634 1166 860 1221 Domini
892 1166 1243 1234 accedimus,
1275 1170 1522 1237 Oportet,
1554 1171 1619 1222 ut
1647 1167 2029 1238 quemadmo-

327 1259 463 1312 dum
510 1256 640 1327 ipsi,
672 1260 728 1311 et
777 1272 881 1311 nos
928 1256 1068 1311 talia
1116 1272 1527 1327 praeparemus.
1560 1256 1691 1312 Ideo
1723 1256 1933 1327 quippe
1959 1256 2029 1311 ad

326 1348 513 1418 ipsam
540 1362 801 1402 mensam
854 1362 967 1401 non
1001 1346 1081 1399 sic
1120 1362 1218 1401 eos
1248 1362 1793 1415 commemoramus,
1826 1361 2030 1416 quem-

324 1438 641 1492 admodum
690 1436 831 1491 alios
879 1436 974 1506 qui
1027 1435 1084 1489 in
1136 1451 1273 1505 pace
1323 1435 1708 1507 requiescunt,
1742 1440 1807 1490 ut
1854 1435 2029 1490 etiam

326 1541 427 1595 pro
459 1526 545 1581 eis
577 1542 826 1583 oremus.
852 1525 950 1579 sed
982 1525 1167 1596 magis
1190 1529 1249 1578 ut
1273 1524 1382 1595 ipsi
1407 1541 1507 1595 pro
1532 1524 1718 1591 nobis,
1745 1528 1809 1578 ut
1830 1538 2031 1578 eorum

326 1613 581 1683 vestigiis
614 1614 1047 1679 adliaareamus;
1073 1615 1205 1683 quia
1236 1612 1623 1683 impleverunt
1652 1613 1762 1684 ipsi
1787 1612 2033 1668 charita-

324 1706 441 1755 tem
492 1718 606 1771 qua
653 1700 934 1755 Dominus
983 1700 1126 1754 dixit
1175 1716 1287 1754 non
1340 1715 1505 1770 posse
1553 1715 1681 1755 esse
1726 1700 2029 1770 majorem.

325 1788 485 1843 Talia
516 1788 670 1845 enim
702 1789 824 1844 suis
857 1786 1133 1843 fratribus
1160 1787 1569 1858 exhibuerunt,
1594 1786 1792 1860 qualia
1822 1788 1893 1844 de
1924 1788 2032 1844 D0-

326 1880 466 1934 mini
502 1896 705 1935 mensa
737 1878 949 1951 pariter
975 1885 1340 1950 acceperunt.

393 1973 446 2024 2.
481 1970 679 2041 Neque
708 1970 816 2025 hoc
849 1969 929 2023 ita
959 1971 1178 2025 dictum
1213 1969 1306 2037 sit,
1339 1970 1501 2040 quasi
1553 1974 1857 2042 propterea
1911 1971 2031 2026 Do~

325 2057 479 2114 mino
511 2058 733 2113 Christo
778 2075 942 2129 pares
973 2074 1101 2114 esse
1145 2059 1461 2130 possimus,
1496 2060 1543 2114 si
1573 2077 1675 2132 pro
1712 2059 1815 2116 illo
1846 2076 2030 2131 usque

323 2147 394 2203 ad
418 2147 758 2218 sanguinem
796 2148 1137 2218 martyrium
1170 2148 1535 2204 duxerimus.
1557 2149 1656 2205 Ille
1679 2153 2028 2221 potestatem

324 2236 530 2291 habuit
581 2236 832 2306 ponendi
884 2237 1137 2293 animam
1190 2253 1381 2304 suam,
1413 2241 1470 2293 et
1506 2237 1714 2294 iterum
1758 2237 2027 2294 sumendi

322 2342 449 2382 eam
483 2328 656 2395 (Joan.
689 2345 740 2393 ιι,
782 2326 896 2398 18);
933 2343 1039 2382 nos
1068 2330 1261 2382 autem
1311 2342 1416 2383 nec
1448 2332 1731 2399 quantum
1764 2327 2029 2383 volumus

320 2414 591 2485 vivimus,
625 2418 681 2470 et
712 2415 998 2470 morimur
1026 2414 1257 2471 etiamsi
1288 2416 1564 2473 nolumus
1598 2431 1612 2473 :
1648 2416 1741 2472 ille
1772 2417 2027 2471 moriens

321 2519 454 2559 mox
482 2504 540 2559 in
574 2521 634 2559 se
666 2504 877 2560 occidit
909 2511 1181 2573 mortem;
1217 2521 1324 2560 nos
1355 2505 1412 2559 in
1446 2505 1572 2575 ejus
1606 2509 1790 2562 morte
1826 2504 2029 2560 libera-

320 2610 453 2649 mur
500 2612 532 2650 a
581 2600 811 2649 morte:
846 2594 1005 2651 illius
1053 2610 1186 2650 caro
1236 2612 1353 2649 non
1401 2596 1545 2650 vidit
1592 2596 2025 2666 corruptionem

320 2684 459 2753 (Act.
493 2700 554 2750 ιι,
587 2683 708 2753 31);
758 2688 954 2739 nostra
1004 2688 1135 2755 post
1180 2685 1629 2756 corruptionem,
1663 2686 1721 2740 in
1773 2686 1884 2742 fine
1914 2704 2026 2743 sse-

321 2771 436 2828 culi
453 2772 727 2842 perillum
746 2773 840 2827 ind
853 2776 1018 2828 uetur
1039 2773 1533 2845 incorruptionem
1553 2775 1569 2809 ί
1588 2790 1600 2830 :
1617 2774 1714 2831 ille
1730 2776 1893 2831 nobis
1910 2792 2023 2832 non

321 2861 573 2932 indiguit
597 2866 656 2916 ut
676 2878 783 2916 nos
806 2862 993 2917 salvos
1032 2862 1271 2929 faceret;
1295 2878 1400 2917 nos
1432 2862 1557 2918 sine
1586 2864 1683 2920 illo
1715 2864 1860 2920 nihil
1893 2882 2026 2935 pos-

321 2966 530 3006 sumus
555 2952 739 3006 facere
766 2966 779 3005 :
806 2950 901 3005 ille
925 2966 987 3007 se
1011 2951 1179 3007 nobis
1199 2950 1534 3023 palmitibus
1556 2954 1798 3025 prmbuit
1815 2954 2020 3024 vitem;

320 3056 424 3095 nos
456 3039 667 3096 habere
716 3044 922 3111 praeter
968 3040 1134 3096 illum
1170 3057 1283 3096 non
1334 3058 1648 3113 possumus
1679 3044 1881 3100 vitam.
1916 3046 2021 3102 Po-

320 3135 535 3184 stremo
558 3129 665 3183 etsi
690 3128 898 3185 fratres
931 3146 1034 3201 pro
1067 3130 1346 3187 fratribus
1378 3132 1717 3197 moriantur,
1744 3138 1939 3190 tamen
1962 3136 2023 3191 in

320 3220 706 3276 fraternorum
728 3223 1091 3289 peccatorum
1111 3221 1521 3278 remissionem
1540 3223 1761 3281 nullius
1780 3227 2021 3295 sanguis

320 3307 592 3379 martyris
615 3308 897 3373 funditur,
920 3309 1074 3379 quod
1100 3309 1234 3365 fecit
1256 3310 1353 3365 ille
1386 3327 1487 3383 pro
1521 3312 1724 3369 nobis:
1750 3329 1939 3385 neque
1964 3316 2021 3371 in

319 3398 424 3452 hoc
447 3397 584 3468 quid
620 3397 1010 3469 imitaremur,
1034 3399 1131 3455 sed
1159 3400 1298 3471 quid
1330 3401 1754 3469 gratularemur
1775 3404 2022 3461 contulit

320 3487 506 3542 nobis.
542 3488 835 3551 Quatenus
868 3504 1004 3561 ergo
1038 3498 1314 3560 martyres
1344 3508 1447 3563 pro
1479 3492 1752 3548 fratribus
1782 3495 2019 3564 sangui-

317 3591 448 3631 nem
473 3592 645 3631 suum
670 3578 960 3646 fuderunt,
985 3578 1266 3634 hactenus
1287 3579 1423 3635 talia
1445 3581 1853 3650 exhibuerunt,
1882 3600 2020 3655 qua-

316 3666 393 3719 lia
412 3666 482 3721 dc
508 3682 707 3722 mensa
740 3668 1033 3723 dominica
1066 3670 1512 3741 perceperunt’.
1539 3671 1597 3726 In
1622 3672 1837 3728 caeteris
1861 3675 2015 3730 enim

317 3770 440 3824 quae
473 3756 611 3823 dixi,
646 3756 913 3825 quamvis
966 3772 1068 3812 nec
1106 3760 1299 3813 omnia
1349 3759 1537 3816 dicere
1588 3762 1766 3830 potui,
1802 3768 2020 3835 martyr

311 3840 529 3895 Christi
563 3842 730 3913 longe
764 3843 955 3915 impar
976 3849 1064 3900 cst
1085 3846 1334 3902 Christo.
1352 3849 1511 3913 Quod
1535 3848 1580 3903 si
1605 3852 1912 3922 quisquam
1936 3870 2014 3922 se,

315 3944 430 3984 non
464 3928 592 3984 dico
636 3931 902 3999 potentiae
933 3932 1169 3999 Christi,
1202 3936 1300 3990 sed
1347 3936 1692 3994 innocentia
1719 3956 2017 4011 compara-

312 4016 431 4083 bit;
468 4034 581 4073 non
631 4018 819 4075 dicam
853 4025 910 4075 et
940 4020 1191 4077 alienum
1240 4040 1303 4079 se
1351 4027 1608 4095 putando
1657 4044 1883 4099 sanare,
1914 4033 2013 4087 sed

314 4122 486 4161 suum
523 4107 728 4164 saltem
765 4109 991 4165 nullum
1018 4111 1223 4167 habere
1247 4118 1544 4183 peccatum
1570 4132 1583 4171 :
1609 4117 1779 4173 etiam
1800 4119 1883 4174 sic
1904 4122 2016 4177 avi-

312 4196 439 4251 dior
464 4202 551 4253 est
581 4215 754 4269 quam
807 4200 951 4255 ratio
995 4200 1200 4257 salutis
1229 4203 1506 4274 exposcit,
1542 4205 1793 4262 multum
1826 4212 1913 4264 est
1944 4211 2015 4266 ad

309 4284 500 4355 illum,
526 4304 640 4344 non
663 4288 818 4359 capit
842 4292 1090 4344 tantum.
1116 4291 1184 4346 Et
1206 4290 1351 4347 bene
1377 4294 1529 4362 quod
1552 4293 1660 4349 ista
1683 4297 2017 4355 Proverbio-

308 4392 439 4432 rum
476 4378 766 4435 sententia
796 4386 1221 4449 commonetur,
1254 4399 1376 4452 quae
1410 4385 1682 4442 continuo
1714 4387 2017 4460 subiungit

308 4470 481 4539 atque
514 4468 672 4534 dicit,
707 4468 855 4532 Quod
884 4469 933 4525 si
963 4469 1181 4527 avidior
1211 4486 1287 4539 es,
1318 4472 1438 4529 noli
1466 4478 1843 4547 concupiscere
1871 4480 2015 4535 cibos

306 4560 455 4629 ejus;
482 4562 659 4618 satius
686 4566 763 4618 est
793 4563 940 4617 enim
970 4570 1029 4618 ut
1060 4563 1203 4619 nihil
1234 4563 1362 4621 inde
1388 4582 1593 4633 sumas,
1627 4585 1791 4640 quam
1821 4578 1881 4625 ut
1912 4572 2014 4627 tibi

303 4650 430 4719 plus
477 4666 638 4720 quam
688 4656 895 4722 Oportet
943 4669 1210 4709 assumas.
1245 4656 1370 4712 "ch
1400 4660 1566 4727 enim,
1598 4658 1810 4730 inquit,
1842 4660 2013 4717 vitam

306 4738 503 4793 habent
524 4740 801 4808 fallacem,
828 4740 935 4796 hoc
968 4746 1055 4797 est
1087 4741 1464 4814 hypocrisim.
1490 4746 1742 4803 Dicendo
1774 4750 1926 4806 enim
1952 4766 2012 4806 se

305 4826 433 4883 sine
482 4832 715 4897 peccato
766 4830 1167 4900 csse,justum
1202 4848 1314 4887 non
1353 4842 1537 4904 potest
1586 4836 1875 4907 exhibere,
1911 4840 2009 4895 sed

304 4917 540 4989 ﬁngere.
576 4918 706 4973 Ideo
739 4917 961 4973 dictum
994 4923 1101 4981 est.
1137 4922 1261 4977 "me
1289 4924 1438 4977 enim
1471 4922 1669 4979 habent
1702 4928 1865 4982 vitam
1895 4929 2010 4995 fat-

306 5007 489 5063 lucem.
518 5008 678 5064 Unus
702 5011 790 5064 est
819 5006 976 5063 solus
1008 5010 1107 5079 qui
1142 5014 1198 5065 et
1228 5027 1461 5066 carnem
1494 5012 1745 5071 hominis
1781 5016 2005 5088 habere,

302 5102 359 5153 et
381 5103 683 5169 peccatum
711 5097 896 5170 potuit
918 5113 1030 5153 non
1059 5099 1287 5155 habere.
1314 5100 1516 5158 Merito
1540 5104 1693 5174 quod
1718 5107 2002 5178 sequitur,

301 5188 468 5243 nobis
516 5188 867 5261 pracipitur,
902 5203 966 5244 ac
999 5188 1098 5245 tali
1130 5188 1301 5247 verbo
1333 5194 1503 5264 atque
1552 5194 1855 5264 proverbio
1887 5197 1999 5254 ho-

368 5363 829 5433 Lincorruptione,
857 5366 1005 5433 juxta
1034 5366 1123 5433 Ea.
1160 5367 1322 5433 Lugd.
1359 5370 1411 5418 et
1440 5368 1572 5420 Ven.
1606 5368 1694 5433 7M.

365 5424 385 5455 ²
408 5425 503 5473 Hic
543 5424 1059 5499 sex—Mssha'ddunt,
1095 5424 1303 5499 imitari
1332 5433 1448 5495 quis
1474 5432 1781 5499 morientem
1812 5438 2000 5499 potuit,

303 5490 634 5563 inemoralule‘m
661 5490 836 5563 potuit
856 5492 1207 5563 redimentem.
1232 5494 1289 5563 Id
1314 5490 1418 5544 tres
1439 5494 1529 5546 alii
1559 5490 2001 5563 referunt-prmi;

302 5562 386 5597 me
423 5552 546 5599 ante
578 5549 691 5600 haec
722 5553 902 5612 verba,
934 5560 1070 5619 quod
1098 5557 1143 5605 si
1170 5558 1455 5622 quisquam.

1302 220 1383 283 IN
1426 224 1761 285 JOANNIS
1804 223 2353 295 EVANGELIUM,
2402 223 2467 283 S.
2516 219 2933 283 AUGUSTINI

3664 74 3679 83 ⁷
3720 76 3759 83 ἡ
3776 76 4019 91 —-'-

3714 223 3863 284 1848

2149 376 2324 415 mana
2372 357 2683 414 infirmitas
2714 358 3075 427 convenitur,
3110 358 3281 430 eique
3312 357 3528 413 dicitur
3560 373 3573 413 :
3607 359 3735 414 Noli
3764 375 3862 415 ex—

2148 449 2365 505 tendere
2415 455 2489 514 te,
2521 464 2646 503 cum
2692 451 2765 502 sis
2781 465 3015 520 pauper,
3044 455 3235 504 contra
3284 448 3530 503 divitem.
3563 448 3734 505 Dives
3778 454 3864 504 est

2148 539 2301 593 enim
2328 538 2427 609 qui
2453 554 2555 594 nec
2586 538 2949 593 hasreditario
2982 554 3088 595 nec
3121 537 3351 609 proprio
3386 554 3641 609 unquam
3666 539 3860 595 debito

2146 628 2457 694 obnoxius,
2490 631 2547 684 et
2578 628 2702 698 ipse
2724 628 2931 698 justus
2966 632 3079 692 est,
3111 631 3166 681 et
3198 628 3345 683 alios
3392 628 3669 699 iustiﬁcat
3699 629 3860 684 Chri-

2147 723 2291 771 stus.
2332 716 2456 773 Noli
2507 722 2707 772 contra
2754 733 2887 771 eum
2920 720 2974 771 te
3006 718 3336 781 extendere.
3369 718 3426 772 tn
3458 719 3684 772 tantum
3718 734 3859 787 pau-

2147 823 2267 878 per,
2292 812 2355 863 ut
2383 807 2741 863 remissionis
2776 811 3143 876 peccatorum
3174 824 3451 878 appareas
3481 809 3858 879 quotidianus

2146 896 2205 953 in
2239 898 2496 952 oratione
2528 897 2851 953 mendicus.
2878 899 2979 952 Tuo
3012 903 3193 952 autem
3221 898 3475 966 consilio,
3500 896 3711 969 inquit,
3737 900 3857 953 abs-

2145 989 2261 1042 tine
2283 991 2353 1043 te.
2389 987 2568 1053 Unde,
2599 986 2707 1041 nisi
2729 1004 2761 1042 a
2785 987 3241 1060 praesumptione
3265 987 3493 1043 fallaci?
3518 986 3618 1043 Ille
3640 988 3858 1059 quippe

2143 1075 2279 1145 quia
2327 1093 2440 1133 non
2492 1081 2719 1132 tantum
2771 1080 2859 1131 est
2908 1077 3102 1144 homo,
3147 1077 3245 1132 sed
3287 1076 3461 1131 etiam
3509 1076 3684 1142 Deus,
3729 1079 3855 1133 ideo

2145 1180 2446 1237 nunquam
2505 1182 2659 1222 reus.
2715 1165 2773 1220 Si
2827 1168 2974 1221 enim
3022 1166 3297 1222 direxeris
3324 1166 3543 1222 oculum
3573 1173 3731 1221 tuum
3788 1166 3858 1222 ad

2143 1255 2327 1323 illum,
2348 1272 2617 1327 nusquam
2642 1255 2861 1326 parebit
2885 1255 3114 1311 Oculum
3139 1256 3565 1321 tuum,oculum
3590 1249 3857 1312 videlicet

2143 1345 2461 1401 humanum
2494 1363 2607 1418 quo
2639 1349 2829 1403 cernis
2863 1346 3142 1415 humana,
3173 1350 3219 1401 si
3250 1346 3522 1401 direxeris
3551 1346 3623 1401 ad
3656 1344 3853 1416 illum,

2140 1452 2409 1509 nusquam
2436 1436 2694 1506 parebit;
2726 1435 2863 1507 quia
2885 1436 3063 1490 videri
3096 1452 3210 1491 non
3242 1439 3452 1506 potest,
3476 1438 3855 1507 quemadmo-

2141 1526 2278 1581 dum
2320 1527 2512 1581 videre
2561 1531 2620 1581 tu
2679 1534 2859 1598 potes.
2894 1527 3122 1581 I’arabit
3155 1529 3304 1581 enim
3333 1527 3445 1581 sibi
3473 1543 3679 1595 pennas
3711 1529 3855 1583 sicut

2138 1618 2365 1687 aquila,
2395 1625 2447 1672 et
2488 1616 2645 1674 vadet
2691 1619 2751 1673 in
2772 1618 2991 1673 domum
3034 1617 3314 1689 przepositi
3361 1620 3452 1673 sui
3480 1617 3661 1689 (Prov.
3694 1636 3851 1687 xxm,

2140 1706 2263 1777 3-5)
2298 1723 2311 1763 :
2346 1707 2499 1762 unde
2532 1708 2601 1761 ad
2638 1722 2739 1762 nos
2783 1707 2985 1777 utique
3015 1706 3190 1774 venit,
3225 1723 3330 1765 nec
3362 1707 3503 1763 tales
3536 1709 3729 1781 qualis
3763 1726 3853 1763 vc-

2141 1795 2226 1850 nit
2256 1794 2490 1851 invenit.
2526 1794 2847 1867 Ditigamus
2876 1811 3010 1867 ergo
3043 1795 3314 1864 invicem,
3338 1796 3490 1852 sicut
3512 1802 3569 1852 et
3589 1798 3853 1854 Christus

2138 1886 2335 1943 dilexit
2365 1902 2493 1953 nos,
2527 1892 2582 1942 et
2611 1887 2851 1942 tradidit
2898 1889 3283 1959 semetipsum
3318 1904 3418 1958 pro
3456 1888 3625 1945 nobis
3657 1888 3851 1958 (Colat.

2139 1992 2199 2044 ιι,
2230 1975 2343 2046 20).
2376 1975 2637 2041 Maiorem
2681 1976 2880 2047 quippe
2928 1981 3029 2031 hac
3075 1976 3421 2032 dilectionem
3468 1992 3624 2033 nemo
3670 1978 3851 2045 habet,

2138 2068 2197 2121 ut
2224 2066 2467 2122 animam
2499 2082 2653 2121 suam
2681 2075 2845 2138 ponat
2876 2066 2999 2139 quis
3050 2082 3147 2136 pro
3196 2069 3389 2122 amicis
3417 2070 3548 2123 suis.
3590 2067 3851 2139 Eumque

2139 2156 2223 2212 sic
2271 2156 2535 2215 imitetur
2586 2158 2680 2229 pia
2728 2157 3080 2224 obedientia,
3133 2161 3195 2213 ut
3246 2158 3297 2213 ei
3356 2174 3464 2215 nos
3512 2174 3851 2231 comparare

2139 2243 2302 2302 nulla
2329 2262 2756 2318 praesumamus
2795 2247 3059 2302 audacia.

2624 2372 3057 2430 TRACTATUS
3098 2372 3356 2430 LXXXV.

2140 2482 2212 2538 De
2241 2497 2300 2538 eo
2327 2481 2470 2553 quod
2499 2480 2660 2552 dicit,
2682 2481 2797 2538 Vos
2829 2481 3000 2538 amici
3037 2481 3146 2537 mei
3182 2482 3345 2549 estis,
3368 2482 3418 2538 si
3446 2482 3698 2539 feceritis
3722 2499 3849 2553 quae

2208 2572 2478 2644 praecipio
2508 2572 2695 2628 vobis.
2726 2572 2853 2628 Jam
2886 2588 3001 2628 non
3033 2571 3162 2629 dico
3183 2589 3284 2628 vos
3316 2589 3537 2642 servos;
3562 2573 3701 2644 quia
3725 2590 3849 2627 ser-

2204 2677 2315 2716 vus
2368 2662 2553 2717 nescit
2583 2655 2731 2735 quid
2771 2662 2938 2718 faciat
2967 2661 3248 2719 dominus
3278 2663 3424 2734 ejus.
3458 2664 3592 2735 Cap.
3626 2680 3722 2733 xv,
3756 2664 3845 2731 ἢ.

2210 2749 2295 2817 ιιι,
2340 2750 2425 2804 ιδ.

2208 2876 2257 2931 1.
2290 2876 2434 2931 Cum
2484 2875 2763 2932 Dominus
2804 2878 2972 2933 Jesus
3002 2877 3467 2934 commendasset
3498 2878 3847 2935 charitatem

2134 2983 2311 3038 quam
2334 2965 2595 3023 exhibuit
2618 2966 2783 3022 nobis
2807 2967 3107 3023 moriendo
3130 2983 3233 3039 pro
3258 2968 3448 3035 nobis,
3474 2972 3646 3040 atque
3669 2969 3851 3024 dixis-

2133 3060 2241 3126 set,
2273 3055 2529 3127 Majorem
2560 3054 2657 3111 hoc
2686 3055 3042 3112 dilectionem
3080 3071 3235 3111 nemo
3276 3055 3462 3123 habet,
3494 3064 3555 3112 ut
3598 3056 3849 3113 animam

2130 3163 2289 3204 suam
2328 3156 2496 3216 ponat
2524 3149 2643 3221 quis
2688 3164 2787 3218 pro
2834 3148 3034 3203 amicis
3079 3152 3195 3204 suis
3225 3165 3244 3204 :
3282 3149 3396 3216 Vos,
3427 3148 3639 3221 inquit,
3673 3152 3850 3205 amici

2129 3238 2236 3292 mei
2262 3236 2417 3305 estis,
2447 3238 2496 3293 si
2521 3238 2763 3304 feceritis
2793 3252 2917 3309 qua?
2964 3252 3061 3306 ego
3103 3238 3366 3309 praccipio
3419 3238 3591 3296 vobis.
3630 3238 3845 3310 Magna

2131 3325 2431 3398 dignatio!
2467 3342 2599 3382 cum
2648 3342 2844 3382 servus
2894 3326 3083 3382 bonus
3134 3342 3260 3382 esse
3309 3342 3425 3383 non
3475 3327 3687 3399 possit,
3723 3328 3840 3384 nisi

2131 3419 2415 3486 praacepta
2445 3414 2663 3471 domini
2695 3414 2779 3470 sui
2814 3415 3039 3483 fecerit;
3075 3414 3208 3470 hinc
3240 3414 3457 3472 amicos
3488 3432 3627 3473 suos
3660 3416 3842 3474 voluit

2129 3503 2396 3574 intelligi,
2449 3505 2602 3559 unde
2646 3504 2792 3560 servi
2845 3504 2980 3559 boni
3031 3509 3276 3575 possunt
3324 3505 3578 3577 probari.
3611 3506 3743 3572 Sed,
3776 3512 3832 3561 ut

2130 3592 2269 3660 dixi,
2303 3593 2412 3650 ista
2442 3592 2702 3665 dignatio
2733 3598 2841 3661 est,
2877 3598 2939 3649 ut
2972 3593 3248 3650 dominus
3279 3610 3423 3666 quos
3455 3595 3613 3650 novit
3643 3612 3845 3653 servos

2128 3697 2289 3747 suos,
2321 3681 2558 3753 dignere
2589 3681 2780 3737 dicere
2810 3683 3028 3736 amicos
3078 3697 3234 3738 suos.
3268 3685 3409 3737 Nam
3444 3687 3508 3738 ut
3538 3682 3737 3739 sciatis
3765 3684 3845 3739 ad

2128 3786 2425 3826 servorum
2459 3770 2716 3827 officium
2747 3772 3031 3842 pertinere
3062 3777 3346 3844 praecepta
3376 3773 3594 3828 domini
3627 3776 3715 3829 sui
3748 3775 3843 3829 fa-

2128 3876 2274 3925 cere,
2308 3860 2420 3916 alio
2454 3861 2577 3915 loco
2623 3877 2814 3916 servos
2850 3861 3052 3931 utique
3101 3861 3365 3932 objurgat
3415 3862 3609 3917 dicens
3643 3878 3656 3915 :
3692 3864 3843 3930 Quid

2126 3956 2307 4004 autem
2338 3951 2542 4005 vocatis
2574 3965 2675 4017 me,
2711 3948 2952 4017 Domine,
2988 3950 3229 4017 Domine,
3263 3957 3314 4007 et
3346 3966 3451 4007 non
3499 3953 3683 4019 facitis
3715 3969 3841 4023 qua:

2126 4038 2245 4094 dico
2278 4041 2426 4109 (Luc.
2462 4056 2537 4107 vx,
2573 4040 2692 4109 46)?
2723 4042 2865 4095 Cum
2898 4054 3034 4111 ergo
3067 4040 3280 4107 dicitis,
3310 4040 3529 4113 inquit,
3560 4042 3840 4112 Domine;

2122 4129 2291 4198 jussa
2338 4128 2613 4195 faciendo,
2648 4129 2788 4200 quid
2841 4128 3047 4185 dicatis
3096 4131 3401 4185 ostendite.
3438 4130 3640 4188 Nonne
3675 4150 3842 4190 servo

2128 4217 2421 4273 obedienti
2454 4218 2574 4289 ipse
2606 4217 2871 4274 dicturus
2902 4222 3008 4286 est,
3044 4222 3212 4291 Euge,
3245 4235 3395 4277 serve
3425 4220 3580 4281 bene,
3616 4226 3747 4293 quia
3782 4226 3841 4280 in

2125 4310 2313 4379 paucis
2337 4309 2498 4375 fuisti
2524 4307 2721 4378 ﬁdelis,
2746 4325 2915 4380 supra
2944 4309 3117 4365 multa
3140 4318 3192 4364 te
3209 4312 3571 4377 constituam;
3602 4314 3755 4367 intra
3780 4313 3840 4365 in

2124 4396 2383 4468 gaudium
2431 4398 2654 4454 Domini
2701 4400 2785 4454 lui
2830 4398 3038 4468 (Matth.
3088 4416 3220 4469 xxv,
3258 4399 3386 4471 21)?
3416 4402 3614 4457 Potest
3651 4400 3842 4473 igitur

2125 4502 2254 4544 esse
2278 4504 2477 4544 servus
2505 4496 2558 4544 et
2588 4489 2831 4557 amicus,
2866 4490 2965 4561 qui
2997 4506 3199 4547 servus
3230 4495 3317 4546 est
3347 4491 3556 4547 bonus.

2194 4578 2247 4632 2.
2282 4576 2394 4633 Sed
2444 4580 2596 4650 quod
2648 4579 2914 4651 sequitur
2963 4581 3352 4637 attendamus.
3386 4582 3508 4637 lam
3556 4598 3667 4638 non
3718 4584 3841 4642 dico

2122 4682 2217 4722 vos
2248 4683 2460 4731 servos;
2482 4670 2612 4740 quia
2640 4685 2825 4725 servus
2856 4668 3025 4726 nescit
3048 4670 3179 4742 quid
3209 4671 3385 4743 faciat
3409 4671 3663 4729 dominus
3693 4676 3839 4745 ejus.

2122 4756 2417 4821 Quomodo
2449 4773 2583 4830 ergo
2615 4758 2967 4816 intellecturi
2999 4775 3225 4828 sumus,
3248 4765 3304 4816 et
3334 4776 3565 4817 servum
3598 4767 3654 4819 et
3686 4765 3840 4820 ami-

2122 4860 2254 4901 cum
2288 4862 2414 4903 esse
2445 4864 2677 4904 servum
2722 4848 2961 4920 bonum,
2993 4866 3127 4905 cum
3174 4850 3347 4919 dicat,
3380 4851 3503 4907 1am
3548 4867 3659 4908 non
3712 4854 3837 4911 dico

2118 4950 2211 4990 vos
2240 4952 2439 5005 servos,
2462 4941 2593 5008 quia
2620 4953 2805 4995 servus
2834 4940 3004 4995 nescit
3035 4940 3168 5012 quid
3194 4942 3369 5012 faciat
3396 4940 3648 4997 dominus
3679 4945 3841 5011 eius?

2120 5028 2206 5081 Ita
2237 5042 2447 5082 nomen
2479 5028 2781 5084 constituit
2811 5029 3007 5098 amici,
3040 5035 3105 5085 ut
3136 5030 3358 5087 auferat
3403 5033 3582 5099 servi;
3618 5049 3731 5088 non
3767 5040 3834 5092 ut

2120 5114 2178 5169 in
2210 5131 2326 5171 uno
2359 5120 2671 5189 utrumque
2706 5126 2957 5188 maneat,
2978 5120 3078 5174 sed
3102 5125 3165 5175 ut
3186 5120 3429 5176 alterum
3461 5120 3639 5177 altero
3658 5123 3833 5179 dece-

2117 5205 2289 5262 dente
2336 5207 2625 5263 succedat.
2663 5207 2809 5273 Quid
2860 5215 2947 5263 est
2997 5208 3147 5266 hoc?
3187 5209 3347 5267 Itane
3377 5227 3506 5267 eum
3541 5218 3833 5285 praecepta

2116 5293 2347 5351 Domini
2379 5297 2709 5365 fecerimus,
2735 5299 2883 5355 servi
2904 5316 3017 5355 non
3049 5300 3305 5357 erimus?
3338 5302 3493 5358 Itane
3514 5305 3650 5360 tunc
3674 5308 3829 5363 servi

2116 5401 2229 5440 non
2281 5386 2521 5456 erimus,
2554 5389 2788 5459 quando
2837 5390 2972 5446 boni
3023 5390 3170 5445 servi
3226 5392 3545 5448 fuerimus?
3587 5394 3650 5448 Et
3695 5398 3831 5468 quis

2114 5477 2505 5533 contradicere
2536 5482 2723 5549 potest
2753 5478 2981 5535 veritati
3014 5495 3136 5551 qua:
3171 5482 3277 5547 ait,
3304 5484 3428 5536 Jam
3460 5498 3567 5537 non
3590 5483 3703 5540 dico
3736 5502 3828 5543 vos

2110 5570 2333 5622 servos!
2360 5567 2447 5639 ,Et
2494 5584 2597 5625 cur
2644 5568 2753 5627 hoc
2800 5570 3025 5641 dixerit,
3049 5570 3213 5628 docet
3254 5588 3268 5631 :
3304 5573 3442 5641 Quia
3481 5590 3691 5645 servus,
3741 5576 3829 5637 in-
