4148 6190
312 255 470 313 1849

306 386 451 457 quit,
496 388 667 443 nescit
696 386 827 458 quid
873 386 1050 453 faciat
1094 387 1355 443 dominus
1401 389 1539 455 eius.
1574 388 2015 461 Numquidnam

306 495 472 536 servo
521 479 671 536 bono
702 487 755 536 et
786 478 1020 551 probato
1068 477 1336 535 dominus
1384 480 1511 549 ejus
1561 496 1675 536 non
1720 479 1898 537 etiam
1930 497 2016 537 se-

306 574 467 626 creta
515 585 618 625 sua
657 568 1009 626 committit?
1040 568 1189 636 Quid
1222 576 1307 625 est
1336 586 1469 639 ergo
1502 570 1652 642 quod
1686 570 1786 626 ait.
1819 570 2017 627 Servus

305 662 484 716 nescit
531 660 666 731 quid
711 659 885 732 faciat
931 659 1179 714 dominus
1215 660 1367 726 eius?
1394 659 1632 728 Verum,
1665 664 1811 727 esto,
1841 663 2017 717 nescit

306 753 443 824 quid
489 751 701 822 faciat;
752 751 1038 821 numquid
1086 751 1266 806 nescit
1297 749 1470 807 etiam
1504 751 1643 823 quid
1682 751 2017 824 praecipiat?

310 847 453 896 Nam
484 845 541 897 et
571 840 620 895 si
651 840 762 896 hoc
793 841 999 905 nescit,
1023 841 1312 911 quomodo
1342 840 1560 896 servit?
1587 842 1701 897 Aut
1731 841 2016 911 quomodo

306 948 510 990 servus
542 938 650 999 est,
683 933 783 1004 qui
816 950 931 988 non
966 933 1178 989 servit?
1200 933 1269 988 Et
1298 937 1493 989 tamen
1528 933 1806 990 Dominus
1834 934 2016 1004 loqui-

307 1026 423 1083 tur.
461 1022 557 1078 Vos
588 1021 755 1077 amici
782 1022 892 1077 mei
918 1023 1066 1091 estis,
1097 1019 1148 1077 si
1174 1023 1416 1090 feceritis
1444 1038 1563 1093 quae
1612 1038 1708 1090 ego
1751 1022 2018 1094 praecipio

308 1111 479 1168 vobis.
525 1113 651 1167 lam
698 1127 808 1167 non
855 1110 973 1167 dico
1024 1126 1111 1167 vos
1152 1126 1349 1166 servos.
1377 1114 1421 1165 ()
1471 1127 1591 1166 rem
1644 1110 2014 1167 mirabilem!

307 1204 455 1260 Cum
508 1200 722 1257 servire
762 1217 875 1256 non
929 1201 1249 1271 possimus,
1295 1200 1407 1255 nisi
1460 1204 1743 1273 praecepta
1786 1200 2017 1257 Domini

306 1292 639 1351 fecerimus.
689 1291 979 1362 quomodo
1038 1294 1322 1362 praecepta
1380 1290 1639 1347 faciendo
1698 1292 1843 1347 servi
1901 1308 2017 1347 non

307 1383 576 1440 erimus?
604 1383 661 1438 Si
693 1397 891 1439 servus
924 1397 1037 1437 non
1069 1398 1165 1437 ero
1195 1386 1477 1453 praecepta
1508 1382 1792 1450 faciendo,
1818 1386 1875 1438 et
1907 1382 2021 1439 nisi

308 1479 599 1547 praecepta
629 1473 836 1543 fecero,
869 1473 1083 1529 servire
1126 1488 1242 1529 non
1288 1476 1520 1545 potero;
1554 1488 1687 1546 ergo
1720 1472 2019 1530 serviendo

308 1582 516 1623 εοννιιε
547 1581 662 1621 non
695 1579 814 1619 81⁵0.
947 1572 950 1575 ⁷

377 1656 433 1710 3.
481 1652 911 1726 Intelligamus,
961 1654 1181 1715 fratres,
1241 1652 1656 1724 intelligamus,
1688 1657 1742 1710 et
1798 1653 1907 1709 hoc
1960 1653 2019 1710 in

308 1745 481 1803 nobis
513 1744 798 1800 Dominus
821 1743 991 1799 faciat
1018 1749 1084 1800 ut
1113 1744 1531 1816 intelligamus,
1558 1744 1730 1800 faciat
1755 1745 1930 1799 etiam
1957 1749 2021 1800 ut

307 1835 608 1892 intellecta
652 1834 959 1890 faciamus.
1003 1833 1120 1890 Hoc
1159 1838 1354 1891 autem
1392 1834 1443 1890 si
1479 1834 1722 1902 scimus,
1764 1835 2018 1906 proiecto

305 1927 537 1982 scimus
559 1926 715 1996 quod
747 1924 883 1979 facit
916 1923 1216 1991 Dominus,
1242 1924 1376 1997 quia
1407 1942 1511 1981 nos
1546 1925 1704 1995 ipsos
1729 1924 1873 1979 tales
1904 1941 2019 1980 non

304 2016 448 2073 facit
482 2014 600 2071 nisi
630 2013 935 2078 Dominus,
964 2020 1017 2069 et
1038 2029 1140 2084 per
1168 2012 1279 2069 hoc
1300 2014 1371 2069 ad
1394 2013 1522 2084 ejus
1553 2012 1870 2070 amicitiam
1898 2029 2021 2085 per-

306 2106 591 2163 tinemus.
626 2104 793 2161 Sicut
821 2102 979 2160 enim
1030 2104 1146 2159 duo
1191 2108 1332 2160 sunt
1381 2103 1638 2170 timores,
1670 2104 1769 2176 qui
1804 2103 2021 2159 faciunt

306 2198 424 2254 duo
458 2210 671 2268 genera
701 2193 1060 2261 timentium;
1095 2193 1178 2249 sic
1210 2194 1337 2249 duae
1369 2197 1503 2250 sunt
1535 2193 1864 2261 servitutes,
1893 2210 2020 2266 qua

306 2285 537 2343 faciunt
566 2285 682 2340 duo
713 2298 922 2355 genera
968 2298 1284 2340 servorum.
1316 2283 1416 2338 Est
1446 2282 1620 2339 timor
1669 2298 1842 2353 quem
1893 2299 2019 2355 pcr-

308 2377 457 2433 fecta
505 2374 761 2432 cbaritas
812 2374 965 2431 foras
1014 2373 1193 2431 mittit
1242 2375 1288 2445 (Ι
1334 2378 1495 2432 Joan.
1547 2392 1623 2443 ιν,
1676 2375 1783 2447 18),
1831 2379 1888 2431 et
1934 2379 2023 2432 est

309 2466 463 2524 alius
479 2465 859 2522 timorcastus
884 2481 1234 2537 permanens
1257 2466 1317 2522 in
1340 2466 1619 2523 saeculum
1642 2465 1832 2523 saeculi
1850 2467 2018 2536 (Psat.

311 2573 477 2625 xvru,
504 2556 609 2628 10).
637 2552 804 2610 illum
837 2554 1103 2610 timorem
1136 2554 1236 2626 qui
1268 2570 1383 2611 non
1416 2562 1503 2611 est
1534 2555 1592 2610 in
1615 2553 1915 2622 charitate,
1939 2558 2021 2610 at-

311 2645 589 2704 tendebat
634 2643 979 2716 Apostolus,
1027 2659 1157 2700 cum
1206 2644 1437 2701 dicebat
1471 2660 1484 2699 :
1515 2646 1630 2701 Non
1670 2646 1818 2701 enim
1863 2660 2023 2701 acce-

307 2739 468 2810 pistis
517 2735 780 2807 spiritum
824 2734 1101 2791 servitutis
1136 2732 1337 2789 iterum
1370 2733 1430 2790 in
1462 2733 1661 2791 timore
1689 2736 1863 2807 (Rom.
1897 2751 2023 2807 vm,

313 2828 421 2898 15).
456 2826 628 2882 Illum
679 2833 871 2879 autem
922 2824 1191 2879 timorem
1230 2827 1454 2879 castum
1507 2825 1855 2893 attendebat,
1888 2841 2022 2881 cum

310 2918 541 2973 dicebat
576 2932 589 2971 :
623 2913 747 2971 Noli
795 2914 971 2969 altum
1017 2929 1227 2984 sapere,
1267 2913 1361 2970 sed
1408 2916 1540 2970 time
1566 2914 1665 2986 (Id.
1699 2931 1776 2980 xi,
1808 2915 1922 2986 20).
1961 2916 2023 2970 In

313 3007 413 3063 illo
442 3005 653 3062 timore
683 3018 855 3076 quem
884 3003 1038 3060 foras
1068 3002 1319 3060 cbaritas
1351 3003 1548 3071 mittit,
1581 3008 1669 3060 est
1696 3004 1870 3061 etiam
1903 3020 2024 3061 ser-

313 3098 473 3154 vitus
503 3093 677 3151 simul
708 3094 864 3149 foras
891 3109 1026 3149 cum
1062 3092 1189 3166 ipso
1220 3093 1428 3149 timore
1459 3093 1780 3149 mittenda:
1809 3098 2027 3149 utrum-

316 3201 425 3258 que
454 3183 618 3241 enim
641 3182 839 3255 junxit
868 3182 1202 3255 Apostolus,
1238 3182 1344 3238 hoc
1375 3186 1466 3239 est
1493 3183 1826 3240 servitutem
1858 3186 1915 3238 et
1943 3184 2019 3238 ti»

318 3289 561 3343 morem,
595 3271 861 3339 dicendo,
894 3272 1012 3327 Non
1046 3272 1194 3328 enim
1227 3274 1503 3344 accepistis
1550 3273 1802 3344 spiritum
1850 3273 2024 3329 servi-

316 3368 446 3421 tutis
491 3366 701 3419 iterum
740 3364 801 3419 in
828 3362 1044 3418 timore.
1079 3363 1161 3418 Ad
1212 3362 1362 3419 hanc
1409 3363 1744 3419 servitutem
1796 3378 2024 3419 servum

316 3454 710 3526 pertinentem
743 3452 1077 3508 intuebatur
1104 3455 1163 3507 et
1192 3451 1477 3509 Dominus
1508 3453 1729 3520 dicens,
1760 3456 1886 3509 Jam
1916 3469 2027 3511 non

314 3544 434 3601 dico
468 3559 559 3600 vos
587 3558 796 3604 servos;
830 3543 961 3614 quia
990 3557 1178 3599 servus
1207 3543 1377 3598 nescit
1405 3542 1537 3615 quid
1567 3545 1746 3611 faciat
1775 3543 2027 3600 dominus

315 3632 459 3704 ejus.
513 3630 640 3685 Non
690 3630 889 3702 utique
933 3629 1029 3686 ille
1077 3646 1280 3686 servus
1330 3631 1627 3701 pertinens
1661 3633 1729 3687 ad
1764 3631 2026 3689 timorem

316 3726 570 3786 castum,
604 3719 697 3775 cui
727 3718 960 3787 dicitur,
997 3722 1171 3792 Euge,
1204 3735 1359 3775 serve
1408 3722 1561 3784 bone,
1594 3722 1741 3777 intra
1792 3720 1853 3776 in
1898 3738 2030 3793 gau-

317 3813 471 3868 dium
504 3807 726 3865 Domini
754 3810 839 3863 tui
870 3824 887 3863 :
919 3808 1018 3864 sed
1050 3807 1146 3863 ille
1177 3824 1377 3864 servus
1420 3810 1718 3879 pertinens
1751 3810 1824 3866 ad
1857 3810 2031 3867 timo—

317 3916 440 3958 rem
477 3900 629 3956 foras
657 3917 687 3954 a
717 3898 1003 3956 cbaritate
1050 3898 1418 3967 mittendum,
1452 3899 1522 3955 de
1552 3916 1667 3971 quo
1698 3900 1835 3955 alibi
1869 3901 2029 3968 dicit,

318 3994 519 4047 Servus
563 4004 673 4043 non
721 3996 906 4045 manet
959 3990 1017 4043 in
1063 3988 1218 4043 domo
1250 3990 1309 4044 in
1340 3993 1641 4051 wiernum;
1671 3988 1819 4058 ﬁlius
1850 3994 2032 4046 autem

319 4087 511 4136 manet
555 4080 617 4133 in
665 4086 929 4133 aeternum
980 4079 1158 4149 (loan.
1194 4094 1316 4148 vm,
1348 4078 1460 4149 35).
1504 4076 1787 4142 Quoniam
1838 4079 2033 4150 itaque

319 4171 485 4228 dedit
534 4168 705 4226 nobis
754 4172 1097 4240 potestatem
1148 4169 1300 4225 filios
1348 4168 1449 4225 Del
1500 4169 1622 4226 fieri
1675 4168 1779 4241 (Id.
1833 4188 1872 4240 ι,
1924 4172 2032 4244 12),

321 4277 437 4317 non
461 4260 741 4328 servi,sed
768 4258 870 4315 filii
893 4260 1078 4315 simus
1099 4262 1193 4314 :ut
1215 4258 1359 4314 miro
1382 4260 1633 4330 quodam
1659 4268 1711 4316 et
1734 4260 2033 4329 ineffabili,

322 4351 420 4406 sed
442 4353 644 4405 tamen
666 4363 796 4406 vero
821 4349 1014 4419 modo,
1038 4348 1187 4405 servi
1218 4364 1335 4404 non
1368 4348 1519 4404 servi
1545 4363 1673 4405 esse
1706 4350 2034 4422 possimus;

320 4439 477 4496 servi
510 4438 732 4494 scilicet
760 4437 970 4493 timore
1002 4440 1180 4506 casto,
1215 4438 1285 4493 ad
1317 4453 1492 4510 quem
1544 4439 1791 4510 pertinet
1840 4456 2037 4496 servus

319 4529 551 4585 intrans
582 4528 640 4582 in
674 4528 953 4601 gaudium
982 4526 1201 4583 domini
1234 4527 1321 4583 sui
1348 4552 1363 4596 ς
1394 4544 1511 4583 non
1545 4528 1695 4584 servi
1726 4532 1922 4584 autem
1957 4530 2036 4583 ti—

322 4634 490 4675 more
540 4618 694 4675 foras
744 4617 1051 4684 mittendo,
1082 4617 1154 4672 ad
1188 4633 1361 4689 quem
1404 4617 1648 4689 pertinet
1690 4634 1890 4676 servus
1924 4635 2037 4675 non

321 4723 576 4765 manens
597 4706 656 4763 in
675 4707 848 4764 domo
870 4708 927 4762 in
950 4710 1253 4763 mternum.
1278 4706 1351 4763 Ut
1373 4714 1563 4763 autem
1589 4708 1730 4765 tales
1752 4709 1899 4765 servi
1925 4726 2039 4765 non

322 4799 478 4856 servi
513 4799 720 4866 simus,
754 4797 1069 4855 Dominum
1104 4798 1289 4854 facere
1333 4796 1591 4854 sciamus
1623 4797 1662 4851 ‘.
1697 4799 1813 4856 Hoc
1846 4804 2040 4856 autem

322 4906 533 4947 servus
580 4889 676 4945 ille
723 4890 929 4956 nescit,
962 4888 1057 4960 qui
1109 4889 1294 4945 nescit
1323 4889 1343 4922 ³
1374 4887 1513 4960 quid
1563 4888 1733 4946 faciat
1767 4891 2042 4947 Dominus

324 4982 489 5053 ejus;
526 4984 581 5035 et
612 4996 746 5036 cum
795 4979 1016 5051 aliquid
1070 4978 1204 5034 boni
1237 4977 1399 5047 facit,
1435 4978 1517 5035 sic
1548 4979 1844 5036 extollitur
1875 4980 2045 5053 quasi

322 5072 438 5128 hoc
477 5071 605 5143 ipse
644 5069 837 5138 faciat,
872 5086 988 5125 non
1028 5068 1314 5125 Dominus
1345 5070 1507 5140 ejus;
1544 5074 1601 5125 et
1633 5070 1691 5127 in
1725 5087 1802 5136 se,
1837 5087 1950 5128 non
1985 5072 2046 5129 in

326 5161 578 5219 Domino
627 5160 927 5232 gloriatur,
960 5175 1094 5215 cum
1143 5174 1206 5215 se
1253 5160 1376 5230 ipse
1425 5160 1736 5232 deceperit,
1780 5161 1919 5232 quia
1962 5161 2049 5218 sic

324 5250 630 5325 gloriatur,
682 5250 781 5321 qui
831 5266 948 5307 non
997 5249 1281 5322 acceperit
1311 5251 1354 5318 (Ι
1388 5248 1509 5305 Cor.
1545 5266 1621 5319 1v,
1652 5250 1733 5322 7).
1778 5249 1894 5305 Nos
1943 5268 2048 5308 au-

326 5348 472 5412 tem,
527 5339 877 5411 cbarissimi,
938 5344 1001 5395 ut
1047 5340 1217 5395 amici
1270 5338 1496 5396 Domini
1546 5354 1673 5396 esse
1729 5340 2047 5412 possimus,

397 5495 413 5530 ί
446 5493 529 5542 Er.
565 5492 731 5555 Lugd.
762 5492 895 5555 Ven.
928 5491 1052 5543 Lov.
1086 5491 1161 5541 sic
1190 5490 1475 5554 legendum
1501 5495 1691 5555 putant
1725 5505 1737 5541 :
1769 5491 2054 5543 Dominum

329 5564 511 5617 facere
540 5554 749 5605 scimus.
804 5554 872 5617 Μ,

402 5618 424 5651 ²
454 5618 512 5669 ιιι
542 5616 823 5682 plerisque
852 5616 977 5670 Mss.
1010 5628 1122 5670 non
1142 5616 1388 5677 habetur,
1418 5615 1511 5680 qui
1538 5617 1720 5670 nescit.

1397 253 1867 318 TRACTATUS
1909 254 2220 317 LXXXVI.
2269 257 2525 320 CAPUT
2568 259 2695 322 XV.

3663 271 3828 332 18ὅο

2126 390 2267 462 quid
2299 394 2493 448 noster
2512 390 2798 449 Dominus
2821 393 2994 451 faciat
3014 395 3285 453 sciamus.
3308 398 3431 455 Non
3457 402 3643 458 solum
3668 405 3823 460 enim

2125 478 2411 548 homines,
2444 498 2645 539 verum
2680 483 2853 540 etiam
2896 486 3090 555 justas
3138 486 3263 558 ipse
3294 489 3430 545 facit
3463 507 3589 555 nos,
3623 499 3677 547 et
3711 512 3825 549 non

2123 569 2236 641 ipsi
2270 588 2395 627 nos.
2430 571 2494 626 Et
2524 578 2587 629 ut
2618 572 2726 629 hoc
2755 575 3028 643 sciamus,
3056 577 3187 646 quis
3221 577 3333 633 nisi
3367 579 3491 650 ipse
3523 580 3692 637 facit?
3712 584 3827 639 Non

2126 659 2279 715 enim
2293 663 2554 733 spiritum
2574 664 2735 735 hujus
2755 665 2948 720 mundi
2976 670 3301 739 accepimus,
3322 670 3411 725 sed
3435 671 3705 741 Spiritum
3737 678 3831 746 qui

2125 766 2193 806 ex
2224 752 2325 807 Deo
2358 759 2451 822 est,
2486 759 2541 810 ut
2588 759 2832 811 sciamus
2876 774 2996 828 quae
3037 776 3069 812 a
3115 761 3217 815 Deo
3257 760 3461 817 donata
3497 770 3627 818 sunt
3671 766 3829 819 nobis

2126 844 2172 914 (Ι
2206 842 2327 897 Cor.
2364 860 2424 911 Il,
2460 844 2566 916 12).
2601 846 2684 899 Ab
2717 846 2841 916 ipso
2890 847 3177 919 quidquid
3227 850 3362 905 boni
3414 857 3522 918 est,
3558 854 3827 909 donatur.

2127 932 2273 1003 Ergo
2306 932 2438 1002 quia
2471 941 2523 988 et
2555 933 2661 991 boc
2695 934 2909 990 bonum
2940 941 3047 1002 est,
3082 939 3152 993 ab
3187 939 3310 1009 ipso
3344 941 3541 1011 utique
3576 942 3826 998 donatur

2127 1026 2192 1078 ut
2221 1022 2437 1077 sciatur
2458 1040 2489 1077 a
2511 1039 2627 1094 quo
2660 1025 2877 1079 bonum
2911 1042 3080 1082 omne
3111 1028 3387 1097 donetur;
3416 1035 3475 1083 ut
3498 1032 3734 1087 omnino
3760 1033 3829 1087 de

2126 1113 2400 1168 omnibus
2450 1113 2639 1181 bonis,
2674 1115 2773 1185 qui
2821 1115 3123 1187 gloriatur,
3158 1117 3216 1172 in
3260 1119 3501 1175 Domino
3550 1119 3834 1191 glorietur

2129 1201 2230 1273 (Id.
2262 1219 2301 1269 ι,
2335 1202 2441 1270 31).
2477 1203 2637 1269 Quod
2669 1220 2799 1260 vero
2833 1206 3117 1275 sequitur,
3159 1208 3249 1263 Vos
3297 1218 3479 1263 autem
3526 1209 3647 1264 dixi
3693 1215 3828 1266 ami-

2126 1307 2213 1346 cos
2238 1308 2257 1353 ;
2288 1293 2419 1361 quia
2450 1297 2630 1348 omnia
2661 1309 3015 1367 quascumque
3034 1296 3228 1352 audivi
3246 1314 3279 1351 a
3318 1301 3489 1354 Patre
3528 1316 3668 1369 meo,
3701 1307 3831 1357 nota

2122 1380 2236 1450 feci
2264 1380 2435 1451 vobis,
2468 1381 2549 1436 ita
2579 1388 2667 1437 est
2698 1384 3076 1455 profundum,
3113 1393 3171 1441 ut
3205 1386 3363 1442 nullo
3409 1389 3582 1443 modo
3614 1389 3690 1444 sit
3721 1391 3829 1447 isto

2128 1487 2397 1529 sermone
2440 1475 2878 1542 coarctandum,
2913 1477 3013 1531 sed
3044 1476 3101 1530 in
3136 1477 3316 1533 alium
3350 1479 3756 1536 differendum.

2598 1565 3030 1622 TRACTATUS
3071 1566 3349 1624 LXXXVI.

2128 1658 2204 1710 De
2250 1670 2309 1710 eo
2356 1653 2496 1726 quod
2544 1654 2810 1709 Dominus
2857 1656 2959 1722 ait,
3006 1658 3117 1713 Vos
3165 1665 3362 1714 autem
3416 1659 3533 1715 dixi
3581 1659 3836 1727 amicos;

2201 1759 2368 1816 usque
2397 1743 2466 1814 ad
2496 1742 2570 1809 id,
2604 1743 2676 1799 Ut
2707 1745 3117 1816 quodcumque
3168 1748 3447 1819 petieritis
3500 1748 3723 1805 Patrem
3782 1752 3837 1805 in

2200 1833 2435 1889 nomine
2467 1849 2615 1901 meo,
2648 1833 2744 1889 det
2774 1833 2954 1890 vobis.
2991 1836 3119 1906 Cap.
3156 1853 3247 1903 xv,
3282 1838 3371 1906 ﬁ.
3409 1840 3495 1904 15,
3536 1838 3618 1893 16.

2202 1923 2251 1977 1.
2278 1922 2482 1979 Merito
2505 1924 2785 1995 quaeritur
2809 1926 3101 1995 quomodo
3133 1927 3538 1998 accipiendum
3574 1928 3650 1983 sit
3679 1931 3832 2000 quod

2127 2012 2211 2069 ait
2240 2012 2547 2078 Dominus,
2584 2013 2677 2069 Vos
2699 2018 2879 2069 autem
2900 2014 3021 2070 dixi
3040 2017 3286 2084 amicos,-
3308 2018 3441 2089 quia
3462 2017 3649 2074 omnia
3678 2035 3834 2090 quec-

2126 2119 2358 2174 cumque
2387 2102 2578 2158 audivi
2605 2120 2638 2158 a
2667 2106 2835 2160 Patre
2862 2121 3000 2175 meo,
3024 2113 3153 2161 nota
3182 2108 3287 2176 feci
3314 2108 3479 2163 vobis.
3506 2108 3643 2172 Quis
3674 2110 3828 2164 cnim

2129 2193 2339 2249 audeat
2385 2192 2678 2250 afﬁrmare
2709 2193 2793 2250 vel
2843 2195 3077 2252 credere
3121 2195 3302 2253 ullum
3346 2197 3653 2254 hominum
3686 2200 3836 2255 scire

2130 2282 2327 2338 omnia
2358 2298 2743 2355 quaecumque
2769 2285 2991 2341 aPatre
3021 2285 3237 2341 audivit
3268 2287 3605 2357 unigenitus
3634 2288 3813 2343 Filius

2130 2372 2362 2445 quando
2392 2388 2463 2428 ne
2496 2372 2602 2429 hoc
2632 2373 2865 2445 quidem
2914 2373 3225 2446 quisquam
3275 2376 3447 2446 capit,
3481 2377 3774 2448 quomodo
3808 2396 3840 2432 a

2129 2467 2294 2518 Patre
2324 2462 2524 2519 audiat
2556 2462 2735 2519 ullum
2766 2463 3026 2532 verbum,
3061 2480 3195 2521 cum
3228 2464 3353 2536 ipse
3383 2467 3459 2522 sit
3489 2466 3672 2523 Patris
3705 2469 3836 2522 uni-

2130 2567 2264 2609 cum
2294 2552 2595 2609 Verbum?
2644 2554 2814 2620 Quid,
2867 2555 3021 2626 quod
3073 2554 3371 2626 aliquanto
3423 2562 3576 2627 post,
3629 2557 3687 2612 in
3730 2557 3841 2613 hoc

2131 2642 2258 2714 ipso
2290 2646 2482 2698 tamen
2515 2658 2801 2711 sermone,
2835 2660 3010 2715 quem
3042 2649 3169 2715 post
3199 2661 3421 2701 coenam
3456 2649 3588 2701 ante
3624 2648 3839 2713 passio-

2132 2748 2266 2789 nem
2314 2731 2387 2787 ad
2436 2731 2751 2804 discipulos
2804 2732 3027 2803 habuit,
3061 2733 3253 2801 Multa,
3288 2734 3500 2805 inquit,
3533 2734 3697 2791 habeo
3746 2752 3842 2790 vo-

2135 2822 2209 2877 bis
2226 2822 2442 2888 dicere;
2464 2821 2556 2876 sed
2578 2837 2687 2876 non
2719 2822 2942 2894 potestis
2966 2824 3065 2878 itta
3091 2814 3318 2895 portare
3341 2823 3492 2881 modo
3515 2824 3693 2895 (Joan.
3726 2841 3839 2893 xvi,

2137 2910 2264 2983 t2)?
2294 2914 2417 2979 Quo
2445 2911 2621 2983 igitur
2653 2916 2817 2982 pacto
2867 2911 3211 2969 intellecturi
3246 2929 3448 2970 sumus
3479 2914 3665 2971 omnia
3708 2930 3840 2969 eum

2134 3006 2266 3057 nota
2317 3003 2522 3057 fecisse
2564 3002 2890 3073 discipulis,
2923 3020 3304 3075 quascumque
3339 3006 3561 3061 audivit
3591 3022 3623 3061 a
3654 3005 3842 3071 Putre,

2133 3109 2268 3148 cum
2313 3096 2611 3163 propterea
2643 3093 2910 3164 quaedam
2958 3093 3146 3149 multa
3192 3111 3308 3150 non
3355 3094 3534 3162 dicat,
3569 3096 3707 3168 quia
3736 3095 3848 3150 scit

2132 3200 2230 3240 eos
2264 3184 2434 3239 modo
2468 3186 2694 3255 portare
2727 3199 2840 3239 non
2875 3184 3081 3253 posse?
3110 3185 3221 3241 Sed
3260 3184 3540 3242 nimirum
3572 3186 3720 3257 quod
3757 3187 3841 3240 fa-

2134 3277 2337 3332 cturus
2386 3278 2495 3342 est,
2528 3272 2731 3330 fecisse
2760 3288 2822 3328 se
2851 3271 3010 3341 dicit,
3041 3272 3141 3346 qui
3191 3290 3259 3329 ea
3307 3291 3432 3345 quas
3480 3275 3676 3331 futura
3705 3279 3842 3330 sunt

2135 3362 2272 3420 fecit
2300 3361 2451 3433 (Isai.
2484 3379 2607 3429 xcv,
2644 3362 2752 3430 11).
2786 3362 2944 3417 Sicut
2973 3361 3127 3417 enim
3159 3361 3298 3417 dicit
3328 3378 3428 3433 per
3470 3362 3839 3434 prophetam,

2135 3453 2405 3511 Foderunt
2450 3468 2645 3507 manus
2675 3467 2821 3507 meas
2863 3455 2915 3507 et
2957 3451 3130 3523 pedes
3160 3467 3299 3508 meos
3338 3452 3507 3523 (Psat.
3558 3468 3672 3519 xxi,
3716 3453 3844 3522 18);

2137 3560 2240 3601 nec
2289 3542 2389 3613 ait,
2425 3541 2634 3597 fossuri
2684 3532 2854 3608 sunt;
2889 3540 3047 3598 velut
3093 3541 3381 3613 praeterita
3430 3540 3649 3608 dicens,
3685 3545 3742 3596 et
3781 3558 3846 3595 ra

2138 3637 2331 3690 tamen
2364 3631 2561 3687 futura
2593 3630 2911 3702 praedicens
2937 3647 2949 3685 :
2980 3630 3058 3686 ita
3083 3635 3139 3686 et
3166 3631 3272 3686 hoc
3305 3631 3427 3687 loco
3460 3631 3539 3686 ait
3560 3630 3758 3686 omnia
3785 3648 3845 3685 se

2138 3726 2273 3778 nota
2305 3721 2504 3777 fecisse
2536 3719 2856 3791 discipulis,
2890 3737 3012 3792 quas
3043 3737 3104 3777 se
3138 3720 3295 3778 novit
3327 3725 3463 3777 nota
3494 3735 3622 3777 esse
3655 3721 3807 3776 iactu
3828 3752 3845 3761 -

2138 3828 2265 3868 rum
2298 3811 2355 3866 in
2387 3809 2487 3865 illa
2518 3808 2877 3880 plenitudine
2924 3810 3199 3882 scientiis,
3234 3812 3303 3867 de
3352 3828 3468 3884 qua
3515 3811 3657 3867 dicit
3689 3812 3845 3882 Apo-

2136 3901 2346 3970 stolus,
2388 3903 2517 3957 Cum
2566 3908 2749 3958 autem
2798 3904 3009 3957 venerit
3037 3902 3176 3973 quod
3222 3904 3528 3973 perlectum
3558 3909 3656 3963 est.
3697 3904 3844 3973 quod

2138 4008 2209 4050 ex
2244 3999 2398 4064 parte
2427 3995 2504 4047 est
2533 3991 2906 4047 evacuabitur.
2954 3991 3034 4047 lbi
3066 3992 3283 4064 quippe
3329 3992 3468 4047 dicit
3499 4009 3512 4047 :
3548 3993 3699 4048 Nunc
3736 3995 3843 4047 scio

2140 4100 2215 4139 ea:
2243 4088 2420 4153 parte,
2446 4090 2575 4136 tunc
2604 4086 2786 4137 autem
2806 4097 3123 4152 cognoscam
3151 4084 3295 4138 sicut
3324 4091 3376 4138 et
3409 4083 3664 4153 cognitus
3694 4100 3842 4146 sum;

2143 4180 2194 4229 et
2220 4188 2369 4228 nunc
2393 4186 2492 4244 per
2519 4172 2797 4243 speculum
2831 4172 2887 4225 in
2920 4172 3229 4241 aenigmate,
3253 4175 3383 4227 tunc
3405 4180 3585 4227 autem
3608 4173 3752 4243 facie
3783 4172 3852 4226 ad

2144 4264 2344 4333 [aciem
2388 4262 2432 4332 (l
2478 4262 2598 4317 Cor.
2631 4278 2755 4329 xm,
2792 4262 2875 4328 10,
2914 4262 3020 4332 12).
3067 4260 3211 4316 Nam
3262 4266 3320 4316 et
3368 4262 3490 4332 ipse
3539 4261 3851 4332 Apostolus

2146 4350 2335 4409 salvos
2367 4367 2472 4407 nos
2501 4350 2644 4406 dicit
2672 4366 2799 4406 esse
2851 4350 3031 4405 factos
3080 4365 3181 4421 per
3228 4349 3523 4405 lavacrum
3560 4364 3853 4419 regenera-

2146 4440 2325 4498 tionis
2355 4441 2481 4512 (Tit.
2514 4457 2601 4505 ιιι,
2632 4439 2688 4509 5)
2721 4456 2735 4494 :
2769 4438 2867 4510 qui
2911 4446 3102 4496 tamen
3148 4438 3260 4495 alio
3290 4439 3438 4503 loco,
3480 4438 3601 4507 Spe,
3635 4436 3848 4506 inquit,

2147 4531 2293 4588 salvi
2336 4532 2478 4599 facti
2523 4545 2728 4585 sumus.
2780 4529 2909 4599 Spes
2955 4536 3139 4584 autem
3188 4541 3311 4598 quae
3359 4529 3597 4596 videtur,
3628 4542 3737 4582 non
3777 4536 3854 4582 est

2147 4636 2263 4692 spes
2285 4637 2303 4674 :
2325 4617 2465 4690 quod
2492 4616 2641 4673 enim
2670 4615 2815 4671 videt
2845 4618 2986 4687 quis,
3009 4617 3141 4687 quid
3170 4618 3387 4687 sperat?
3410 4616 3470 4670 Si
3500 4618 3684 4671 autem
3716 4614 3858 4686 quod

2149 4725 2256 4766 non
2315 4709 2558 4763 videmus
2612 4721 2908 4777 speramus,
2965 4722 3064 4777 per
3117 4706 3441 4777 patientiam
3490 4715 3858 4777 exspectamus

2154 4801 2324 4873 (Rom.
2355 4814 2482 4864 vm,
2519 4796 2588 4851 24
2618 4800 2668 4852 et
2714 4796 2829 4868 25).
2878 4795 3041 4851 Unde
3079 4794 3261 4852 etiam
3313 4796 3442 4866 ejus
3491 4794 3860 4866 coapostolus

2153 4893 2361 4946 Petrus
2394 4906 2407 4945 :
2440 4889 2503 4943 In
2534 4903 2693 4960 quem
2724 4885 2898 4952 modo,
2930 4885 3143 4958 inquit,
3177 4902 3285 4942 non
3317 4885 3554 4942 videntes
3593 4885 3818 4941 creditis
3843 4904 3863 4949 ,-

2155 4996 2308 5055 quem
2339 4996 2462 5036 cum
2492 4977 2775 5049 videritis,
2802 4975 3143 5034 exsultabitis
3171 4976 3382 5051 gaudio
3414 4975 3785 5031 inenarrabili
3812 4982 3865 5030 et

2157 5072 2440 5140 honorato,
2470 5070 2829 5141 percipientes
2858 5067 3153 5124 mercedem
3190 5066 3340 5138 ﬁdei,
3374 5064 3606 5119 salutem
3643 5066 3865 5119 anima-

2158 5178 2282 5217 rum
2312 5166 2621 5217 vestrarum
2650 5158 2696 5230 (l
2730 5159 2874 5213 Petr.
2901 5173 2939 5226 ι,
2963 5156 2995 5213 8
3018 5160 3068 5212 et
3090 5156 3165 5227 9).
3200 5156 3258 5211 Si
3290 5169 3425 5225 ergo
3450 5168 3605 5208 nunc
3630 5157 3861 5223 tempus

2159 5255 2247 5308 est
2278 5249 2435 5318 fidei,
2462 5248 2621 5305 salus
2670 5255 2863 5304 autem
2914 5247 3245 5305 animarum
3292 5259 3512 5299 merces
3562 5247 3650 5299 est
3700 5242 3867 5313 ﬁdei;

2161 5341 2290 5412 quis
2321 5338 2551 5395 dubitet
2592 5338 2649 5392 in
2697 5336 2828 5404 ﬁde,
2862 5352 2988 5406 quas
3036 5350 3136 5405 per
3182 5332 3554 5390 dilectionem
3596 5340 3872 5405 operatur

2162 5430 2308 5501 (Gai.
2360 5445 2414 5495 v,
2460 5427 2537 5498 6),
2589 5424 2987 5498 peragendam
3040 5424 3216 5491 diem,
3267 5426 3439 5493 atque
3487 5422 3545 5476 in
3594 5422 3710 5478 fine
3758 5424 3873 5480 diei

2163 5517 2555 5590 recipiendum
2587 5530 2713 5570 esse
2744 5514 3093 5581 mercedem,
3129 5529 3243 5568 non
3276 5509 3464 5567 solum
3514 5511 3867 5582 redemptio-

2168 5623 2297 5665 nem
2328 5604 2585 5677 corporis
2634 5602 2841 5674 nostri,
2873 5601 2944 5661 de
2973 5619 3088 5676 qua
3133 5600 3274 5662 dicit
3320 5599 3620 5680 apostolus
3652 5602 3870 5681 Paulus
