4148 6190
355 280 501 340 1851

360 415 534 485 (liam.
569 430 685 479 vni,
720 414 841 481 ‘23);
875 429 1074 467 verum
1107 413 1281 468 etiam
1315 412 1562 468 salutem
1594 409 1919 465 animarum
1954 421 2063 461 no-

356 509 632 571 strarum,
665 503 736 558 de
766 520 882 573 qua
930 504 1071 558 dicit
1117 503 1426 574 Apostolus
1474 499 1721 557 Petrus?
1751 498 2062 567 Utriusque

359 592 513 647 enim
548 592 625 648 rei
659 592 904 649 felicitas
937 592 1044 649 isto
1077 598 1339 665 tempore
1369 596 1541 663 atque
1574 593 1630 646 in
1664 591 1767 646 hac
1804 584 2062 643 mortali-

360 685 475 739 tate
508 682 565 737 in
599 699 701 753 spe
741 682 932 754 potius
981 681 1245 745 habetur,
1281 699 1456 754 quam
1490 682 1546 736 in
1578 696 1637 736 re
1669 683 1917 734 tenetur.
1954 675 2058 730 Vc-

362 789 487 828 rum
521 774 628 829 hoc
659 773 914 839 interest,
949 774 1099 843 quod
1131 774 1379 829 exterior
1427 777 1622 828 noster
1671 771 1858 833 homo,
1892 769 1949 823 id
1980 774 2063 823 est

361 882 593 936 corpus,
644 865 835 921 adhuc
882 866 1304 936 corrumpitur;
1356 863 1595 920 interior
1643 860 1941 928 autem,id
1975 862 2063 914 est

357 955 573 1020 anima,
598 955 721 1025 jam
758 959 1065 1011 renovatur
1095 956 1164 1009 de
1196 954 1287 1010 die
1316 955 1373 1009 in
1409 953 1562 1008 diem
1594 954 1667 1023 (ll
1700 951 1919 1019 Cor.1v,
1950 950 2059 1018 16).

360 1047 557 1114 Itaque
606 1044 755 1099 sicut
803 1043 1295 1101 immortalitatem
1345 1043 1539 1100 carnis
1570 1048 1625 1100 et
1654 1042 1902 1098 salutem
1937 1039 2063 1094 ani—

360 1149 587 1189 marum
630 1134 884 1190 futuram
916 1140 1339 1205 exspectamus,
1375 1134 1643 1207 quamvis
1667 1134 1790 1204 jam
1826 1132 2064 1203 pignore

357 1227 590 1295 accepto
614 1222 753 1278 salvi
778 1224 909 1278 facti
934 1240 1062 1279 esse
1084 1224 1371 1289 dicamur;
1406 1225 1483 1279 ita
1514 1223 1774 1278 omnium
1799 1221 2061 1277 notitiam

358 1329 738 1385 quiscumque
770 1312 1113 1384 Unigenitus
1144 1313 1359 1369 audivit
1382 1332 1412 1370 a
1434 1314 1621 1383 Patre,
1647 1313 1897 1367 futuram
1931 1327 2065 1382 spe-

356 1418 482 1457 rare
531 1402 833 1471 debemus,
868 1403 1136 1475 quamvis
1184 1404 1290 1460 hoc
1329 1404 1451 1474 jam
1499 1420 1561 1459 se
1611 1402 1814 1459 iecisse
1859 1401 2066 1457 dixerit

359 1492 649 1549 Christus.

513 1585 625 1639 Non
676 1598 765 1639 vos
815 1600 899 1637 me
945 1583 1199 1652 elegistis,
1248 1584 1459 1656 inquit,
1502 1584 1591 1639 sed
1637 1599 1731 1653 ego
1782 1600 1868 1639 vos
1910 1582 2064 1654 elegi.

361 1675 489 1729 Hinc
533 1681 617 1728 est
667 1672 767 1727 illa
823 1673 1131 1729 inetiabilis
1184 1676 1388 1745 gratia.
1438 1675 1583 1739 Quid
1632 1674 1785 1730 enim
1839 1689 2067 1729 eramus

363 1764 592 1834 quando
636 1763 932 1819 Christum
981 1765 1239 1820 nondum
1289 1764 1674 1836 elegeramus,
1707 1771 1762 1822 et
1792 1765 1920 1820 ideo
1952 1779 2068 1821 non

365 1852 787 1922 diligebamus?
810 1854 953 1909 Nam
988 1855 1087 1925 qui
1119 1871 1251 1910 eum
1286 1871 1396 1911 non
1430 1854 1625 1927 elegit,
1656 1856 1949 1927 quomodo
1982 1855 2068 1910 di-

362 1940 539 2013 ligit?
577 1943 864 2013 Numquid
891 1944 1018 2014 jam
1048 1943 1107 1998 in
1141 1944 1305 2001 nobis
1326 1950 1448 2000 erat
1468 1947 1622 2016 quod
1646 1946 1702 1999 in
1728 1944 1958 2001 Psalmo
1978 1960 2071 2002 ca-

364 2032 524 2087 nitur
549 2048 561 2086 :
589 2033 738 2102 Elegi
766 2036 1007 2100 abiectus
1036 2051 1146 2090 esse
1172 2035 1227 2090 in
1251 2035 1405 2091 domo
1436 2036 1677 2103 Domini,
1701 2038 1877 2108 magis
1907 2053 2069 2107 quam

362 2122 615 2178 habitare
646 2124 699 2177 in
726 2124 1097 2181 tabernaculis
1123 2135 1471 2197 peccatorum
1493 2125 1665 2198 (Psal.
1693 2144 1922 2197 Lxxxm,
1950 2127 2069 2200 tt)?

362 2211 488 2267 Non
522 2212 740 2285 utique.
771 2214 917 2278 Quid
950 2231 1083 2288 ergo
1116 2232 1371 2284 eramus,
1400 2216 1508 2272 nisi
1541 2216 1724 2288 iniqui
1748 2220 1804 2273 et
1832 2217 2071 2289 perditi?

363 2300 562 2375 Neque
609 2302 763 2358 enim
808 2304 933 2374 jam
983 2304 1415 2361 credideramus
1450 2306 1506 2362 in
1539 2322 1693 2372 eum,
1727 2310 1790 2362 ut
1833 2306 2071 2378 eligeret

366 2407 474 2448 nos
509 2408 521 2447 :
556 2408 693 2448 nam
727 2392 775 2449 si
812 2394 937 2464 jam
985 2396 1285 2451 credentes
1334 2395 1528 2468 elegit,
1560 2396 1773 2454 electus
1822 2396 1996 2469 elegit
2027 2396 2068 2453 ί.

366 2482 480 2536 Cur
510 2496 645 2553 ergo
677 2483 913 2552 diceret,
946 2486 1066 2539 Non
1098 2500 1188 2539 vos
1229 2501 1314 2540 me
1343 2486 1601 2554 elegistis,
1636 2486 1742 2540 nisi
1777 2487 1911 2559 quia
1957 2485 2069 2539 mi-

366 2570 679 2625 sericordia
726 2572 853 2641 ejus
903 2574 1178 2643 praevenit
1228 2590 1331 2628 nos
1380 2574 1548 2642 (Psal.
1601 2592 1752 2644 LVIII,
1790 2574 1920 2644 l1)?
1968 2574 2070 2630 llic

364 2664 515 2713 certe
566 2663 734 2714 vacat
788 2676 940 2715 vana
1004 2661 1234 2717 illorum
1298 2663 1686 2732 ratiocinatio,
1748 2664 1845 2735 qui
1916 2680 2069 2736 prae-

366 2748 672 2805 scicntiam
739 2750 840 2805 Dei
910 2751 1228 2807 defendunt
1267 2758 1471 2809 contra
1546 2753 1787 2826 gratiam
1859 2755 1975 2821 Dei,
2019 2759 2074 2811 et

365 2840 492 2895 ideo
542 2840 747 2896 dicunt
796 2859 901 2897 nos
952 2841 1163 2898 electos
1195 2851 1327 2899 ante
1360 2844 1562 2900 mundi
1598 2846 2070 2902 constitutionem

368 2928 580 3001 (Eplies.
622 2947 664 2998 1,
704 2930 785 3002 4),
835 2931 969 3002 quia
1014 2932 1300 3003 prtescivit
1348 2951 1451 2989 nos
1500 2934 1652 2991 Deus
1702 2935 1925 2990 futuros
1972 2936 2071 2991 bo-

371 3035 497 3087 nos,
551 3036 664 3074 non
715 3020 970 3091 scipsum
1030 3038 1136 3077 nos
1191 3022 1482 3079 iacturum
1542 3025 1745 3080 bonos.
1798 3025 1921 3080 Non
1968 3025 2073 3082 hoc

368 3108 526 3177 dicit,
579 3109 678 3180 qui
733 3109 894 3180 dicit,
945 3112 1061 3167 Non
1107 3127 1197 3168 vos
1240 3128 1328 3168 me
1372 3112 1634 3183 elegistis.
1693 3115 1973 3181 Quoniam
2024 3117 2069 3171 si

364 3201 671 3269 prepterea
703 3215 807 3255 nos
838 3199 1124 3271 elegisset,
1158 3201 1295 3272 quia
1327 3204 1510 3258 bonos
1552 3202 1782 3258 futuros
1813 3217 1940 3259 esse
1972 3220 2075 3259 nos

364 3286 757 3357 praesciverat;
810 3288 989 3344 simul
1038 3289 1210 3345 etiam
1239 3291 1559 3363 praescisset
1590 3292 1744 3363 quod
1782 3308 1915 3348 cum
1958 3310 2072 3349 non

366 3377 677 3434 fuissemus
710 3378 872 3451 prius
901 3381 1162 3438 eiecturi.
1190 3381 1315 3438 Non
1343 3383 1498 3438 enim
1530 3383 1696 3439 aliter
1725 3401 1851 3440 esse
1882 3401 2077 3457 posse-

371 3483 501 3523 mus
530 3468 703 3524 boni:
732 3470 843 3525 nisi
879 3471 1022 3527 forte
1054 3471 1338 3528 dicendus
1368 3480 1452 3529 est
1483 3474 1671 3531 bonus
1700 3474 1798 3546 qui
1827 3491 1941 3531 non
1968 3475 2078 3531 ele-

370 3557 453 3629 git
485 3557 726 3613 bonum.
756 3559 901 3623 Quid
930 3575 1065 3632 ergo
1097 3561 1270 3633 elegit
1292 3561 1349 3617 in
1374 3580 1488 3619 non
1520 3564 1733 3619 bonis?
1762 3564 1883 3619 Non
1918 3564 2072 3619 enim

370 3647 535 3702 electi
588 3651 727 3702 sunt
774 3648 912 3719 quia
954 3649 1092 3706 boni
1146 3652 1395 3722 fuerunt,
1431 3652 1530 3726 qui
1567 3653 1701 3709 boni
1738 3670 1849 3709 non
1883 3658 2077 3709 essent

369 3739 483 3791 nisi
516 3737 684 3793 electi
715 3744 925 3793 essent.
960 3740 1227 3811 Alioquin
1263 3742 1450 3813 gratia
1474 3744 1598 3814 jam
1626 3761 1739 3798 non
1763 3748 1849 3799 est
1872 3745 2070 3812 gratia,

366 3826 414 3879 si
440 3826 805 3895 praecessisse
828 3830 1233 3885 contendimus
1248 3832 1472 3887 merita.
1491 3832 1621 3888 Haec
1636 3832 1849 3904 quippe
1871 3833 2072 3890 electio

365 3916 561 3986 gratiae
592 3922 700 3982 est,
735 3918 806 3972 de
838 3935 953 3989 qua
984 3919 1125 3974 dicit
1157 3923 1505 3992 Apostolus:
1542 3922 1630 3978 Sic
1658 3940 1781 3990 ergo
1811 3928 1859 3980 et
1892 3927 1945 3979 in
1978 3926 2075 3981 hoc

366 4007 604 4073 tempore
626 4004 892 4076 reliquiae
911 4023 1007 4077 per
1026 4009 1344 4063 electionem
1356 4011 1552 4081 gratiae
1564 4014 1732 4069 salvae
1742 4017 1909 4082 facta:
1922 4021 2071 4070 sunt.

367 4092 531 4147 Unde
561 4092 864 4166 subjungit
897 4112 910 4149 :
944 4096 1008 4151 Si
1052 4102 1235 4152 autem
1281 4099 1483 4171 gratia,
1506 4102 1629 4171 jam
1658 4120 1767 4157 non
1798 4119 1866 4157 ea:
1896 4104 2074 4174 Operi.

368 4183 507 4251 bus;
538 4183 787 4255 alioquin
831 4186 1011 4255 gratia
1062 4188 1172 4254 iam
1220 4205 1330 4245 non
1368 4195 1446 4245 est
1484 4191 1661 4262 gratia
1692 4192 1868 4263 (Rom.
1904 4210 1981 4255 x1,
2012 4195 2067 4261 5,

364 4271 442 4342 6).
495 4272 660 4341 Audi,
710 4271 954 4344 ingrate,
1008 4275 1141 4330 audi
1186 4293 1199 4330 :
1242 4277 1358 4333 Non
1408 4293 1496 4334 vos
1546 4296 1627 4335 me
1673 4280 1931 4347 elegistis,
1978 4282 2071 4336 sed

364 4377 461 4431 ego
491 4361 635 4431 elegi
678 4377 784 4417 vos.
821 4362 942 4419 Non
993 4368 1081 4420 est
1131 4372 1191 4421 ut.
1238 4366 1414 4437 dicas,
1467 4368 1600 4425 Ideo
1648 4369 1865 4425 electus
1916 4387 2065 4440 sum,

367 4448 501 4520 quia
523 4450 648 4520 jam
691 4452 1016 4510 credebam.
1048 4455 1106 4510 Si
1153 4457 1307 4513 enim
1359 4458 1632 4515 credebas
1669 4458 1728 4515 in
1760 4475 1915 4527 eum,
1945 4461 2066 4530 jam

364 4538 623 4609 elegeras
672 4554 821 4598 eum.
857 4543 964 4598 Sed
1006 4545 1141 4599 audi
1179 4546 1341 4602 :Non
1388 4564 1477 4604 vos
1521 4564 1608 4604 me
1651 4548 1908 4621 elegistis.
1943 4548 2065 4605 Non

364 4632 453 4683 est
483 4632 546 4683 ut
576 4629 758 4696 dicas,
792 4634 1116 4703 Antequam
1167 4638 1477 4706 crederem,
1502 4637 1627 4709 jam
1680 4639 1830 4694 bona
1859 4654 2070 4710 opera—

364 4718 487 4786 bar,
511 4716 640 4773 ideo
672 4719 888 4775 electus
919 4737 1065 4778 sum.
1100 4726 1245 4787 Quid
1280 4727 1433 4781 enim
1457 4732 1541 4782 est
1567 4727 1699 4783 boni
1722 4729 1907 4799 operis
1937 4732 2068 4784 ante

364 4808 563 4875 ﬁdem,
599 4822 733 4864 cum
784 4811 938 4866 dicat
985 4815 1319 4883 Apostolus,
1356 4816 1520 4871 Omne
1551 4818 1694 4887 quod
1742 4835 1850 4873 non
1889 4827 1963 4873 est
2000 4834 2068 4873 ea:

360 4898 487 4967 ﬁde,
516 4903 799 4969 peccatum
847 4908 922 4955 est
969 4901 1064 4970 (ld.
1116 4919 1228 4965 xxv,
1277 4904 1414 4975 23)?
1464 4906 1607 4969 Quid
1664 4923 1799 4978 ergo
1858 4907 2067 4961 dicturi
2132 4918 2135 4919 '

360 5004 566 5045 sumus
598 4989 908 5059 audiendo,
934 4990 1047 5045 Non
1080 5008 1170 5047 vos
1203 5009 1283 5048 me
1310 4993 1583 5065 elegistis;
1616 4995 1726 5051 nisi
1758 4995 1895 5067 quia
1927 4996 2064 5052 mali
2108 4992 2113 4997 “

360 5096 594 5137 eramus
624 5086 680 5137 et
708 5079 871 5138 electi
903 5097 1130 5147 sumus,
1166 5088 1226 5139 ut
1256 5084 1391 5139 boni
1425 5101 1524 5156 per
1554 5088 1801 5158 gratiam
1836 5102 1941 5142 nos
1962 5085 2066 5142 eli-

360 5172 547 5237 gentis
581 5172 881 5229 essemus?
902 5172 1023 5229 Non
1047 5178 1135 5231 est
1164 5175 1318 5232 enim
1352 5178 1555 5248 gratia,
1582 5177 1629 5233 si
1656 5185 2066 5249 praecesserant

363 5260 563 5314 merita
594 5276 607 5316 :
641 5268 730 5317 est
779 5267 971 5319 autem
1021 5265 1238 5337 gratia;
1289 5266 1409 5323 hac
1460 5268 1637 5342 igitur
1667 5284 1780 5327 non
1820 5269 2061 5344 invenit,

360 5350 457 5404 sed
490 5350 677 5410 effecit
707 5355 935 5412 merita.

429 5509 607 5584 ‘Libri
636 5527 840 5585 omnes,
880 5520 1076 5585 electos
1112 5520 1309 5585 elegit;
1350 5524 1567 5585 excepto
1597 5533 1707 5571 uno
1737 5520 2063 5585 Remigiensi

360 5572 481 5645 b113,,
510 5575 601 5635 qui
634 5572 1039 5645 habet_,_’electus
1067 5572 1258 5644 elegit;
1286 5572 1424 5633 banc
1461 5572 1584 5635 vero
1617 5572 2062 5638 lectionemucon-

352 5638 565 5698 jectura
594 5641 819 5690 assecuti
852 5643 1065 5694 fuerant
1092 5638 1467 5700 Ldvanienses.

1301 281 1381 339 IN
1426 277 1751 341 JOANNIS
1796 270 2336 349 EVANGELIUM,
2384 275 2449 333 S.
2498 276 2931 337 AUGUS'I‘INI

3724 271 3882 332 1852

2240 406 2292 458 3.
2329 405 2396 461 Et
2429 408 2631 475 videte,
2657 408 3006 477 charissimi,
3032 407 3517 478 quemadmodum
3553 423 3666 462 non
3701 405 3882 477 eligat

2171 497 2375 565 bonos,
2402 499 2499 553 sed
2527 516 2672 571 quos
2695 500 2884 571 elegit,
2913 499 3084 555 faciat
3107 500 3307 554 bonos.
3338 501 3462 569 Ego,
3496 498 3707 569 inquit,
3739 497 3885 564 elegi

2170 600 2279 652 vos,
2313 595 2362 641 et
2385 588 2548 658 posui
2577 605 2666 646 vos
2697 599 2758 645 ut
2789 592 2940 659 eatis,
2963 595 3015 645 et
3035 592 3276 659 fructum
3306 588 3571 659 aﬂeratis,
3596 595 3647 643 et
3667 590 3883 655 fructus

2170 681 2344 731 vester
2364 686 2609 735 maneat.
2629 680 2831 736 Nonne
2856 680 2963 735 iste
2986 684 3073 734 est
3097 680 3318 733 fructus
3343 681 3409 733 de
3433 694 3547 749 quo
3570 679 3694 747 jam
3720 676 3884 730 dixe-

2173 774 2279 833 rat,
2312 767 2445 824 Sine
2474 786 2561 825 me
2598 770 2741 826 nihil
2778 772 2997 842 potestis
3026 774 3208 841 facere
3238 770 3414 841 (Joan.
3449 786 3539 832 xv,
3573 768 3671 839 5)?
3701 767 3886 837 Elegit

2172 860 2602 930 ergo,etposuit
2624 865 2991 930 uteamus,et
3016 862 3268 916 fructum
3294 860 3632 915 atl‘eramus:
3655 856 3883 913 nullum

2170 948 2366 1019 itaque
2388 950 2643 1007 fructum
2672 953 2823 1007 unde
2844 968 2945 1007 nos
2964 951 3199 1021 eligeret
3224 950 3608 1005 habebamus.
3636 950 3699 1005 Ut
3718 948 3884 1015 eatis,

2172 1037 2379 1109 inquit,
2403 1048 2453 1095 et
2472 1042 2715 1111 fructum
2747 1041 3009 1114 aﬂeralis.
3037 1042 3190 1097 Imus
3225 1044 3287 1095 ut
3319 1039 3659 1105 efferamus,
3686 1041 3741 1093 et
3764 1038 3887 1108 ipse

2173 1133 2261 1183 est
2283 1128 2373 1184 via
2396 1147 2505 1199 qua
2529 1132 2704 1199 imus,
2731 1132 2786 1187 in
2814 1148 2929 1202 qua
2951 1148 3053 1187 nos
3080 1130 3268 1201 posuit
3296 1134 3359 1184 ut
3382 1144 3608 1184 eamus.
3636 1126 3885 1183 Proinde

2175 1219 2230 1273 in
2257 1221 2531 1277 omnibus
2557 1222 2951 1277 misericordia
2972 1221 3096 1291 ejus
3121 1219 3401 1292 praevenit
3426 1220 3624 1274 nos.Et
3645 1219 3880 1287 fructus,

2175 1307 2383 1380 inquit,
2410 1320 2579 1367 vester
2601 1316 2815 1367 maneat
2839 1330 2855 1367 :
2882 1318 2939 1365 ut
2960 1310 3334 1383 quodcumque
3362 1308 3636 1381 petieritis
3660 1309 3882 1362 Patrem

2175 1400 2232 1454 in
2277 1399 2504 1457 nomine
2545 1417 2682 1469 meo,
2714 1402 2801 1458 det
2831 1402 2998 1457 vobis.
3034 1401 3261 1456 Maneat
3291 1416 3425 1472 ergo
3458 1398 3723 1467 dilectio;
3756 1397 3883 1468 ipse

2175 1492 2264 1545 est
2293 1490 2445 1545 enim
2479 1492 2697 1547 fructus
2732 1496 2946 1547 noster.
2974 1492 3106 1557 Quae
3139 1489 3369 1546 dilectio
3404 1503 3558 1543 nunc
3586 1492 3675 1543 est
3706 1487 3763 1542 in
3790 1488 3889 1541 de-

2177 1579 2411 1649 siderio,
2436 1582 2698 1637 nondum
2726 1582 2785 1637 in
2809 1581 3139 1637 saturitate:
3158 1589 3210 1635 et
3236 1581 3362 1651 ipso
3385 1576 3669 1634 desiderio
3692 1577 3885 1648 quod-

2176 1685 2426 1740 cumque
2457 1671 2797 1742 petierimus
2821 1671 2878 1725 in
2904 1670 3136 1726 nomine
3170 1667 3451 1740 unigeniti
3488 1666 3637 1733 Filii,
3665 1668 3766 1722 dat
3789 1682 3888 1721 no-

2177 1760 2267 1815 bis
2291 1760 2475 1815 Pater.
2499 1762 2660 1825 Quod
2682 1768 2876 1816 autem
2909 1759 3168 1831 accipere
3200 1756 3492 1814 salvandis
3515 1773 3629 1812 non
3654 1757 3886 1827 expedit

2177 1847 2365 1917 nobis,
2398 1866 2513 1905 non
2544 1849 2945 1906 existimemus
2975 1864 3080 1904 nos
3113 1853 3303 1918 petere
3335 1846 3393 1901 in
3428 1845 3659 1901 nomine
3689 1844 3884 1900 Salva.

2178 1937 2316 1993 toris
2351 1953 2363 1993 :
2399 1939 2499 1994 sed
2532 1938 2639 1994 hoc
2681 1938 2936 2011 petimus
2976 1938 3033 1992 in
3076 1935 3311 1992 nomine
3358 1933 3693 2005 Salvatoris,
3728 1934 3882 2006 quod

2178 2027 2426 2102 pertinet
2456 2028 2527 2084 ad
2560 2029 2844 2085 rationem
2878 2026 3104 2084 salutis.

2638 2117 3062 2176 TRACTATUS
3103 2115 3423 2173 LXXXVII.

2180 2213 2255 2268 De
2282 2226 2342 2266 eo
2372 2210 2512 2283 quod
2541 2209 2674 2265 dicit
2699 2212 2873 2279 Iesus,
2906 2210 3036 2265 Haec
3075 2208 3286 2263 mando
3317 2204 3501 2276 vobis,
3537 2208 3598 2260 ut
3628 2202 3887 2277 diligatis

2250 2300 2523 2370 invicem;
2550 2316 2721 2371 usque
2745 2299 2815 2354 ad
2847 2298 2921 2367 id,
2946 2298 3057 2355 Sed
3095 2313 3197 2369 ego
3228 2296 3374 2368 elegi
3405 2312 3502 2351 vos
3534 2295 3604 2350 de
3637 2293 3883 2361 mundo;

2249 2396 2553 2463 propterea
2582 2391 2699 2447 odit
2728 2406 2828 2445 vos
2862 2390 3136 2445 mundus.
3173 2388 3312 2458 Cap.
3345 2403 3436 2452 xv,
3468 2387 3521 2455 ᾗ.
3558 2386 3752 2440 17-19.

2250 2483 2300 2535 1.
2319 2485 2380 2537 In
2404 2481 2647 2537 lectione
2669 2479 3139 2553 evangelieaqum
3163 2477 3312 2532 hanc
3334 2476 3645 2545 antecedit,
3662 2474 3889 2530 dixerat

2179 2571 2222 2626 D
2237 2573 2458 2627 3minus
2476 2588 2488 2624 :
2506 2572 2620 2627 Non
2638 2586 2727 2626 vos
2747 2586 2833 2625 me
2854 2571 3123 2638 elegistis;
3143 2567 3232 2623 sed
3256 2582 3357 2639 ego
3377 2568 3515 2637 elegi
3534 2581 3643 2629 vos,
3660 2568 3707 2620 et
3727 2565 3893 2635 posui

2178 2671 2356 2732 vos,ut
2369 2664 2504 2717 eatis
2525 2671 2574 2717 ct
2592 2665 2831 2731 fractum
2855 2662 3127 2733 aﬂeralis,
3142 2669 3191 2714 et
3209 2661 3418 2730 fructus
3440 2660 3614 2712 vester
3635 2663 3889 2709 maneat:

2180 2760 2239 2807 ut
2268 2751 2639 2823 quodcumque
2665 2752 2939 2823 petieritis
2970 2752 3188 2805 Patrem
3212 2749 3267 2804 in
3289 2746 3511 2803 nomine
3538 2761 3674 2806 meo,
3697 2745 3781 2799 del
3808 2759 3892 2799 v0-

2183 2842 2283 2897 bis.
2322 2844 2398 2897 Dc
2430 2841 2643 2911 quibus
2675 2841 2860 2895 verbis
2896 2840 3019 2911 jam
3053 2856 3155 2894 nos
3188 2837 3341 2909 quod
3392 2836 3675 2892 Dominus
3708 2833 3889 2901 dedit,

2181 2932 2529 2989 disseruisse
2588 2931 2956 2987 meministis.
3009 2930 3112 2986 llic
3163 2932 3356 2984 autem
3409 2927 3567 2994 dicit,
3623 2926 3889 2996 sequenti

2184 3023 2408 3080 scilicet
2437 3023 2702 3091 lectione,
2736 3039 2914 3095 quam
2960 3022 3131 3077 modo
3164 3036 3294 3076 cum
3325 3019 3687 3084 recitaretur,
3719 3016 3893 3071 audi-

2183 3114 2286 3171 stis
2318 3131 2330 3169 :
2366 3116 2487 3169 Hzec
2534 3113 2737 3169 mundo
2781 3114 2950 3181 vobis,
2984 3119 3045 3167 ut
3086 3111 3334 3183 diligatis
3384 3110 3637 3165 invicem.
3672 3110 3753 3164 Ac
3795 3124 3893 3180 per

2184 3204 2293 3261 hoc
2324 3203 2640 3277 intelligere
2689 3204 2965 3259 debemus
2996 3202 3149 3259 hunc
3180 3217 3305 3258 esse
3336 3202 3588 3256 fructum
3624 3203 3888 3254 nostrum

2184 3298 2253 3351 de
2285 3313 2400 3367 quo
2433 3296 2530 3361 ait,
2565 3297 2671 3363 Ego
2704 3311 2791 3350 vos
2821 3295 2963 3366 elegi
2990 3302 3049 3349 ut
3078 3294 3240 3354 eatis,
3272 3296 3321 3349 et
3352 3296 3595 3363 fructum
3626 3291 3889 3361 aﬂ'eratz's,

2182 3391 2233 3441 et
2253 3387 2467 3454 [ructus
2491 3390 2666 3439 vester
2687 3392 2923 3438 maneat.
2942 3382 3177 3454 thuod
3204 3379 3486 3450 adjunxit,
3513 3380 3574 3435 Ut
3592 3378 3892 3450 quodcum-

2184 3490 2287 3545 que
2315 3473 2582 3545 petieritis
2631 3478 2857 3528 Patrem
2890 3475 2946 3526 in
2991 3470 3216 3527 nomine
3243 3485 3381 3536 meo,
3415 3468 3502 3523 det
3523 3468 3674 3523 vobis
3704 3485 3723 3522 :
3756 3474 3891 3522 tunc

2186 3565 2386 3636 utique
2418 3564 2580 3619 dabit
2611 3564 2801 3630 nobis,
2825 3564 2871 3619 si
2896 3562 3202 3636 diligamus
3229 3560 3504 3626 invicem;
3530 3573 3663 3614 cum
3694 3557 3890 3613 ethoc

2185 3653 2374 3725 ipsum
2398 3654 2522 3725 ipse
2544 3654 2766 3709 dederit
2800 3652 2987 3719 nobis,
3013 3650 3108 3723 qui
3134 3668 3235 3706 nos
3260 3649 3433 3721 elegit
3464 3665 3578 3703 non
3611 3647 3890 3702 habentes

2187 3743 2463 3811 fructum,
2492 3744 2623 3814 quia
2652 3762 2765 3799 non
2788 3760 2921 3799 eum
2948 3759 3052 3797 nos
3075 3741 3466 3814 elegeramus;
3492 3744 3548 3793 et
3573 3736 3763 3808 posuit
3786 3752 3889 3791 nos

2187 3838 2250 3889 ut
2297 3834 2552 3888 fructum
2604 3833 2935 3899 atleramus,
2968 3831 3074 3887 hoc
3106 3837 3214 3896 est,
3248 3830 3493 3885 invicem
3526 3828 3887 3898 diligamus:

2184 3939 2359 3995 quem
2412 3924 2662 3978 fructum
2697 3924 2823 3979 sine
2851 3922 2950 3978 illo
2986 3923 3190 3977 habere
3224 3938 3334 3977 non
3374 3935 3705 3990 possumus,
3739 3916 3889 3972 sicut

2185 4015 2454 4082 palmites
2488 4015 2672 4070 facere
2694 4016 2817 4070 sine
2850 4014 2959 4068 vite
2992 4014 3135 4069 nihil
3172 4016 3432 4085 possunt.
3459 4010 3720 4065 Charitas
3750 4024 3885 4080 ergo

2182 4111 2267 4161 est
2300 4105 2522 4160 fructus
2571 4111 2787 4172 noster,
2821 4121 2994 4176 quam
3046 4103 3247 4159 definit
3278 4101 3607 4175 Apostolus,
3639 4100 3703 4156 de
3732 4100 3889 4156 corde

2178 4209 2315 4265 puro
2346 4197 2398 4247 et
2423 4195 2751 4249 conscientia
2785 4195 2944 4261 bona,
2972 4200 3022 4249 et
3052 4194 3157 4262 ﬁde
3188 4210 3295 4247 non
3324 4196 3447 4261 ﬁcta
3480 4190 3526 4262 (l
3563 4193 3704 4247 Tim.
3737 4206 3776 4255 ι,
3806 4190 3882 4259 5).

2180 4281 2294 4337 Hac
2326 4281 2624 4354 diligimus
2673 4283 2943 4348 invicem,
2979 4282 3083 4337 hac
3114 4282 3413 4351 diligimus
3453 4280 3658 4335 Deum.
3694 4280 3885 4349 Neque

2180 4372 2334 4427 enim
2366 4389 2499 4429 vera
2548 4372 2857 4428 dilectione
2905 4372 3278 4443 diligeremus
3307 4370 3579 4435 invicem,
3614 4369 3726 4423 nisi
3760 4367 3886 4423 dili-

2178 4467 2380 4534 gentes
2427 4464 2633 4519 Deum.
2677 4463 2866 4536 Diligit
2909 4465 3065 4519 enim
3108 4460 3509 4533 unusquisque
3556 4460 3882 4530 proximum

2179 4559 2458 4625 tanquam
2488 4554 2768 4625 scipsum,
2793 4554 2835 4608 si
2863 4552 3053 4625 diligit
3074 4553 3254 4607 Deum
3282 4567 3293 4605 :
3320 4566 3454 4605 nam
3478 4550 3527 4605 si
3553 4566 3665 4604 non
3689 4548 3885 4619 diligit

2176 4648 2383 4711 Deum,
2411 4660 2520 4698 non
2555 4643 2745 4716 diligit
2778 4642 3057 4713 scipsum.
3085 4641 3145 4696 In
3180 4642 3272 4696 his
3303 4640 3459 4697 enim
3491 4638 3714 4695 duobus
3750 4656 3884 4711 prae-

2178 4732 2360 4804 ceptis
2392 4732 2689 4789 cbaritatis
2724 4739 2841 4789 tota
2872 4734 2981 4788 Lex
3011 4733 3222 4805 pendet
3252 4736 3307 4786 et
3338 4729 3632 4801 Prophetas
3665 4729 3880 4798 (Matth.

2175 4838 2313 4888 xxu,
2348 4822 2433 4891 40)
2468 4838 2481 4876 :
2517 4821 2609 4877 bic
2657 4827 2746 4877 est
2795 4822 3015 4877 fructus
3066 4826 3277 4875 noster.
3317 4819 3397 4874 De
3443 4820 3627 4873 fructu
3682 4818 3882 4890 itaque

2177 4911 2345 4967 nobis
2377 4912 2687 4977 mandans,
2711 4914 2836 4968 Haec
2865 4910 3081 4972 mando,
3116 4911 3331 4983 inquit,
3354 4910 3521 4975 vobis,
3546 4912 3605 4963 ut
3634 4910 3883 4979 diligatis

2175 4999 2429 5058 invicem.
2459 5002 2618 5057 Unde
2641 5009 2697 5057 et
2727 5003 3022 5075 apostolus
3052 5002 3286 5069 Paulus,
3310 5016 3444 5056 cum
3476 5004 3677 5056 contra
3708 5016 3883 5068 Opera

2177 5092 2370 5148 carnis
2400 5093 2805 5148 commendare
2839 5093 3089 5148 fructum
3133 5090 3377 5164 spiritus
3407 5089 3595 5157 vellet,
3627 5107 3658 5144 a
3688 5091 3882 5161 capite

2174 5180 2283 5236 hoc
2332 5182 2546 5254 posuit,
2582 5185 2828 5250 Fructus,
2861 5181 3071 5253 inquit,
3102 5180 3330 5253 spiritus
3377 5180 3623 5235 charitas
3653 5186 3731 5234 est
3762 5196 3781 5234 :
3814 5197 3880 5236 ac

2175 5274 2381 5330 deinde
2421 5279 2625 5331 cietera
2664 5280 2939 5347 tanquam
2968 5290 3036 5330 ex
3067 5274 3175 5330 isto
3205 5272 3393 5343 capite
3424 5284 3622 5328 exorta
3651 5275 3709 5327 et
3741 5271 3880 5327 reli-

2173 5368 2303 5434 gata
2322 5365 2639 5433 contexuit,
2666 5381 2792 5438 quae
2816 5368 2975 5430 sunt,
2997 5362 3286 5433 gaudium,
3308 5378 3443 5435 pax,
3462 5362 3878 5433 longanimitas,

2173 5454 2501 5527 benignitas,
2517 5456 2750 5524 bonitas,
2765 5455 2913 5526 ﬁdes,
2931 5453 3310 5523 mansuetudo,
3326 5451 3660 5509 continentia
3677 5452 3878 5521 (Galat.

2172 5562 2226 5615 v,
2248 5546 2361 5619 22).
2379 5548 2518 5614 Quis
2540 5552 2733 5604 autem
2758 5548 2903 5604 bene
2925 5546 3153 5619 gaudet,
3178 5544 3278 5617 qui
3300 5544 3518 5600 bonum
3542 5559 3658 5598 non
3684 5543 3881 5616 diligit

2172 5638 2329 5697 unde
2356 5637 2603 5709 gaudet?
2627 5638 2766 5709 Quis
2794 5654 2990 5711 pacem
3013 5651 3232 5710 veram,
3256 5636 3369 5694 nisi
3392 5649 3521 5691 cum
3554 5631 3655 5691 illo
3686 5639 3880 5704 potest
