4148 6190
353 276 508 338 1855

349 419 626 486 quentur,
650 429 1100 486 sermonemque
1122 419 1536 473 contemnant?
1556 419 1838 483 Quoniam
1864 423 1913 478 si
1936 439 2058 478 ser-

350 521 580 561 monem
606 522 721 560 non
746 511 1038 559 servarent
1067 520 1285 569 eorum,
1310 522 1415 562 nec
1437 513 1628 565 tamen
1654 511 1916 567 odissent
1938 528 2057 579 eos,

351 609 538 664 neque
580 598 1099 664 persequerentur;
1131 594 1221 649 vel
1251 595 1478 652 etiamsi
1525 599 1803 667 odissent,
1838 618 1939 657 nec
1970 606 2058 657 ta-

351 699 481 738 men
508 688 1028 753 persequerentur:
1056 699 1169 737 non
1197 685 1394 739 omnia
1418 686 1687 743 facerent.
1716 692 1841 746 Haec
1862 697 2058 747 autem

350 774 539 830 Omnia
587 774 787 841 facient
834 772 985 828 vobis
1032 778 1256 844 propter
1301 792 1501 831 nomen
1549 793 1751 845 meum,
1786 782 1923 852 quid
1977 787 2063 837 est

352 862 507 918 aliud
543 862 753 929 dicere,
788 879 987 933 quam,
1024 878 1114 917 me
1148 862 1205 918 in
1238 865 1402 919 vobis
1441 866 1572 922 odio
1619 868 1939 940 habebunt,
1972 888 2061 927 me

350 954 411 1008 in
456 952 616 1009 vobis
664 957 1107 1023 persequentur,
1140 963 1191 1009 et
1239 972 1568 1013 sermonem
1618 969 1892 1033 vestrum,
1926 966 2062 1035 quia

353 1060 517 1098 meus
548 1047 656 1110 est,
689 1043 818 1097 ideo
864 1059 977 1098 non
1024 1045 1383 1101 servabunt?
1412 1049 1538 1104 Haec
1566 1050 1721 1105 enim
1755 1054 1943 1108 omnia
1972 1057 2060 1123 fa-

352 1134 497 1186 cient
544 1131 708 1197 vobis,
736 1139 959 1202 prapter
988 1150 1189 1188 nomen
1230 1152 1417 1190 meum
1449 1154 1466 1192 :
1500 1156 1613 1194 non
1647 1147 1930 1208 vestrum,
1959 1144 2063 1198 sed

356 1236 555 1275 meum.
583 1220 768 1274 Tanto
792 1220 963 1290 igitur
994 1222 1324 1279 miseriores
1347 1226 1447 1295 qui
1472 1232 1705 1298 propter
1729 1230 1834 1285 hoc
1858 1247 2063 1287 nomen

353 1309 465 1365 ista
484 1310 724 1377 faciunt,
746 1313 978 1381 quando
1005 1312 1290 1370 beatiores
1322 1316 1418 1384 qui
1448 1323 1681 1388 propter
1715 1321 1823 1376 hoc
1850 1338 2061 1377 nomen

354 1398 468 1455 ista
492 1400 792 1470 patiuntur
823 1416 835 1454 :
860 1399 1011 1455 sicut
1042 1402 1167 1471 ipse
1188 1403 1298 1458 alio
1328 1404 1449 1460 loco
1474 1407 1634 1475 dicit,
1661 1410 1812 1465 Beati
1833 1417 1928 1482 qui
1944 1429 2067 1483 per-

353 1488 1515 1561 secutianempatiunturpropterjustitiam
1530 1498 1742 1567 (Matth.
1762 1517 1816 1565 v,
1838 1502 2067 1573 lO).Hoc

354 1581 440 1631 est
470 1576 621 1631 enim
658 1581 893 1647 prepter
924 1594 1035 1646 me,
1070 1580 1155 1635 vel
1188 1593 1408 1653 propter
1437 1602 1632 1642 nomen
1658 1606 1838 1645 meum
1861 1610 1877 1645 :
1906 1594 2062 1663 quia,

357 1665 504 1721 sicut
534 1664 841 1735 Apostolus
873 1668 1054 1737 docet,
1086 1675 1279 1727 Factus
1302 1683 1378 1729 est
1406 1676 1562 1730 nobis
1590 1679 1865 1749 sapientia
1884 1700 1917 1736 a
1940 1684 2065 1744 Deo.

356 1757 409 1808 et
440 1753 676 1821 iustitia,
709 1763 760 1809 et
789 1758 1174 1829 sanctiﬁcatio,
1197 1766 1249 1816 et
1281 1766 1621 1836 redemptio;
1644 1774 1702 1823 ut
1724 1772 2070 1840 quemadmo-

359 1842 490 1897 dum
536 1843 799 1914 scriptum
846 1849 943 1912 est,
977 1847 1084 1914 Qui
1111 1851 1415 1919 gloriatur,
1450 1856 1510 1909 in
1542 1857 1767 1914 Domino
1796 1861 2069 1928 glorietur

359 1933 404 2004 (l
431 1933 553 1987 Cor.
578 1949 617 1999 ι,
640 1932 709 1986 30
730 1938 779 1989 et
799 1936 909 2004 31).
935 1936 1173 1995 Faciunt
1195 1941 1411 2014 quippe
1433 1945 1541 2001 ista
1567 1947 1703 2003 mali
1738 1950 1935 2017 malis;
1970 1952 2067 2007 sed

362 2038 478 2112 non
512 2027 746 2093 propter
768 2026 1101 2093 justitiam:
1133 2034 1189 2084 et
1218 2030 1347 2088 ideo
1380 2033 1571 2090 miseri
1608 2036 1858 2109 utrique,
1882 2046 1938 2096 et
1968 2042 2069 2112 qui

361 2111 603 2178 faciunt,
628 2118 683 2168 et
714 2114 812 2182 qui
842 2115 1165 2185 patiuntur.
1198 2120 1437 2178 Faciunt
1467 2131 1519 2179 et
1552 2125 1689 2182 boni
1722 2130 1886 2185 malis
1917 2148 1930 2187 :
1969 2111 2066 2188 ubi

362 2200 471 2256 etsi
508 2200 728 2290 iaciunt
758 2202 851 2258 isti
885 2211 1119 2277 propter
1142 2208 1448 2282 justitiam,
1476 2228 1589 2270 non
1612 2223 1803 2272 tamen
1827 2216 1911 2273 illi
1934 2235 2066 2290 pro-

362 2290 491 2359 pter
514 2286 799 2357 justitiam
828 2292 1146 2360 patiuntur.

433 2377 486 2431 3.
522 2377 630 2433 Sed
664 2377 806 2433 dicit
835 2380 1049 2453 aliquis
1079 2399 1092 2438 :
1126 2384 1185 2441 Si
1214 2388 1351 2444 mali
1383 2391 1613 2461 quando
1644 2402 2068 2467 persequuntur

362 2466 542 2566 bonos
565 2474 1050 2566 propter-nomen
1084 2474 1319 2545 Christi,
1345 2486 1576 2551 propter
1599 2466 1894 2554 justitiam
1929 2490 2063 2545 boni

358 2559 675 2624 patiuntur,
699 2559 947 2627 profecto
981 2571 1212 2635 propter
1235 2567 1524 2636 justitiam
1557 2571 1678 2628 haec
1700 2574 1783 2631 eis
1816 2577 1951 2631 mali
1981 2579 2062 2633 fa-

359 2644 553 2711 ciunt;
588 2648 743 2718 quod
795 2648 843 2703 si
893 2649 972 2705 ita
1020 2657 1126 2721 est,
1159 2670 1294 2727 ergo
1326 2663 1382 2714 et
1414 2663 1647 2731 quando
1694 2664 1830 2720 boni
1884 2668 2065 2723 malos

360 2740 597 2824 prepter
644 2735 939 2805 justitiam
997 2752 1456 2816 persequuntur.
1498 2758 1735 2822 propter
1773 2756 2062 2824 justitiam

362 2823 535 2916 etiam
571 2824 707 2916 mali
743 2827 1063 2896 patiuntur.
1085 2833 1142 2887 Si
1164 2836 1319 2891 enim
1356 2849 1597 2908 possunt
1629 2823 2067 2916 malipersecu-

370 2912 583 2969 tionem
617 2914 801 2972 facere
833 2917 999 2975 bonis
1042 2928 1277 2995 propter
1309 2942 1519 2984 nomen
1550 2912 1918 3003 Christi,'cur
1950 2953 2064 2991 non

359 3008 604 3095 possunt
634 3006 772 3062 mali
807 3012 1261 3077 persecutionem
1297 3021 1417 3088 pati
1450 3037 1483 3074 a
1514 3021 1682 3078 bonis
1712 3030 1944 3095 propter
1967 3043 2068 3082 no-

358 3107 493 3148 men
516 3094 756 3166 Christi;
783 3109 838 3152 et
862 3099 1001 3170 quid
1026 3106 1133 3171 est,
1161 3104 1273 3160 nisi
1304 3114 1539 3179 propter
1560 3094 1891 3181 justitiam?
1920 3116 2066 3172 Nam

359 3182 409 3236 si
442 3200 555 3274 non
599 3190 829 3256 prepter
860 3191 1013 3259 quod
1065 3191 1203 3249 boni
1254 3195 1495 3266 faciunt,
1529 3208 1763 3274 prepter
1791 3206 1899 3259 hoc
1931 3206 2067 3261 mali

364 3272 702 3370 patiuntur;
728 3277 876 3370 quia
908 3279 1123 3337 faciunt
1173 3283 1311 3340 boni
1362 3294 1592 3359 propter
1620 3272 1934 3361 justitiam,
1970 3312 2067 3366 pa-

370 3364 598 3455 tiuntur
628 3364 766 3420 mali
799 3375 1033 3440 propter
1062 3372 1406 3443 injustitiam
1432 3395 1445 3432 :
1473 3394 1576 3433 nec
1610 3380 1747 3436 mali
1767 3398 1903 3453 ergo
1938 3364 2070 3455 pro-

369 3453 497 3543 pter
516 3450 624 3508 hoc
653 3462 896 3525 possunt
918 3460 1103 3517 facere
1134 3468 1369 3535 propter
1389 3469 1544 3537 quod
1576 3468 1713 3526 boni
1749 3450 2069 3543 patiuntur,

371 3542 505 3610 quia
532 3543 751 3602 faciunt
783 3548 920 3604 mali
952 3559 1183 3624 propter
1214 3553 1586 3627 injustitiam,
1612 3542 1915 3632 patiuntur
1935 3542 2071 3620 boni

360 3637 596 3703 prepter
633 3635 948 3705 justitiam.
1001 3644 1300 3708 Quomodo
1350 3663 1486 3719 ergo
1535 3650 1645 3705 erit
1693 3668 1918 3718 verum,
1955 3655 2072 3709 Haec

368 3723 554 3775 omnia
575 3724 782 3791 facient
806 3732 950 3784 vobis
978 3740 1207 3803 propter
1234 3752 1432 3792 nomen
1458 3755 1639 3794 meum
1651 3759 1671 3803 ;
1696 3758 1827 3798 cum
1850 3742 1931 3796 illi
1960 3761 2073 3798 non

370 3815 605 3909 propter
636 3830 843 3909 nomen
866 3818 1082 3875 Christi
1106 3822 1343 3893 faciunt,
1370 3828 1424 3882 id
1448 3833 1557 3898 est,
1584 3847 1695 3885 non
1723 3836 2071 3903 prepterju-

373 3903 739 3995 .s_titiam,.sed
770 3910 1003 3995 propter
1034 3909 1399 3981 iniquitatem
1433 3920 1639 3973 suam?
1665 3920 1791 3976 llaec
1829 3922 2075 3991 quastio

371 3988 450 4041 ita
498 3988 757 4058 solvitur,
808 3994 855 4047 si
906 4011 971 4050 eo
1020 4000 1187 4054 modo
1237 4001 1623 4075 intelligamus
1671 3988 1911 4075 dictum,
1954 4013 2078 4069 Haec

372 4078 558 4132 omnia
579 4081 785 4145 facient
806 4084 954 4139 vobis
978 4097 1200 4157 prapter
1231 4107 1421 4148 nomen
1462 4112 1666 4166 meum,
1696 4104 1756 4154 ut
1781 4105 1965 4156 totum
1991 4118 2076 4156 re-

378 4170 595 4257 feratur
639 4171 709 4225 ad
754 4172 977 4243 justos;
1030 4181 1306 4250 tanquam
1340 4183 1557 4240 dictum
1592 4189 1687 4257 sit,
1722 4189 1849 4243 Haec
1880 4191 2080 4247 omnia

375 4256 670 4330 patiemini
702 4260 773 4315 ab
805 4262 890 4318 eis
930 4274 1161 4338 propter
1206 4288 1420 4329 nomen
1473 4256 1713 4332 meum:
1748 4282 1810 4332 ut
1845 4279 1950 4334 hoc
1980 4281 2075 4348 sit,

374 4350 584 4418 facient
632 4352 800 4421 vobis,
835 4357 990 4427 quod
1036 4365 1147 4428 est,
1180 4365 1481 4434 patiemini
1530 4369 1600 4423 ab
1650 4370 1751 4425 eis.
1784 4370 1840 4427 Si
1887 4380 2077 4427 autem

373 4452 592 4514 propter
628 4461 831 4500 nomen
869 4463 1049 4504 meum
1082 4451 1166 4507 sic
1197 4456 1499 4526 accipitur,
1532 4463 1810 4530 tanquam
1843 4460 2073 4530 diceret,

377 4539 612 4606 propter
644 4553 851 4594 nomen
886 4555 1080 4597 meum
1114 4546 1268 4615 quod
1293 4546 1350 4600 in
1374 4547 1534 4604 vobis
1565 4549 1840 4617 oderunt;
1868 4550 1949 4607 ita
1982 4570 2077 4624 po-

375 4628 489 4681 test
516 4628 720 4699 accipi,
752 4634 809 4685 et
855 4642 1081 4704 prepter
1121 4637 1413 4706 justitiam
1448 4656 1623 4710 quam
1656 4643 1714 4699 in
1745 4643 1907 4700 vobis
1938 4646 2077 4701 ode-

376 4721 512 4772 runt
545 4722 560 4754 ι
597 4734 610 4774 :
645 4736 710 4776 ac
740 4736 841 4791 per
870 4723 981 4781 hoc
1012 4726 1146 4782 boni
1178 4743 1311 4784 cum
1364 4734 1823 4799 persecutionem
1856 4735 2077 4791 iaciunt

374 4806 562 4876 malis,
595 4820 839 4877 possunt
870 4819 1020 4870 recte
1050 4815 1160 4870 diei
1192 4824 1245 4872 et
1277 4824 1510 4889 propter
1545 4823 1831 4891 justitiam
1866 4826 2073 4894 facere,

373 4911 549 4966 quam
582 4896 877 4969 diligendo
910 4912 1338 4974 persequuntur
1371 4907 1590 4978 malos;
1622 4918 1675 4965 et
1707 4920 1939 4983 propter
1969 4913 2076 4968 ini-

371 4989 673 5060 quitatem,
705 5007 880 5061 quam
935 4993 1180 5048 oderunt
1207 4995 1264 5049 in
1298 4996 1443 5066 ipsis
1494 4998 1663 5055 malis
1696 5017 1710 5056 :
1744 5000 1825 5055 ita
1854 5018 1987 5071 ergo
2020 5007 2076 5058 et

371 5078 481 5151 ipsi
504 5080 639 5136 mali
664 5086 903 5151 possunt
923 5081 1032 5138 dici
1057 5083 1198 5153 pati,
1222 5090 1277 5140 et
1298 5090 1533 5158 propter
1555 5088 1921 5160 iniquitatem
1945 5109 2074 5163 quas

369 5168 428 5224 in
460 5170 577 5227 illis
611 5170 875 5243 punitur,
906 5176 965 5227 et
1011 5178 1245 5245 propter
1284 5174 1584 5245 justitiam
1623 5194 1748 5251 quas
1778 5179 1839 5235 in
1870 5195 2069 5238 eorum

365 5273 537 5327 pcena
567 5270 883 5319 exercetur.
1295 5325 1300 5328 .

438 5350 490 5401 4.
523 5350 668 5406 Item
700 5354 874 5422 quaeri
908 5357 1120 5426 potest,
1154 5355 1203 5412 si
1232 5356 1405 5413 etiam
1440 5356 1577 5415 mali
1608 5360 1831 5418 faciunt
1869 5376 2073 5433 perse-

368 5436 660 5495 cutionem
702 5443 903 5511 malis;
946 5446 1097 5501 sicut
1137 5446 1300 5519 impii
1350 5464 1514 5521 reges
1554 5454 1611 5507 et
1645 5452 1892 5522 iudices,
1932 5470 2068 5510 cum

443 5570 461 5648 1A
486 5567 902 5648 ﬁnisstleriq‘ue
951 5579 1131 5624 carent
1162 5576 1304 5648 hisce
1333 5578 1507 5648 verbis
1539 5591 1552 5630 :
1583 5580 1663 5648 Ita
1690 5582 1853 5645 potest
1882 5581 2068 5646 accipi,

369 5634 421 5683 et
445 5637 659 5695 prapter
678 5634 949 5693 justitiam
985 5651 1140 5698 quam
1175 5638 1227 5689 in
1258 5640 1402 5691 vobis
1430 5641 1666 5696 oderunt.

1351 279 1430 339 IN
1475 282 1794 344 JOANNIS
1841 285 2376 357 EVANGELIUM,
2424 284 2486 343 S.
2542 281 2967 345 AUGUS'l‘lNl

3719 277 3872 337 1856

2170 426 2364 478 essent
2412 425 2809 492 persecutores
2854 419 3084 489 piorum,
3121 417 3319 489 utique
3349 421 3406 473 et
3438 416 3782 483 homicidas,
3821 421 3875 471 et

2170 513 2485 579 adulteros,
2509 515 2566 566 et
2604 525 3000 582 quoscumque
3032 508 3343 573 maleﬁcos,
3377 523 3523 578 quos
3558 513 3763 561 contra
3793 505 3877 560 le-

2169 617 2269 673 ges
2320 600 2577 672 publicas
2628 600 2831 655 fecisse
2876 602 3309 670 cognoscerent,
3346 596 3699 668 puniebant;
3735 610 3878 667 quo-

2170 691 2341 747 modo
2400 688 2847 761 intelligendum
2897 693 2987 743 est
3035 687 3189 757 quod
3240 687 3321 742 ait
3370 686 3674 753 Dominus,
3706 685 3768 739 Si
3812 684 3877 739 de

2169 781 2372 835 mundo
2399 780 2599 847 essetis,
2631 778 2865 833 mundus
2895 778 3042 848 quod
3075 793 3235 830 suum
3266 782 3385 830 erat
3413 776 3667 844 diligeret
3696 776 3876 843 (toan.

2168 889 2261 931 xv,
2288 871 2395 941 19).
2420 870 2617 940 Neque
2639 870 2793 924 enim
2819 884 2966 938 quos
2998 867 3162 937 punit
3184 865 3375 936 diligit
3406 866 3681 932 mundus,
3707 881 3739 918 a
3763 880 3879 935 quo

2170 960 2435 1015 videmus
2465 974 2642 1029 supra
2674 956 2834 1012 dicta
2865 955 3151 1011 scelerum
3176 970 3391 1027 genera
3413 955 3760 1025 plerumque
3786 970 3881 1023 pu-

2172 1049 2280 1103 niri
2306 1065 2318 1103 :
2346 1048 2455 1102 nisi
2490 1047 2627 1117 quia
2661 1046 2915 1101 mundus
2945 1049 3035 1100 est
3065 1045 3126 1098 in
3158 1046 3241 1099 eis
3274 1060 3307 1098 a
3339 1044 3555 1114 quibus
3587 1041 3725 1097 talia
3756 1057 3881 1096 sce-

2172 1136 2291 1192 lera
2336 1136 2678 1206 puniuntur,
2713 1138 2768 1189 et
2812 1134 3068 1188 mundus
3098 1137 3188 1188 est
3217 1132 3275 1185 in
3308 1131 3391 1187 eis
3422 1149 3456 1186 a
3495 1131 3710 1201 quibus
3742 1130 3884 1185 talia

2171 1225 2386 1281 scelera
2414 1224 2751 1296 diliguntur.
2778 1222 3030 1277 Mundus
3062 1221 3257 1293 itaque
3290 1220 3385 1275 ille
3406 1220 3503 1289 qui
3534 1218 3884 1289 intelligitur

2173 1315 2230 1370 in
2264 1314 2435 1370 malis
2464 1320 2639 1385 atque
2684 1312 2903 1383 impiis,
2936 1315 2993 1368 et
3022 1312 3144 1366 odit
3175 1310 3328 1382 quod
3373 1325 3541 1365 suum
3577 1313 3683 1374 est,
3715 1326 3786 1364 ex
3815 1325 3885 1363 ea

2176 1410 2334 1475 parte
2372 1404 2676 1459 hominum
2710 1419 2825 1474 qua
2856 1401 3149 1457 sceleratis
3183 1404 3381 1467 nocet;
3416 1404 3473 1455 et
3504 1397 3696 1469 diligit
3725 1398 3884 1468 quod

2174 1512 2343 1550 suum
2386 1503 2493 1560 est,
2526 1510 2595 1548 ex
2645 1510 2712 1548 ea
2763 1497 2924 1563 parte
2976 1492 3277 1546 hominum
3322 1506 3438 1561 qua
3488 1488 3708 1544 eisdem
3742 1489 3887 1558 ipsis

2176 1584 2584 1641 consceleratis
2608 1584 2775 1639 favet.
2801 1583 2968 1653 Ergo,
2993 1583 3114 1636 llaec
3142 1581 3327 1636 omnia
3355 1582 3565 1650 faciunt
3589 1578 3735 1634 vobis
3758 1592 3884 1649 pro-

2172 1683 2293 1746 pter
2334 1689 2531 1729 nomen
2579 1689 2783 1739 mcum,
2816 1672 2902 1727 vel
2948 1672 3028 1726 ita
3067 1670 3289 1725 dictum
3319 1680 3404 1724 est
3463 1672 3698 1739 prepter
3727 1667 3884 1738 quod

2176 1780 2278 1819 vos
2310 1763 2614 1835 patimini;
2650 1762 2737 1817 vel
2791 1762 2893 1828 ita,
2928 1768 3162 1831 propter
3196 1760 3349 1830 quod
3380 1762 3437 1813 et
3468 1758 3580 1829 ipsi
3615 1757 3838 1811 iaciunt
3871 1772 3885 1811 :

2177 1854 2315 1923 quia
2344 1857 2399 1908 et
2432 1852 2536 1907 hoc
2566 1853 2625 1907 in
2660 1851 2820 1907 vobis
2854 1852 2995 1905 dum
3040 1852 3484 1919 persequuntur,
3519 1847 3788 1902 oderunt.
3824 1845 3892 1899 Et

2176 1944 2402 2000 addidit
2431 1959 2443 1999 :
2479 1943 2618 2010 Quia
2646 1943 2902 1997 nesciunt
2929 1955 3053 1993 eum
3084 1937 3181 2010 qui
3208 1936 3363 1993 misit
3393 1952 3497 1992 me.
3530 1935 3647 1991 Hoc
3677 1950 3894 1990 secun-

2176 2032 2313 2087 dum
2335 2046 2463 2087 eam
2494 2031 2799 2087 scientiam
2832 2029 3049 2085 dictum
3082 2026 3523 2099 intelligendum
3547 2032 3648 2095 est,
3677 2025 3750 2081 de
3771 2042 3895 2096 qua

2177 2127 2234 2177 et
2263 2122 2401 2178 alibi
2450 2121 2733 2190 scriptum
2779 2124 2887 2185 est,
2919 2120 3070 2174 Scire
3106 2124 3293 2173 autem
3326 2124 3396 2184 te,
3429 2132 3613 2172 sensus
3641 2123 3717 2171 est
3748 2130 3895 2170 con—

2174 2217 2480 2268 summotus
2501 2212 2647 2282 (Sap.
2674 2226 2747 2275 Vi,
2776 2210 2881 2279 t6).
2908 2209 3026 2264 Hae
3048 2208 3259 2279 quippe
3291 2206 3532 2263 scientia
3564 2206 3659 2276 qui
3691 2207 3897 2259 sciunt

2175 2302 2398 2358 Patrem
2430 2319 2463 2356 a
2494 2317 2609 2374 quo
2641 2300 2858 2354 missus
2888 2302 2974 2354 est
2999 2298 3289 2365 Christus,
3323 2294 3478 2351 nullo
3532 2295 3705 2349 modo
3756 2310 3888 2365 per-

2175 2395 2501 2463 sequuntur
2550 2406 2648 2447 eos
2696 2405 2844 2460 quos
2892 2386 3114 2458 colligit
3160 2386 3457 2453 Christus;
3510 2385 3649 2455 quia
3677 2388 3734 2440 et
3776 2383 3893 2454 ipsi

2173 2497 2307 2539 cum
2339 2482 2419 2537 eis
2449 2480 2802 2552 colliguntur
2837 2496 2870 2533 a
2899 2478 3155 2534 Christo.

2632 2604 3066 2662 TRACTATUS
3117 2601 3426 2660 LXXXIX.

2172 2721 2244 2777 De
2272 2736 2331 2777 eo
2360 2718 2498 2793 quod
2541 2716 2678 2773 dicit
2729 2716 3015 2785 Dominus,
3045 2716 3101 2771 Si
3146 2731 3259 2771 non
3290 2714 3606 2778 venissem,
3643 2717 3697 2768 et
3724 2710 3901 2767 locu-

2242 2814 2339 2865 tus
2381 2809 2464 2864 eis
2511 2808 2790 2876 fuissem;
2840 2821 3011 2878 usque
3040 2805 3110 2860 ad
3140 2805 3217 2871 id,
3248 2804 3354 2867 Qui
3389 2818 3479 2859 me
3512 2803 3661 2870 odit,
3692 2807 3749 2858 et
3782 2801 3903 2857 Pa-

2246 2905 2397 2956 trem
2430 2914 2622 2955 meum
2657 2896 2797 2953 odit.
2833 2897 2962 2967 Cap.
2995 2912 3088 2960 xv,
3124 2895 3211 2963 ii”.
3247 2894 3337 2959 2‘3,
3369 2893 3462 2947 23.

2250 3028 2299 3081 1.
2331 3023 2607 3097 Superius
2641 3023 2865 3077 dixerat
2916 3021 3197 3076 Dominus
3228 3018 3302 3074 ad
3333 3017 3659 3088 discipulos
3706 3034 3851 3074 suos
3885 3035 3898 3074 :

2178 3117 2236 3172 Si
2266 3134 2351 3173 me
2379 3118 2645 3187 persecuti
2675 3119 2820 3181 sunt,
2855 3119 2906 3167 et
2936 3126 3027 3168 vos
3056 3117 3481 3181 persequentur;
3511 3111 3560 3163 si
3586 3124 3902 3165 sermonem

2178 3223 2359 3262 meum
2376 3210 2749 3267 servaverunt,
2765 3208 2819 3257 et
2838 3208 3081 3256 vestrum
3110 3203 3407 3255 servabunt
3425 3216 3441 3252 :
3455 3198 3547 3254 sed
3567 3197 3681 3253 haec
3706 3201 3901 3253 omnia

2177 3300 2379 3370 facient
2408 3294 2555 3351 vobis
2586 3301 2808 3364 propter
2834 3308 3035 3347 nomen
3082 3307 3287 3355 meum,
3318 3292 3449 3361 quia
3490 3291 3742 3344 nesciunt
3772 3306 3903 3344 eum

2182 3389 2277 3459 qui
2304 3388 2455 3441 misit
2483 3400 2589 3440 me.
2624 3384 2701 3439 De
2732 3383 2946 3453 quibus
2979 3387 3173 3437 autem
3206 3381 3315 3437 hoc
3346 3379 3555 3435 dixerit
3584 3381 3631 3434 si
3666 3395 3901 3450 quara-

2182 3494 2333 3545 mus,
2385 3476 2713 3531 invenimus
2759 3490 2893 3529 eum
2944 3473 3014 3527 ad
3066 3473 3187 3527 haec
3234 3473 3407 3527 verba
3455 3470 3685 3526 venisse
3724 3472 3796 3525 ab
3831 3487 3899 3526 eo

2182 3568 2332 3639 quod
2366 3569 2609 3631 dixerat,
2640 3566 2704 3620 Si
2732 3564 2966 3618 mundus
2998 3579 3085 3618 vos
3116 3562 3250 3629 odit,
3278 3564 3468 3617 scitote
3486 3565 3613 3632 quia
3635 3578 3721 3615 me
3739 3563 3898 3632 prio-

2183 3674 2297 3713 rem
2316 3660 2466 3712 vobis
2487 3656 2609 3711 odio
2642 3655 2878 3709 habuit:
2903 3668 3057 3709 nunc
3087 3668 3217 3709 vero
3248 3651 3403 3722 quod
3434 3651 3680 3716 addidit,
3702 3652 3899 3707 Sinon

2186 3749 2469 3813 venissem,
2491 3754 2541 3801 et
2566 3747 2775 3800 locutus
2796 3746 2874 3799 eis
2902 3746 3154 3812 fuissem,
3176 3748 3457 3813 peccatum
3480 3757 3590 3796 non
3606 3740 3896 3808 haberent,

2183 3840 2413 3895 Judaaos
2448 3837 2703 3893 ostendit
2729 3833 3079 3904 expressius.
3115 3832 3194 3887 De
3226 3832 3317 3886 his
3348 3847 3485 3902 ergo
3514 3835 3570 3885 et
3601 3830 3699 3885 illa
3728 3831 3896 3886 dice-

2185 3931 2316 3995 bat;
2370 3942 2507 3982 nam
2540 3926 2647 3980 hoc
2696 3924 2911 3979 indicat
2940 3923 3247 3977 verborum
3280 3921 3408 3992 ipsa
3466 3921 3775 3975 contextio.
3815 3922 3899 3976 [)e

2186 4018 2278 4072 his
2310 4017 2465 4072 enim
2496 4015 2655 4080 dicit,
2676 4016 2872 4069 Sinon
2905 4014 3189 4077 venissem,
3212 4014 3261 4065 et
3292 4010 3503 4065 locutus
3532 4012 3615 4065 eis
3643 4013 3895 4079 fuissem,

2187 4110 2464 4179 peccatum
2494 4120 2601 4159 non
2633 4104 2919 4169 haberent,
2953 4103 3023 4155 de
3054 4100 3263 4170 quibus
3294 4099 3540 4167 dicebat,
3574 4100 3631 4153 Si
3661 4116 3744 4155 me
3777 4117 3901 4171 per-

2187 4196 2357 4252 secuti
2376 4204 2520 4260 sunt,
2541 4200 2591 4249 et
2613 4210 2701 4249 vos
2729 4199 3157 4265 persequentur;
3177 4191 3230 4245 si
3251 4204 3549 4245 sermonem
3570 4205 3757 4243 meum
3778 4207 3901 4244 scr-

2187 4292 2474 4355 vaverunt,
2500 4292 2552 4340 et
2581 4290 2819 4339 vestrum
2848 4282 3179 4337 servabunt:
3200 4279 3291 4334 sed
3320 4280 3439 4335 hac
3468 4281 3656 4335 omnia
3683 4282 3899 4349 facient

2188 4376 2336 4432 vobis
2366 4382 2590 4446 propter
2615 4389 2808 4429 nomen
2832 4387 3032 4439 meum,
3056 4372 3185 4443 quia
3206 4370 3455 4425 nesciunt
3472 4385 3595 4424 eum
3617 4371 3720 4440 qui
3738 4372 3899 4426 misit

2188 4482 2311 4522 me:
2335 4466 2427 4521 his
2448 4466 2603 4519 enim
2628 4462 2817 4518 verbis
2840 4465 2897 4516 et
2914 4460 3029 4515 ista
3049 4459 3373 4530 subjungil,
3395 4458 3583 4514 Sinon
3604 4462 3897 4524 venissem,

2187 4563 2241 4611 et
2270 4557 2485 4611 locutus
2515 4555 2591 4609 eis
2618 4553 2869 4624 fuissem,
2902 4557 3183 4622 peccatum
3221 4566 3330 4603 non
3382 4548 3669 4605 haberent.
3704 4549 3897 4605 Judaei

2186 4661 2323 4716 ergo
2357 4642 2643 4715 persecuti
2665 4646 2805 4697 sunt
2826 4640 3142 4703 Christum,
3166 4639 3319 4708 quod
3344 4638 3784 4694 evidentissima
3808 4642 3899 4695 in-

2187 4735 2340 4790 dicat
2383 4731 2794 4803 Evangelium;
2826 4728 3041 4784 Judaais
3084 4728 3312 4785 locutus
3342 4733 3431 4783 est
3460 4728 3745 4797 Christus,
3779 4746 3897 4786 non

2186 4824 2315 4880 aliis
2365 4822 2637 4895 gentibus
2671 4836 2684 4874 :
2716 4820 2777 4874 in
2807 4820 2892 4874 eis
2921 4834 3057 4889 ergo
3087 4816 3271 4873 voluit
3299 4816 3543 4886 intelligi
3579 4820 3893 4886 mundum,

2186 4914 2285 4985 qui
2308 4913 2431 4969 odit
2453 4912 2746 4968 Christum
2769 4912 2823 4964 et
2845 4906 3165 4978 discipulos
3195 4907 3351 4975 ejus:
3375 4906 3491 4961 imo
3517 4922 3646 4962 vero
3680 4924 3797 4964 non
3832 4912 3893 4965 in

2184 5004 2267 5059 eis
2290 5002 2453 5067 solis,
2476 5003 2576 5057 sed
2610 5000 2715 5055 hos
2746 5013 2979 5069 quoque
3006 4996 3075 5051 ad
3108 4996 3371 5051 eumdem
3401 4996 3685 5052 mundum
3720 5000 3896 5068 perti-

2184 5109 2321 5149 nere
2371 5090 2730 5147 monstravit.
2764 5088 2910 5153 Quid
2942 5090 3032 5141 est
3066 5101 3223 5158 ergo,
3256 5085 3316 5139 Si
3363 5102 3475 5141 non
3524 5089 3808 5153 venissem,
3842 5094 3894 5144 et

2183 5184 2398 5240 locutus
2426 5180 2505 5237 eis
2533 5182 2785 5249 fuissem,
2813 5187 3092 5248 peccatum
3123 5190 3234 5231 non
3262 5174 3566 5231 haberent?
3590 5176 3890 5249 Numquid

2182 5274 2306 5329 sine
2356 5274 2588 5343 peccato
2617 5271 2784 5324 erant
2811 5266 3012 5333 Iudaei,
3046 5269 3354 5335 antequam
3390 5264 3654 5320 Christus
3686 5268 3756 5321 ad
3791 5283 3891 5323 eos

2182 5367 2241 5421 in
2273 5379 2445 5420 carne
2473 5358 2768 5417 venisset?
2799 5356 2939 5423 Quis
2977 5355 3083 5412 hoc
3114 5355 3197 5411 vel
3229 5355 3609 5412 stultissimus
3639 5356 3892 5413 dixerit?

2183 5455 2293 5511 Sed
2328 5467 2604 5525 magnum
2637 5448 2925 5521 quoddam
2968 5450 3290 5518 peccatum,
3326 5462 3441 5501 non
3474 5461 3647 5502 omne
3680 5463 3889 5517 pecea-

2182 5548 2331 5612 tum,
2356 5541 2519 5614 quasi
2545 5539 2653 5595 sub
2673 5534 2926 5609 generali
2960 5534 3194 5591 nomine
3217 5537 3341 5593 vult
3365 5538 3633 5611 intelligi.
3660 5546 3776 5597 Hoc
3796 5546 3890 5597 est

2179 5634 2337 5693 enim
2378 5635 2677 5706 peccatum
2719 5644 2833 5700 quo
2872 5627 3142 5707 tenentur
3188 5632 3395 5687 cuncta
3431 5635 3686 5702 peccata,
3730 5634 3885 5704 quod
