4148 6190
308 282 467 343 1857

307 414 718 485 unusquisque
743 413 787 466 si
816 430 928 468 non
956 411 1181 479 habeat,
1201 412 1571 469 dimittuntur
1591 415 1641 470 ei
1665 418 1871 470 cuncta
1895 429 2019 485 pec-

306 512 434 559 cata
471 522 484 557 :
522 505 629 558 hoc
661 508 749 558 est
780 508 993 570 autem,
1029 502 1167 574 quia
1209 519 1323 559 non
1355 503 1724 559 crediderunt
1764 504 1823 558 in
1856 503 2018 559 Chri-

306 604 488 663 stum,
524 592 627 665 qui
673 599 975 665 prOpterea
1004 594 1163 648 venit
1195 597 1256 648 ut
1287 595 1555 649 credatur
1606 596 1663 649 in
1714 610 1868 650 eum.
1904 594 2019 651 Hoc

306 689 639 758 peccatum,
674 684 722 739 si
759 700 871 738 non
902 683 1177 748 venisset,
1215 699 1327 738 non
1363 684 1558 753 utique
1590 684 1886 739 haberent.
1912 685 2017 739 Ad-

306 781 521 833 ventus
569 774 785 846 quippe
827 775 955 843 ejus
1005 777 1289 845 quantum
1322 774 1690 829 credentibus
1721 773 2019 842 salutaris,

308 871 545 923 tantum
596 881 711 920 non
746 863 1117 919 credentibus
1167 862 1477 919 exitiabilis
1509 863 1696 919 factus
1721 867 1809 919 est
1841 881 1855 919 :
1890 869 2020 919 tan-

310 974 487 1030 quam
524 959 580 1011 et
609 955 730 1027 ipse
757 958 931 1027 caput
954 959 1009 1009 et
1027 954 1296 1025 princeps
1320 953 1749 1029 Apostolorum,
1775 955 1927 1025 quod
1952 955 2023 1010 de

311 1065 372 1103 se
422 1046 537 1118 ipsi
587 1046 882 1113 dixerunt,
932 1043 1216 1100 exstiterit
1264 1044 1581 1115 quibusdam
1629 1043 1845 1116 quidem
1894 1044 2023 1099 odor

309 1140 446 1195 vitae
477 1138 534 1191 in
566 1136 763 1203 vitam,
798 1133 1125 1208 quibusdam
1154 1148 1280 1189 vero
1310 1133 1441 1190 odor
1479 1135 1673 1191 mortis
1704 1135 1764 1190 in
1797 1141 2023 1190 mortem

310 1228 383 1300 (ΙΙ
420 1226 543 1283 Cor.
577 1243 639 1293 ιι,
674 1225 779 1291 16).

382 1319 438 1373 2.
465 1317 575 1372 Sed
600 1315 752 1388 quod
779 1314 1067 1385 adjunxit,
1092 1320 1260 1385 atque
1289 1314 1388 1385 ait,
1423 1316 1578 1371 Nunc
1617 1320 1806 1371 autem
1850 1330 2025 1371 excu-

309 1408 585 1462 sationem
630 1419 740 1459 non
790 1402 988 1458 habent
1034 1404 1098 1459 de
1143 1412 1357 1474 peccato
1400 1419 1516 1472 suo,
1550 1408 1742 1476 potest
1784 1406 2025 1459 'movere

313 1500 666 1566 querentes,
692 1496 885 1546 utrum
915 1490 968 1545 hi
1000 1490 1075 1546 ad
1106 1508 1253 1562 quos
1286 1508 1401 1546 non
1431 1492 1589 1547 venit
1618 1491 1898 1559 Christus,
1920 1506 2024 1546 nec

310 1584 545 1641 locutus
595 1585 684 1638 est
733 1580 837 1648 eis,
887 1579 1141 1636 habeant
1186 1582 1651 1637 exscusationem
1686 1582 1756 1637 de
1790 1583 2023 1652 peccato

312 1692 439 1731 suo.
471 1675 531 1729 Si
562 1672 717 1729 enim
753 1688 866 1728 non
902 1670 1141 1740 habent,
1164 1687 1266 1727 cur
1295 1671 1390 1727 hic
1422 1672 1637 1727 dictum
1660 1675 1749 1727 est
1770 1676 2027 1743 propter-

314 1783 380 1820 ea
414 1767 558 1820 istos
590 1778 706 1818 non
740 1761 969 1828 habere,
1006 1760 1144 1833 quia
1174 1760 1329 1817 venit
1354 1766 1411 1817 et
1441 1760 1671 1817 locutus
1702 1766 1790 1817 est
1820 1761 1934 1817 eis?
1964 1761 2024 1816 Si

310 1859 509 1909 autem
542 1853 780 1918 habent,
814 1854 1007 1905 utrum
1034 1851 1101 1906 ad
1125 1849 1234 1907 hoc
1256 1850 1503 1905 habeant
1528 1856 1643 1906 uta
1666 1851 1853 1923 poenis
1884 1850 2028 1907 alie-

314 1948 554 2009 nentur,
578 1959 649 1997 an
674 1949 729 1995 ul
758 1941 962 1996 mitius
984 1940 1341 2012 puniantur?
1359 1941 1443 1995 Ad
1467 1939 1586 1995 haec
1620 1941 1901 2012 inquisita
1922 1958 2025 2013 pro

314 2049 443 2089 meo
493 2034 688 2102 captu,
722 2029 968 2085 Domino
1018 2029 1289 2099 donante,
1335 2029 1677 2100 respondeo,
1714 2031 1923 2086 habere
1952 2030 2027 2085 il-

317 2124 404 2178 los
436 2118 897 2187 excusationem,
933 2134 1046 2174 non
1078 2118 1148 2173 de
1179 2117 1337 2172 omni
1385 2121 1617 2187 peccato
1662 2134 1791 2186 suo,
1823 2119 1924 2174 sed
1957 2119 2027 2173 de

315 2211 427 2266 hoc
476 2212 713 2282 peccato
765 2223 874 2280 quo
924 2208 980 2262 in
1030 2207 1320 2264 Christum
1369 2223 1487 2263 non
1535 2207 1923 2277 crediderunt,
1954 2208 2024 2263 ad

318 2317 467 2373 quos
503 2316 616 2356 non
648 2299 824 2365 venit,
857 2301 913 2353 et
942 2298 1153 2368 quibus
1186 2314 1300 2353 non
1332 2302 1421 2353 est
1451 2297 1705 2353 locutus.
1751 2297 1859 2353 Sed
1910 2313 2025 2354 non

319 2391 377 2446 in
423 2406 489 2446 eo
531 2392 670 2444 sunt
706 2403 950 2444 numero
980 2386 1039 2442 hi
1071 2387 1140 2443 ad
1172 2402 1318 2458 quos
1347 2388 1405 2442 in
1436 2385 1741 2459 discipulis
1762 2387 1940 2457 venit,
1972 2391 2029 2443 et

317 2479 530 2550 quibus
557 2494 658 2549 per
682 2476 1001 2549 discipulos
1022 2482 1110 2532 est
1130 2476 1379 2542 locutus,
1402 2478 1551 2548 quod
1577 2481 1633 2531 et
1655 2493 1808 2532 nunc
1840 2476 1978 2531 facit
2010 2493 2024 2535 :

319 2585 451 2625 nam
479 2584 582 2641 per
600 2567 917 2623 Ecclesium
955 2582 1121 2623 suam
1148 2567 1303 2621 venit
1333 2567 1403 2623 ad
1425 2570 1660 2636 Gentes,
1694 2570 1751 2622 et
1783 2582 1885 2638 per
1913 2570 2025 2622 Ec-

321 2658 557 2715 clesiam
580 2656 841 2729 loquitur
858 2657 1161 2714 Gentibus.
1179 2656 1265 2713 Ad
1289 2656 1396 2714 hoc
1428 2658 1583 2713 enim
1607 2644 1850 2727 pertinet
1876 2656 2027 2727 quod

319 2749 418 2817 ait,
454 2747 561 2817 Qui
594 2763 682 2803 vos
714 2749 926 2819 recipit,
958 2763 1045 2803 me
1088 2749 1281 2819 recipit
1313 2748 1517 2817 (Matth.
1552 2765 1607 2815 x,
1641 2748 1730 2817 40)
1764 2765 1779 2803 :
1811 2752 1890 2816 et,
1923 2746 2030 2815 Qui

319 2855 408 2895 vos
454 2837 693 2910 spernit,
726 2853 813 2892 me
856 2838 1065 2908 spernit
1094 2837 1248 2909 (Luc.
1281 2855 1337 2905 x,
1368 2838 1475 2906 16).
1513 2840 1588 2891 An
1620 2836 1810 2905 vultis,
1842 2834 2032 2907 inquit

323 2926 621 2999 apostolus
674 2925 903 2996 Paulus,
934 2927 1374 2998 experimentum
1423 2928 1671 2997 accipere
1700 2928 1815 2993 eius
1844 2927 1941 2996 qui
1970 2923 2031 2980 in

321 3034 405 3074 me
429 3018 679 3088 loquitur
711 3016 954 3071 Christus
982 3016 1055 3086 (ΙΙ
1087 3016 1207 3070 Cor.
1239 3032 1359 3083 xm,
1392 3016 1445 3086 3)
1465 3014 1492 3069 ‘t

389 3108 445 3161 3.
494 3106 695 3161 Restat
726 3104 1020 3176 inquirere
1054 3110 1254 3160 utrum
1288 3104 1343 3159 hi
1377 3105 1471 3175 qui
1506 3104 1847 3175 priusquam
1879 3103 2036 3159 Chri-

322 3202 446 3253 stus
499 3197 561 3253 in
615 3196 872 3253 Ecclesia
919 3196 1139 3250 veniret
1187 3195 1257 3250 ad
1314 3195 1545 3262 Gentes,
1579 3201 1633 3248 et
1691 3193 2035 3265 priusquam

324 3284 713 3357 Evangelium
748 3284 871 3353 ejus
902 3284 1187 3347 audirent,
1228 3281 1360 3338 vita:
1400 3283 1578 3353 hujus
1608 3281 1723 3337 fine
1763 3281 2037 3353 praeventi

324 3383 482 3447 sunt,
518 3393 623 3433 seu
656 3375 1107 3448 praeveniuntur,
1138 3375 1365 3446 possint
1389 3374 1600 3430 habere
1622 3374 1769 3430 hanc
1800 3389 2037 3430 excusa-

327 3470 544 3524 tionem
570 3467 599 3522 ?
651 3466 900 3523 Possunt
929 3466 1121 3536 plane,
1151 3465 1250 3521 sed
1302 3480 1417 3521 non
1447 3464 1576 3521 ideo
1621 3471 1865 3537 possunt
1895 3464 2039 3521 etfu-

325 3575 457 3632 gere
482 3558 942 3614 damnationem.
971 3558 1305 3629 Quicumque
1323 3555 1476 3611 enim
1504 3557 1624 3611 sine
1646 3557 1780 3627 Lege
1797 3569 2041 3627 peccave-

326 3654 476 3716 runt,
506 3651 632 3704 sine
662 3649 798 3718 Lege
827 3655 877 3703 et
902 3647 1161 3719 peribunt
1182 3662 1202 3702 .'
1221 3652 1275 3703 et
1303 3648 1633 3719 quicumque
1663 3646 1724 3701 in
1759 3647 1896 3714 Lege
1923 3659 2040 3717 pec-

326 3747 617 3807 caverunt,
648 3755 747 3810 per
783 3742 980 3808 Legem
1022 3737 1416 3808 iudicabuntur
1444 3738 1627 3810 (Rom.
1661 3752 1725 3805 ιι,
1760 3737 1869 3809 t2).
1904 3738 2037 3803 Quae

328 3833 571 3904 quidem
603 3828 864 3903 Apostoli
912 3831 1104 3896 verba,
1138 3828 1417 3899 quoniam
1449 3828 1506 3882 id
1557 3828 1709 3899 quod
1748 3828 1849 3893 ait,
1879 3828 2039 3898 peri-

328 3923 486 3986 bunt,
518 3919 835 3976 terribilius
868 3927 1034 3975 sonat
1081 3934 1254 3989 quam
1287 3918 1442 3989 quod
1476 3917 1574 3985 ait,
1598 3917 2040 3989 judicabuntur:

330 4029 441 4067 non
474 4010 669 4067 solum
698 4008 847 4065 nihil
878 4010 1150 4079 adjuvare
1182 4008 1332 4063 hanc
1369 4008 1800 4064 excusationem
1832 4007 2041 4063 viden-

331 4108 425 4157 tur
455 4102 784 4169 ostendere,
830 4116 1024 4157 verum
1064 4098 1230 4155 etiam
1270 4098 1403 4170 plus
1444 4114 1702 4171 gravare.
1735 4098 1842 4163 Qui
1886 4096 2042 4155 enim

328 4209 386 4248 se
410 4193 554 4264 quia
577 4208 691 4247 non
724 4191 1056 4260 audierunt,
1077 4189 1453 4257 excusabunt,
1469 4191 1589 4245 sine
1617 4192 1751 4262 Lege
1768 4189 2043 4261 peribunt.

404 4285 458 4337 4.
492 4282 606 4337 Sed
640 4285 828 4337 utrum
863 4281 920 4336 hi
954 4280 1049 4353 qui
1080 4296 1213 4336 cum
1242 4281 1532 4347 audirent,
1555 4285 2047 4351 contempserunt,

330 4372 420 4428 vel
482 4371 660 4429 etiam
718 4371 1079 4437 restiterunt,
1126 4385 1232 4426 nec
1291 4374 1519 4425 tantum
1580 4369 2047 4449 contradicendo,

331 4464 433 4519 sed
471 4466 528 4518 et
559 4478 659 4518 eos
690 4480 720 4516 a
769 4462 984 4533 quibus
1015 4461 1325 4517 audierunt
1354 4460 1505 4516 odiis
1541 4460 1958 4531 persequendo,
1991 4460 2049 4514 in

332 4554 415 4608 eis
445 4551 771 4623 deputandi
805 4556 941 4606 sunt
978 4550 1049 4606 de
1080 4549 1295 4621 quibus
1327 4548 1541 4619 aliquid
1592 4549 1775 4605 levius
1823 4549 2053 4605 videtur

332 4642 605 4697 sonuisse
652 4641 804 4710 quod
858 4640 1076 4695 dictum
1110 4644 1215 4707 est,
1248 4654 1345 4709 per
1389 4641 1579 4709 Legem
1618 4639 2049 4709 judicabantur,

334 4733 545 4788 merito
578 4730 874 4802 quaeritur.
911 4730 1021 4787 Sed
1073 4729 1121 4785 si
1155 4729 1311 4785 aliud
1360 4734 1448 4784 est
1480 4729 1666 4800 perire
1714 4730 1841 4785 sine
1884 4730 2051 4801 Lege,

335 4820 767 4890 aliudjudicari
800 4836 900 4891 per
926 4821 1155 4891 Legem,
1184 4824 1238 4875 et
1261 4818 1401 4874 illud
1425 4823 1513 4874 est
1541 4819 1793 4893 gravius,
1816 4820 1924 4877 hoc
1956 4836 2053 4876 au-

334 4918 457 4969 tem
492 4911 676 4966 levius
704 4928 717 4980 ;
742 4910 941 4982 procul
964 4911 1140 4967 dubio
1171 4925 1285 4966 non
1320 4914 1455 4965 sunt
1504 4909 1597 4964 isti
1646 4909 1703 4964 in
1748 4910 1855 4967 hac
1885 4926 2056 4982 pmna

336 5002 553 5057 leviore
600 4999 875 5071 ponendi,
928 4999 1062 5070 quia
1112 5015 1301 5072 neque
1352 4999 1408 5053 in
1452 5002 1599 5070 Lege
1652 5002 2054 5071 peccaverunt,

334 5092 442 5150 sed
492 5091 734 5148 omnino
784 5091 989 5163 Legem
1047 5090 1258 5146 Christi
1309 5091 1568 5161 accipere
1627 5091 1955 5159 noluerunt,
2002 5094 2058 5147 et

339 5200 469 5241 eam
504 5186 800 5255 quantum
832 5184 903 5239 ad
953 5182 1112 5254 ipsos
1141 5181 1370 5249 attinet,
1403 5180 1641 5237 omnino
1671 5182 1894 5237 nullam
1928 5196 2057 5238 esse

341 5274 676 5330 voluerunt.
712 5271 797 5328 Illi
838 5276 1033 5328 autem
1080 5275 1322 5344 peccant
1371 5271 1431 5328 in
1480 5272 1777 5343 Lege,'qui
1827 5275 1966 5328 sunt
1996 5272 2059 5329 in

346 5364 513 5434 Lege,
550 5362 611 5417 id
654 5366 763 5430 est,
788 5362 885 5433 qui
928 5378 1056 5418 eam
1090 5361 1440 5432 suscipiunt,
1478 5376 1723 5433 eamque
1773 5365 2057 5428 sanctam,

348 5460 403 5511 et
435 5454 775 5510 mandatum
806 5461 1069 5509 sanctum
1102 5460 1154 5509 et
1178 5453 1407 5523 justum
1451 5456 1508 5507 et
1555 5452 1772 5508 bonum
1807 5454 2062 5509 fatentur

351 5544 457 5613 (td.
490 5559 590 5613 vn,
632 5544 716 5613 t2)
742 5560 756 5608 ;
779 5541 1243 5599 sedinﬂrmitate
1273 5558 1389 5599 non
1422 5541 1661 5613 implent
1700 5543 1854 5613 quod
1890 5542 1963 5599 ab
1981 5543 2061 5616 {ea

350 5635 680 5693 rectissime
702 5632 936 5707 principi
966 5633 1233 5694 dubitare
1251 5648 1367 5693 non
1394 5637 1663 5706 possunt.
1697 5632 1767 5693 Hi
1798 5637 1939 5693 sunt
1959 5635 2063 5706 qui

1534 278 1999 343 TRAC'I‘ATUS
2043 276 2163 338 XC.
2212 277 2471 341 CAPUT
2517 281 2644 347 XV.

3675 296 3830 357 1858

2128 412 2324 483 aliquo
2370 415 2542 470 modo
2590 415 2833 473 forsitan
2866 424 3114 490 possunt
3161 421 3232 477 ab
3274 438 3496 496 eorum,
3556 433 3655 499 qui
3705 433 3830 489 sine

2132 500 2276 571 Lege
2308 507 2459 571 sunt,
2490 504 2811 575 perditione
2858 508 3107 565 discerni
3141 527 3154 565 :
3198 512 3248 567 si
3277 516 3470 572 tamen
3506 521 3655 588 quod
3678 524 3827 591 Apo-

2131 591 2317 646 stolus
2347 592 2448 659 ait,
2479 610 2580 664 per
2625 596 3253 668 Legemjudtcabunlur,
3298 602 3381 658 sic
3430 606 3832 677 accipiendum

2131 687 2216 735 est
2248 685 2524 753 tanquam
2557 684 2784 756 dixerit,
2822 704 2933 743 non
2989 690 3261 761 peribunt
3291 717 3303 761 ;
3337 696 3487 765 quod
3541 696 3753 751 mirum
3782 698 3833 753 si

2129 770 2211 826 ita
2240 779 2345 826 est.
2379 771 2573 843 Neque
2605 775 2757 829 enim
2808 776 2878 831 de
2921 778 3256 836 inﬁdelibus
3303 790 3355 838 et
3403 784 3672 841 ﬁdelibus
3712 791 3837 843 erat

2130 876 2320 916 sermo
2350 866 2411 917 ut
2455 862 2562 918 hoc
2606 863 2838 935 diceret,
2874 868 2975 922 sed
3020 869 3090 924 de
3141 869 3425 929 Gentibus
3464 878 3521 930 et
3566 876 3831 934 Judaeis:

2131 949 2229 1018 qui
2263 955 2416 1006 certe
2449 953 2674 1024 utrique
2706 955 2819 1010 nisi
2851 956 2909 1011 in
2956 973 3020 1013 eo
3068 959 3353 1017 Salvatore
3384 962 3699 1034 salventur,
3734 966 3834 1036 qui

2130 1040 2283 1095 venit
2325 1059 2577 1113 quaerere
2622 1048 2771 1116 quod
2826 1048 3071 1118 perierat
3115 1052 3267 1121 (Luc.
3300 1070 3416 1122 χιχ,
3450 1056 3557 1125 10),
3591 1056 3660 1110 ad
3695 1072 3833 1127 per-

2132 1128 2411 1187 ditionem
2444 1133 2569 1189 sine
2600 1135 2775 1191 dubio
2808 1138 3199 1207 pertinebunt.
3233 1144 3506 1209 Quamvis
3536 1145 3649 1200 dici
3699 1163 3835 1217 pos-

2133 1220 2230 1289 sit,
2261 1221 2405 1277 alios
2436 1223 2694 1293 gravius,
2728 1226 2871 1283 alios
2903 1228 3086 1285 levius
3120 1232 3426 1303 perituros,
3459 1236 3519 1292 id
3550 1241 3655 1304 est,
3690 1238 3835 1293 alios

2132 1311 2447 1383 graviores,
2474 1312 2621 1370 alios
2643 1315 2886 1373 leviores
2912 1335 3110 1389 poenas
3142 1322 3199 1377 in
3233 1340 3339 1380 sua
3362 1326 3685 1395 perditione
3709 1345 3836 1398 pas-

2133 1415 2323 1456 suros.
2358 1400 2458 1457 Ille
2491 1402 2639 1457 enim
2670 1404 2857 1474 perire
2908 1407 3018 1462 Deo
3068 1408 3298 1478 dicitur,
3324 1414 3590 1483 quisquis
3632 1415 3703 1469 ab
3735 1415 3837 1471 illa

2134 1490 2495 1547 beatitudine
2516 1509 2694 1564 quam
2717 1494 2816 1549 dat
2841 1497 3055 1552 sanctis
3082 1498 3224 1566 suis,
3250 1515 3349 1569 per
3369 1502 3718 1572 supplicium
3751 1520 3838 1560 se-

2134 1583 2409 1650 paratur:
2436 1584 2598 1637 tanta
2616 1591 2699 1638 est
2723 1591 2916 1639 autem
2940 1586 3609 1659 suppliciorum,quanta
3630 1597 3717 1647 est
3749 1593 3838 1647 di-

2132 1671 2372 1727 versitas
2403 1676 2801 1743 peccatorum;
2826 1692 2954 1746 qua:
2995 1679 3283 1748 quomodo
3314 1694 3374 1735 se
3413 1680 3642 1745 habeat,
3669 1682 3840 1738 altius

2128 1761 2352 1833 judicat
2389 1762 2677 1832 sapientia
2710 1765 2925 1836 divina,
2960 1784 3136 1838 quam
3169 1771 3502 1841 conjectura
3548 1777 3841 1828 scrutatur

2134 1854 2234 1906 aut
2263 1851 2468 1907 effatur
2500 1852 2773 1909 humana.
2810 1856 2903 1911 Isti
2946 1861 3101 1913 certe
3133 1858 3200 1914 ad
3244 1876 3390 1931 quos
3421 1860 3595 1929 venit,
3628 1870 3681 1918 et
3712 1862 3839 1933 qui-

2136 1942 2243 1998 bus
2276 1942 2505 1999 locutus
2536 1950 2626 2000 est
2673 1945 2969 2018 Christus,
3005 1966 3118 2005 non
3151 1950 3367 2007 habent
3398 1953 3469 2009 de
3502 1969 3714 2025 magno
3748 1954 3841 2010 in-

2138 2031 2431 2089 fidelitatis
2481 2039 2714 2105 peccato
2762 2035 2923 2094 illam
2962 2040 3421 2109 excusationem,
3455 2058 3565 2113 qua
3612 2043 3842 2114 possint

2135 2122 2343 2187 dicere,
2377 2123 2502 2178 Non
2534 2123 2809 2195 vidimus,
2843 2143 2955 2183 non
2980 2128 3346 2188 audivimus:
3389 2131 3508 2187 sive
3530 2148 3644 2187 non
3669 2148 3841 2188 acce-

2136 2216 2402 2284 ptaretur
2457 2211 2567 2267 ista
2598 2216 2897 2272 excusatio
2945 2220 3018 2273 ab
3068 2217 3167 2273 illo
3217 2221 3387 2291 cujus
3436 2222 3842 2278 inscrutabilia

2136 2305 2273 2356 sunt
2297 2300 2537 2371 judicia,
2572 2303 2687 2358 sive
2717 2310 3133 2377 acceptaretur,
3169 2313 3226 2364 et
3257 2310 3305 2364 si
3338 2327 3450 2365 non
3486 2314 3549 2365 ut
3578 2311 3650 2367 ab
3681 2312 3840 2367 omni

2137 2393 2507 2449 damnatione
2530 2391 2928 2459 liberarentur,
2946 2402 3098 2456 certe
3122 2404 3185 2456 ut
3206 2401 3502 2473 aliquanto
3526 2402 3716 2459 lenius
3738 2404 3842 2458 da-

2139 2486 2499 2538 mnarentur.

2206 2572 2259 2626 5.
2311 2572 2416 2639 Qui
2442 2589 2529 2628 me
2556 2574 2689 2643 odit,
2732 2574 2941 2649 inquit,
2982 2586 3035 2635 et
3065 2580 3283 2636 Patrem
3333 2596 3513 2636 meum
3561 2582 3693 2637 odit.
3738 2580 3842 2638 Hic

2138 2660 2307 2717 nobis
2339 2662 2585 2719 fortasse
2617 2664 2844 2721 dicatur
2874 2683 2888 2722 :
2921 2669 3058 2732 Quis
3089 2674 3281 2740 potest
3310 2672 3503 2727 odisse
3534 2687 3706 2740 quem
3739 2687 3843 2727 ne-

2138 2749 2285 2806 scit?
2316 2754 2382 2806 Et
2411 2750 2609 2825 utique
2640 2760 2948 2827 antequam
2982 2758 3217 2827 diceret,
3246 2760 3310 2813 Si
3336 2776 3445 2814 non
3474 2762 3760 2828 venissem,
3792 2763 3845 2814 et

2140 2840 2349 2896 locutus
2398 2843 2475 2897 eis
2520 2844 2768 2912 fuissem,
2819 2851 3102 2917 peccatum
3148 2863 3256 2903 non
3308 2848 3591 2917 haberent,
3619 2849 3847 2903 dixerat

2142 2930 2442 2999 discipulis
2479 2932 2624 3000 suis,
2657 2935 2777 2989 Haec
2803 2938 3007 3005 [aeient
3052 2938 3220 2999 vobis.
3253 2937 3385 3009 quia
3430 2940 3686 2995 nesciunt
3724 2953 3845 2993 eum

2142 3021 2239 3091 qui
2268 3021 2417 3074 misit
2446 3035 2552 3075 me.
2586 3022 2886 3086 Quomodo
2918 3041 3048 3094 ergo
3083 3028 3350 3083 nesciunt
3379 3033 3437 3083 et
3466 3027 3759 3084 oderunt?
3788 3026 3850 3082 Si

2143 3110 2298 3166 enim
2330 3126 2444 3165 non
2478 3111 2634 3180 quod
2669 3116 2754 3166 est
2786 3114 2929 3183 ipse,
2955 3115 3053 3169 sed
3088 3117 3282 3171 nescio
3305 3117 3440 3187 quid
3475 3118 3633 3172 aliud
3658 3119 3729 3172 de
3751 3115 3849 3172 illo

2145 3200 2493 3271 opinantur;
2527 3215 2641 3256 non
2674 3200 2871 3271 utique
2900 3201 3119 3273 ipsum,
3153 3205 3253 3259 sed
3286 3205 3427 3259 illud
3475 3205 3853 3262 inveniuntur

2147 3289 2337 3348 odisse
2368 3291 2517 3362 quod
2549 3292 2800 3364 fingunt,
2829 3299 2924 3348 aut
2954 3295 3202 3349 errando
3234 3295 3423 3364 potius
3454 3297 3850 3366 suspicantur.

2148 3380 2212 3435 Et
2234 3384 2429 3436 tamen
2462 3380 2574 3436 nisi
2609 3386 2847 3452 possent
2874 3380 3135 3437 homines
3158 3383 3348 3438 odisse
3375 3384 3529 3452 quod
3562 3384 3852 3453 nesciunt,

2148 3487 2263 3528 non
2297 3472 2502 3527 veritas
2555 3482 2867 3543 utrumque
2896 3472 3157 3539 dixisset,
3187 3473 3323 3543 quia
3369 3472 3499 3542 ejus
3546 3472 3771 3527 Patrem
3801 3478 3859 3528 et

2152 3561 2421 3617 nesciunt
2464 3564 2520 3615 et
2567 3561 2832 3617 oderunt.
2875 3562 2985 3617 Sed
3036 3562 3327 3634 quomodo
3377 3559 3434 3615 id
3487 3560 3609 3616 fieri
3650 3560 3857 3631 possit,

2152 3650 2201 3707 si
2250 3651 2557 3721 adjuvante
2609 3652 2851 3708 Domino
2900 3667 3003 3723 per
3050 3668 3155 3707 nos
3203 3649 3592 3707 demonstrari
3637 3654 3854 3722 potest;

2153 3739 2424 3811 quiabaec
2438 3740 2749 3810 disputatio
2763 3740 2976 3810 estjam
2992 3739 3335 3807 claudenda,
3350 3755 3505 3795 nunc
3520 3754 3633 3795 non
3648 3743 3857 3810 potest.

2717 3829 3125 3887 TRACTATUS
3178 3829 3289 3887 XC.

2233 3923 2297 3977 In
2332 3920 2491 3990 illud,
2525 3919 2632 3989 Qui
2682 3936 2775 3976 me
2823 3921 2960 3989 odit,
2993 3924 3051 3977 et
3096 3925 3327 3977 Patrem
3378 3934 3574 3976 meum
3625 3918 3765 3977 odit.

2774 4012 2905 4083 Cap.
2937 4027 3031 4081 xv,
3062 4012 3116 4080 it.
3149 4012 3239 4065 23.

2229 4102 2277 4155 t.
2303 4102 2555 4159 Audistis
2587 4102 2899 4159 Dominum
2932 4102 3243 4170 dicentem,
3269 4101 3373 4169 Qui
3399 4116 3482 4157 me
3511 4099 3648 4168 odit,
3673 4102 3724 4155 et
3755 4105 3861 4155 Pa-

2160 4196 2297 4247 trem
2327 4208 2514 4248 meum
2560 4192 2674 4249 odit
2714 4211 2734 4259 ;
2793 4191 2891 4263 qui
2925 4191 3191 4262 superius
3221 4190 3463 4259 dixerat,
3498 4190 3617 4243 ch
3658 4189 3864 4259 facient

2160 4283 2327 4349 vobis,
2362 4285 2489 4354 quia
2518 4286 2765 4338 nesciunt
2797 4298 2920 4337 eum
2950 4281 3047 4353 qui
3068 4280 3223 4335 misit
3255 4295 3353 4335 me.
3383 4279 3509 4335 Non
3532 4280 3724 4349 itaque
3750 4278 3867 4333 dis-

2160 4370 2492 4427 simulanda
2522 4372 2785 4428 nascitur
2813 4371 3075 4442 quaestio,
3105 4370 3389 4440 quomodo
3422 4368 3648 4439 possint
3676 4367 3866 4423 odisse

2162 4476 2333 4531 quem
2358 4460 2649 4518 nesciunt.
2664 4460 2723 4515 Si
2756 4459 2911 4514 enim
2934 4458 3115 4514 Deum
3150 4475 3263 4513 non
3298 4456 3452 4527 quod
3484 4460 3572 4510 est
3599 4455 3743 4526 ipse,
3764 4457 3865 4511 sed

2162 4551 2357 4606 nescio
2386 4550 2522 4620 quid
2548 4548 2706 4605 aiiud
2730 4565 2858 4605 eum
2884 4548 3259 4618 suspicantur
3282 4549 3380 4600 aut
3400 4545 3663 4613 credunt,
3682 4548 3739 4599 et
3758 4544 3867 4598 hoc

2163 4641 2445 4706 oderunt;
2481 4639 2682 4710 utique
2731 4654 2844 4694 non
2898 4639 3088 4710 ipsum
3141 4637 3411 4701 oderunt,
3444 4635 3543 4690 sed
3578 4636 3728 4706 quod
3761 4650 3869 4689 sua

2165 4727 2432 4785 mendaci
2462 4728 2795 4799 suspicione
2824 4728 2912 4784 vel
2942 4744 3090 4783 vana
3121 4726 3461 4782 credulitate
3494 4724 3865 4795 concipiunt:

2165 4821 2213 4875 si
2256 4822 2446 4875 autem
2497 4820 2652 4891 quod
2703 4822 2812 4889 est,
2844 4818 2951 4874 hoc
2999 4818 3068 4873 de
3115 4816 3213 4873 illo
3262 4816 3543 4884 sentiunt,
3577 4814 3868 4887 quomodo

2165 4926 2297 4967 eum
2330 4910 2553 4967 nescire
2587 4910 2902 4966 dicuntur?
2933 4908 2999 4964 Et
3018 4909 3089 4964 de
3109 4906 3444 4964 hominibus
3475 4905 3711 4977 quidem
3748 4902 3868 4957 ﬁeri

2166 5005 2356 5072 potest
2386 5005 2451 5056 ut
2480 5015 2576 5057 eos
2620 5016 2772 5073 saepe
2819 5016 2962 5071 quos
3011 5014 3312 5069 nunquam
3360 4995 3633 5061 vidimus,
3666 4991 3872 5060 diliga-

2169 5108 2330 5159 mus;
2356 5107 2420 5148 ac
2443 5108 2545 5163 per
2564 5091 2671 5147 hoc
2700 5106 2803 5145 nec
2836 5088 2980 5144 illud
3003 5106 3037 5144 a
3057 5085 3348 5144 contrario
3376 5081 3738 5154 impossibile
3760 5084 3869 5146 est,

2170 5185 2235 5237 ut
2288 5197 2386 5237 eos
2444 5197 2590 5252 quos
2653 5193 2949 5250 nunquam
2998 5177 3276 5241 vidimus,
3329 5172 3644 5229 oderimus.
3698 5172 3873 5226 Fama

2169 5270 2381 5341 quippe
2402 5270 2471 5325 de
2493 5268 2685 5341 aliquo
2718 5267 3148 5324 sermocinante
3178 5281 3280 5321 seu
3309 5263 3457 5317 bene
3479 5277 3579 5317 seu
3615 5260 3786 5321 male,
3810 5259 3872 5315 tit

2169 5377 2285 5417 non
2314 5361 2607 5416 immerito
2638 5363 2702 5415 ut
2730 5373 2991 5414 amemus
3021 5354 3424 5411 veloderimus
3454 5353 3739 5424 ignotum.
3761 5352 3870 5407 Sed

2170 5451 2219 5507 si
2266 5450 2423 5505 fama
2465 5448 2544 5504 sit
2580 5464 2768 5516 verax,
2802 5446 3094 5519 quomodo
3125 5451 3209 5500 est
3241 5443 3311 5499 de
3342 5458 3457 5514 quo
3486 5458 3616 5499 vera
3663 5441 3874 5497 didici-

2170 5557 2325 5607 mus,
2358 5539 2641 5595 dicendus
2676 5538 2949 5610 ignotus?
2966 5538 3052 5592 An
3085 5534 3224 5609 quia
3249 5534 3379 5605 ejus
3408 5533 3611 5590 faciem
3639 5550 3753 5589 non
3785 5533 3873 5587 vi-

2170 5630 2410 5689 dimus?
2438 5632 2621 5698 Quam
2651 5645 2785 5687 cum
2834 5631 2890 5685 et
2938 5627 3062 5701 ipse
3112 5642 3228 5685 non
3257 5625 3465 5695 videat,
3500 5624 3645 5681 nulli
3678 5632 3866 5680 tamen
