4148 6190
358 246 513 308 1859

354 390 540 455 potest
570 380 761 438 notior
790 394 915 436 esse
941 393 1115 449 quam
1148 376 1280 432 sibi.
1314 376 1440 432 Non
1470 373 1646 445 igitur
1678 374 1739 429 in
1768 374 1894 445 ejus
1923 371 2068 429 facie

355 472 644 546 corporali
679 472 846 527 nobis
880 470 1185 524 intimatur
1215 467 1495 537 cujusque
1528 464 1752 521 notitia.
1781 465 1891 519 Sed
1931 472 2065 518 tunc

358 564 527 619 nobis
550 562 621 618 ad
646 560 1032 631 cognitionem
1064 561 1237 630 patet,
1263 557 1492 628 quando
1517 558 1644 627 ejus
1668 570 1853 611 mores
1876 558 1931 609 et
1952 554 2065 608 vita

358 672 472 712 non
505 655 666 711 latet.
695 653 967 724 Alioquin
1001 666 1103 706 nec
1134 649 1393 719 seipsum
1428 664 1599 703 nosse
1625 649 1934 718 quisquam
1968 662 2063 717 po-

358 750 489 815 test,
522 745 623 817 qui
653 746 845 800 videre
875 741 1082 797 faciem
1126 756 1289 795 suam
1325 755 1439 794 non
1474 743 1681 808 potest.
1716 736 1828 791 Sed
1863 736 2061 806 utique

358 840 515 901 tanto
536 835 749 890 certius
765 848 938 903 quam
965 834 1136 884 notus
1160 836 1245 884 est
1267 828 1397 883 aliis
1420 828 1542 899 ipse
1565 843 1625 881 se
1648 826 1825 893 novit,
1843 829 2060 895 quanto

355 925 571 981 certius
602 922 879 978 interiore
910 923 1221 989 conspectu
1266 921 1453 988 potest
1483 917 1674 971 videre
1705 915 1857 985 quod
1891 913 2058 983 sapit,

354 1015 545 1069 videre
569 1014 718 1083 quod
743 1010 1131 1082 cupit,videro
1154 1007 1310 1078 quod
1330 1006 1457 1061 vivit
1478 1021 1781 1076 :quaacum
1798 1003 2059 1075 aperiun-

354 1106 524 1157 turet
556 1100 746 1166 nobis,
772 1104 909 1156 tunc
933 1114 1061 1154 vere
1094 1097 1158 1153 ﬁt
1187 1096 1455 1167 cognitus
1488 1095 1674 1152 nobis.
1709 1096 1835 1149 Haec
1868 1094 2060 1163 itaque

354 1191 627 1263 quoniam
680 1190 1022 1263 plerumque
1057 1189 1127 1244 ad
1166 1204 1268 1243 nos
1299 1189 1367 1243 de
1399 1186 1736 1242 absentibus
1767 1182 1851 1240 vel
1885 1185 2058 1239 etiam

353 1282 621 1350 mortuis,
645 1283 764 1338 sive
793 1282 967 1347 fama,
1002 1279 1122 1335 sive
1156 1278 1363 1334 litteris
1395 1277 1793 1349 perferuntur;
1828 1274 1962 1330 hinc
1995 1274 2061 1330 fit

352 1376 414 1428 ut
435 1388 587 1444 siepe
611 1387 757 1442 quos
782 1385 1084 1440 nunquam
1114 1368 1255 1423 facie
1278 1364 1535 1437 corporis
1557 1365 1958 1433 vidimus(non
1977 1368 2056 1420 ta-

352 1478 484 1517 men
517 1478 662 1533 quos
694 1460 933 1515 omnino
969 1456 1306 1527 nescimus),
1330 1454 1417 1511 vel
1440 1454 1738 1511 oderimus
1772 1453 2056 1521 homines,

351 1550 438 1607 vel
470 1567 754 1607 amemus.

422 1643 476 1697 2.
512 1642 619 1696 Sed
656 1640 1001 1712 plerumque
1034 1640 1091 1694 in
1124 1638 1204 1694 eis
1236 1642 1432 1695 nostra
1464 1637 1777 1694 credulitas
1811 1635 2053 1702 fallitur;

351 1732 489 1804 quia
538 1746 957 1802 nonnunquam
992 1734 1047 1783 et
1079 1728 1337 1795 historia,
1371 1733 1426 1784 et
1456 1728 1635 1784 multo
1678 1727 1864 1798 magis
1905 1726 2058 1781 fama

352 1821 651 1877 mentitur.
686 1820 936 1875 Pertinet
985 1822 1177 1874 autem
1228 1820 1297 1873 ad
1349 1836 1455 1874 nos
1485 1836 1554 1874 ne
1586 1816 1911 1889 perniciosa
1940 1814 2059 1886 opi-

352 1913 525 1968 nione
547 1909 840 1977 fallamur,
860 1910 1073 1980 utquia
1098 1926 1209 1965 non
1237 1925 1547 1980 possumus
1574 1907 1871 1962 hominum
1896 1904 2054 1961 inda-

300 1986 303 1991 λ
351 2017 483 2074 gare
515 1999 956 2066 conscientiam,
988 1999 1058 2053 de
1093 1998 1235 2069 ipsis
1285 1999 1461 2054 rebus
1511 1998 1832 2054 habeamus
1864 2009 2055 2049 veram

350 2099 683 2163 certamque
736 2089 1085 2147 sententiam
1120 2088 1158 2141 ί.
1212 2088 1329 2144 Hoc
1350 2096 1455 2156 est,
1491 2094 1551 2145 ut
1596 2088 1645 2144 si
1699 2088 1793 2143 ille
1842 2086 1929 2141 vel
1962 2082 2057 2140 ille

350 2183 520 2238 homo
536 2186 730 2237 utrum
757 2182 827 2236 sit
852 2180 1183 2252 impudicus
1206 2180 1521 2251 pudiscuve
1547 2176 2059 2248 nescimus,oderi-

351 2277 691 2327 mustamen
708 2270 1572 2342 impudicitiam,ctpudicitiam
1590 2269 1899 2340 diligamus
1919 2268 2053 2323 :etsi

348 2360 513 2417 illum
536 2359 627 2415 vel
642 2359 805 2415 illum
823 2359 1107 2430 injustum
1124 2375 1251 2415 esse
1270 2360 1566 2429 justumve
1586 2358 2059 2426 nescimus,ame-

350 2465 484 2505 mus
508 2454 702 2504 tamen
723 2448 1043 2519 justitiam,
1068 2453 1124 2502 et
1148 2448 1495 2517 injustitiam
1531 2448 1913 2515 detestemur;
1942 2462 2054 2501 non

351 2556 499 2610 quas
514 2540 680 2594 nobis
698 2537 811 2609 ipsi
825 2538 1068 2593 errando
1083 2538 1494 2607 contingimus,
1511 2537 1607 2592 sed
1624 2553 1765 2606 quas
1789 2535 2053 2599 fideliter,

352 2629 501 2683 hanc
532 2627 935 2699 appetendam,
967 2625 1241 2697 illamque
1271 2627 1564 2683 vitandam
1599 2626 1655 2680 in
1687 2624 1788 2681 Dei
1819 2624 2056 2680 veritate

351 2715 738 2787 conspicimus
756 2732 768 2771 :
785 2722 845 2770 ut
877 2730 1010 2770 cum
1035 2715 1105 2770 de
1125 2713 1270 2785 ipsis
1294 2715 1465 2771 rebus
1488 2713 1644 2785 quod
1666 2713 2054 2785 appetendum

349 2809 438 2861 est
460 2805 812 2877 appetimus,
837 2805 988 2876 quod
1014 2802 1383 2859 devitandum
1408 2809 1497 2859 est
1518 2803 1863 2872 devitamus,
1889 2801 2055 2874 igno—

351 2900 551 2953 scatur
598 2894 766 2951 nobis
796 2894 950 2965 quod
984 2894 1055 2950 de
1085 2893 1328 2950 occultis
1379 2893 1683 2948 hominum
1717 2891 2050 2963 aliquando,

352 2986 465 3041 imo
497 2986 731 3042 assidue
764 3001 876 3039 non
909 2999 1042 3040 vera
1072 2983 1382 3040 sentimus.
1408 2983 1523 3039 Hoc
1554 2982 1707 3038 enim
1742 2982 1811 3037 ad
1846 2981 2051 3038 huma—

354 3092 489 3132 nam
538 3074 914 3131 teutationem
964 3074 1251 3145 pertinere
1298 3074 1565 3143 arbitror,
1612 3073 1734 3128 sine
1775 3090 1889 3144 qua
1920 3072 2053 3129 duci

354 3168 468 3223 ista
516 3182 631 3222 non
682 3170 867 3236 potest
916 3165 1050 3229 vita,
1084 3165 1160 3220 ita
1193 3168 1255 3221 ut
1285 3162 1598 3234 Apostolus
1637 3164 1873 3232 diceret,
1912 3164 2053 3220 Ten-

338 3258 484 3329 .tatio
513 3271 604 3311 vos
632 3270 737 3311 non
773 3254 1150 3327 apprehendat
1192 3256 1303 3309 nisi
1349 3258 1590 3311 humana
1623 3256 1665 3325 (l
1698 3255 1816 3311 Cor.
1851 3271 1905 3322 χ,
1942 3254 2050 3325 13).

351 3347 498 3414 Quid
530 3346 683 3404 enim
716 3350 833 3402 tam
864 3345 1183 3402 humanum
1217 3361 1388 3416 quam
1423 3361 1535 3401 non
1570 3359 1738 3416 posse
1768 3344 2053 3415 inspicere

350 3454 447 3493 cor
475 3437 831 3505 humanum;
856 3440 914 3492 et
936 3436 1064 3493 ideo
1095 3452 1211 3492 non
1235 3436 1361 3506 ejus
1392 3434 1639 3491 latebras
1682 3434 2054 3507 perscrutari,

349 3528 449 3584 sed
483 3528 821 3600 plerumque
852 3525 1010 3583 aliud
1042 3541 1221 3598 quam
1253 3525 1310 3580 id
1344 3525 1496 3599 quod
1530 3524 1607 3581 ibi
1640 3525 1829 3596 agitur
1858 3524 2052 3597 saepi-

348 3617 512 3674 cari?
543 3620 887 3688 Quanquam
918 3620 975 3673 ct
1005 3615 1063 3671 in
1116 3614 1204 3670 his
1255 3631 1450 3671 rerum
1483 3614 1736 3671 tenebris
1772 3614 2055 3671 humana-

349 3725 501 3778 rum,
538 3709 642 3763 hoc
673 3714 758 3762 est
788 3704 1212 3777 cogitationum
1245 3704 1590 3774 alienarum,
1622 3706 1729 3761 etsi
1762 3705 2054 3777 suspicio—

348 3812 450 3849 nes
482 3794 805 3865 intelligere
837 3811 951 3867 non
986 3811 1324 3867 possumus,
1359 3794 1494 3866 quia
1526 3794 1789 3851 homines
1817 3810 2050 3866 sumus;

341 3882 567 3953 judicia
596 3885 810 3952 tamen,
844 3883 903 3937 id
934 3887 1039 3950 est,
1070 3884 1339 3939 deﬁnitas
1373 3884 1680 3956 tirmasque
1728 3887 2050 3941 sententias

346 3970 640 4025 continere
671 3971 969 4036 debemus,
995 3986 1099 4025 nec
1132 3974 1263 4025 ante
1287 3975 1518 4041 tempus
1550 3974 1865 4045 quidquam
1897 3973 2053 4043 judi-

347 4075 495 4129 care,
527 4059 709 4115 donec
741 4059 929 4116 veniat
961 4060 1265 4125 Dominus,
1299 4066 1354 4115 et
1385 4060 1676 4117 illuminet
1714 4062 2052 4119 abscondita

347 4150 744 4220 tenebrarum,
792 4157 846 4206 et
900 4149 1227 4207 manifestet
1283 4150 1660 4222 cogitationes
1718 4153 1943 4221 cordis;
1993 4156 2051 4209 et

346 4246 487 4297 tunc
514 4238 643 4297 laus
663 4239 770 4296 erit
793 4239 1104 4310 unicuique
1124 4256 1158 4295 a
1182 4243 1292 4296 Deo
1314 4239 1417 4310 (Id.
1443 4256 1522 4310 1v,
1541 4241 1615 4310 5).
1643 4240 1880 4304 Quando
1913 4257 2048 4313 ergo

348 4348 464 4387 non
496 4335 724 4387 erratur
754 4330 813 4386 in
840 4330 1039 4401 rebus,
1074 4333 1136 4386 ut
1175 4333 1328 4387 recta
1376 4330 1452 4386 sit
1500 4330 1845 4403 improbatio
1874 4331 2051 4388 vitio-

344 4439 472 4477 rum
505 4421 907 4493 virtutumque
940 4420 1239 4494 probatio;
1274 4421 1524 4492 profecto
1548 4422 1597 4477 si
1620 4424 1846 4478 erratur
1869 4421 1927 4478 in
1952 4421 2048 4478 ho-

345 4512 626 4580 minibus,
660 4511 900 4568 veniatis
932 4515 1021 4567 est
1051 4510 1311 4567 humana
1345 4511 1603 4570 tentatio.

414 4604 467 4659 3.
502 4602 609 4658 Per
637 4602 744 4659 has
777 4606 973 4658 autem
1026 4600 1414 4658 humanorum
1448 4601 1709 4658 cordium
1753 4604 2046 4671 tenebras,

344 4709 436 4748 res
484 4690 730 4747 multum
780 4690 1050 4747 miranda
1080 4697 1135 4746 et
1166 4690 1411 4747 multum
1456 4690 1705 4748 dolenda
1742 4694 2045 4765 contingit,

346 4789 410 4840 ut
456 4797 590 4839 eum
642 4798 1062 4853 nonnunquam
1114 4797 1287 4852 quem
1338 4781 1621 4853 injustam
1657 4788 1957 4855 putamus,
1990 4788 2048 4840 et

343 4882 535 4929 tamen
558 4872 760 4943 justus
791 4876 880 4927 est
908 4879 958 4927 et
984 4870 1275 4941 justitiam
1310 4870 1369 4926 in
1402 4887 1467 4927 eo
1500 4872 1824 4929 nescientes
1857 4874 2049 4945 diligi-

345 4980 499 5031 mus,
550 4960 897 5029 devitemus,
947 4976 1295 5030 aversemur,
1335 4978 1367 5017 a
1408 4966 1602 5019 nostro
1639 4963 2046 5035 prohibeamus

344 5070 603 5123 accessu,
638 5068 1007 5109 communem
1054 5068 1185 5108 cum
1223 5051 1321 5107 illo
1352 5052 1527 5109 vitam
1560 5053 1891 5125 victumque
1939 5054 2043 5111 ha-

342 5147 477 5203 bere
525 5143 813 5204 nolimus;
864 5158 1113 5215 eumque
1162 5142 1357 5213 etiam,
1398 5143 1446 5198 si
1488 5143 1810 5215 disciplinas
1861 5145 2046 5217 impo-

345 5237 545 5292 nendae
592 5236 907 5292 necessitas
936 5235 1107 5306 cogit,
1144 5233 1265 5290 sive
1296 5250 1367 5290 ne
1397 5233 1528 5291 aliis
1578 5240 1800 5305 noceat,
1833 5236 1950 5292 sive
1985 5244 2047 5295 ut

348 5326 443 5379 iiut
489 5323 611 5393 ipse
656 5324 987 5393 correctior,
1021 5324 1325 5395 asperitate
1355 5323 1573 5381 salubri
1605 5341 2041 5399 persequamur;

345 5408 704 5467 ethominem
721 5412 936 5469 bonum
955 5418 1234 5485 tauquam
1260 5414 1483 5471 malum
1505 5415 2043 5490 aiﬂigamus,quem

346 5498 673 5558 nescientes
718 5518 1004 5561 amamus.
1055 5503 1173 5564 Iioc
1218 5505 1304 5574 ﬁt,
1352 5505 1401 5563 si
1451 5506 1602 5579 quis,
1634 5508 1794 5566 verbi
1834 5510 2044 5583 gratia,

409 5604 425 5640 ι
448 5596 574 5647 Mss.
606 5602 743 5659 octo,
772 5602 1063 5654 scientiam.

1310 240 1385 300 IN
1431 238 1757 301 JOANNIS
1801 236 2340 313 EVANGELIUM,
2393 241 2459 303 S.
2508 242 2928 305 AUGUSTINI

3736 253 3879 313 1860

2173 388 2305 431 cum
2357 376 2432 432 sit
2478 377 2752 449 pudicus,
2787 394 2819 434 a
2850 376 3017 433 nobis
3051 377 3311 433 creditur
3357 377 3716 451 impudicus.
3752 382 3883 438 Sine

2175 463 2350 521 dubio
2384 467 2539 523 enim
2572 468 2621 524 si
2656 467 2929 538 pudicum
2963 466 3160 538 diligo,
3196 467 3301 523 hoc
3332 474 3418 523 est
3448 468 3576 540 ipse
3607 472 3767 541 quod
3801 472 3884 527 di-

2173 555 2289 626 ligo
2323 572 2336 612 :
2367 575 2501 630 ergo
2549 559 2724 616 etiam
2777 560 2969 631 ipsum
3018 556 3224 629 diligo,
3256 562 3311 614 et
3344 560 3560 615 nescio.
3592 561 3658 615 Et
3690 562 3736 618 si
3774 562 3883 618 im-

2174 647 2452 717 pudicum
2484 650 2601 715 odi,
2627 667 2739 705 non
2774 665 2910 720 ergo
2942 649 3137 721 ipsum
3161 649 3289 716 odi;
3316 650 3451 721 quia
3475 667 3590 707 non
3614 657 3702 707 est
3727 655 3879 724 quod

2173 737 2268 792 odi
2303 756 2313 792 :
2350 743 2406 794 et
2439 743 2628 795 tamen
2665 740 2873 795 dilecto
2907 755 3056 803 meo,
3088 754 3219 793 cum
3255 755 3367 809 quo
3401 757 3635 811 semper
3665 742 3722 797 in
3759 743 3888 798 cha-

2174 828 2341 882 ritate
2376 830 2667 900 pudicitiae
2699 829 2922 883 habitat
2953 829 3146 884 anima
3169 844 3319 897 mea,
3345 830 3491 884 facio
3522 831 3765 902 ignarus
3797 832 3886 888 in-

2164 915 2408 985 juriam,
2440 932 2555 971 non
2588 933 2785 971 errans
2818 916 2875 971 in
2909 916 3253 974 discretione
3283 916 3566 973 virtutum
3600 924 3775 989 atque
3809 920 3887 975 vi-

2171 1003 2407 1075 tiorum,
2430 1007 2528 1061 sed
2555 1008 2612 1062 in
2635 1006 2895 1062 cordium
2922 1006 3177 1062 tenebris
3200 1006 3617 1064 humanorum.
3645 1008 3886 1067 Proinde

2170 1095 2321 1150 sicut
2370 1096 2492 1150 fieri
2540 1100 2724 1167 potest
2763 1099 2828 1151 ut
2856 1095 3027 1150 homo
3078 1095 3267 1151 bonus
3318 1095 3618 1153 hominem
3664 1098 3884 1155 bonum

2169 1184 2353 1239 oderit
2401 1186 2687 1252 nesciens,
2721 1185 2809 1240 vel
2865 1186 3052 1256 potius
3102 1185 3307 1258 diligat
3356 1188 3625 1244 nesciens
3668 1190 3885 1261 (ipsum

2168 1273 2325 1329 enim
2347 1274 2534 1347 diligit
2559 1291 2690 1331 cum
2722 1276 2943 1331 bonum
2977 1275 3187 1347 diligit,
3212 1276 3351 1348 quia
3373 1276 3429 1331 id
3453 1279 3606 1349 quod
3640 1283 3729 1335 est
3764 1279 3883 1348 ille,

2169 1364 2276 1421 hoc
2308 1365 2412 1421 iste
2443 1367 2687 1439 diligit);
2723 1367 2912 1424 oderit
2941 1370 3136 1422 autem
3186 1368 3453 1425 nesciens
3500 1385 3615 1425 non
3662 1370 3883 1442 ipsum,

2169 1456 2268 1512 sed
2302 1456 2453 1526 quod
2488 1462 2652 1528 putat
2683 1474 2811 1513 esse
2846 1458 3036 1529 ipsum
3072 1474 3085 1513 :
3121 1458 3202 1513 ita
3233 1458 3357 1514 ﬁeri
3398 1462 3585 1531 potest
3618 1464 3681 1515 ut
3709 1460 3883 1517 etiam

2169 1544 2342 1600 homo
2376 1545 2630 1616 injustus
2665 1546 2955 1602 hominem
2989 1547 3177 1603 oderit
3202 1549 3453 1618 justum,
3478 1554 3535 1604 et
3560 1549 3701 1605 dum
3736 1552 3885 1606 aesti-

2168 1640 2293 1690 mat
2314 1652 2374 1691 se
2399 1636 2490 1691 sui
2513 1635 2764 1693 similem
2796 1637 3076 1706 injustum
3100 1636 3361 1708 diligere,
3386 1639 3656 1694 nesciens
3678 1640 3883 1712 diligat

2160 1725 2427 1795 justum;
2477 1731 2533 1782 ct
2581 1730 2770 1782 tamen
2803 1728 2943 1782 dum
2975 1744 3110 1783 eum
3144 1728 3328 1784 credit
3359 1729 3666 1799 injustam,
3702 1730 3885 1803 diliga

2170 1832 2283 1871 non
2317 1816 2530 1887 ipsum,
2564 1818 2663 1873 sed
2698 1817 2845 1888 quod
2889 1823 3057 1889 putat
3086 1835 3214 1874 esse
3248 1820 3463 1891 ipsum.
3497 1822 3884 1886 Quemadmo-

2170 1906 2308 1961 dum
2342 1912 2534 1961 autem
2570 1907 2888 1977 hominem,
2914 1909 2998 1965 sic
3019 1913 3074 1965 et
3097 1909 3301 1965 Deum.
3334 1910 3588 1981 Denique
3621 1910 3669 1965 si
3703 1911 3885 1967 inter-

2168 2000 2514 2065 rogarentur
2560 1998 2763 2066 Judwi,
2794 2001 2992 2053 utrum
3044 1999 3349 2071 diligerent
3397 1999 3613 2071 Deum;
3647 2000 3788 2072 quid
3824 2018 3886 2057 se

2167 2087 2323 2142 aliud
2348 2103 2519 2157 quam
2547 2087 2785 2158 diligere
2809 2087 3248 2159 responderent,
3273 2106 3383 2145 nex
3404 2106 3471 2146 ex
3493 2090 3686 2145 animo
3711 2107 3882 2147 men-

2165 2176 2393 2245 tientes,
2418 2178 2512 2232 sed
2536 2179 2781 2233 errando
2816 2180 3003 2249 potius
3028 2179 3377 2249 opinantes?
3397 2182 3694 2245 Quomodo
3717 2181 3881 2237 enim

2167 2266 2467 2336 diligerent
2498 2270 2724 2324 Patrem
2756 2268 3030 2332 veritatis,
3066 2270 3165 2341 qui
3197 2269 3478 2326 haberent
3508 2269 3640 2327 odio
3672 2271 3881 2327 verita-

2166 2356 2327 2412 tem?
2359 2356 2575 2413 Nolunt
2604 2358 2757 2414 enim
2792 2375 2900 2415 sua
2950 2360 3102 2416 facta
3149 2360 3436 2427 damnari,
3469 2364 3526 2415 et
3556 2360 3665 2417 hoc
3704 2360 3884 2418 habet

2166 2448 2380 2503 veritas
2415 2454 2477 2503 ut
2511 2448 2645 2503 talia
2675 2448 2823 2504 facta
2852 2449 3205 2505 damnentur
3239 2466 3252 2504 :
3287 2454 3513 2506 tantum
3544 2450 3726 2521 igitur
3747 2452 3882 2508 ode-

2166 2542 2306 2592 runt
2338 2537 2658 2604 veritatem,
2693 2547 2975 2609 quantum
3008 2540 3257 2595 oderunt
3286 2556 3425 2597 suas
3472 2556 3696 2611 poenas,
3729 2558 3881 2612 quas

2165 2626 2379 2683 talibus
2412 2627 2621 2699 irrogat
2652 2628 2885 2685 veritas.
2920 2628 3197 2685 Nesciunt
3227 2637 3420 2685 autem
3448 2629 3609 2685 illam
3639 2646 3770 2686 esse
3796 2647 3886 2688 ve-

2165 2715 2415 2784 ritatem,
2440 2732 2563 2787 qua:
2596 2717 2740 2774 tales
2772 2717 3115 2789 qualescipsi
3148 2723 3286 2774 sunt
3315 2718 3599 2776 damnat:
3627 2721 3882 2776 oderunt

2164 2822 2294 2876 ergo
2341 2823 2512 2877 quam
2563 2807 2865 2877 nesciunt;
2903 2813 2959 2864 et
3001 2826 3136 2865 cum
3185 2808 3346 2864 illam
3379 2810 3646 2878 oderunt,
3681 2811 3888 2881 profe-

2164 2900 2255 2952 cto
2286 2901 2343 2951 et
2372 2913 2505 2953 eum
2540 2898 2611 2954 de
2641 2913 2755 2968 quo
2788 2904 2924 2954 nata
2953 2903 3043 2954 est
3074 2897 3184 2956 nisi
3217 2898 3408 2956 odisse
3447 2915 3560 2957 non
3608 2906 3881 2970 possunt.

2164 2987 2243 3040 Ac
2279 3002 2376 3058 per
2403 2986 2509 3041 hoc
2533 2988 2671 3057 quia
2702 2987 3002 3044 veritatem
3028 2988 3463 3059 quajudicante
3495 2989 3884 3058 damnantur,

2162 3076 2230 3133 de
2263 3076 2427 3131 Patre
2463 3078 2572 3133 Deo
2606 3082 2803 3133 natam
2838 3078 3138 3146 nesciunt;
3168 3078 3370 3149 utique
3397 3078 3569 3134 etiam
3604 3077 3804 3148 ipsum
3831 3084 3886 3136 et

2165 3168 2453 3232 nesciunt,
2482 3171 2539 3223 et
2586 3167 2853 3224 oderunt.
2886 3167 2931 3222 Ο
2983 3168 3225 3224 miseros
3274 3167 3560 3235 homines,
3591 3168 3693 3241 qui
3742 3185 3880 3226 cum

2165 3272 2290 3313 esse
2319 3257 2525 3313 volunt
2551 3256 2711 3326 mali,
2738 3257 2945 3314 nolunt
2975 3275 3104 3315 esse
3136 3259 3428 3315 veritatem
3452 3274 3564 3328 qua
3594 3259 3884 3315 damnan-

2163 3350 2260 3403 tur
2292 3346 2466 3402 malit
2518 3346 2733 3403 Nolunt
2779 3347 2932 3403 cnim
2968 3364 3093 3404 eam
3128 3364 3257 3404 esse
3286 3349 3439 3419 quod
3474 3353 3585 3419 est,
3616 3364 3750 3405 cum
3785 3366 3886 3406 se-

2160 3435 2317 3507 ipsos
2346 3435 2592 3492 debeant
2624 3437 2776 3492 nolle
2806 3453 2932 3493 esse
2960 3439 3116 3509 quod
3148 3442 3320 3505 sunt;
3358 3443 3417 3494 ut
3446 3438 3573 3509 ipsa
3608 3448 3887 3497 manente

2162 3530 2475 3592 mutentur,
2509 3541 2579 3581 ne
2611 3525 2733 3597 ipsa
2755 3526 3057 3596 judicante
3087 3527 3466 3584 damnentur.

2722 3622 3143 3681 TRACTATUS
3183 3624 3322 3680 XCI.

2161 3715 2226 3769 In
2258 3713 2378 3771 haec
2407 3713 2593 3780 verba,
2617 3714 2680 3771 Si
2698 3728 2869 3785 opera
2902 3731 3017 3771 non
3052 3715 3317 3772 fecissem
3346 3714 3404 3771 in
3430 3714 3534 3776 eis.
3554 3731 3683 3786 quas
3707 3732 3885 3774 nemo

2234 3803 2383 3859 alius
2413 3802 2581 3871 fecit;
2611 3818 2779 3875 usque
2809 3802 2880 3859 ad
2918 3803 2996 3873 id,
3031 3804 3173 3868 Quia
3221 3804 3355 3860 odio
3404 3804 3732 3860 habuerunt
3784 3822 3887 3863 me

2232 3892 2434 3965 gratis.
2470 3892 2595 3965 Cap.
2631 3909 2723 3961 xv,
2758 3894 2848 3962 ᾗῇ.
2879 3893 2971 3956 24.
3002 3895 3094 3949 25.

2234 3986 2282 4036 1.
2317 3982 2550 4039 Dixerat
2582 3982 2867 4038 Dominus
2901 4002 2913 4038 :
2940 3984 3045 4050 Qui
3072 4000 3158 4039 me
3186 3983 3319 4051 odit,
3351 3989 3401 4040 ct
3434 3984 3657 4040 Patrem
3686 3998 3878 4040 meum

2158 4071 2295 4129 odit.
2332 4071 2537 4143 Utique
2566 4072 2721 4128 enim
2746 4073 2845 4143 qui
2876 4073 2998 4130 odit
3022 4073 3343 4144 veritatem,
3370 4090 3605 4130 necesse
3627 4079 3713 4131 est
3734 4076 3877 4130 ode-

2158 4162 2232 4217 rit
2262 4166 2317 4217 et
2346 4178 2379 4218 a
2410 4178 2526 4233 quo
2558 4162 2771 4219 veritas
2804 4170 2939 4219 nata
2969 4166 3091 4220 est:
3122 4163 3275 4219 unde
3300 4164 3421 4234 jam
3456 4169 3747 4236 quantum
3780 4165 3883 4222 da-

2157 4253 2281 4306 tum
2299 4255 2407 4316 est,
2426 4250 2601 4308 locuti
2623 4268 2852 4309 sumus.
2872 4252 3088 4308 Deinde
3110 4252 3339 4309 addidit
3355 4254 3504 4309 unde
3523 4252 3691 4308 nobis
3717 4269 3881 4309 nunc

2158 4341 2516 4412 loquendum
2540 4344 2626 4398 est
2650 4360 2667 4396 :
2691 4342 2756 4398 Si
2777 4358 2945 4414 Opera
2968 4358 3075 4399 non
3098 4345 3345 4413 fecissem
3370 4344 3429 4398 in
3451 4343 3550 4410 eis,
3572 4359 3692 4413 quae
3717 4359 3880 4399 nemo

2154 4432 2302 4489 alius
2321 4434 2473 4503 fecit,
2494 4439 2775 4503 peccatum
2798 4449 2905 4488 non
2928 4431 3211 4489 haberent.
3239 4433 3539 4489 Peccatum
3572 4432 3717 4488 illud
3753 4434 3879 4490 sci-

2155 4521 2289 4577 licet
2313 4537 2606 4591 magnum,
2633 4522 2701 4577 de
2726 4538 2842 4593 quo
2865 4526 2921 4578 et
2944 4523 3215 4593 superius
3238 4521 3337 4587 ait,
3360 4521 3549 4575 Sinon
3582 4523 3875 4593 venissem,

2153 4618 2205 4667 et
2234 4611 2444 4667 loculus
2473 4614 2550 4667 eis
2576 4611 2826 4681 fuissem,
2854 4616 3144 4682 peccatum
3176 4628 3284 4667 non
3324 4611 3601 4667 haberent.
3636 4611 3756 4667 Hoc
3784 4618 3879 4668 est

2155 4706 2459 4774 peccatum
2493 4718 2605 4773 quo
2639 4701 2698 4757 iu
2732 4717 2864 4758 eum
2918 4702 3251 4773 loquentem
3284 4706 3339 4763 et
3369 4709 3709 4773 operantem
3753 4718 3874 4758 non

2156 4791 2541 4847 crediderunt.
2569 4792 2757 4861 Neque
2779 4792 2933 4847 enim
2959 4790 3185 4847 nullum
3215 4790 3509 4847 habebant
3541 4796 3875 4862 peccatum,

2155 4884 2468 4953 antequam
2500 4881 2833 4951 loqueretur
2863 4881 2944 4936 eis
2965 4885 3021 4936 et
3045 4888 3377 4953 operaretur
3400 4880 3457 4935 in
3487 4880 3602 4950 eis;
3625 4882 3723 4936 sed
3761 4881 3874 4936 hoc

2155 4978 2452 5043 peccatum
2468 4969 2653 5041 quoin
2668 4986 2800 5026 eum
2819 4988 2933 5027 non
2955 4972 3348 5040 crediderunt,
3363 4972 3491 5027 ideo
3516 4971 3598 5026 sic
3614 4987 3872 5027 comme-

2155 5067 2430 5131 moratur,
2463 5062 2598 5133 quia
2648 5062 2774 5134 ipso
2823 5070 3056 5133 peccato
3108 5066 3377 5119 tenentur
3403 5067 3461 5119 et
3493 5070 3710 5118 castora.
3748 5063 3873 5119 Hoc

2152 5153 2307 5209 enim
2333 5154 2381 5209 si
2407 5170 2519 5209 non
2544 5153 2843 5221 haberent,
2861 5154 3134 5210 etineum
3155 5151 3873 5221 crederent,dimitteren-

2155 5250 2242 5301 tur
2271 5248 2328 5302 et
2359 5248 2581 5303 caetera.

2221 5335 2276 5389 2.
2301 5336 2410 5395 Sed
2434 5334 2573 5406 quid
2598 5337 2681 5390 est
2704 5333 2809 5390 hoc
2831 5335 2989 5404 quod
3023 5349 3158 5392 cum
3184 5335 3449 5402 dixisset,
3472 5332 3532 5390 St
3556 5346 3721 5403 opera
3750 5349 3871 5389 non

2151 5427 2395 5493 fecissem
2448 5427 2505 5483 in
2556 5426 2655 5490 eis,
2706 5440 2842 5481 mox
2890 5424 3135 5496 addidit,
3166 5440 3290 5498 qua
3334 5439 3495 5481 nemo
3525 5424 3670 5481 alia:
3694 5423 3874 5493 lecit.’

2152 5515 2323 5572 Nulla
2344 5516 2559 5588 quippe
2584 5516 2641 5573 in
2665 5515 2937 5587 operibus
2957 5514 3171 5575 Christi
3193 5516 3457 5574 videntur
3485 5531 3615 5572 esse
3637 5514 3873 5586 maiora

2153 5622 2330 5678 quam
2352 5605 2654 5666 suscitatio
2681 5608 3073 5677 mortuorum;
3098 5610 3252 5679 quod
3276 5606 3498 5667 scimus
3517 5607 3693 5666 etiam
3712 5607 3872 5663 anti-
