4148 6190
275 270 423 330 1861

267 415 406 469 quos
455 401 661 456 fecisse
715 400 1048 471 Prophetas.
1102 402 1260 458 Fecit
1309 403 1464 459 enim
1515 403 1668 459 Elias
1706 402 1806 475 (ΙΙΙ
1848 404 1975 473 Reg.

266 506 403 556 xvu,
432 488 521 549 21,
554 490 665 557 ‘32),
705 490 838 545 fecit
869 489 1113 545 Elisaaus
1141 499 1194 546 et
1228 507 1358 547 cum
1394 491 1453 547 in
1488 493 1594 547 hac
1624 508 1795 548 carne
1827 492 1978 547 vive-

266 582 353 634 ret
377 578 471 649 (lV
506 580 629 651 Reg.
666 597 743 649 Iv,
777 580 889 651 35),
924 584 977 637 et
1028 598 1160 637 cum
1213 581 1272 637 in
1322 599 1427 637 suo
1477 586 1855 639 monumento
1885 597 1976 637 sec

265 668 462 740 pultus
484 668 723 740 jaceret.
749 670 892 726 Nam
918 671 1151 741 quidam
1178 676 1474 743 portantes
1508 677 1820 739 mortuum,
1841 689 1974 728 cum

266 759 625 817 irruentibus
643 761 905 817 hostibus
923 778 988 817 eo
1003 762 1375 831 refugissent,
1394 778 1640 835 eumque
1656 764 1732 819 ibi
1755 763 1978 835 posuis-

264 854 418 918 sent,
453 852 727 906 continuo
774 854 1086 909 resurrexit
1136 853 1236 925 (1d.
1270 871 1391 923 xui,
1422 856 1537 925 21).
1582 853 1739 910 Fecit
1779 858 1973 909 tamen

262 939 465 1012 aliqua
490 940 773 1011 Christus,
800 959 921 1014 quae
950 958 1121 999 nemo
1154 941 1302 999 alius
1334 943 1468 999 fecit
1493 960 1505 998 :
1530 943 1685 1016 quod
1716 943 1973 1015 quinque

260 1029 453 1086 millia
482 1030 786 1087 hominum
816 1033 885 1088 de
916 1032 1191 1105 quinque,
1216 1038 1271 1089 et
1294 1038 1541 1105 quatuor
1574 1032 1757 1089 millia
1790 1032 1859 1088 de
1888 1048 1976 1089 se-

256 1124 422 1191 ptem
469 1120 720 1192 panibus
750 1120 907 1192 pavit
950 1124 1159 1193 (Matth.
1194 1140 1307 1192 x1v,
1342 1124 1522 1192 15-21,
1554 1127 1603 1179 et
1633 1140 1721 1191 xv,
1753 1123 1974 1194 3238);

257 1210 421 1280 quod
456 1227 628 1281 super
658 1228 838 1283 aquas
876 1211 1218 1282 ambulavit,
1252 1220 1304 1268 et
1336 1212 1500 1269 Petro
1532 1217 1597 1268 ut
1628 1213 1735 1268 hoc
1766 1212 1976 1269 faceret

254 1300 537 1371 prastitit
567 1300 671 1373 (Id.
704 1318 821 1365 xxv,
852 1302 923 1357 25
951 1310 1002 1358 et
1033 1303 1152 1373 29);
1185 1303 1337 1374 quod
1380 1319 1592 1375 aquam
1638 1304 1883 1359 mutavit
1914 1304 1973 1359 in

254 1389 466 1446 vinum
500 1389 682 1461 (Joan.
716 1408 778 1457 ιι,
811 1391 900 1463 9);
953 1393 1107 1464 quod
1159 1392 1379 1464 aperuit
1428 1392 1631 1448 oculos
1672 1393 1805 1450 caeci
1851 1394 1973 1451 nati

253 1480 356 1550 (1d.
378 1481 550 1552 ix,7),
571 1489 624 1537 et
644 1481 755 1537 alia
780 1479 961 1538 multa
986 1500 1111 1553 quae
1135 1499 1591 1540 commemorare
1614 1483 1841 1556 longum
1868 1488 1971 1540 est.

253 1570 367 1625 Sed
392 1571 776 1641 respondetur
796 1570 980 1637 nobis,
1000 1571 1209 1629 etalios
1232 1572 1433 1628 fecisse
1457 1589 1583 1645 quae
1607 1575 1728 1644 ipse
1753 1590 1867 1629 non
1893 1575 1972 1630 fe-

254 1662 560 1732 cit,etquae
586 1677 755 1718 nemo
778 1662 1238 1728 aliusfecit.Quis
1256 1663 1409 1718 enim
1429 1664 1541 1719 nisi
1566 1664 1789 1736 Moyses
1803 1666 1971 1737 {Egy-

255 1749 418 1820 ptios
453 1750 637 1823 plagis
668 1754 754 1808 tot
785 1752 1074 1823 tantisque
1111 1752 1393 1823 percussit
1414 1754 1606 1823 (Exod.
1633 1754 1858 1826 νιι-ιιιι),
1883 1754 1972 1809 di-

252 1841 381 1897 viso
429 1841 578 1897 mari
627 1841 906 1913 populum
935 1842 1099 1898 duxit
1129 1843 1227 1915 (1d.
1262 1860 1376 1911 xxv,
1408 1844 1627 1915 2l-29),
1661 1862 1871 1901 manna
1902 1847 1972 1902 de

253 1932 405 1988 ccelo
428 1932 824 1989 esurientibus
846 1932 1179 2005 impetravit
1202 1934 1304 2003 (Id.
1322 1935 1458 2006 xVi),
1477 1952 1687 2007 aquam
1709 1936 1779 1990 de
1802 1940 1972 1993 Petra

253 2021 599 2078 sitientibus
630 2022 780 2077 fudit
811 2022 914 2095 (Id.
946 2039 1088 2092 xvu,
1119 2022 1220 2095 6)?
1265 2023 1405 2090 Quis
1455 2025 1566 2081 nisi
1616 2023 1790 2081 Jesus
1820 2024 1971 2083 Nave

250 2111 479 2185 populo
508 2111 831 2168 transiture
859 2112 1132 2168 Jordanis
1178 2112 1399 2168 ﬂuenta
1429 2113 1619 2168 divisit
1646 2115 1831 2185 (Iosue
1863 2117 1967 2187 ιιι),

248 2208 307 2258 et
331 2205 667 2258 currentem
696 2201 879 2257 solem
904 2201 1119 2258 emissa
1142 2202 1211 2257 ad
1237 2202 1420 2258 Deum
1444 2203 1705 2259 oratione
1728 2202 1971 2259 frenavit

246 2300 309 2350 et
343 2293 466 2349 ﬁxit
498 2294 600 2364 (Id.
633 2312 690 2364 x,
724 2292 958 2366 12.14)?
996 2293 1133 2357 Quis
1185 2298 1395 2366 praeter
1440 2299 1684 2350 Samson
1735 2298 1972 2367 propter

250 2402 429 2442 suam
457 2385 617 2442 sitim
644 2384 878 2441 maxilia
897 2384 1971 2443 mortuiasiniexundantesaliatusest

253 2477 470 2548 (Judic.
496 2492 589 2543 xv,
616 2475 742 2544 19)?
765 2474 900 2541 Quis
927 2480 1136 2546 praetor
1165 2474 1348 2529 Etiam
1380 2490 1553 2531 curru
1586 2474 1751 2544 igneo
1774 2474 1831 2529 in
1855 2474 1972 2531 alta

248 2566 581 2623 subvectus
609 2572 696 2620 est
724 2564 819 2636 (IV
850 2565 977 2633 Reg.
1011 2580 1071 2631 ιι,
1109 2563 1239 2635 11)?
1270 2563 1408 2627 Quis
1441 2572 1645 2634 praeter
1678 2564 1968 2635 Elisaaum,

251 2656 417 2728 quod
453 2652 625 2726 paulo
650 2658 784 2710 ante
807 2653 1270 2720 commemoravi,
1295 2654 1521 2726 sepulto
1544 2670 1650 2711 suo
1672 2655 1968 2724 cadavere,

251 2746 509 2802 cadaver
541 2743 778 2799 alterius
809 2742 1057 2799 reddidit
1079 2742 1246 2797 vitae?
1266 2743 1406 2809 Quis
1439 2748 1645 2815 praeter
1674 2744 1969 2801 Danielem

249 2835 411 2891 inter
435 2850 539 2889 ora
558 2831 920 2889 inclusorum
949 2847 1147 2888 secum
1172 2831 1404 2888 leonum
1428 2833 1810 2890 esurientium
1835 2833 1974 2889 vixit

248 2925 556 2995 innocuus
587 2924 747 2991 (Dan.
783 2939 862 2991 v1,
892 2922 1023 2993 22)?
1052 2922 1193 2987 Quis
1236 2930 1441 2995 praeter
1470 2926 1587 2978 tres
1617 2922 1789 2991 viros,
1822 2925 1973 2979 Ana-

249 3015 446 3079 niam,
490 3012 781 3080 Azariam,
816 3011 1130 3080 Missalem,
1156 3011 1214 3067 in
1248 3010 1503 3068 ﬂammis
1552 3011 1891 3068 ardentibus
1920 3015 1977 3069 et

250 3120 379 3162 non
413 3102 725 3160 urentibus
759 3102 1152 3159 deambulavit
1182 3101 1400 3159 illaesus
1431 3103 1528 3176 (Id.
1565 3120 1651 3172 ιιι,
1677 3103 1811 3176 93)?

330 3196 385 3250 3.
417 3194 701 3250 Praetereo
732 3197 959 3263 cetera,
993 3192 1268 3264 quoniam
1319 3192 1441 3249 haec
1489 3192 1629 3249 satis
1660 3209 1788 3250 esse
1820 3192 1977 3250 arbi-

247 3290 401 3354 tror,
429 3284 649 3355 quibus
670 3283 1100 3339 demonstretur
1122 3290 1173 3339 et
1195 3282 1416 3353 aliquos
1446 3286 1683 3339 sanctos
1706 3283 1976 3355 quaedam

248 3392 439 3449 opera
470 3373 736 3429 miranda
766 3372 991 3441 fecisse,
1016 3388 1140 3444 qua:
1171 3390 1342 3430 nemo
1374 3373 1522 3431 alius
1548 3373 1701 3431 fecit.
1730 3373 1840 3430 Sed
1879 3373 1977 3444 qui

251 3471 380 3523 tam
435 3464 625 3519 multa
656 3463 793 3520 vitia
822 3467 881 3520 et
926 3462 1107 3520 malas
1138 3463 1501 3521 valetudines
1533 3463 1978 3536 vexationesque

256 3554 608 3611 mortalium
635 3558 788 3610 tanta
817 3559 1100 3627 potestate
1128 3559 1385 3624 sanaret,
1410 3555 1609 3613 nullus
1639 3555 1877 3613 omnino
1897 3555 1979 3611 le-

256 3646 425 3715 gitur
456 3645 853 3714 antiquorum.
886 3644 960 3701 Ut
990 3644 1145 3701 enim
1178 3650 1484 3703 taceantur
1514 3663 1661 3718 quos
1694 3645 1978 3717 jubendo,

259 3734 424 3789 sicut
446 3733 853 3804 occurrebant,
880 3733 1066 3790 salvos
1086 3733 1347 3805 singulos
1368 3736 1531 3805 fecit;
1557 3735 1786 3791 Marcus
1806 3751 1981 3791 evan-

246 3823 469 3895 gelista
500 3825 757 3895 quodam
790 3824 913 3881 loco
944 3824 1059 3881 ait:
1100 3826 1319 3895 Vespere
1347 3830 1531 3881 autem
1560 3828 1703 3896 facta
1734 3842 1858 3881 cum
1888 3841 1984 3882 oe-

248 3913 481 3969 cidisset
498 3913 595 3980 sol,
610 3914 991 3985 a/Ierebantad
1004 3931 1127 3970 eum
1150 3930 1331 3971 omnes
1356 3915 1496 3971 male
1518 3915 1794 3984 habentes,
1809 3919 1860 3972 et
1873 3915 1985 3971 dae-

244 4006 439 4060 mom‘a
452 4004 783 4065 habentes;et
795 4009 911 4060 erat
924 4004 1101 4061 omnis
1114 4007 1306 4062 civitas
1318 4006 1389 4061 ad
1390 4007 1627 4078 januam
1639 4015 1985 4079 congregata:

252 4102 309 4153 et
325 4097 541 4151 curavit
556 4096 757 4152 multos
768 4096 866 4168 qui
879 4096 1227 4155 vexabantur
1240 4100 1414 4153 variis
1428 4098 1982 4168 languoribus,etdae-

244 4183 447 4240 monia
464 4186 636 4240 multa
650 4185 700 4256 ej
708 4186 909 4241 ieiebat
926 4185 1373 4259 (Marc.i,3'2-31i),
1386 4187 1443 4243 Id
1458 4193 1654 4244 autem
1669 4204 1803 4244 cum
1819 4204 1973 4244 com-

248 4280 639 4329 memorasset
673 4272 1005 4342 Matthaeus,
1036 4274 1209 4330 etiam
1242 4275 1644 4331 testimonium
1676 4275 1975 4348 propheti-

249 4378 389 4418 cum
416 4361 637 4417 addidit
658 4363 853 4419 dicens
874 4379 885 4417 :
909 4364 969 4420 Ut
992 4364 1385 4435 adimpleretur
1404 4364 1546 4435 quod
1567 4365 1771 4420 dictum
1788 4375 1864 4421 est
1878 4380 1977 4436 per

251 4452 463 4507 Isaiam
504 4452 836 4525 prophetam
885 4453 1171 4522 dicentem,
1210 4456 1329 4523 Ipse
1366 4455 1716 4525 inﬁrmitates
1754 4461 1975 4511 nostra:

252 4544 485 4615 accepit,
516 4550 568 4599 et
615 4544 972 4613 aegritudines
1018 4549 1254 4617 portavit
1284 4547 1493 4617 (Matth.
1528 4564 1649 4617 vui,
1687 4547 1797 4619 17).
1831 4549 1977 4605 Item

257 4634 376 4689 alio
406 4632 532 4690 loco
563 4633 701 4689 dicit
731 4636 962 4691 Marcus
994 4652 1008 4691 :
1044 4637 1109 4690 Et
1141 4652 1482 4709 quocumque
1515 4636 1777 4694 introibat
1806 4637 1865 4692 in
1892 4639 1977 4693 vi-

259 4740 371 4792 cos,
404 4723 487 4779 vet
518 4725 575 4778 in
603 4722 791 4795 villas,
823 4730 920 4780 aut
968 4724 1027 4781 in
1071 4728 1338 4793 civitates,
1372 4730 1432 4781 in
1472 4728 1668 4798 plateis
1699 4728 1980 4800 ponebant

260 4814 541 4885 inﬁrmos,
573 4816 624 4869 et
653 4814 1083 4886 deprecabantur
1111 4832 1235 4873 eum
1268 4822 1328 4871 ut
1374 4816 1458 4873 vel
1503 4816 1783 4887 ﬁmbriam
1816 4817 1979 4875 vesti-

260 4903 439 4956 menti
467 4901 589 4971 ejus
619 4908 940 4971 tangerent:
966 4911 1013 4960 et
1044 4908 1301 4977 quotquot
1330 4905 1625 4977 tangebant
1654 4921 1799 4975 eum,
1833 4904 1984 4963 salvi

260 4991 467 5061 ﬁebant
499 4991 687 5061 (Marc.
720 5010 799 5061 v1,
829 4995 941 5065 56).
987 4995 1115 5051 llaec
1166 5011 1335 5051 nemo
1385 4994 1533 5051 alius
1583 4996 1718 5053 fecit
1764 4997 1823 5053 in
1874 4997 1980 5053 eis.

259 5081 361 5138 Sic
392 5080 549 5137 enim
583 5080 1037 5156 intelligendum
1069 5091 1155 5141 est
1186 5084 1341 5157 quod
1363 5084 1461 5153 ait,
1487 5082 1545 5141 in
1568 5084 1669 5157 eis,
1694 5103 1807 5143 non
1834 5087 1984 5143 inter

258 5186 360 5227 eos
381 5171 468 5227 vel
493 5187 687 5227 coram
714 5172 826 5243 eis;
852 5174 951 5229 sed
978 5190 1219 5245 prorsus
1245 5177 1301 5229 in
1322 5176 1419 5244 eis,
1444 5175 1579 5247 quia
1609 5174 1832 5232 sanavit
1859 5191 1980 5232 eos.

260 5262 393 5319 Hice
423 5262 641 5334 quippe
673 5262 918 5336 intelligi
949 5264 1128 5321 vetuit
1158 5282 1283 5337 qua:
1335 5282 1451 5322 non
1502 5266 1691 5323 solum
1726 5266 1984 5323 facerent

258 5352 737 5422 admirationem,
770 5370 969 5410 verum
1015 5355 1190 5411 etiam
1244 5356 1607 5413 manifestam
1654 5356 1983 5413 conferrent

258 5440 545 5509 salutem;
580 5459 685 5514 pro
718 5443 934 5515 quibus
966 5445 1264 5502 beneficiis
1313 5446 1511 5517 utique
1559 5462 1839 5516 amorem,
1867 5462 1981 5505 non

262 5532 462 5589 odium
514 5534 838 5592 retribuere
886 5536 1234 5594 debuerunt.
1285 5537 1494 5594 Omnia
1541 5538 1779 5609 quidem
1815 5546 1984 5596 caste-

268 5638 469 5683 rerum
530 5623 817 5685 miracula
869 5632 1126 5715 superat,
1184 5628 1336 5701 quod
1395 5630 1481 5688 est
1534 5632 1705 5688 natus
1748 5645 1817 5688 ex
1861 5629 1984 5689 vir-

1454 270 1916 335 TBACTA'I‘US
1959 268 2134 331 XCII.
2183 270 2443 338 CAPUT
2484 276 2613 337 XV.

3637 292 3790 351 1862

2089 404 2244 473 gine,
2282 406 2597 479 matrisque
2627 409 3019 481 integritatem
3050 413 3213 469 solus
3243 418 3431 486 potuit
3460 434 3566 476 nec
3596 438 3793 479 conce-

2090 497 2221 562 ptus
2243 493 2452 551 violare
2474 512 2578 552 nec
2604 502 2815 555 natus:
2844 500 2942 555 sed
2977 500 3086 557 hoc
3117 519 3221 558 nec
3245 520 3435 561 coram
3459 506 3539 563 eis
3570 510 3787 568 factum

2088 587 2198 649 est,
2224 600 2325 639 nec
2352 584 2409 641 in
2433 586 2536 642 cis.
2564 589 2646 643 Ad
2679 592 3136 660 cognoscendam
3169 594 3385 666 quippe
3416 596 3586 667 hujus
3620 602 3793 656 mira-

2088 671 2199 727 culi
2233 674 2552 742 veritatem,
2585 694 2698 733 non
2740 681 3039 737 communi
3087 699 3211 737 cum
3264 684 3347 739 eis
3397 696 3655 758 aspectu,
3689 691 3791 745 sed

2085 762 2333 820 discreto
2391 766 2463 821 ab
2521 766 2603 823 eis
2664 769 3016 841 discipulatu
3067 775 3325 845 Apostoli
3386 784 3789 847 pervenerunt.

2085 853 2353 911 Jamvero
2386 855 2526 911 illud
2558 859 2711 928 quod
2733 858 2822 914 die
2845 861 3012 915 tertia
3044 862 3102 917 in
3135 880 3308 920 carne
3339 865 3396 921 in
3424 883 3541 938 qua
3563 870 3790 925 occisus

2086 942 2289 1011 fuerat,
2332 942 2401 998 de
2441 946 2707 1017 sepulcro
2748 964 2809 1003 se
2846 948 3100 1005 reddidit
3136 952 3354 1020 vivum,
3397 959 3452 1010 et
3490 973 3789 1028 nunquam

2086 1033 2297 1088 deinde
2323 1034 2641 1091 moriturus
2664 1051 2799 1093 cum
2823 1036 2922 1093 illa
2943 1040 3202 1095 ascendit
3225 1042 3281 1096 in
3307 1044 3535 1112 coelum,
3557 1055 3793 1118 superat

2087 1124 2261 1179 etiam
2294 1129 2505 1181 cuncta
2537 1143 2665 1196 quae
2698 1127 2830 1183 fecit
2860 1144 2875 1184 :
2909 1131 3009 1185 sed
3063 1147 3250 1204 neque
3295 1132 3404 1189 hoc
3452 1135 3669 1192 factum
3704 1145 3792 1194 est

2086 1212 2145 1267 in
2176 1212 2413 1279 Judaeis,
2452 1230 2635 1285 neque
2663 1232 2853 1272 coram
2887 1218 3005 1289 eis;
3038 1224 3095 1274 et
3125 1222 3381 1276 nondum
3416 1223 3523 1278 hoc
3555 1224 3786 1295 fecerat,

2085 1302 2313 1373 quando
2336 1303 2585 1371 dicebat,
2607 1306 2669 1361 Si
2691 1322 2855 1377 Opera
2885 1323 2989 1363 non
3011 1309 3255 1379 fecissem
3280 1313 3337 1366 in
3356 1314 3454 1381 eis,
3482 1330 3601 1385 quae
3632 1331 3788 1372 nemo

2083 1393 2230 1451 alius
2258 1394 2411 1463 fecit.

2156 1482 2207 1536 4.
2245 1482 2533 1539 Nimirum
2566 1499 2700 1556 ergo
2732 1488 2873 1541 sunt
2900 1484 3001 1542 illa
3031 1501 3156 1558 quae
3189 1487 3245 1544 in
3278 1505 3477 1547 eorum
3511 1492 3790 1550 valetudi-

2084 1572 2260 1629 nibus
2292 1576 2453 1628 tanta
2487 1573 2764 1631 miracula
2792 1573 2999 1631 salutis
3032 1576 3305 1646 ostendit,
3327 1584 3547 1649 quanta
3581 1582 3637 1636 in
3672 1583 3788 1638 illis

2083 1671 2249 1718 antea
2297 1679 2464 1718 nemo
2498 1663 2729 1719 donavit
2765 1680 2777 1720 :
2816 1664 2931 1719 haec
2962 1665 3116 1720 enim
3150 1667 3443 1738 viderunt,
3477 1674 3532 1724 et
3564 1669 3671 1727 hoc
3702 1672 3786 1727 eis

2081 1753 2435 1822 exprobrans
2467 1754 2755 1825 adjungit,
2777 1762 2827 1809 et
2858 1754 3017 1825 dicit,
3042 1758 3194 1812 Nunc
3222 1762 3409 1813 autem
3437 1769 3489 1815 et
3512 1760 3787 1828 viderunt,

2081 1846 2130 1897 et
2161 1844 2390 1897 oderunt
2420 1851 2469 1898 et
2501 1860 2587 1899 me
2615 1850 2667 1900 et
2698 1845 2913 1899 Patrem
2946 1862 3122 1902 meum
3149 1863 3166 1901 :
3198 1849 3293 1902 sed
3322 1852 3384 1902 ut
3415 1848 3788 1921 adimpteatur

2080 1947 2251 1988 sermo
2279 1933 2373 2003 qui
2398 1932 2455 1987 in
2488 1934 2632 2006 Lege
2661 1950 2847 1989 eorum
2876 1937 3110 2007 scriptus
3140 1946 3239 2007 est,
3266 1938 3403 2005 Quia
3426 1939 3545 1994 odio
3576 1940 3784 1996 habue-

2080 2033 2211 2078 runt
2242 2039 2327 2079 me
2353 2025 2556 2094 gratis.
2592 2025 2800 2080 Eorum
2845 2030 3047 2097 Legem
3082 2026 3243 2096 dicit,
3275 2044 3389 2083 non
3421 2029 3492 2083 ab
3524 2030 3666 2101 ipsis
3697 2030 3788 2084 in-

2080 2116 2331 2183 ventam,
2366 2114 2465 2169 sed
2496 2113 2642 2185 ipsis
2674 2114 2869 2170 datam
2905 2130 2917 2169 :
2953 2116 3102 2171 sicut
3148 2117 3424 2186 dicimus,
3456 2119 3663 2174 Panem
3694 2112 3789 2175 uo4

2079 2207 2256 2258 stram
2287 2202 2707 2274 quotidianum;
2738 2220 2909 2275 quem
2946 2209 3141 2261 tamen
3176 2222 3209 2260 a
3239 2205 3354 2263 Deo
3387 2211 3654 2277 petimus,
3680 2210 3786 2264 ad-

2080 2293 2289 2359 dendo,
2339 2292 2409 2348 da
2455 2292 2613 2347 nobis
2645 2293 2861 2365 (.tiatth.
2895 2294 3114 2365 v1,11).
3163 2294 3351 2351 Gratis
3400 2301 3594 2352 autem
3639 2298 3785 2367 odit,

2081 2380 2181 2453 qui
2213 2381 2443 2438 nullum
2464 2397 2529 2437 ex
2553 2381 2684 2438 odio
2707 2383 3074 2439 commodum
3101 2385 3327 2455 quaerit,
3351 2384 3438 2440 vel
3465 2385 3791 2442 incommo-

2081 2470 2224 2526 dum
2255 2470 2440 2542 fugit:
2467 2471 2549 2526 sic
2583 2471 2830 2526 oderunt
2860 2471 3174 2527 Dominum
3208 2472 3403 2545 impii;
3428 2472 3511 2530 sic
3531 2474 3787 2546 diligunt

2081 2559 2244 2631 justi,
2276 2558 2384 2615 hoc
2414 2564 2502 2616 est
2531 2561 2736 2632 gratis,
2770 2564 2833 2616 ut
2862 2560 2971 2617 alia
3001 2564 3205 2631 praeter
3234 2560 3399 2618 illum
3431 2579 3545 2618 non
3578 2580 3789 2635 exspe—

2081 2656 2239 2708 ctent
2284 2652 2457 2720 bona,
2488 2652 2762 2723 quoniam
2810 2652 2936 2721 ipse
2984 2652 3093 2707 erit
3140 2652 3200 2707 in
3250 2653 3522 2708 omnibus
3563 2654 3787 2710 omnia.

2082 2742 2358 2815 Quisquis
2404 2756 2540 2797 vero
2593 2741 2768 2797 altius
2790 2742 3100 2797 attenderit
3147 2741 3446 2797 Christum
3478 2742 3789 2810 dicentem,

2083 2832 2143 2887 Si
2168 2848 2330 2904 opera
2358 2848 2470 2886 non
2501 2830 2743 2904 fecissem
2776 2833 2830 2886 in
2863 2833 2957 2901 eis,
2991 2846 3117 2903 qua:
3147 2847 3302 2888 nemo
3331 2831 3480 2888 alius
3507 2835 3633 2904 fecit
3665 2833 3791 2904 (sed

2083 2922 2204 2978 haec
2227 2926 2277 2976 et
2303 2921 2352 2976 si
2375 2921 2543 2977 Pater
2564 2926 2662 2977 aut
2695 2921 2947 2992 Spiritus
2979 2926 3216 2977 sanctus
3248 2922 3402 2992 fecit,
3436 2938 3608 2979 nemo
3640 2923 3793 2979 alius

2085 3012 2241 3078 fecit,
2263 3010 2401 3082 quia
2433 3010 2614 3066 totius
2643 3010 2946 3066 Trinitatis
2980 3028 3096 3067 una
3127 3012 3462 3068 substantia
3481 3018 3610 3082 est),
3633 3013 3793 3069 inve-

2086 3102 2202 3158 niet
2228 3101 2420 3171 ipsum
2444 3100 2734 3166 fecissc,si
2758 3100 2991 3171 quando
3016 3101 3312 3172 quispiam
3347 3102 3447 3159 Dei
3482 3102 3657 3159 homo
3682 3103 3793 3160 tale

2087 3189 2306 3261 aliquid
2353 3189 2506 3244 fecit.
2540 3188 2734 3243 Potest
2765 3188 2981 3260 quippe
3012 3188 3070 3242 in
3101 3189 3294 3260 seipso
3328 3195 3536 3247 cuncta
3569 3208 3670 3263 per
3699 3208 3792 3247 se-

2086 3284 2313 3356 ipsum;
2349 3296 2518 3337 nemo
2565 3285 2761 3337 autem
2810 3282 3003 3352 potest
3052 3279 3269 3350 aliquid
3301 3280 3429 3336 sine
3458 3282 3601 3353 ipso.
3636 3284 3793 3337 Chri-

2087 3376 2212 3429 stus
2244 3386 2498 3442 namque
2530 3385 2663 3425 cum
2714 3371 2880 3425 Patre
2912 3372 2968 3424 et
3000 3367 3215 3440 Spiritu
3256 3372 3475 3436 sancto,
3507 3385 3621 3425 non
3656 3374 3794 3425 sunt

2088 3465 2206 3517 tres
2237 3460 2339 3528 dii,
2380 3460 2478 3516 sed
2524 3474 2670 3515 unus
2718 3458 2891 3527 Deus,
2925 3458 2995 3514 de
3025 3473 3132 3529 quo
3164 3457 3448 3529 scriptum
3483 3465 3586 3523 est,
3623 3460 3796 3515 Beric-

2089 3552 2265 3607 dictus
2296 3551 2556 3605 Dominus
2586 3550 2726 3604 Deus
2771 3548 2968 3617 Israet,
2999 3548 3096 3619 qui
3140 3546 3277 3619 facit
3319 3546 3603 3611 mirabilia
3652 3548 3798 3627 solus

2090 3642 2261 3715 (Psal.
2296 3657 2442 3708 LXXI,
2480 3640 2585 3711 18).
2621 3639 2799 3695 Nemo
2849 3653 2982 3709 ergo
3031 3636 3179 3693 alius
3234 3636 3367 3694 fecit
3415 3652 3799 3710 quaecumque

2090 3747 2266 3805 opera
2296 3731 2352 3785 in
2384 3730 2467 3785 eis
2499 3729 2666 3797 fecit;
2702 3728 2977 3801 quoniam
3008 3726 3277 3799 quisquis
3307 3726 3456 3782 alius
3486 3726 3659 3783 homo
3693 3727 3801 3783 ali-

2093 3823 2232 3893 quid
2264 3838 2464 3877 eorum
2497 3819 2647 3889 fecit,
2670 3819 2792 3889 ipso
2826 3818 3070 3876 faciente
3095 3818 3246 3875 fecit.
3274 3817 3401 3874 Haec
3425 3821 3616 3874 autem
3650 3818 3799 3890 ipse,

2095 3930 2209 3970 non
2245 3911 2361 3968 illis
2392 3909 2760 3979 facientibus,
2795 3909 2946 3966 fecit.

2624 4000 3043 4057 TRACTATUS
3101 3999 3287 4058 XCII.’

2094 4097 2155 4153 In
2180 4094 2300 4153 hsce
2322 4091 2663 4161 verba,Cum
2684 4094 2878 4147 autem
2902 4090 3124 4147 venerit
3146 4088 3477 4146 Paracletus
3501 4104 3671 4159 quem
3696 4103 3801 4159 ego

2153 4186 2384 4241 mittam
2410 4183 2572 4239 vobis
2589 4199 2620 4237 a
2636 4181 2820 4249 Patre,
2843 4180 3125 4253 Spiritum
3149 4178 3541 4252 vcritatis,ctc.
3563 4178 3691 4248 Cap.
3708 4193 3801 4243 xv,

2155 4275 2248 4344 ys».
2274 4273 2366 4342 26,
2398 4272 2489 4327 27.

2160 4365 2209 4419 1.
2243 4363 2517 4421 Dominus
2547 4362 2717 4419 Jesus
2749 4362 2811 4419 in
2843 4374 3112 4418 sermone
3141 4374 3318 4431 quem
3350 4357 3576 4414 locutus
3607 4358 3697 4412 est
3719 4355 3805 4412 di-

2087 4454 2329 4527 scipulis
2378 4453 2500 4510 suis
2547 4458 2681 4525 post
2726 4467 2978 4518 cccnam,
3009 4449 3310 4522 proximus
3358 4446 3637 4519 passioni,
3670 4449 3804 4501 tan-

2089 4560 2261 4617 quam
2313 4544 2499 4600 iturus
2547 4545 2604 4597 et
2650 4540 2961 4597 relicturus
3007 4555 3106 4595 eos
3160 4536 3468 4611 praesentia
3497 4534 3803 4605 corporali,

2091 4651 2221 4692 cum
2248 4634 2524 4690 omnibus
2544 4634 2738 4687 autem
2772 4631 2895 4687 suis
2928 4643 3115 4701 usque
3145 4628 3205 4683 in
3228 4625 3801 4683 consummationem

2091 4722 2286 4783 saeculi
2305 4724 2539 4780 futurus
2562 4719 2872 4794 praesentia
2900 4717 3215 4791 spirituali,
3239 4714 3572 4773 exhortatus
3595 4717 3683 4771 est
3703 4729 3802 4768 eos

2091 4818 2163 4874 ad
2198 4814 2570 4888 perferendas
2600 4809 3033 4883 persecutiones
3064 4808 3404 4881 impiorum,
3428 4822 3575 4877 quos
3601 4802 3805 4861 mundi

2093 4906 2329 4964 nomine
2379 4902 2736 4976 nuncupavit
2780 4918 2796 4961 :
2844 4918 2913 4957 ex
2962 4916 3076 4971 quo
3123 4902 3321 4955 tamen
3372 4895 3592 4951 mundo
3628 4893 3800 4949 etiam

2092 4996 2253 5069 ipsos
2301 4994 2620 5068 discipulos
2650 5010 2711 5050 se
2741 4991 2985 5065 elegisse
3031 4990 3195 5053 dixit,
3247 4994 3309 5043 ut
3357 4984 3576 5042 scirent
3607 4997 3667 5038 se
3699 4981 3804 5037 Dei

2093 5088 2280 5160 gratia
2309 5103 2437 5143 esse
2470 5085 2623 5158 quod
2655 5088 2816 5153 sunt,
2848 5083 2973 5138 suis
3015 5085 3211 5136 autem
3245 5075 3402 5131 vitiis
3437 5073 3618 5128 fuisse
3650 5070 3804 5141 quod

2094 5179 2347 5234 fuerunt.
2382 5175 2601 5233 Deinde
2652 5178 3049 5245 persecutores
3081 5175 3137 5225 et
3166 5182 3302 5223 suos
3335 5168 3391 5219 et
3421 5164 3680 5235 ipsorum
3715 5162 3809 5217 Ju-

2094 5268 2251 5323 daaos
2283 5265 2577 5321 evidenter
2605 5261 2911 5335 expressit,
2937 5263 3001 5314 ut
3029 5257 3267 5314 omnino
3301 5255 3599 5326 appareret
3628 5252 3802 5307 etiam

2096 5358 2256 5430 ipsos
2290 5354 2492 5411 mundi
2523 5351 2873 5411 damnabilis
2901 5347 3285 5421 appellatione
3328 5343 3648 5407 conclusos,
3701 5340 3802 5415 qui

2095 5446 2468 5521 persequitur
2510 5444 2805 5500 sanctos‘.
2840 5442 3089 5509 Cumque
3136 5438 3205 5493 de
3252 5436 3369 5491 illis
3398 5434 3609 5490 diceret
3644 5433 3800 5505 quod

2095 5539 2436 5611 ignorarent
2463 5552 2599 5592 eum
2630 5551 2664 5591 a
2693 5550 2804 5605 quo
2836 5530 3056 5587 missus
3086 5533 3194 5597 est,
3222 5532 3280 5584 et
3310 5532 3505 5585 tamen
3537 5524 3802 5585 odissent

2160 5640 2179 5683 ι
2215 5637 2461 5701 Quinque
2491 5636 2638 5698 Mss,
2663 5632 2758 5699 qui
2786 5632 3173 5698 persequuntur
3198 5635 3417 5679 sanctos.
