4148 6190
344 290 498 354 1863

343 438 399 487 et
431 434 634 488 Filium
668 435 724 487 et
752 431 1003 496 Patrem,
1032 426 1141 482 hoc
1168 428 1276 492 est,
1300 427 1356 479 et
1385 439 1518 478 eum
1552 420 1651 493 qui
1684 420 1903 476 missus
1934 424 2040 483 est,

348 529 405 577 et
437 541 565 578 eum
604 539 632 575 τι
668 538 779 593 quo
812 519 1023 575 missus
1052 522 1159 584 est,
1185 518 1253 571 de
1276 515 1490 586 quibus
1520 512 1795 568 omnibus
1827 511 1886 565 in
1916 508 2048 564 aliis

348 613 851 682 sermonibusjam
876 609 1294 673 disseruimus;
1322 606 1391 660 ad
1417 609 1521 660 hoc
1546 602 1803 675 pervenit
1827 599 1924 655 ubi
1948 599 2047 663 ait,

352 705 411 759 Ut
443 704 810 773 adtmpteatm'
856 714 1031 756 sermo
1060 700 1157 770 qui
1186 697 1245 751 in
1276 698 1408 766 Lege
1456 710 1641 749 eorum
1687 693 1923 763 scriptus
1951 697 2048 755 est,

349 794 483 859 Quia
515 792 637 847 odio
670 790 979 845 habuerunt
1010 804 1094 843 me
1122 786 1318 857 gratis.
1350 782 1567 839 Deinde
1606 787 1889 852 tanquam
1921 794 2052 834 cou-

350 886 653 952 sequenter
696 879 983 950 adjunxit,
1035 877 1189 932 unde
1230 875 1402 931 modo
1442 874 1739 943 disputare
1785 867 2052 939 suscepi-

351 987 476 1026 mus
503 988 513 1025 :
542 993 567 1019 α
595 974 732 1024 (:um
759 973 951 1024 autem
976 967 1195 1022 venerit
1222 964 1557 1021 Paracletus
1589 977 1759 1033 quem
1784 975 1888 1029 ego
1921 957 2053 1013 mit-

352 1066 469 1115 tam
504 1060 662 1115 vobis
695 1077 727 1114 a
758 1060 939 1124 Patre,
964 1056 1244 1127 Spiritum
1276 1053 1537 1111 veritatis
1558 1052 1651 1123 qui
1677 1069 1705 1107 a
1731 1052 1892 1106 Patre
1921 1064 2053 1120 pro-

353 1150 522 1212 cedit,
549 1149 643 1205 ille
676 1148 1077 1205 testimonium
1111 1144 1439 1219 perhibebit
1459 1146 1527 1200 de
1551 1160 1671 1211 me;
1696 1148 1753 1198 et
1773 1156 1872 1197 vos
1894 1138 2058 1195 testi-

356 1242 616 1300 monium
671 1238 1071 1312 perhibebitis,
1108 1236 1243 1308 quia
1274 1236 1345 1291 ab
1377 1235 1544 1291 initio
1588 1248 1816 1289 mecum
1848 1229 2056 1286 estis.»

352 1334 497 1400 Quid
533 1332 639 1387 hoc
675 1329 921 1402 pertinet
951 1329 1020 1384 ad
1054 1326 1194 1382 illud
1232 1325 1385 1397 quod
1420 1325 1663 1390 dixerat,
1698 1345 1725 1371 «
1757 1319 1923 1375 Nunc
1953 1335 2058 1375 au-

355 1428 467 1477 tem
502 1428 558 1476 et
589 1421 875 1485 viderunt,
903 1422 958 1472 et
989 1416 1238 1471 oderunt
1267 1418 1319 1469 et
1354 1429 1445 1469 me
1476 1416 1532 1467 et
1564 1416 1791 1467 Patrem
1837 1424 2057 1465 meum:

355 1512 452 1568 sed
486 1517 549 1564 ut
579 1509 880 1580 impleatur
933 1522 1119 1561 sermo
1153 1504 1251 1575 qui
1285 1504 1341 1559 in
1374 1506 1521 1573 Lege
1555 1515 1757 1557 eorum
1808 1498 2063 1569 scriptus

358 1606 466 1667 est,
498 1600 641 1664 Quia
674 1597 801 1652 odio
835 1597 1161 1651 habuerunt
1196 1610 1285 1649 me
1317 1593 1536 1665 gratis?
1559 1614 1585 1640 ››
1621 1597 1703 1647 An
1731 1590 1864 1661 quia
1895 1594 2065 1644 Para-

361 1692 544 1747 cletus
595 1689 826 1759 quando
859 1686 1033 1751 venit,
1066 1684 1311 1756 Spiritus
1344 1682 1625 1750 veritatis,
1651 1697 1749 1737 eos
1781 1680 1882 1751 qui
1912 1679 2067 1733 vide-

365 1776 1196 1842 runtetodcrunt,testimonio
1221 1772 1617 1828 manifestiora
1640 1769 1925 1826 convicit?
1947 1768 2067 1823 lmo

366 1887 492 1924 vero
520 1869 691 1923 etia'u
724 1868 951 1937 aliquos
982 1882 1048 1920 ex
1078 1864 1197 1919 illis
1228 1863 1328 1934 qui
1360 1863 1652 1927 viderunt,
1676 1865 1732 1916 et
1754 1859 1944 1915 adhuc
1966 1858 2070 1911 od-

363 1958 634 2026 erant,ad
660 1959 832 2012 tidem
852 1972 975 2026 qua:
1001 1971 1101 2026 per
1126 1954 1493 2009 dilectionem
1518 1950 2068 2024 operatur(Calat.v,

359 2049 532 2117 6),sui
551 2046 1020 2104 manifestatione
1036 2044 1462 2099 convertit.IIoc
1479 2042 2071 2111 utitaintelligamus,

363 2141 443 2195 ita
468 2140 683 2193 factum
708 2153 836 2194 esse
870 2136 1203 2192 recolimus.
1224 2134 1389 2189 Venit
1411 2135 1563 2189 enim
1590 2132 1682 2187 die
1704 2133 2073 2188 Pentecostes

366 2228 616 2301 Spiritus
649 2231 887 2283 sanctus
909 2225 969 2282 in
992 2229 1222 2281 centum
1249 2223 1447 2297 viginti
1472 2223 1738 2280 homines
1761 2238 2075 2294 congrega-

370 2324 478 2389 tos,
504 2320 559 2375 in
586 2319 800 2391 quibus
826 2316 1155 2389 etApostoli
1189 2332 1389 2372 omnes
1420 2319 1605 2384 erant,
1631 2314 1727 2384 qui
1761 2314 1859 2370 illo
1890 2314 2077 2369 adim-

372 2409 509 2481 pleti
533 2426 665 2465 cum
700 2408 915 2480 linguis
938 2407 1202 2463 omnium
1235 2405 1495 2478 gentium
1527 2404 1925 2475 loquerentur,
1953 2403 2077 2475 plu-

370 2518 458 2557 res
507 2517 574 2555 ex
624 2500 716 2554 his
766 2499 861 2569 qui
914 2498 1155 2552 oderant
1190 2499 1228 2565 ί,
1263 2500 1426 2550 tanto
1459 2492 1739 2549 miraculo
1770 2493 2076 2564 stupefacti

370 2588 829 2663 (quadoquidem
854 2587 1119 2640 viderunt
1149 2584 1421 2655 loquente
1453 2583 1617 2639 Petro
1644 2588 1763 2637 tam
1799 2598 2077 2651 maguum

372 2684 545 2746 atque
575 2677 833 2729 divinum
872 2673 1274 2729 testimonium
1313 2671 1601 2741 perhiberi
1635 2671 1706 2725 de
1734 2670 1983 2734 Christo,
2018 2675 2082 2725 ut

373 2765 469 2820 ille
501 2764 601 2835 qui
632 2764 854 2818 occisus
887 2763 957 2815 ab
988 2762 1073 2816 eis
1104 2762 1251 2816 inter
1272 2765 1531 2815 mortuos
1550 2760 1958 2830 deputabatur,
1992 2775 2079 2814 re-

376 2854 698 2910 surrexisse
747 2856 802 2907 et
851 2852 1035 2906 vivere
1084 2850 1465 2920 probaretur),
1515 2848 1848 2919 compuncti
1912 2850 2083 2903 corde

378 2944 635 3001 conversi
670 2951 835 3010 sunt;
859 2946 916 2996 et
938 2940 1080 2996 tanti
1113 2939 1418 3011 sanguinis
1440 2942 1558 2992 tam
1581 2938 1758 3010 impie
1777 2946 1948 3010 atque
1974 2940 2081 2992 im-

382 3033 627 3089 maniter
660 3033 773 3087 fusi
806 3030 1227 3101 indulgentiam
1262 3035 1659 3101 perceperunt,
1691 3029 1814 3101 ipso
1848 3029 2080 3083 redem-

381 3124 460 3195 pti
491 3124 773 3195 sanguine
804 3137 975 3193 quem
1009 3121 1283 3176 fuderunt
1310 3120 1460 3191 (Act.
1495 3135 1557 3189 tt,
1584 3124 1657 3189 2).
1684 3118 1891 3174 Christi
1926 3120 2081 3174 enim

380 3214 620 3286 sanguis
653 3214 734 3267 sic
767 3213 822 3266 in
858 3211 1259 3268 remissionem
1295 3219 1656 3281 peccatorum
1691 3211 1954 3267 omnium
1988 3209 2085 3265 fu-

381 3321 480 3361 sus
512 3308 619 3370 est,
656 3308 713 3358 ut
747 3304 935 3374 ipsum
966 3301 1137 3357 etiam
1187 3310 1484 3372 peccatum
1526 3306 1720 3371 posset
1749 3301 1939 3356 delere
1970 3318 2083 3371 quo

382 3395 543 3449 fusus
586 3398 692 3448 est.
729 3392 843 3447 Hoc
894 3408 1026 3461 ergo
1072 3391 1309 3447 intuens
1354 3390 1637 3446 Dominus
1668 3390 1918 3455 dicebat,
1948 3391 2085 3447 ()dio

385 3484 702 3538 habuerunt
734 3498 815 3538 me
844 3482 1017 3551 gratis
1050 3498 1069 3535 :
1099 3497 1224 3536 cum
1263 3487 1449 3535 autem
1487 3479 1698 3534 venerit
1738 3482 2083 3549 Paracletus,

385 3570 481 3629 t'te
520 3571 889 3629 testimonium
923 3569 1227 3642 perhibebit
1266 3569 1331 3625 de
1369 3584 1456 3624 me
1484 3586 1503 3624 :
1534 3575 1808 3639 tanquam
1849 3569 2085 3639 diceret,

390 3665 532 3719 ()diu
567 3679 654 3719 me
685 3663 1038 3725 habuerunt,
1070 3666 1125 3716 et
1156 3660 1493 3716 occiderunt
1521 3660 1806 3729 videntes;
1840 3661 1941 3715 sed
1975 3664 2089 3717 tale

386 3755 454 3808 de
490 3770 576 3808 me
612 3752 941 3807 Paracletus
975 3751 1373 3807 testimonium
1408 3750 1752 3822 perhibebit,
1790 3756 1851 3806 ut
1880 3768 1979 3807 eos
2010 3752 2094 3807 fa-

390 3841 502 3895 ciat
533 3842 591 3893 in
624 3857 717 3894 mc
748 3841 978 3895 credere
1010 3856 1123 3894 non
1155 3840 1433 3894 videntes.

458 3932 513 3983 2.
548 3932 609 3984 Et
638 3947 749 3998 vos,
782 3931 989 4000 inquit,
1041 3930 1413 3986 testimonium
1460 3932 1830 4001 perhibebitis,
1864 3936 1994 4006 quia
2023 3935 2093 3990 ab

393 4021 548 4074 initio
574 4034 784 4074 mecum
813 4021 959 4074 estis.
986 4018 1321 4074 Perhibebit
1349 4020 1592 4089 Spiritus
1624 4028 1878 4090 sanctus,
1905 4024 2098 4094 perhi-

388 4108 599 4162 bebitis
629 4111 687 4163 et
718 4124 832 4163 vos.
868 4106 1013 4173 Quia
1042 4107 1199 4163 enim
1231 4108 1301 4162 ab
1333 4108 1499 4163 initio
1534 4125 1762 4165 mecum
1795 4112 1959 4181 estis,
1993 4129 2095 4184 po-

391 4199 555 4256 testis
589 4199 898 4272 praadicare
930 4199 1083 4269 quod
1116 4197 1300 4254 nostis
1331 4214 1345 4255 :
1380 4201 1531 4269 quod
1565 4208 1623 4255 ut
1658 4202 1827 4256 modo
1860 4218 1969 4257 non
2005 4204 2089 4258 fa-

388 4291 572 4355 cialis,
608 4290 767 4345 illius
799 4289 1048 4360 Spiritus
1087 4287 1387 4359 plenitudo
1420 4290 1678 4345 nondum
1712 4291 1877 4345 adest
1906 4292 2087 4348 vobis.

390 4382 487 4435 Ille
513 4396 642 4450 ergo
668 4378 1038 4435 testimonium
1060 4376 1366 4449 perhibebit
1385 4378 1456 4434 de
1474 4394 1575 4446 me,
1590 4384 1638 4434 et
1670 4395 1758 4435 vos
1784 4380 2093 4451 perhibebi-

391 4474 458 4525 tis
490 4488 507 4527 :
539 4470 701 4525 dabit
732 4469 884 4523 enim
935 4468 1097 4524 vobis
1146 4468 1422 4525 ﬁduciam
1472 4470 1866 4525 testimonium
1900 4470 2094 4540 perhi-

392 4561 561 4617 bendi
588 4560 839 4615 charitas
863 4559 961 4615 Dei
987 4559 1195 4614 diffusa
1218 4561 1273 4615 in
1298 4559 1573 4616 cordibus
1598 4559 1804 4616 vestris
1835 4576 1934 4631 per
1962 4560 2094 4630 Spi-

394 4652 567 4705 ritum
625 4655 891 4705 sanctum
943 4651 1039 4722 qui
1092 4649 1324 4706 dabitur
1367 4648 1528 4706 vobis
1557 4652 1729 4719 (Rom.
1763 4666 1816 4718 ν,
1848 4651 1925 4722 5).
1959 4652 2096 4718 Quae

397 4742 598 4809 utique
630 4740 792 4794 Petro
826 4740 1019 4794 adhuc
1050 4740 1252 4810 defuit,
1286 4742 1516 4810 quando
1567 4741 1824 4796 mulieris
1875 4741 2097 4797 ancillae

395 4828 844 4898 interrogatione
876 4830 1237 4898 perterritus,
1262 4847 1375 4883 non
1411 4829 1596 4899 potuit
1616 4847 1814 4885 verum
1840 4832 2099 4887 testimo-

398 4920 557 4973 nium
594 4916 922 4989 pcrhibere;
957 4918 1057 4972 sed
1088 4922 1289 4972 contra
1321 4918 1487 4973 suam
1521 4918 1996 4989 pollicitationem
2026 4922 2098 4976 ti-

398 5024 556 5063 more
604 5021 815 5076 magno
862 5005 1198 5077 compulsus
1230 5009 1317 5061 est
1348 5011 1430 5061 ter
1461 5021 1671 5077 negare
1701 5007 1914 5076 (Matth.
1945 5026 2099 5076 xxvx,

400 5099 611 5169 69-74).
646 5096 844 5152 Timor
893 5099 1086 5152 autem
1137 5097 1242 5151 iste
1285 5111 1397 5149 non
1438 5098 1526 5150 est
1566 5094 1623 5149 in
1665 5095 1962 5163 charitate,
2003 5101 2101 5153 sed

400 5189 647 5258 perfecta
678 5186 929 5243 charitas
966 5186 1115 5241 foras
1148 5185 1324 5240 mittit
1352 5183 1617 5240 timorem
1643 5184 1683 5255 (l
1703 5188 1866 5242 Joan.
1890 5203 1967 5253 IV,
1994 5188 2102 5260 18),

399 5276 659 5348 Denique
691 5281 824 5332 ante
858 5276 1191 5349 passionem
1235 5273 1490 5343 Domini,
1522 5273 1743 5329 servilis
1776 5274 1951 5332 timor
1979 5278 2105 5347 ejus

404 5365 788 5436 interrogatus
816 5370 905 5421 est
926 5383 959 5421 a
980 5366 1193 5422 femina
1224 5363 1546 5432 servitutis;
1581 5371 1709 5435 post
1740 5368 2106 5424 resurrectio-

407 5467 539 5506 nem
568 5468 699 5509 vero
728 5454 955 5510 Domini
985 5454 1243 5511 liberalis
1264 5455 1393 5526 ejus
1415 5468 1578 5509 amor
1596 5452 1666 5508 ab
1690 5453 1817 5524 ipso
1838 5454 2107 5529 Principe

405 5541 692 5598 libertatis
721 5545 897 5615 (Joan.
934 5563 1045 5612 xxx,
1082 5547 1168 5617 15)
1203 5562 1214 5601 :
1250 5552 1303 5601 et
1334 5545 1464 5602 ideo
1495 5543 1574 5600 ibi
1608 5545 1979 5618 turbabatur,
2014 5548 2107 5605 hic

470 5642 486 5676 ¹
516 5638 662 5695 Mse.,
695 5640 889 5690 aderan
905 5648 941 5692 ε.

1291 287 1366 346 ΙΝ
1412 283 1733 357 JOANNIS
1779 278 2302 353 EVANGELIUM,
2350 280 2413 341 S.
2462 281 2885 346 AUGUS'I‘INI

3703 285 3856 349 1864

2157 418 2669 490 tranquillabatur;
2694 420 2772 477 ibi
2798 438 2969 493 quem
2994 420 3275 478 dilexerat
3297 422 3860 495 negabat,hiequem

2163 514 2466 579 negaverat
2496 511 2784 582 diligebat.
2810 514 2920 568 Sed
2952 513 3141 570 adhuc
3170 514 3342 569 etiam
3378 518 3517 570 tunc
3548 531 3713 570 amor
3743 514 3867 585 ipse

2160 599 2431 655 infirmus
2462 601 2649 657 fuerat
2679 608 2735 659 et
2764 609 3072 673 angustus.
3104 604 3285 660 donec
3320 620 3451 660 eum
3485 606 3787 661 roboraret
3817 608 3872 659 et

2162 690 2431 745 dilataret
2480 692 2732 762 Spiritus
2782 698 3043 750 sanctus.
3094 694 3202 757 Qui
3254 700 3635 765 posteaquam
3671 694 3756 748 illi
3786 697 3875 747 est

2162 780 2520 835 abundantia
2551 782 2749 852 gratim
2782 782 3047 854 largioris
3078 784 3331 851 infusus,
3356 784 3439 839 sic
3461 785 3531 839 ad
3558 783 3869 854 perhiben-

2163 869 2303 925 dum
2336 870 2407 926 de
2437 871 2663 928 Christo
2696 873 3091 929 testimonium
3124 874 3419 944 quondam
3442 875 3567 945 ejus
3597 873 3871 943 frigidum

2165 964 2367 1031 pectus
2398 962 2678 1028 accendit,
2713 966 2888 1035 atque
2919 963 3018 1019 illa
3050 964 3212 1035 prius
3242 964 3467 1035 trepida
3499 979 3626 1034 quae
3659 962 3872 1017 verita-

2166 1054 2283 1105 tem
2334 1057 2802 1123 suppresserant,
2834 1069 2937 1109 ora
2985 1054 3281 1120 rsseravit,
3316 1057 3380 1108 ut
3410 1069 3543 1108 cum
3575 1067 3779 1107 omnes
3813 1049 3875 1106 in

2170 1155 2314 1210 quos
2346 1145 2580 1197 venerat
2610 1141 2857 1212 Spiritus
2893 1149 3153 1213 sanctus,
3186 1142 3403 1215 linguis
3436 1142 3700 1198 omnium
3733 1156 3877 1213 gen-

2172 1228 2319 1284 tium
2346 1227 2740 1302 loquerentur,
2764 1230 3098 1289 Judaeorum
3130 1232 3643 1289 circumstantibus
3668 1229 3882 1296 turbis,

2172 1318 2334 1374 solus
2364 1319 2433 1374 ad
2468 1320 2863 1377 testimonium
2911 1322 2980 1377 de
3028 1321 3253 1378 Christo
3304 1321 3726 1394 perbibendum
3767 1337 3885 1392 pra:

2174 1407 2392 1463 ceteris
2424 1409 2753 1481 promptius
2778 1410 3079 1481 emicaret,
3107 1412 3351 1483 ejusque
3383 1411 3783 1467 interfectores
3816 1412 3887 1467 de

2176 1497 2333 1554 illius
2380 1500 2805 1555 resurrectione
2852 1500 3252 1557 confunderet.
3305 1500 3363 1555 Si
3412 1516 3586 1572 quem
3636 1500 3890 1557 delectat

2175 1592 2293 1644 tam
2310 1588 2563 1645 suaviter
2584 1594 2851 1646 sanctum
2872 1591 3015 1646 ‘tale
3039 1590 3434 1660 spectaculum
3459 1590 3887 1658 intueri,Actus

2176 1678 2577 1749 Apostolorum
2627 1678 2779 1751 legat
2826 1680 2962 1751 (Act.
3011 1680 3189 1753 n-v):
3231 1680 3310 1735 ibi
3358 1680 3597 1737 beatum
3649 1681 3885 1736 Petrum

2179 1782 2353 1838 quem
2404 1772 2709 1839 negantem
2742 1768 3022 1839 doluerat,
3071 1774 3302 1840 stupent
3335 1771 3773 1841 pradicantem;
3806 1771 3897 1825 ibi

2178 1859 2437 1930 linguam
2472 1857 2633 1913 illam
2665 1858 2855 1915 videat
2885 1859 2955 1914 ad
2986 1858 3258 1916 fiduciam
3291 1877 3324 1915 a
3354 1859 3701 1925 diffidentia,
3729 1864 3786 1915 et
3816 1860 3888 1914 ad

2182 1949 2503 2006 libertatem
2526 1967 2558 2004 a
2576 1950 2856 2005 servitute
2878 1949 3242 2016 translatam,
3261 1954 3346 2007 tot
3366 1950 3599 2023 linguas
3622 1950 3895 2006 inimico-

2182 2055 2306 2094 rum
2340 2043 2670 2095 convertere
2693 2040 2762 2094 ad
2787 2039 2997 2095 Christi
3032 2040 3475 2102 confessionem,
3502 2057 3749 2113 quarum
3776 2057 3897 2097 non

2184 2129 2425 2184 valendo
2458 2146 2632 2185 unam
2664 2130 2826 2199 ferre,
2850 2147 3013 2186 versa
3037 2131 3222 2187 fuerat
3244 2132 3301 2186 in
3329 2132 3715 2203 negationem.
3739 2131 3897 2195 Quid

2188 2217 2405 2290 plura?
2444 2220 2670 2275 Tantus
2712 2219 2771 2275 in
2814 2219 2913 2275 illo
2958 2220 3147 2291 fulgor
3185 2222 3404 2293 gratiae,
3448 2227 3612 2277 tanta
3647 2220 3903 2294 Spiritus

2188 2308 2370 2363 sancti
2408 2308 2706 2377 plenitudo
2736 2310 3069 2382 apparebat,
3102 2316 3261 2367 tanta
3290 2312 3362 2367 de
3391 2328 3487 2368 ore
3520 2311 3899 2384 praedicantis

2189 2397 2621 2470 pretiosissimas
2666 2398 2928 2455 veritatis
2977 2400 3235 2471 pondera
3273 2400 3681 2473 procedebant,
3718 2404 3783 2456 ut
3814 2402 3903 2456 in-

2189 2487 2379 2557 gentis
2420 2488 2815 2543 multitudinis
2855 2490 3208 2545 adversarios
3250 2489 3647 2547 interfectores
3675 2489 3896 2547 Christi

2187 2576 2419 2631 Judaeos
2468 2578 2680 2633 faceret
2709 2594 2811 2648 pro
2843 2577 2940 2633 illo
2972 2584 3204 2649 paratos
3249 2580 3412 2647 mori,
3446 2597 3480 2636 a
3510 2581 3728 2652 quibus
3760 2597 3897 2637 cum

2188 2665 2291 2721 illo
2316 2665 2660 2721 formidabat
2681 2667 2887 2722 occidi.
2914 2667 3032 2723 Hoc
3054 2668 3187 2724 fecit
3216 2669 3467 2741 Spiritus
3497 2673 3735 2726 sanctus
3757 2675 3904 2726 tunc

2194 2756 2431 2823 missus,
2464 2761 2596 2812 ante
2628 2757 2971 2828 promissus.
3009 2758 3125 2815 Ista
3162 2759 3448 2817 Dominus
3483 2775 3695 2833 magna
3726 2766 3908 2832 atque

2194 2846 2459 2903 miranda
2506 2863 2609 2902 sua
2658 2849 2934 2904 beneficia
2985 2850 3354 2923 praevidehat,
3388 2854 3624 2923 quando
3651 2853 3907 2922 dicebat,

2193 2960 2221 2987 ‹‹
2256 2939 2320 2993 Et
2351 2939 2638 3007 viderunt,
2662 2944 2718 2995 et
2747 2942 2995 2997 oderunt
3025 2946 3083 2998 et
3114 2958 3202 2997 me
3233 2947 3289 2999 et
3319 2942 3542 2999 Patrem
3577 2958 3770 2999 meum
3802 2961 3816 2999 :
3847 2950 3910 2999 ut

2195 3027 2579 3100 adimpleatur
2614 3045 2804 3086 sermo
2837 3032 2936 3102 qui
2972 3032 3028 3088 in
3060 3036 3207 3104 Lege
3255 3048 3453 3090 eorum
3504 3035 3762 3105 scriptus
3795 3039 3904 3103 est,

2194 3120 2331 3190 quia
2378 3119 2510 3173 odio
2558 3117 2888 3176 habuerunt
2921 3137 3008 3176 me
3042 3123 3242 3193 gratis.
3274 3122 3418 3178 Cum
3451 3130 3643 3179 autem
3680 3125 3907 3180 venerit

2193 3207 2526 3263 Paracletus
2558 3223 2730 3279 quem
2764 3225 2865 3279 ego
2897 3209 3127 3265 mittam
3155 3210 3315 3266 vobis
3347 3227 3380 3267 a
3402 3211 3591 3279 Patre,
3613 3212 3901 3284 Spiritum

2192 3298 2453 3353 veritatis
2476 3299 2572 3369 qui
2599 3315 2632 3353 a
2654 3297 2821 3354 Patre
2852 3300 3131 3370 procedit,
3156 3300 3251 3356 ille
3275 3301 3677 3357 testimonium
3706 3302 3902 3373 perhi-

2195 3386 2349 3442 bebit
2378 3387 2448 3441 de
2480 3401 2605 3454 me;
2638 3392 2696 3442 et
2734 3403 2833 3443 vos
2864 3389 3260 3445 testimonium
3303 3390 3703 3461 perhibebitis.
3733 3412 3761 3441 »
3790 3390 3897 3447 Ille

2195 3476 2409 3548 quippe
2452 3475 2853 3532 testimonium
2902 3479 3209 3550 pcrhibens
3239 3484 3296 3536 et
3327 3484 3500 3536 testes
3542 3480 3901 3537 fortissimos

2196 3566 2434 3634 faciens,
2466 3564 2712 3623 abstulit
2739 3567 2953 3625 Christi
2983 3570 3184 3626 amicis
3229 3570 3517 3639 timorem,
3551 3576 3607 3627 et
3632 3571 3904 3627 inimico-

2199 3672 2329 3711 rum
2359 3655 2559 3713 odium
2590 3658 2872 3715 convertit
2901 3659 2957 3714 in
2990 3677 3269 3717 amorem.

2728 3748 3144 3806 TRAC'I‘ATUS
3184 3751 3372 3807 XCIII.

2205 3845 2273 3902 De
2303 3861 2362 3901 eo
2392 3845 2531 3916 quod
2562 3847 2822 3902 Dominus
2852 3849 3008 3916 dicit,
3041 3848 3171 3905 Haec
3203 3849 3431 3906 locutus
3463 3866 3591 3907 sum
3623 3848 3807 3915 vobis,
3848 3852 3919 3905 ut

2274 3951 2387 3991 non
2436 3935 2936 4005 scandalizemini;
2968 3954 3135 4008 usque
3163 3938 3231 3994 ad
3261 3940 3343 4004 id,
3374 3938 3485 3994 Sed
3523 3939 3644 3994 hinc
3674 3940 3918 3995 locutus

2274 4041 2399 4080 sum
2426 4025 2609 4093 vobis,
2635 4029 2717 4092 ut,
2747 4042 2879 4081 cum
2908 4026 3128 4082 venerit
3149 4028 3292 4085 hora
3321 4045 3546 4096 eorum,
3582 4029 3919 4085 reminisca-

2275 4114 2441 4179 mini,
2476 4115 2613 4186 quia
2643 4130 2748 4185 ego
2780 4115 2894 4169 dixi
2927 4115 3103 4173 vobis.
3140 4117 3269 4189 Cap.
3300 4135 3418 4185 xvr,
3452 4120 3502 4187 ἲ.
3542 4120 3658 4173 1-4.

2274 4205 2323 4258 1.
2360 4206 2419 4258 In
2454 4203 2544 4258 his
2576 4221 2702 4275 qua:
2736 4205 3066 4276 pracedunt
3099 4207 3205 4262 hoc
3236 4208 3529 4280 Evangelii
3562 4209 3918 4279 capitulum,

2205 4293 2491 4348 Dominus
2522 4293 2835 4363 discipulos
2867 4311 3002 4350 suos
3042 4296 3112 4351 ad
3154 4297 3521 4353 inimicorum
3556 4299 3687 4354 odia
3717 4299 3919 4370 perfe-

2206 4384 2385 4439 renda
2416 4383 2792 4449 confirmans,
2830 4400 2935 4439 suo
2967 4401 3198 4457 quoque
3244 4388 3587 4460 praaparavit
3627 4389 3919 4458 exemplo,

2208 4479 2269 4529 ut
2304 4488 2435 4527 eum
2476 4471 2759 4528 imitando
2785 4474 2989 4530 ﬁerent
3011 4476 3280 4532 fortiores
3310 4494 3322 4533 :
3351 4478 3569 4532 addens
3594 4482 3650 4532 et
3673 4475 3926 4548 promit-

2208 4567 2339 4618 tens
2371 4562 2454 4616 eis
2485 4564 2639 4633 quod
2671 4573 2950 4620 venturus
2980 4572 3125 4621 esset
3157 4566 3409 4638 Spiritus
3440 4572 3697 4633 sanctus,
3721 4568 3827 4637 qui
3854 4567 3931 4622 de

2210 4652 2308 4706 illo
2342 4652 2743 4707 testimonium
2777 4654 3125 4726 perhiberet,
3155 4662 3213 4711 et
3240 4656 3519 4728 adjiciens
3550 4658 3705 4727 quod
3731 4662 3789 4711 et
3812 4658 3936 4728 ipsi

2212 4742 2413 4826 fierent
2439 4748 2617 4798 testes
2641 4744 2791 4814 ejus,
2818 4745 2922 4800 hoc
2964 4746 3167 4816 utique
3190 4746 3247 4801 in
3277 4749 3358 4802 eis
3395 4753 3673 4820 cperante
3698 4747 3935 4818 Spiritu

2214 4840 2433 4888 sancto.
2482 4832 2574 4887 Sic
2622 4836 2777 4889 enim
2830 4835 2910 4889 ait
2944 4852 2957 4889 :
2991 4837 3095 4893 Itle
3125 4840 3498 4893 testimonium
3529 4838 3837 4910 perhibebit
3868 4837 3940 4893 de

2213 4936 2317 4989 me,
2350 4927 2402 4977 et
2449 4937 2538 4977 vos
2584 4923 2965 4979 testimonium
3012 4926 3378 4996 perhibebitis.
3413 4925 3622 4999 Utique
3655 4928 3792 4997 quia
3829 4926 3938 4982 ille

2215 5010 2559 5083 perhibebit.
2592 5011 2763 5067 etiam
2813 5030 2914 5069 vos
2964 5015 3342 5086 perhibebitis
3378 5033 3389 5071 :
3424 5015 3519 5072 ille
3556 5016 3612 5071 in
3645 5016 3937 5071 cordibus

2217 5101 2443 5170 vestris,
2476 5118 2577 5158 vos
2622 5103 2679 5157 in
2725 5105 2957 5160 vocibus
2988 5109 3232 5171 vestris;
3281 5107 3374 5163 ille
3424 5107 3781 5179 inspirando,
3819 5123 3933 5164 vos

2218 5193 2481 5249 sonando
2516 5208 2528 5246 :
2565 5197 2623 5247 ut
2654 5193 2837 5263 possit
2883 5193 3133 5267 impleri,
3166 5198 3232 5251 In
3258 5212 3478 5252 omnem
3508 5204 3714 5254 terram
3746 5198 3938 5253 exivit

2219 5299 2378 5340 sonus
2406 5298 2596 5337 eorum
2629 5281 2797 5353 (Psat.
2832 5300 2990 5352 xvm,
3013 5284 3090 5354 5).
3116 5284 3327 5341 Parum
3360 5287 3575 5358 quippe
3606 5287 3794 5341 fuerat
3826 5302 3940 5343 eos

2223 5370 2511 5428 adhortari
2545 5370 2805 5442 exemplo
2837 5388 2963 5440 suo,
2997 5374 3108 5429 nisi
3138 5374 3403 5446 impleret
3434 5375 3644 5445 Spiritu
3668 5391 3790 5431 suo.
3819 5376 3941 5432 De—

2223 5464 2395 5534 nique
2425 5459 2721 5532 apostolus
2753 5462 2956 5518 Petrus
2989 5480 3119 5519 cum
3144 5464 3271 5535 jam
3296 5465 3468 5522 verba
3488 5465 3614 5535 ejus
3641 5464 3944 5537 audisset,

2225 5552 2323 5608 ubi
2355 5551 2594 5615 dixerat,
2626 5552 2748 5607 Non
2776 5556 2855 5607 est
2884 5568 3069 5609 servus
3112 5556 3292 5626 major
3319 5553 3536 5611 domino
3578 5569 3677 5609 suo
3709 5569 3729 5609 :
3758 5554 3815 5609 si
3848 5570 3947 5610 me

2290 5652 2308 5689 ι
2344 5649 2402 5697 In
2434 5648 2609 5698 tribus
2640 5648 2787 5713 Mss.,
2819 5651 3078 5715 sapidum.
