4148 6190
266 301 418 361 1868

261 441 534 508 persecuti
581 444 736 506 sunt,
786 441 836 493 et
880 453 970 493 vos
1016 439 1412 510 persequentur
1448 438 1626 505 (loan.
1655 454 1747 498 xv,
1778 437 1892 505 20);
1924 440 1981 493 et

264 527 370 582 hoc
395 528 454 583 in
480 527 580 584 illo
601 529 726 600 jam
752 526 976 583 videret
1000 526 1250 598 impleri,
1278 528 1332 579 in
1360 542 1473 597 quo
1498 526 1840 597 patientiam
1866 526 1975 582 Do-

268 616 411 672 mini
462 616 576 683 sui,
626 617 676 671 si
728 615 1062 687 exemplum
1114 613 1429 680 sufficeret,
1481 614 1677 669 debuit
1708 614 1973 670 imitari:

267 707 586 763 succubuit
628 715 682 763 et
729 707 983 780 negavit,
1019 722 1134 761 non
1167 705 1372 776 utique
1404 705 1592 760 ferens
1624 706 1775 776 quod
1811 704 1975 760 illum

265 797 415 853 ferre
462 796 754 852 cernebat.
806 796 953 851 Cum
1004 811 1136 851 vere
1182 794 1405 866 accepit
1451 795 1661 849 donum
1722 793 1977 865 Spiritus

266 887 482 953 sancti,
511 900 688 956 quem
713 888 1024 957 negaverat
1057 883 1416 955 praedicavit;
1439 886 1497 937 et
1519 898 1692 953 quem
1716 879 1977 937 confiteri

261 976 567 1037 timuerat.
610 991 723 1031 non
776 974 975 1030 timuit
1023 974 1299 1044 profiteri.
1336 972 1499 1028 Prius
1528 972 1683 1027 enim
1716 969 1977 1043 exemplo

260 1065 504 1136 quidem
535 1064 725 1120 fuerat
757 1064 1021 1132 edoctus,
1051 1069 1117 1119 ut
1138 1063 1292 1135 quod
1324 1062 1444 1118 ﬁeri
1469 1065 1814 1118 convenerat
1843 1076 1978 1117 nos-

258 1156 384 1221 set,
408 1152 514 1209 sed
543 1159 808 1210 nondum
842 1153 1027 1209 fuerat
1058 1151 1271 1208 virtute
1304 1149 1508 1219 fultus,
1531 1155 1595 1206 ut
1624 1150 1778 1222 quod
1812 1164 1983 1206 nove-

258 1246 353 1297 rat
383 1242 601 1298 faceret
624 1258 637 1296 :
664 1242 991 1298 instructus
1013 1246 1139 1298 erat
1162 1244 1224 1296 ut
1247 1243 1443 1306 staret,
1464 1239 1564 1296 sed
1598 1255 1714 1296 non
1744 1242 1866 1295 erat
1886 1237 1983 1293 tir-

257 1335 459 1387 matus
507 1347 579 1387 ne
627 1331 874 1387 caderet.
911 1330 1074 1397 Quod
1119 1334 1500 1401 posteaquam
1551 1344 1650 1401 per
1702 1326 1980 1401 Spiritum

258 1427 537 1476 sanctum
588 1420 804 1475 factum
836 1423 946 1487 est,
981 1418 1341 1475 annuntiavit
1388 1432 1572 1489 usque
1603 1417 1674 1473 ad
1709 1420 1980 1484 mortem,

258 1524 443 1580 quem
468 1513 777 1579 negaverat
797 1508 1015 1564 timens
1039 1511 1311 1563 mortem.
1338 1505 1470 1562 ideo
1494 1506 1767 1561 Dominus
1788 1505 1847 1561 in
1868 1505 1980 1561 hoc

260 1597 637 1669 consequenti
671 1596 950 1668 capitulo,
986 1598 1054 1652 de
1093 1613 1207 1667 quo
1239 1611 1395 1651 nunc
1424 1595 1588 1652 vobis
1618 1594 1977 1666 loquendum

257 1690 378 1754 est,
414 1686 554 1753 Haec,
586 1686 799 1756 inquit,
828 1685 1037 1742 locutus
1067 1702 1184 1740 sum
1216 1685 1384 1752 vobis,
1418 1693 1478 1740 ut
1506 1701 1615 1741 non
1644 1684 1977 1741 scandalize-

256 1776 429 1830 mini.
461 1775 703 1830 Canitur
733 1774 947 1847 quippe
980 1774 1037 1831 in
1071 1774 1324 1843 Psalmo,
1360 1779 1476 1829 Pax
1502 1774 1674 1830 multa
1700 1773 1976 1844 diligenti-

257 1866 362 1919 bus
392 1863 567 1934 legem
587 1869 765 1930 tuam,
783 1871 834 1920 et
852 1878 960 1919 non
981 1868 1061 1920 est
1102 1864 1215 1919 illis
1238 1864 1560 1919 scandalum
1583 1863 1753 1934 (Pszl.
1779 1879 1975 1932 cxvm,

260 1954 414 2024 165).
449 1952 655 2008 Merito
704 1953 901 2025 itaque
933 1953 1223 2025 promisso
1257 1953 1469 2024 Spiritu
1520 1962 1740 2021 sancto,
1774 1967 1884 2023 quo
1914 1950 1976 2008 in

256 2043 351 2099 eis
372 2047 652 2114 operante
670 2041 870 2099 tierent
899 2046 1075 2098 testes
1099 2042 1254 2113 ejus,
1276 2042 1600 2112 subjunxit,
1626 2042 1745 2097 Haec
1769 2042 1977 2097 locutus

254 2147 384 2186 sum
416 2129 589 2198 vobis,
625 2139 683 2186 ut
711 2146 822 2187 non
848 2131 1329 2186 scandalizemini.
1363 2130 1505 2185 Cum
1534 2131 1689 2186 enim
1718 2130 1975 2186 charitas

256 2220 370 2277 Dei
391 2219 745 2276 diﬂunditur
763 2221 821 2276 in
845 2220 1121 2277 cordibus
1147 2219 1360 2277 nostris
1401 2236 1501 2290 per
1535 2221 1810 2291 Spiritum
1836 2236 1976 2276 san-

258 2314 429 2367 ctum
453 2309 553 2381 qui
571 2310 742 2365 datus
773 2313 861 2366 est
879 2310 1048 2365 nobis
1074 2309 1251 2380 (Rom.
1272 2325 1325 2377 v,
1346 2309 1429 2375 5),
1456 2309 1515 2363 fit
1539 2324 1647 2380 pax
1670 2308 1852 2364 multa
1881 2309 1977 2365 di-

259 2397 591 2470 ligentibus
614 2398 799 2470 legem
832 2398 952 2468 Dei,
988 2402 1051 2454 ut
1080 2414 1195 2455 non
1227 2400 1305 2454 sit
1332 2398 1448 2454 illis
1474 2400 1843 2455 scandalum.

333 2491 391 2543 2.
429 2488 648 2543 Deinde
678 2487 822 2559 quid
849 2489 1077 2560 passuri
1109 2488 1461 2559 essent,jam
1493 2490 1823 2561 exprimens
1853 2491 1971 2547 ait:

252 2581 451 2636 Extra
489 2593 805 2650 synagogas
841 2578 1047 2649 facient
1087 2594 1194 2635 vos.
1228 2578 1371 2642 Quid
1423 2583 1617 2634 autem
1670 2580 1807 2635 mali
1857 2583 1978 2635 erat

260 2666 571 2740 Apostolis
620 2666 831 2738 expelli
872 2667 943 2722 de
992 2668 1302 2740 synagogis
1349 2667 1632 2736 Judaicis,
1666 2671 1826 2740 quasi
1862 2686 1976 2727 non

256 2759 406 2815 inde
434 2758 668 2813 fuerant
688 2772 750 2812 se
771 2758 1119 2830 separaturi,
1140 2756 1365 2813 etiarnsi
1388 2773 1486 2813 eos
1510 2758 1708 2814 nullus
1731 2759 1980 2833 expelle-

257 2848 404 2905 ret?
432 2847 546 2902 Sed
580 2846 851 2903 nimirum
890 2848 999 2903 boc
1032 2846 1207 2903 voluit
1238 2846 1598 2917 denuntiare,
1631 2849 1768 2920 quia
1797 2848 1981 2906 Judaei

261 2935 575 2992 Christum
599 2950 715 2991 non
742 2935 970 2991 fuerant
991 2935 1295 3008 recepturi,
1311 2953 1342 2990 a
1363 2952 1478 3006 quo
1500 2936 1592 2991 isti
1618 2952 1731 2993 non
1754 2939 1984 2995 fuerant

263 3025 598 3091 recessuri;
635 3031 691 3080 et
721 3023 847 3081 ideo
882 3025 1142 3080 futurum
1176 3034 1295 3080 erat
1329 3029 1393 3080 ut
1424 3025 1576 3081 foras
1621 3028 1985 3083 mitterentur

261 3130 411 3174 cum
465 3112 587 3181 illo,
621 3114 695 3169 ab
726 3113 811 3169 eis
842 3114 941 3184 qui
973 3129 1097 3170 esse
1142 3113 1362 3170 nollent
1392 3113 1449 3168 in
1481 3113 1602 3184 illo,
1634 3114 1690 3170 bi
1727 3117 1825 3189 qui
1858 3132 1987 3174 esse

266 3220 394 3261 non
430 3207 678 3274 possent
696 3202 821 3257 sine
852 3200 972 3257 illo.
999 3204 1142 3257 Nam
1167 3202 1441 3273 profecto,
1466 3203 1603 3275 quia
1626 3220 1738 3260 non
1762 3210 1883 3261 erat
1906 3204 1989 3261 ul-

266 3294 367 3349 lus
400 3290 554 3347 alius
604 3290 855 3363 populus
890 3290 988 3346 Dei
1020 3306 1198 3361 quam
1242 3290 1386 3346 illud
1417 3307 1613 3348 semen
1645 3293 1906 3361 Abrahae,
1939 3294 1989 3351 si

264 3384 663 3452 agnoscerent
710 3384 768 3435 et
818 3380 1143 3452 reciperent
1177 3380 1493 3451 Christum,
1526 3387 1803 3454 tanquam
1843 3384 1989 3440 rami

269 3469 583 3527 naturales
624 3469 685 3524 in
716 3468 839 3525 olea
881 3477 1285 3541 permanerent
1317 3470 1421 3541 (ld.
1454 3486 1531 3538 xi,
1571 3472 1683 3543 l7);
1720 3488 1823 3529 nec
1863 3472 1989 3529 aliae

266 3561 483 3616 tierent
532 3557 804 3615 Ecclesiae
836 3557 1073 3629 Christi,
1105 3558 1226 3614 aliae
1272 3559 1592 3632 Synagogaa
1622 3560 1988 3620 Iudaeorum:

263 3650 499 3706 eaedem
532 3646 551 3681 ί
583 3647 799 3720 quippe
844 3652 1058 3718 essent,
1091 3647 1138 3704 si
1171 3647 1232 3704 in
1261 3648 1463 3704 eodem
1498 3666 1626 3705 esse
1651 3651 1991 3710 voluissent.

269 3738 443 3808 Quod
464 3737 607 3810 quia
629 3736 966 3806 noluerunt,
983 3737 1121 3809 quid
1149 3738 1403 3794 restabat
1426 3740 1537 3794 nisi
1554 3745 1613 3795 ut
1630 3746 1994 3798 remanentes

272 3834 448 3886 extra
470 3826 791 3893 Christum,
814 3831 977 3883 extra
1007 3843 1332 3900 synagogas
1361 3827 1613 3884 facerent
1635 3845 1731 3885 eos
1756 3832 1853 3902 qui
1879 3847 1994 3887 non

275 3919 683 3988 relinquerent
701 3916 994 3973 Christum
1011 3916 1039 3971 ‘l
1062 3920 1308 3987 Accepto
1331 3918 1546 3990 quippe
1559 3918 1773 3991 Spiritu
1798 3923 1999 3976 sancto

276 4015 467 4066 testes
498 4006 627 4077 ejus
658 4006 868 4073 effecti,
892 4023 1008 4062 non
1042 4008 1240 4078 utique
1271 4006 1415 4063 tales
1447 4000 1663 4078 essent,
1688 4009 1758 4065 de
1788 4010 2000 4080 quibus

280 4097 508 4153 dicitur
535 4109 551 4150 :
578 4093 737 4149 Multi
762 4094 1042 4167 principes
1061 4094 1367 4151 Iudaeorum
1390 4094 1746 4152 crediderunt
1764 4096 2002 4169 injeum;

279 4184 381 4243 sed
404 4187 639 4257 propter
666 4192 868 4239 metum
896 4183 1235 4253 Iudaeorum,
1265 4200 1335 4241 ne
1373 4186 1710 4257 pellerentur
1737 4186 1803 4243 de
1831 4205 2002 4260 syna-

278 4275 468 4343 gogis,
515 4288 625 4329 non
675 4272 955 4330 audebunt
1004 4275 1254 4345 conﬁteri
1294 4291 1421 4331 eum
1451 4293 1470 4330 :
1500 4275 1814 4332 dilexerunt
1853 4278 2005 4332 enim

280 4366 529 4435 gloriam
567 4362 852 4419 hominum
878 4363 1058 4434 magis
1091 4380 1253 4434 quam
1287 4364 1381 4419 Dei
1405 4365 1584 4434 (Joan.
1610 4382 1711 4433 xu,
1737 4366 1803 4420 42
1823 4373 1873 4422 ct
1896 4366 2002 4437 43).

279 4451 676 4509 Crediderunt
705 4467 844 4524 ergo
893 4452 951 4507 in
986 4468 1144 4519 eum,
1176 4452 1276 4507 sed
1325 4468 1437 4508 non
1471 4454 1556 4509 sic
1585 4454 1877 4525 quomodo
1908 4470 2006 4510 cos

284 4541 529 4599 volebat
580 4541 837 4612 credere,
867 4542 965 4612 qui
1012 4541 1241 4597 dicebat
1276 4558 1289 4597 :
1324 4542 1600 4610 Quomodo
1636 4546 1856 4615 potestis
1884 4558 2009 4600 cre-

288 4632 446 4697 dere,
470 4629 709 4701 gloriam
731 4630 797 4685 ab
824 4630 1060 4686 invicem
1091 4635 1487 4702 exspectantes,
1509 4638 1562 4687 et
1580 4633 1812 4703 gloriam
1836 4650 1959 4704 quae
1977 4651 2010 4690 a

291 4718 413 4775 solo
473 4717 578 4773 Deo
634 4725 711 4772 est
764 4733 877 4775 non
933 4721 1231 4789 quaerentes
1289 4718 1390 4790 (Id.
1439 4735 1496 4783 ν,
1528 4718 2010 4792 44)?_Discipulis

292 4824 439 4880 ergo
460 4808 544 4863 sic
566 4808 627 4863 in
644 4823 777 4863 eum
801 4807 1198 4873 credentibus,
1214 4812 1278 4864 ut
1296 4807 1522 4881 impleti
1544 4809 1763 4880 Spiritu
1788 4813 2010 4878 sancto,

297 4900 415 4956 hoc
446 4902 535 4953 est
564 4898 715 4954 dono
748 4897 946 4969 gratim
979 4897 1104 4965 Dei,
1141 4913 1255 4953 non
1287 4897 1406 4954 sint
1436 4899 1506 4954 de
1536 4915 1780 4956 numero
1810 4914 2010 4956 eorum

296 4986 403 5060 qui
438 4989 755 5055 ignorantes
806 4987 904 5042 Dei
942 4989 1260 5060 justitiam,
1291 4991 1340 5043 et
1370 5003 1526 5042 suam
1550 4989 1791 5045 volentes
1818 4990 2015 5044 consti-

294 5088 475 5145 tuere,
489 5077 726 5148 justitia
752 5078 851 5133 Dei
879 5094 989 5135 non
1017 5084 1147 5134 sunt
1172 5078 1405 5145 subiecti
1428 5080 1598 5150 (Rom.
1633 5096 1688 5149 κ,
1719 5081 1795 5151 3);
1821 5097 1925 5136 nec
1946 5080 2017 5134 de

291 5172 637 5245 illorumgle
668 5172 879 5243 quibus
910 5172 1129 5229 dictum
1155 5178 1261 5241 est,
1289 5173 1616 5229 Dilexerunt
1646 5172 1883 5242 gloriam
1914 5172 2014 5229 ho-

292 5263 516 5316 minum
541 5259 721 5329 magis
749 5276 915 5332 quam
946 5261 1082 5317 Dei:
1109 5260 1209 5317 illa
1241 5262 1507 5331 congruit
1539 5260 1859 5333 prophetia,
1887 5276 2012 5330 quae

294 5348 375 5403 de
403 5346 549 5418 ipsis
589 5346 883 5404 invenitur
924 5347 1188 5420 impleta,
1221 5346 1470 5416 Domine,
1504 5350 1561 5403 in
1593 5349 1806 5404 lumine
1834 5348 2017 5404 vultus

298 5440 386 5495 tui
413 5438 854 5506 ambulabunt,et
875 5437 934 5493 in
968 5439 1193 5495 nomine
1216 5446 1307 5495 tuo
1326 5438 1680 5495 exsultabant
1714 5444 1829 5495 tota
1852 5438 2022 5504 die,et

308 5533 376 5587 in
394 5538 491 5586 tua
499 5529 743 5601 justitia
758 5529 1465 5600 exaltabuntunquoniam
1487 5529 1669 5599 gloria
1689 5532 1915 5589 virtutis
1935 5545 2029 5587 eo-

387 5649 402 5685 ⁸
431 5646 652 5709 Aliquot
681 5646 827 5704 Mss.,
856 5646 1055 5698 cuidem.

651 5765 924 5827 Parnm"
972 5764 1207 5827 XXXV.

1458 297 1928 359 TRACTATUS
1972 296 2188 360 XCIII.
2235 297 2493 361 CAPUT
2535 298 2666 361 XV.

3636 302 3790 362 1866

2087 453 2211 492 rum
2245 444 2304 492 tu
2344 453 2399 493 es
2426 438 2591 508 (Psal.
2626 454 2894 503 Lxxxvm,
2932 438 3141 507 16-18).
3177 437 3381 494 Merito
3431 438 3516 493 eis
3563 440 3793 508 dicitur,

2090 527 2267 580 Extra
2296 542 2605 597 synagogas
2637 530 2847 597 facient
2877 544 3008 582 vos:
3034 525 3117 581 illi
3140 525 3354 582 scilicet
3379 525 3477 596 qui
3500 528 3675 581 zelum
3702 531 3799 582 Dei

2086 614 2311 681 habent,
2360 616 2451 671 sed
2498 632 2606 671 non
2656 617 2953 672 secundum
3000 614 3324 677 scientiam;
3376 620 3610 687 propter
3642 615 3795 685 quod

2089 705 2405 773 ignorantes
2455 704 2552 760 Dei
2585 704 2893 776 justitiam,
2927 710 2981 761 et
3023 721 3177 759 suam
3208 705 3448 759 volentes
3478 705 3798 758 constituere

2086 791 2260 862 (Rom.
2286 809 2342 857 x,
2373 792 2409 846 2
2437 800 2490 848 et
2516 794 2589 863 3),
2613 810 2710 850 eos
2732 792 3067 864 expellunt‘
3096 792 3194 864 qui
3237 810 3349 848 non
3374 792 3433 847 in
3458 809 3585 861 sua,
3616 794 3711 846 sed
3736 791 3795 845 in

2088 881 2187 938 Dei
2228 882 2459 953 justitia
2507 882 2854 946 exaltantur.
2909 899 3013 939 nec
3065 882 3291 955 expulsi
3338 883 3410 938 ab
3462 881 3796 937 horninibus

2086 972 2465 1041 erubescunt,
2501 975 2772 1045 quoniam
2814 973 2999 1045 gloria
3026 972 3253 1028 virtutis
3285 988 3483 1049 eorum
3529 972 3649 1042 ipse
3682 975 3798 1025 est.

2156 1060 2210 1115 3.
2245 1060 2508 1133 Denique
2539 1078 2670 1117 cum
2710 1063 2818 1117 hoc
2858 1063 2939 1118 eis
2986 1062 3249 1130 dixisset,
3285 1060 3495 1130 adjecit
3526 1076 3539 1113 ε
3576 1058 3679 1113 Sed
3709 1074 3798 1115 ve-

2086 1148 2177 1204 nit
2197 1150 2331 1206 hora
2352 1161 2412 1205 ut
2433 1153 2609 1207 omnis
2621 1154 2720 1222 qui
2742 1151 3013 1221 interﬁcit
3033 1168 3143 1219 vos,
3158 1150 3462 1206 arbitretur
3482 1148 3797 1219 obsequium

2086 1254 2141 1294 se
2168 1248 2434 1309 praestare
2468 1242 2572 1296 Deo
2597 1259 2615 1295 :
2637 1247 2689 1295 et
2721 1240 2840 1298 hac
2866 1242 3072 1312 facient
3103 1240 3272 1306 vobis,
3306 1240 3434 1310 quia
3464 1254 3571 1294 non
3606 1252 3798 1308 cogno-

2087 1332 2283 1384 verunt
2316 1330 2548 1385 Patrem
2594 1345 2767 1401 neque
2805 1344 2909 1385 me.
2944 1332 3058 1385 Iloo
3091 1333 3199 1397 est,
3233 1343 3349 1383 non
3399 1330 3798 1398 cognoverunt

2090 1417 2270 1473 Deum
2321 1434 2424 1473 nec
2472 1418 2599 1489 ejus
2655 1416 2889 1487 Filium,
2925 1418 3018 1473 cui
3062 1416 3212 1472 sein
3245 1415 3410 1471 vobis
3460 1414 3798 1470 occidendis

2088 1512 2360 1577 praeters
2382 1508 2739 1563 arbitrantur
2761 1506 3125 1578 obsequium.
3157 1504 3291 1569 Quae
3315 1503 3488 1559 verba
3515 1502 3797 1559 Dominus

2088 1596 2165 1652 ita
2214 1596 2482 1668 subjecit,
2518 1601 2796 1669 tanquam
2830 1612 2897 1651 ex
2927 1595 3035 1651 hoc
3064 1592 3464 1651 consolaretur
3515 1607 3669 1659 suos,
3700 1591 3797 1662 qui

2088 1686 2158 1743 de
2180 1686 2492 1759 synagogis
2521 1686 2780 1743 Judaicis
2814 1684 3186 1757 pellerentur.
3208 1682 3609 1738 Praanuntians
3640 1679 3796 1735 enim

2089 1794 2212 1848 qum
2248 1775 2398 1832 mala
2427 1782 2617 1832 essent
2652 1791 2755 1847 pro
2785 1775 2913 1844 ejus
2944 1772 3279 1829 testimonio
3310 1770 3659 1843 perpessuri,
3694 1771 3794 1823 Ev-

2089 1875 2178 1924 tra
2224 1882 2543 1939 synagogas,
2578 1865 2786 1937 inquit,
2817 1866 3021 1935 facient
3068 1878 3180 1920 vos.
3222 1862 3337 1918 Nec
3386 1861 3487 1929 ait,
3522 1861 3590 1915 Et
3641 1860 3799 1914 venit

2091 1957 2230 2013 hora
2257 1966 2315 2012 ut
2342 1956 2536 2014 omnis
2559 1957 2657 2027 qui
2679 1954 2951 2011 interficit
2969 1970 3089 2021 vos,
3113 1952 3425 2008 arbitretur
3448 1951 3795 2021 obsequium

2088 2062 2150 2101 se
2201 2050 2475 2117 praestare
2528 2044 2665 2101 Deo.
2718 2044 2866 2111 Quid
2918 2060 3051 2115 ergo
3102 2040 3233 2097 ait?
3280 2041 3381 2096 Sed
3426 2042 3573 2095 venit
3617 2039 3801 2095 hora:

2086 2136 2578 2209 quemadmodum
2614 2135 2849 2199 diceret,
2873 2133 2921 2189 si
2949 2131 3170 2203 aliquid
3197 2131 3335 2187 boni
3354 2135 3483 2202 post
3507 2128 3662 2184 mala
3684 2129 3796 2182 ista

2085 2225 2435 2297 praediceret.
2470 2223 2618 2290 Quid
2653 2223 2763 2279 sibi
2798 2238 2936 2294 ergo
2966 2221 3116 2291 vult,
3147 2222 3326 2275 Extra
3366 2234 3676 2290 synagogas
3703 2222 3801 2287 [a-

2084 2318 2227 2373 cient
2260 2331 2346 2371 vos
2379 2332 2396 2369 :
2423 2318 2517 2370 sed
2547 2317 2689 2370 venit
2718 2314 2889 2368 hora?
2914 2312 3217 2382 Tanquam
3241 2308 3349 2364 hoc
3372 2309 3632 2363 dicturus
3655 2306 3788 2361 fuis-

2086 2413 2176 2465 set
2207 2391 2219 2464 έ
2254 2408 2621 2479 Separabunt
2668 2405 2753 2462 illi
2801 2406 3035 2477 quidem
3067 2420 3189 2474 vos,
3222 2403 3324 2458 sed
3357 2417 3462 2473 ego
3496 2417 3593 2456 vos
3624 2398 3785 2456 colli-

2085 2516 2248 2573 gam;
2284 2506 2407 2568 aut,
2429 2500 2800 2571 Separabuut
2826 2497 3057 2569 quidem
3088 2494 3167 2551 illi
3189 2511 3312 2562 vos,
3338 2495 3437 2549 sed
3460 2492 3615 2549 venit
3645 2492 3789 2547 hora

2087 2591 2299 2647 laetitiae
2331 2595 2556 2647 vestrae.
2589 2589 2735 2653 Quid
2766 2603 2898 2660 ergo
2929 2586 3008 2641 ibi
3040 2585 3180 2641 facit
3219 2585 3327 2640 hoc
3358 2584 3600 2638 verbum
3637 2584 3790 2653 quod

2088 2681 2189 2751 ait,
2224 2679 2325 2736 Sed
2354 2683 2497 2735 venit
2526 2680 2687 2747 hora,
2713 2677 2883 2749 quasi
2906 2674 3366 2732 consolationem
3389 2672 3473 2729 eis
3501 2671 3797 2743 promitte-

2089 2776 2175 2829 ret
2224 2780 2352 2843 post
2396 2767 2875 2835 tribulationem;
2909 2781 3042 2821 cum
3083 2763 3269 2835 magis
3301 2763 3493 2817 dicere
3523 2760 3797 2816 debuisse

2088 2861 2355 2917 videatur
2402 2858 2716 2915 indicativo
2767 2856 2961 2921 modo,
2995 2855 3063 2910 Et
3102 2853 3257 2909 venit
3301 2852 3487 2908 hora?
3518 2850 3629 2905 Sed
3682 2865 3794 2904 non

2092 2950 2191 3010 ait.
2218 2951 2286 3004 Et
2315 2947 2489 3015 venit,
2512 2964 2641 3003 cum
2667 2944 3101 3001 tribulationem
3128 2956 3305 3013 super
3334 2939 3797 3004 tribulationem,

2094 3055 2210 3096 non
2239 3036 2691 3095 consolationem
2728 3041 2853 3105 post
2879 3031 3318 3087 tribulationem
3340 3033 3645 3086 venturam
3681 3028 3797 3082 illis

2095 3145 2224 3186 esse
2256 3127 2606 3199 praediceret.
2631 3127 2716 3180 An
2750 3126 2895 3179 forte
2923 3122 3006 3177 sic
3030 3137 3126 3176 eos
3158 3120 3260 3176 illa
3281 3121 3353 3175 de
3381 3120 3685 3191 synagogis
3717 3135 3801 3174 se-

2099 3219 2321 3292 paratio
2372 3219 2558 3273 fuerat
2604 3213 2929 3281 turbatura,
2964 3221 3024 3267 ul
3057 3210 3204 3265 mori
3236 3210 3499 3275 mallent,
3533 3227 3708 3281 quam
3741 3209 3797 3263 in

2099 3313 2207 3367 hac
2239 3312 2358 3365 vita
2384 3310 2511 3365 sine
2537 3308 2868 3362 Judaeorum
2900 3300 3446 3372 congregationibus
3469 3298 3805 3355 immorari?

2100 3402 2259 3457 Absit
2276 3388 3535 3466 utsicturbarentur,quiDei,nonbominum
3558 3387 3803 3460 gloriam

2102 3489 2488 3562 requirebant.
2541 3486 2686 3549 Quid
2737 3500 2870 3555 ergo
2920 3486 3031 3551 est,
3067 3482 3245 3535 Extra
3278 3492 3573 3548 synogogas
3601 3478 3805 3545 facient

2101 3596 2190 3635 vos
2222 3597 2241 3635 :
2269 3578 2357 3633 sed
2390 3578 2532 3632 vertit
2562 3575 2734 3641 hora;
2764 3588 2892 3628 cum
2940 3572 3134 3644 potius
3175 3568 3363 3624 dicere
3407 3565 3678 3620 debuisse
3710 3564 3803 3617 vi-

2103 3672 2328 3725 deatur.
2356 3668 2421 3722 Et
2441 3666 2596 3721 venit
2628 3665 2786 3733 hora,
2809 3670 2870 3717 ut
2902 3662 3073 3717 omnis
3104 3662 3198 3730 qui
3225 3657 3483 3727 interficit
3518 3672 3624 3725 vos,
3658 3653 3811 3708 arbio

2105 3764 2283 3816 iretur
2312 3758 2628 3827 obsequium
2658 3770 2713 3808 se
2740 3756 3005 3825 praestare
3035 3750 3179 3804 Deo?
3206 3747 3403 3818 Neque
3420 3745 3577 3802 enim
3609 3744 3806 3800 saltem

2105 3849 2327 3903 dictum
2362 3854 2469 3912 est,
2502 3843 2611 3899 Sed
2645 3841 2799 3897 venit
2840 3841 2984 3895 hora
3016 3842 3077 3894 ut
3107 3835 3462 3892 interficiant
3491 3850 3609 3903 vos,
3645 3834 3811 3905 quasi

2109 3940 2173 3991 ut
2199 3935 2283 3990 eis
2320 3950 2472 3988 mors
2504 3948 2606 4004 pro
2634 3928 3031 3986 consolatione
3064 3924 3223 3980 illius
3254 3922 3640 3995 separationis
3671 3921 3816 3978 acci-

2108 4025 2271 4079 deret
2291 4024 2342 4088 ²;
2366 4022 2488 4088 sed,
2516 4020 2688 4086 Venit,
2724 4016 2938 4089 inquit,
2969 4017 3101 4070 hora
3134 4018 3193 4069 ut
3222 4015 3397 4068 omnis
3426 4013 3517 4083 qui
3551 4009 3820 4081 interficit

2114 4130 2225 4182 vos,
2249 4112 2559 4167 arbitretur
2579 4108 2895 4181 obsequium
2915 4122 2969 4160 se
2987 4111 3258 4176 praestare
3282 4103 3405 4157 Deo.
3432 4100 3675 4154 Prorsus
3703 4115 3815 4153 non

2112 4201 2256 4258 mihi
2278 4201 2501 4257 videtur
2518 4197 2672 4253 aliud
2696 4196 3022 4268 significare
3037 4191 3311 4261 voluisse,
3327 4188 3436 4243 nisi
3461 4190 3523 4240 ut
3544 4185 3820 4255 intelligi-

2113 4296 2317 4365 gercnt
2342 4298 2515 4360 atquc
2546 4288 2859 4359 gauderent
2893 4288 3008 4337 tam
3045 4280 3256 4335 multos
3286 4293 3345 4332 se
3371 4276 3596 4332 Christo
3618 4273 3818 4365 acqui-

2114 4362 2492 4451 siluros,cum
2517 4377 2588 4432 de
2609 4375 2940 4431 Judazorum
2967 4365 3518 4441 congregationibus
3542 4362 3823 4434 pelleren-

2114 4478 2229 4539 tur,
2263 4475 2323 4526 ut
2352 4485 2450 4523 eos
2483 4484 2597 4523 non
2630 4463 2926 4519 sufﬁceret
2955 4458 2977 4492 ³
3010 4457 3240 4530 pellere,
3276 4455 3375 4510 sed
3421 4468 3534 4508 non
3568 4453 3825 4506 sinerent

2116 4564 2325 4628 vivere,
2350 4572 2421 4612 ne
2454 4569 2656 4611 omnes
2688 4552 2756 4605 ad
2794 4564 3001 4605 nomen
3027 4544 3237 4600 Christi
3271 4559 3375 4599 sua
3410 4539 3821 4612 praedicatione

2116 4651 2532 4709 converterent,
2567 4646 2624 4698 et
2655 4641 2725 4695 ab
2757 4636 3160 4694 observatione
3197 4630 3508 4700 Judaismi,
3545 4634 3821 4699 tanquam

2118 4739 2322 4795 divinae
2353 4733 2635 4800 veritatis,
2667 4732 3009 4786 averterent.
3043 4726 3161 4781 Hoc
3194 4723 3350 4779 enim
3384 4723 3454 4778 de
3482 4719 3700 4776 Judaeis
3732 4718 3824 4774 di-

2119 4832 2275 4885 ctum
2301 4816 2963 4892 debemusjaccipercﬁe
2987 4815 3201 4888 quibus
3225 4813 3468 4880 dixerat,
3494 4810 3667 4865 Extra
3697 4824 3824 4879 syn-

2119 4932 2315 4991 agogas
2343 4917 2547 4982 facient
2583 4928 2690 4968 vos.
2724 4910 2867 4967 Nam
2902 4902 3104 4973 testes,
3135 4903 3190 4958 id
3224 4907 3309 4958 est
3342 4905 3628 4972 martyres
3658 4896 3824 4991 Chri:

2122 4985 2483 5074 stt-etiamsi
2515 5001 2692 5060 occisi
2725 5008 2857 5055 sunt
2890 5016 2924 5053 a
2954 4994 3318 5059 Gentilibus;
3370 5006 3483 5046 non
3517 4998 3709 5043 tamen
3744 4985 3829 5040 illi

2124 5095 2387 5153 arbitrati
2421 5100 2558 5149 sunt
2587 5092 2725 5157 Deo,
2760 5090 2859 5145 sed
2892 5088 3005 5142 diis
3036 5086 3160 5141 suis
3193 5082 3354 5137 falsis
3386 5076 3736 5148 obsequium
3769 5091 3833 5128 se

2125 5189 2414 5259 praestare,
2439 5197 2569 5237 cum
2604 5180 2725 5235 haec
2758 5179 3030 5234 facerent.
3054 5173 3393 5228 Judaeorum
3427 5173 3616 5222 autem
3640 5163 3832 5220 omnis

2124 5274 2225 5348 qui
2253 5272 2460 5330 occidit
2493 5270 2894 5343 praedicatores
2917 5264 3153 5333 Christi,
3181 5263 3291 5317 Deo
3326 5277 3386 5316 se
3419 5262 3692 5331 prrestare
3726 5272 3831 5327 pu-

2209 5456 2222 5488 ¹
2249 5452 2335 5503 Sic
2363 5453 2446 5502 Er.
2469 5450 2637 5514 Lugd.
2661 5454 2710 5501 et
2730 5450 2940 5514 Ven._ln
2964 5446 3045 5514 8.,
3067 5449 3115 5494 el
3137 5441 3530 5514 enses-pellunt,
3546 5440 3727 5514 addita
3746 5454 3835 5490 vo-

2141 5517 2277 5573 cula,
2308 5519 2377 5572 et,
2408 5529 2513 5579 qua
2540 5503 2724 5579 darent
2753 5512 2879 5562 editi
2909 5503 3103 5574 quibus
3133 5503 3536 5570 adstipulamur.
3595 5503 3660 5554 M.

2203 5580 2225 5613 ²
2247 5580 2391 5639 Msa,
2422 5578 2705 5626 accederet.

2206 5643 2227 5676 ³
2249 5643 2306 5692 ln
2337 5630 2509 5704 editis,
2530 5652 2632 5689 non
2662 5635 3039 5702 su/ﬁcerent.ln
3057 5635 3242 5686 decem
3265 5631 3409 5696 Msa,
3433 5644 3536 5682 non
3558 5630 3844 5692 sufﬁceret.

2934 5749 3520 5837 (Ct'nquante-neuf.)
