4148 6190
331 248 485 309 1867

324 384 466 441 tavit
510 380 858 453 obsequium
903 396 916 450 ;
966 380 1207 436 credens
1258 380 1411 452 quod
1459 379 1791 435 desererent
1839 379 2024 435 Deum

325 473 524 542 Israel,
554 470 909 543 quicumque
960 473 1431 527 converterentur
1480 469 1551 524 ad
1601 467 1918 523 Christum.
1952 466 2025 522 Ut

324 563 482 617 enim
506 566 561 617 et
580 560 771 631 ipsum
795 559 1089 616 Christum
1113 557 1589 623 occiderent,ista
1620 558 1841 613 ratione
1862 572 2021 613 com-

1276 242 1353 302 lN
1396 242 1720 304 JOANNIS
1766 239 2309 317 EVANGELIUM,
2357 241 2418 301 S.
2464 242 2890 303 AUGUSTINI

3685 248 3841 312 1868

2206 378 2343 449 dixi,
2376 377 2515 450 quia
2560 377 2858 435 vobiscum
2908 393 3101 448 eram;
3134 393 3310 451 usque
3343 379 3412 436 ad
3439 381 3514 446 id,
3549 382 3607 438 Si
3640 389 3837 443 autem

2207 468 2418 538 abiero,
2455 468 2681 525 mittam
2714 484 2843 525 eum
2874 469 2943 525 ad
2976 485 3094 524 vos.
3126 468 3259 537 Cap.
3290 487 3406 540 xvr,
3439 472 3491 542 ᾖ.
3523 472 3644 528 5-7.

2209 561 2257 615 1.
2292 563 2433 615 Cum
2466 558 2747 616 Dominus
2774 559 2947 615 Jesus
2987 558 3348 631 praedixisset
3377 561 3682 634 discipulis
3713 566 3839 624 suis

322 654 464 711 moti
496 658 635 710 sunt
665 669 679 709 :
713 669 846 709 nam
874 668 1074 708 eorum
1107 652 1177 707 de
1225 651 1334 706 hac
1384 665 1443 704 re
1475 650 1647 705 etiam
1678 650 1854 705 verba
1884 665 2029 704 con-
2135 651 2565 724 persecutiones
2586 667 2727 723 quas
2760 651 2991 723 passuri
3022 651 3255 709 fuerant
3287 662 3412 725 post
3445 656 3573 726 ejus
3605 657 3838 714 absces-

322 744 533 815 scripta
562 746 720 800 sunt.
761 742 956 797 Videtis
975 741 1106 813 quia
1142 745 1281 796 totus
1318 738 1555 794 mundus
1589 745 1710 810 post
1731 756 1854 793 eum
1889 737 2027 794 abiit
2134 759 2288 808 sum,
2321 740 2641 812 subjunxit,
2674 745 2848 812 atque
2880 742 2960 797 ait
2994 765 3007 793 :
3037 743 3157 798 Haec
3186 751 3369 799 autem
3398 744 3543 801 vobis
3572 747 3640 801 ab
3674 747 3835 804 initio

318 836 510 905 (Joan.
534 851 634 903 x11,
660 834 744 905 l9)
779 848 791 888 :
826 834 875 889 si
904 832 1270 888 dimiserimus
1294 848 1420 887 eum
1441 832 1642 897 vivere,
1668 832 1881 885 venient
1916 829 2023 883 Ro-

317 927 493 992 mani,
519 927 567 980 et
599 924 787 980 tollent
816 923 970 980 nobis
990 927 1044 977 et
1066 923 1238 978 locum
1261 931 1311 978 et
1338 926 1576 994 gentem.
1606 919 1671 974 Et
1693 919 1847 992 quod
1878 917 2016 975 Cai-

315 1015 463 1086 phas
486 1014 630 1070 dixit
661 1029 676 1069 :
698 1014 935 1085 Expedit
955 1018 1015 1067 ut
1048 1028 1188 1068 unus
1211 1012 1366 1068 homo
1384 1013 1657 1067 moriatur
1675 1025 1773 1081 pro
1798 1009 2014 1081 populo,

313 1111 369 1162 et
397 1120 505 1159 non
540 1106 652 1161 tota
670 1119 800 1175 gens
826 1108 1016 1175 pereat
1048 1102 1151 1175 (Id.
1184 1120 1263 1169 x1,
1295 1102 1383 1163 48,
1415 1102 1527 1174 50).
1554 1103 1623 1155 Et
1652 1099 1711 1155 in
1745 1098 1851 1154 hoc
1883 1115 2014 1170 ergo

312 1208 578 1251 sermone
608 1209 745 1251 suos
776 1192 1096 1266 discipulos
1132 1209 1239 1249 suo
1273 1192 1453 1248 erexit
1482 1189 1766 1261 exemplo,
1800 1188 2014 1261 quibus

310 1283 552 1351 dixerat,
590 1283 648 1338 Si
676 1298 763 1338 me
787 1282 1055 1355 persecuti
1082 1287 1233 1351 sunt,
1262 1288 1313 1337 et
1359 1295 1446 1336 vos
1475 1283 1876 1352 persequentur
1906 1278 2009 1350 (Id.

307 1389 402 1443 xv,
450 1374 578 1443 20);
623 1376 687 1429 ut
744 1372 1235 1444 quemadmodum
1290 1369 1453 1425 illum
1510 1367 1844 1438 occidendo,
1896 1367 2011 1424 Deo

307 1479 369 1519 se
421 1462 761 1533 praestitisse
826 1460 1174 1530 obsequium
1252 1462 1616 1532 putaverunt,
1677 1456 1759 1512 sic
1837 1457 2009 1513 etiam

304 1552 459 1609 illos.

377 1646 429 1699 4.
459 1643 571 1699 Iste
602 1645 794 1716 itaque
815 1658 1023 1701 sensus
1062 1645 1149 1699 est
1172 1642 1233 1698 in
1273 1642 1364 1697 his
1406 1640 1632 1697 verbis:
1670 1640 1839 1696 Extra
1868 1658 2007 1715 syn-

302 1750 503 1805 agogas
549 1733 759 1807 facient
805 1748 953 1796 vos;
1002 1733 1103 1790 sed
1162 1730 1336 1788 nolite
1386 1730 1759 1786 solitudinem
1810 1731 2005 1788 fortui-

304 1825 443 1880 dare
475 1840 488 1879 :
523 1823 771 1894 separati
802 1823 1011 1895 quippe
1059 1839 1094 1879 a
1139 1820 1585 1895 congregatione
1630 1837 1855 1888 eorum,
1890 1829 2004 1880 tam

301 1912 518 1969 multos
539 1913 597 1969 in
630 1913 866 1970 nomine
907 1928 1034 1970 meo
1057 1911 1506 1984 congregabitis,
1531 1914 1596 1966 ut
1629 1910 1713 1966 illi
1750 1916 2005 1969 metuen-

298 2009 385 2060 tes
417 2020 488 2060 ne
518 2003 803 2076 templum
838 2004 991 2075 quod
1023 2010 1143 2059 erat
1173 2002 1327 2074 apud
1361 2017 1479 2068 eos,
1514 2004 1570 2056 et
1599 2001 1797 2057 omnia
1837 2002 2003 2073 Legis

299 2094 508 2151 veteris
554 2098 921 2151 sacramenta
968 2094 1330 2163 deserantur,
1363 2091 1719 2148 interficiant
1744 2108 1880 2160 vos;
1917 2093 2002 2149 sic

298 2184 606 2240 fundentes
654 2183 1005 2255 sanguinem
1054 2185 1337 2249 vestrum,
1372 2185 1434 2237 ut
1473 2180 1589 2237 Deo
1629 2196 1689 2236 se
1732 2189 2000 2253 praestare

294 2275 649 2332 arbitrentur
696 2274 1067 2345 obsequium.
1120 2272 1263 2330 Ecce
1312 2274 1402 2328 est
1442 2270 1585 2327 illud
1618 2271 1771 2342 quod
1805 2271 1874 2327 de
1907 2272 1998 2329 his

293 2366 436 2422 dixit
464 2366 803 2439 Apostolus,
835 2366 1023 2422 Zetum
1060 2367 1160 2421 Dei
1187 2364 1412 2431 habent,
1445 2361 1535 2418 sed
1563 2378 1673 2418 non
1703 2362 1997 2419 secundum

288 2460 569 2514 scientiam
604 2460 777 2528 (Rom.
810 2473 866 2522 x,
897 2456 952 2528 2)
980 2472 991 2511 :
1022 2455 1365 2527 obsequium
1390 2469 1453 2511 se
1485 2457 1691 2526 putant
1722 2458 1995 2526 praestare

289 2548 426 2611 Deo,
469 2544 871 2601 interﬁciendo
916 2542 1167 2599 famulos
1220 2542 1337 2598 Dei.
1370 2542 1413 2597 Ο
1448 2558 1608 2598 error
1637 2542 1990 2599 horrendus!

291 2634 452 2688 Itane
500 2637 565 2689 ut
612 2632 843 2703 placeas
891 2631 1028 2698 Deo,
1080 2632 1334 2702 percutis
1385 2630 1701 2701 placentem
1753 2631 1903 2703 Deo;
1936 2636 1993 2689 et

286 2722 572 2794 templum
620 2722 721 2777 Dei
752 2720 945 2776 vivum
980 2724 1034 2776 te
1067 2720 1302 2775 feriente
1340 2720 1744 2791 prosternitur,
1777 2738 1849 2777 ne
1890 2721 1990 2779 Dei

286 2812 571 2882 templum
595 2809 888 2882 lapideum
908 2808 1246 2865 deseratur?
1269 2809 1313 2863 0
1337 2808 1705 2865 exsecrabilis
1727 2809 1983 2869 caecitas!

281 2902 390 2959 Sed
414 2917 484 2957 ex
512 2903 671 2971 parte
703 2900 759 2955 in
795 2902 968 2956 Israel
994 2900 1145 2955 facta
1166 2902 1276 2967 est,
1302 2906 1361 2954 ut
1392 2898 1689 2970 plenitudo
1713 2899 1985 2958 Gentium

281 2992 523 3047 intraret
556 3006 569 3045 :
603 3005 672 3045 ex
719 2994 902 3061 parte,
938 2988 1201 3060 inquam,
1238 2987 1387 3043 facta
1435 2991 1543 3055 est,
1578 3005 1691 3044 non
1735 3005 1802 3045 ex
1848 2994 1983 3047 toto.

277 3079 401 3136 Non
436 3080 589 3135 enim
623 3094 848 3146 omnes,
881 3078 976 3134 sed
1011 3076 1192 3148 aliqui
1226 3093 1289 3132 ex
1319 3076 1497 3133 ramis
1537 3078 1700 3134 fracti
1731 3084 1887 3150 sunt,
1925 3083 1988 3135 ut

279 3168 629 3224 inscreretur
687 3166 931 3222 oleaster
978 3165 1077 3237 (Id.
1129 3182 1207 3234 ιιι,
1257 3165 1347 3233 25,
1399 3164 1510 3238 17).
1561 3165 1708 3221 Nam
1760 3166 1983 3238 Spiritu

276 3262 478 3315 sancto
546 3256 825 3328 implente
892 3253 1209 3327 discipulos
1264 3255 1501 3324 Christi,
1562 3271 1695 3311 cum
1763 3256 1983 3329 linguis

274 3346 535 3402 omnium
584 3344 848 3417 gentium
898 3343 1294 3415 loquerentur,
1328 3358 1464 3399 cum
1516 3359 1618 3414 per
1652 3360 1751 3400 eos
1783 3345 1981 3403 divina

271 3436 554 3493 miracula
605 3435 1133 3506 frequentarentur,
1168 3436 1225 3489 et
1254 3432 1451 3489 divina
1481 3431 1711 3503 eloquia
1745 3450 1980 3505 sparge-

269 3532 494 3597 rentur,
527 3527 702 3583 etiam
755 3525 985 3582 occisus
1033 3525 1114 3581 ita
1164 3524 1410 3581 dilectus
1461 3528 1548 3579 est
1591 3522 1880 3595 Christus,
1914 3529 1980 3582 ut

268 3618 395 3687 ejus
426 3614 695 3687 discipuli
724 3612 943 3685 expulsi
976 3631 1010 3668 a
1035 3612 1586 3685 congregationibus
1616 3612 1974 3683 Judasorum,

269 3724 337 3761 ex
368 3707 511 3777 ipsis
540 3721 772 3778 quoque
800 3705 1025 3760 Judaeis
1055 3705 1346 3776 ingentem
1382 3704 1817 3760 multitudinem
1842 3723 1976 3762 con-

269 3797 595 3864 gregarent,
642 3800 696 3848 et
746 3792 967 3848 nullam
1022 3794 1397 3850 solitudinem
1434 3793 1813 3850 formidarent
1839 3796 1972 3860 (Act.

269 3891 443 3949 lt-IV).
478 3880 624 3936 Hinc
663 3896 798 3951 ergo
841 3882 1070 3936 accensi
1121 3883 1307 3936 centeri
1357 3882 1584 3953 reprobi
1616 3892 1668 3938 et
1699 3884 1854 3951 caeci,
1881 3902 1970 3941 ze-

267 3969 391 4024 lum
422 3969 521 4024 Dei
558 3969 860 4037 habentes,
893 3970 993 4024 sed
1038 3987 1150 4026 non
1204 3971 1527 4026 secundum
1560 3971 1886 4043 scientiam,
1918 3980 1972 4031 et

270 4058 620 4129 obsequium
668 4072 731 4113 se
779 4061 1050 4128 prazstare
1096 4058 1213 4114 Deo
1263 4059 1587 4126 credentes,
1634 4062 1975 4120 occidebant

269 4165 389 4205 eos.
422 4147 534 4203 Sed
586 4163 687 4218 pro
738 4146 854 4204 illis
888 4147 1117 4203 occisus
1148 4147 1455 4219 colligebat
1484 4165 1617 4217 eos;
1652 4150 1749 4220 qui
1780 4151 1849 4207 de
1881 4153 1973 4209 his

268 4238 499 4308 futuris,
549 4242 859 4310 antequam
913 4237 1294 4305 occideretur,
1346 4238 1703 4296 instruxerat
1750 4258 1869 4310 eos,
1904 4260 1974 4300 ne

265 4330 498 4401 ignaros
517 4333 687 4401 atque
710 4329 1025 4401 imparatos
1048 4329 1278 4387 animos
1301 4330 1451 4386 mala
1473 4331 1769 4404 inopinata
1792 4338 1848 4389 et
1865 4334 1970 4390 im-

261 4421 512 4492 provisa,
541 4419 809 4494 quamvis
836 4420 948 4477 cito
977 4420 1318 4490 transitura,
1341 4423 1661 4493 turbarent,
1685 4423 1784 4481 sed
1822 4440 1966 4497 prae-

265 4511 497 4583 cognita
516 4514 573 4567 et
595 4512 881 4582 patienter
910 4515 1149 4584 accepta
1170 4511 1240 4567 ad
1271 4513 1419 4569 bona
1448 4512 1804 4585 sempiterna
1834 4531 1964 4585 per-

264 4602 557 4657 ducerent.
588 4605 749 4657 Hanc
778 4602 933 4662 enim
983 4600 1165 4658 fuisse
1195 4618 1428 4659 causam
1463 4608 1524 4659 ut
1554 4603 1674 4660 haec
1704 4604 1787 4662 eis
1817 4622 1963 4678 pras-

265 4689 578 4756 nuntiaret,
611 4690 784 4745 etiam
836 4690 959 4760 ipse
1000 4692 1414 4748 demonstravit
1446 4693 1770 4765 adjungens
1803 4710 1816 4749 :
1850 4695 1965 4752 Sed

264 4780 382 4837 haec
404 4779 610 4834 locutus
632 4795 754 4833 sum
784 4778 945 4845 vobis,
970 4788 1031 4835 ut
1069 4797 1191 4836 cum
1224 4785 1431 4837 venerit
1462 4781 1598 4839 hora
1627 4799 1831 4852 eorum,
1866 4800 1962 4841 re-

261 4868 638 4927 miniscamini
666 4871 790 4939 quia
822 4884 913 4939 ego
942 4870 1063 4924 dixi
1092 4872 1251 4926 vobis.
1287 4871 1437 4927 Hora
1467 4888 1667 4928 eorum
1709 4872 1850 4930 hora
1880 4879 1962 4931 te-

261 4963 527 5028 nebrosa,
563 4959 699 5014 liora
730 4965 1034 5016 nocturna.
1067 4960 1177 5015 Sed
1213 4960 1271 5016 in
1303 4961 1396 5015 die
1429 4963 1725 5018 mandavit
1769 4963 1962 5019 Domi-

263 5068 374 5107 nus
409 5049 862 5106 misericordiam
898 5064 1087 5115 suam,
1114 5053 1168 5104 et
1194 5050 1250 5105 in
1275 5054 1443 5106 nocte
1465 5052 1768 5108 declaravit
1793 5054 1961 5120 (Psat.

260 5158 371 5209 xu,
404 5142 457 5203 0)
486 5158 497 5194 :
522 5139 751 5211 quando
785 5156 895 5195 nox
924 5137 1261 5195 Judaaorum
1295 5145 1628 5211 separatum
1655 5160 1685 5197 a
1717 5159 1778 5199 se
1809 5143 1962 5199 diem

260 5228 718 5283 Christianorum
766 5228 924 5284 nulla
955 5228 1297 5285 confusione
1330 5230 1606 5299 fuscavit;
1640 5235 1695 5287 et
1729 5232 1964 5304 quando

260 5331 489 5371 carnem
542 5318 804 5374 occidere
853 5318 1061 5389 potuit,
1112 5316 1284 5374 ﬁdem
1338 5319 1635 5376 lenebrare
1687 5336 1802 5377 non
1857 5338 1963 5393 po-

260 5402 390 5458 tuit.
544 5416 551 5421 '

778 5498 1200 5555 'l‘RACTA'I‘US
1249 5498 1437 5556 XCIV.

258 5593 329 5647 De
356 5604 415 5646 eo
445 5590 589 5660 quod
617 5592 745 5646 dicit
774 5596 943 5663 Jesus,
971 5601 1096 5652 Haec
1126 5602 1321 5654 autem
1346 5599 1508 5655 vobis
1542 5600 1612 5655 ab
1648 5599 1813 5657 initio
1848 5618 1959 5657 non

2128 846 2238 886 non
2282 831 2423 901 dixi,
2457 830 2595 903 quia
2625 830 2903 887 vobiscum
2940 848 3093 888 eram
3123 851 3142 888 :
3171 850 3318 889 nunc
3363 839 3550 891 autem
3588 837 3724 895 vado
3763 840 3836 894 ad

2128 938 2251 978 eum
2280 922 2375 994 qui
2404 937 2488 977 me
2517 920 2689 977 misit.
2724 921 2826 978 Ubi
2858 921 3113 993 primum
3148 921 3462 980 videndum
3495 930 3605 991 est,
3640 936 3829 985 utrum

2129 1011 2212 1067 eis
2260 1012 2485 1067 futuras
2517 1028 2630 1068 non
2673 1010 3002 1083 praedixerit
3050 1015 3185 1069 ante
3232 1013 3554 1085 passiones.
3588 1017 3699 1074 Sed
3732 1018 3829 1075 alii

2127 1108 2239 1159 tres
2289 1099 2653 1173 evangelista:
2700 1099 2846 1156 satis
2895 1117 3030 1157 eum
3081 1100 3414 1173 praedixisse
3445 1105 3551 1161 ista
3582 1106 3828 1164 demon-

2125 1194 2327 1255 strant,
2379 1193 2691 1261 antequam
2743 1193 2980 1246 ventum
3030 1195 3181 1246 esset
3228 1192 3299 1246 ad
3345 1210 3566 1250 omnem
3601 1197 3822 1267 (Matth.

2122 1299 2277 1349 xxxv,
2317 1282 2384 1349 9;
2428 1285 2600 1337 Marc.
2639 1296 2761 1347 xm,
2797 1279 2954 1347 9-13,
2995 1288 3046 1335 et
3089 1281 3217 1338 Luc.
3260 1299 3375 1351 ιιι,
3418 1283 3609 1356 12-17)
3655 1304 3668 1341 :
3712 1304 3828 1359 qua

2122 1375 2353 1443 peracta
2380 1370 2702 1427 secundum
2734 1369 3022 1425 Joannem
3055 1370 3167 1426 ista
3195 1369 3429 1429 locutus
3458 1377 3566 1443 est,
3592 1375 3691 1431 ubi
3722 1377 3823 1445 ait,

2121 1462 2247 1519 liceo
2268 1468 2455 1516 autem
2476 1460 2617 1515 vobis
2639 1460 2706 1514 ab
2726 1457 2890 1514 initio
2912 1475 3019 1513 non
3042 1458 3181 1526 dixi,
3204 1463 3333 1532 quia
3358 1463 3627 1519 vobiscum
3647 1481 3820 1523 eram.

2120 1554 2205 1607 An
2234 1552 2378 1607 forte
2409 1549 2545 1606 hinc
2580 1550 2688 1605 ista
2719 1548 2959 1605 solvitur
2993 1550 3253 1621 quaestio,
3287 1551 3425 1622 quia
3466 1558 3523 1609 et
3562 1554 3647 1611 illi
3689 1572 3821 1613 eum

2120 1646 2359 1697 narrant
2390 1639 2643 1713 passioni
2676 1640 3002 1711 proximum
3035 1639 3211 1695 luisse
3240 1658 3372 1698 cum
3406 1642 3528 1699 haec
3559 1645 3823 1703 diceret?

2118 1736 2241 1789 Non
2273 1747 2408 1802 ergo
2440 1731 2512 1786 ab
2542 1730 2707 1786 initio
2738 1730 2968 1800 quando
3000 1746 3129 1785 cum
3177 1730 3295 1787 illis
3342 1737 3487 1803 erat,
3524 1733 3663 1806 quia
3693 1737 3821 1807 jam

2115 1823 2501 1891 discessurus,
2552 1820 2798 1891 jamque
2856 1820 2925 1875 ad
2984 1819 3207 1876 Patrem
3269 1829 3636 1893 perrecturus
3698 1826 3819 1883 haec

2114 1914 2260 1969 dixit
2292 1930 2305 1969 :
2339 1917 2393 1968 et
2420 1911 2547 1967 ideo
2579 1911 2752 1967 etiam
2785 1911 3103 1967 secundum
3136 1911 3267 1969 illos
3298 1914 3689 1986 evangelistas
3721 1934 3820 1976 vso

2115 2019 2241 2058 rum
2273 2008 2358 2057 est
2387 2001 2537 2073 quod
2569 1999 2664 2055 hic
2694 1999 2914 2056 dictum
2946 2005 3056 2066 est,
3081 2002 3204 2058 Haec
3227 2006 3412 2059 autem
3440 2007 3586 2062 vobis
3613 2007 3681 2061 ab
3708 2009 3819 2063 ini-

2109 2094 2185 2149 tio
2212 2107 2318 2148 non
2348 2091 2490 2147 dixi.
2522 2090 2631 2144 Sed
2681 2090 2819 2161 quid
2873 2090 3104 2161 agimus
3135 2091 3205 2146 de
3235 2092 3347 2148 fide
3387 2093 3677 2167 Evangelii
3708 2114 3815 2154 se-

2110 2184 2359 2238 cundum
2392 2180 2750 2244 Matthaiam,
2776 2178 2875 2250 qui
2900 2178 3021 2235 haec
3043 2179 3125 2236 eis
3148 2196 3180 2236 a
3203 2180 3445 2239 Domino
3477 2200 3589 2240 non
3619 2184 3814 2245 solum

2109 2288 2237 2328 cum
2261 2272 2384 2343 jam
2415 2274 2569 2327 esset
2595 2268 2816 2326 Pascha
2845 2284 2975 2325 cum
3003 2269 3311 2344 discipulis
3342 2278 3678 2332 ccenaturus
3710 2276 3818 2334 im-

2108 2364 2363 2419 minente
2392 2363 2683 2434 passione,
2705 2375 2907 2416 verum
2932 2364 2989 2417 et
3011 2359 3082 2417 ab
3114 2361 3279 2417 initio
3312 2364 3656 2421 denuntiata
3685 2384 3815 2425 esse

2106 2456 2546 2519 commemorat,
2573 2450 2672 2505 ubi
2704 2450 2957 2522 primum
2993 2450 3344 2507 nominatim
3376 2454 3684 2512 duodecim
3717 2474 3811 2513 ex-

2106 2544 2445 2614 primuntur
2490 2540 2774 2612 Apostoli,
2815 2544 2872 2596 et
2918 2541 2988 2595 ad
3039 2557 3212 2613 opera
3259 2542 3454 2598 divina
3497 2545 3813 2603 mittuntur

2103 2632 2310 2703 (Matth.
2343 2648 2399 2696 x,
2434 2629 2564 2699 t7)?
2590 2629 2735 2697 Quid
2770 2627 2879 2684 sibi
2914 2645 3048 2701 ergo
3080 2629 3201 2686 vult
3231 2632 3384 2702 quod
3422 2632 3515 2689 hic
3545 2634 3648 2704 ait,
3680 2636 3809 2693 Haec

2101 2728 2285 2777 autem
2306 2719 2460 2777 vobis
2480 2720 2547 2774 ab
2570 2720 2730 2775 initio
2751 2734 2860 2774 non
2880 2718 3022 2786 dixi,
3038 2721 3166 2790 quia
3189 2720 3468 2777 vobiscum
3491 2739 3644 2779 eram
3658 2742 3678 2779 :
3692 2726 3805 2781 nisi

2100 2810 2230 2881 quia
2260 2825 2325 2865 ea
2357 2826 2482 2880 quae
2516 2807 2608 2863 hic
2641 2807 2781 2863 dicit
2810 2807 2881 2863 de
2910 2808 3130 2878 Spiritu
3162 2814 3384 2871 sancto.
3409 2813 3562 2882 quod
3595 2814 3644 2868 si
3672 2830 3806 2871 ven-

2099 2901 2262 2952 turus
2308 2896 2379 2950 ad
2426 2910 2524 2950 eos
2563 2900 2616 2949 et
2666 2893 3060 2949 testimonium
3113 2894 3535 2967 perhibiturus,
3567 2899 3804 2970 quando

2100 2984 2251 3041 mala
2282 2983 2382 3040 illa
2412 2983 2643 3057 passuri
2668 2990 2820 3044 sunt,
2868 2981 2989 3038 haec
3030 2982 3100 3039 ab
3148 2982 3312 3040 initio
3352 2985 3436 3042 eis
3478 3002 3595 3043 non
3637 2987 3805 3059 dixit,

2096 3075 2232 3145 quia
2263 3090 2395 3131 cum
2432 3074 2577 3145 ipsis
2608 3079 2723 3129 erat
2746 3072 2773 3127 ‘?

2164 3167 2215 3218 2.
2252 3162 2590 3221 Consolator
2637 3178 2772 3233 ergo
2815 3162 2911 3218 ille
2960 3163 3046 3218 vel
3095 3164 3413 3221 advocatus
3463 3166 3802 3240 (utrumque

2092 3254 2247 3309 enim
2281 3255 2693 3325 interpretatur
2723 3254 2875 3325 quod
2909 3256 2993 3309 est
3022 3268 3204 3324 graece
3236 3254 3615 3329 paracletus),
3642 3258 3803 3315 Chri-

2093 3348 2181 3399 sto
2214 3343 2557 3399 abscedente
2589 3342 2775 3399 fuerat
2803 3342 3199 3409 necessarius;
3222 3346 3279 3399 et
3301 3345 3428 3400 ideo
3453 3345 3524 3401 de
3551 3345 3652 3402 illo
3686 3363 3797 3403 non

2091 3431 2312 3488 dixerat
2332 3432 2403 3488 ab
2434 3431 2601 3487 initio
2626 3431 2859 3503 quando
2884 3447 3016 3488 cum
3040 3432 3158 3489 illis
3181 3437 3320 3501 erat,
3347 3433 3485 3505 quia
3507 3435 3637 3506 ejus
3664 3451 3803 3508 prai-

2091 3522 2277 3577 sentia
2325 3520 2777 3578 consolabantur
2812 3538 2823 3577 :
2858 3521 3239 3579 abscessurus
3268 3527 3465 3579 autem
3497 3526 3798 3596 oportebat

2088 3616 2154 3667 ut
2182 3612 2394 3669 diceret
2441 3610 2610 3666 illum
2651 3627 2780 3668 esse
2812 3616 3149 3682 venturum,
3180 3630 3283 3686 per
3313 3631 3486 3686 quem
3527 3618 3795 3675 futurum

2086 3706 2209 3758 erat
2240 3706 2299 3758 ut
2333 3702 2615 3758 charitate
2645 3701 2856 3758 dillusa
2880 3702 2937 3758 in
2961 3703 3232 3760 cordibus
3265 3705 3390 3761 suis
3412 3706 3654 3764 verbum
3689 3708 3796 3764 Dei

2084 3808 2217 3848 cum
2271 3790 2480 3848 fiducia
2528 3790 2941 3862 praedicarent;
2989 3796 3045 3847 et
3095 3791 3195 3849 illo
3244 3793 3601 3853 intrinsecus
3632 3799 3787 3868 apud

2082 3897 2180 3936 eos
2212 3880 2612 3937 testimonium
2658 3880 3001 3951 perbibente
3031 3881 3101 3936 de
3132 3881 3382 3953 Christo,
3414 3883 3525 3956 ipsi
3556 3901 3789 3958 quoque

2082 3971 2487 4026 testimonium
2505 3969 3091 4042 perhiberent;neque
3111 3972 3789 4034 scandalizarenturcum

2083 4059 2303 4117 inimici
2325 4060 2509 4116 Judaei
2534 4059 2753 4131 absque
2776 4059 3087 4131 synagogis
3112 4060 3369 4118 facerent
3389 4079 3511 4133 eos,
3534 4069 3593 4121 et
3619 4065 3793 4122 inter-

2083 4152 2322 4207 ﬁcerent
2380 4150 2729 4206 arbitrantes
2788 4149 3137 4221 obsequium
3187 4168 3249 4208 se
3298 4157 3575 4223 prastare
3629 4156 3788 4213 Deo:

2084 4240 2357 4313 quoniam
2396 4239 2647 4295 charitas
2688 4238 2889 4295 omnia
2926 4240 3134 4296 tolerat
3162 4240 3209 4312 (Ι
3243 4240 3364 4299 Cor.
3397 4260 3521 4312 xm,
3550 4246 3629 4314 7),
3662 4263 3788 4318 quae

2083 4331 2464 4388 diffundenda
2485 4330 2688 4386 eratin
2714 4330 2989 4387 cordibus
3011 4345 3214 4388 eorum
3248 4348 3348 4404 per
3376 4334 3631 4406 Spiritus
3658 4353 3798 4394 san-

2078 4426 2153 4480 cti
2194 4424 2412 4479 donum
2444 4423 2618 4491 (Rom.
2652 4437 2705 4489 v,
2735 4420 2811 4493 5).
2844 4419 2989 4477 Hinc
3028 4436 3164 4494 ergo
3213 4422 3323 4478 iste
3362 4427 3516 4480 totus
3553 4426 3791 4485 ducitur

2074 4529 2308 4579 sensus,
2339 4512 2478 4584 quia
2508 4511 2766 4566 facturus
2797 4525 2894 4565 eos
2925 4515 3049 4567 erat
3090 4516 3376 4584 martyres
3418 4528 3575 4585 suos,
3607 4515 3666 4571 id
3702 4523 3792 4574 est

2075 4607 2254 4660 testes
2284 4618 2423 4658 suos
2456 4616 2559 4673 per
2589 4600 2876 4673 Spiritum
2906 4605 3212 4669 sanctum;
3242 4610 3300 4658 ut
3332 4602 3433 4661 illo
3465 4605 3524 4661 in
3546 4606 3629 4662 eis
3650 4624 3793 4681 ope-

2075 4700 2262 4766 rante,
2292 4693 2759 4768 persecutionum
2793 4710 3180 4765 quaecumque
3212 4712 3417 4767 aspera
3448 4698 3783 4769 tolerarent,

2075 4804 2179 4844 nec
2221 4786 2595 4855 frigescerent
2648 4800 2680 4839 a
2719 4782 2998 4841 charitate
3038 4784 3421 4855 prazdicandi,
3455 4787 3551 4845 illo
3592 4789 3788 4849 divino

2074 4878 2207 4951 igne
2238 4874 2522 4934 succensi.
2556 4875 2682 4931 Haec
2709 4890 2864 4945 ergo,
2898 4874 3107 4944 inquit,
3131 4876 3344 4931 locutus
3372 4895 3495 4934 sum
3529 4881 3697 4942 vobis.
3723 4890 3784 4938 ut

2073 4985 2196 5025 cum
2215 4968 2426 5023 venerit
2446 4966 2581 5022 hora
2601 4979 2810 5032 eorum,
2826 4964 3269 5022 reminiscamini
3288 4968 3421 5037 quia
3442 4985 3537 5039 ego
3554 4969 3680 5027 dixi
3701 4988 3787 5029 vo-

2076 5057 2155 5115 bis
2205 5058 2381 5126 (toan.
2416 5070 2529 5122 ενι,
2560 5054 2636 5126 4).
2683 5052 2813 5109 Haec
2865 5052 3088 5110 scilicet
3131 5053 3363 5112 locutus
3411 5073 3539 5113 sum
3592 5061 3782 5133 vobis,

2075 5165 2189 5205 non
2224 5150 2445 5203 tantum
2474 5144 2613 5217 quia
2637 5143 2865 5214 passuri
2898 5144 3037 5200 estis
3067 5143 3210 5212 ista;
3235 5146 3334 5201 sed
3361 5147 3502 5218 quia
3521 5164 3655 5229 cum
3692 5168 3783 5208 ve.

2075 5238 2221 5296 nerit
2264 5234 2589 5309 paracletus
2632 5232 2747 5300 ille,
2782 5233 3172 5291 testimonium
3208 5234 3533 5303 perhibebit
3560 5238 3634 5295 de
3664 5257 3779 5312 me,

2074 5345 2146 5386 ne
2176 5328 2291 5385 ista
2318 5323 2579 5382 timendo
2612 5323 2872 5393 tacentis,
2897 5324 3052 5379 unde
3082 5324 3182 5380 fiet
3223 5328 3289 5381 ut
3317 5325 3491 5382 etiam
3531 5344 3632 5386 vos
3664 5334 3786 5389 tes-

2072 5419 2382 5477 timonium
2432 5413 2805 5488 perhibeatis.
2863 5414 2990 5471 Haec
3048 5418 3230 5470 autem
3278 5416 3426 5473 vobis
3489 5418 3560 5474 ab
3618 5419 3783 5483 initio

2073 5525 2179 5565 non
2210 5507 2351 5575 dixi,
2404 5502 2535 5577 quia
2596 5502 2871 5559 vobiscum
2915 5519 3089 5571 eram,
3150 5506 3206 5559 et
3253 5520 3358 5576 ego
3410 5520 3511 5563 vos
3569 5523 3781 5569 conso-

2070 5598 2232 5653 labar
2283 5610 2413 5651 mea
2472 5591 2754 5665 corporali
2806 5592 3137 5664 praesentia,
3173 5591 3437 5651 exhibita
3493 5595 3777 5659 humanis
