4148 6190
318 284 473 344 1869

311 415 588 471 sensibus
644 415 874 484 vestris,
943 431 1114 486 quam
1175 417 1399 489 parvuli
1454 435 1659 491 capere
1728 421 2024 494 poteratis.

382 504 438 558 3.
469 505 624 560 Nunc
652 513 837 560 autem
867 504 1004 560 vado
1033 505 1106 561 ad
1133 522 1257 562 eum
1287 507 1385 579 qui
1411 525 1498 564 me
1527 509 1679 565 misit
1710 527 1728 565 :
1758 520 1808 567 et
1849 526 2026 579 nemo,

310 593 527 663 inquit,
550 611 619 650 ex
641 593 786 651 vobis
804 594 1109 664 interrogat
1135 613 1238 664 me,
1264 599 1378 665 Quo
1398 599 1599 655 vadis?
1621 601 1922 672 Significat
1944 602 2028 658 sic

314 698 376 738 se
393 685 616 740 iturum
637 689 700 740 ut
719 683 920 742 nullus
943 685 1352 760 interrogaret,
1367 689 1525 759 quod
1549 689 1738 762 palam
1760 690 2028 746 fierivisu

313 773 574 844 corporis
631 779 933 832 cernerent
970 789 985 831 :
1031 793 1165 832 nam
1211 777 1482 848 superius
1531 780 2030 853 interrogaverunt

311 878 451 918 eum
475 879 588 935 quo
611 869 766 920 esset
786 865 1000 928 iturus,
1017 869 1074 922 et
1094 867 1474 938 responderat
1489 869 1574 924 eis
1593 885 1654 925 se
1670 868 1892 926 iturum
1912 885 2028 940 quo

310 951 431 1024 ipsi
479 957 620 1008 tunc
666 953 861 1010 venire
910 970 1025 1011 non
1075 960 1314 1026 possent
1362 957 1537 1026 (Joan.
1571 974 1697 1029 xm,
1729 959 1838 1031 36).
1863 958 2029 1014 Nune

311 1057 453 1096 vero
501 1041 582 1098 ita
629 1059 694 1099 se
742 1043 1026 1114 promittit
1074 1044 1318 1114 iturum,
1351 1049 1415 1101 ut
1444 1046 1642 1103 nullus
1681 1063 1882 1105 eorum
1915 1064 2029 1120 quo

312 1129 478 1186 vadit
522 1130 858 1204 interroget.
889 1131 1085 1189 Nubes
1134 1134 1293 1190 enim
1341 1137 1596 1207 suscepit
1624 1153 1759 1192 eum
1793 1137 2030 1208 quando

313 1218 588 1275 ascendit
609 1221 682 1277 ab
705 1221 818 1290 eis;
842 1226 900 1278 et
917 1227 1156 1279 euntem
1188 1223 1248 1280 in
1271 1224 1481 1280 eretum
1515 1241 1629 1282 non
1662 1225 1855 1282 verbis
1879 1241 2031 1296 quie-

313 1310 572 1380 sierunt,
605 1314 702 1368 sed
734 1314 915 1370 oculis
945 1315 1311 1372 deduxerunt
1341 1316 1478 1387 (Aet.
1512 1333 1552 1381 ฮน,
1583 1316 1767 1389 9-11).

391 1401 439 1455 4.
478 1400 582 1458 Sed
609 1401 746 1472 quia
787 1403 899 1458 hac
936 1403 1146 1460 locutus
1193 1421 1316 1460 sum
1361 1405 1531 1473 vobis,
1562 1405 1774 1477 inquit,
1807 1405 2032 1462 tristitia

313 1489 569 1562 implevit
588 1507 679 1548 cor
697 1492 1208 1550 vestrum.Videbat
1230 1494 1432 1566 utique
1450 1496 1586 1566 quid
1609 1495 1710 1552 illa
1733 1511 1837 1551 sua
1857 1495 2034 1552 verba

315 1580 380 1636 in
411 1595 617 1637 eorum
649 1581 922 1638 cordibus
953 1590 1186 1655 agerent
1212 1600 1224 1639 :
1249 1583 1614 1656 spiritualem
1647 1585 1864 1657 quippe
1889 1601 2035 1642 non-

315 1671 464 1727 dum
495 1671 740 1728 interius
772 1673 1050 1730 habentes
1072 1674 1543 1738 consolationem.
1570 1692 1746 1747 quam
1780 1692 1878 1748 per
1906 1677 2034 1748 Spi-

317 1761 504 1817 ritum
536 1767 807 1819 sanctum
839 1764 1070 1820 fuerant
1109 1765 1382 1836 habituri,
1416 1767 1473 1822 id
1505 1766 1661 1839 quod
1690 1766 1941 1822 exterius
1970 1765 2032 1822 in

315 1851 552 1909 Christo
597 1854 892 1924 videbant,
943 1856 1208 1911 amittere
1265 1857 1637 1926 metuebant;
1680 1860 1736 1913 et
1785 1858 1922 1928 quia
1971 1873 2032 1913 se

316 1940 644 2000 amissuros
683 1959 810 2000 esse
858 1943 1026 2000 illum
1064 1960 1203 2001 vera
1241 1945 1683 2003 denuntiantem
1717 1945 1733 1979 ยน
1767 1947 2032 2003 dubitare

321 2048 440 2087 non
475 2036 762 2102 poterant,
795 2033 1251 2092 contristabatur
1280 2034 1576 2092 humanus
1607 2037 1872 2103 affectus,
1896 2035 2034 2108 quia

317 2121 576 2178 carnalis
597 2121 970 2182 desolabatur
989 2125 1542 2197 aspectus.Noverat
1562 2131 1754 2183 autem
1777 2125 1873 2182 ille
1895 2124 2032 2198 quid

317 2212 406 2266 eis
437 2211 635 2283 potius
665 2214 978 2286 expediret,
1011 2214 1149 2286 quia
1177 2214 1338 2272 visus
1368 2215 1603 2272 interior
1631 2217 1767 2288 ipse
1797 2220 1887 2272 est
1917 2216 2030 2271 uti-

317 2317 438 2374 que
467 2302 693 2369 melior,
719 2321 835 2376 quo
855 2319 955 2362 eos
976 2304 1389 2362 consolaturus
1414 2307 1598 2363 fuerat
1628 2307 1879 2378 Spiritus
1899 2323 2033 2363 san-

316 2397 477 2463 ctus;
512 2409 630 2449 non
661 2395 1028 2451 cernentium
1060 2397 1404 2468 corporibus
1451 2398 1789 2469 ingesturus
1819 2413 2030 2469 corpus

317 2483 676 2556 humanum,
709 2487 809 2542 sed
842 2485 1098 2559 seipsum
1129 2488 1489 2544 credentium
1523 2489 1850 2560 pectoribus
1881 2489 2033 2544 intu-

317 2591 523 2630 eurus.
543 2576 802 2648 Denique
831 2576 1120 2648 adjungit,
1141 2576 1242 2632 Sed
1270 2593 1366 2647 ego
1398 2581 1685 2634 veritatem
1723 2578 1842 2634 dico
1863 2578 2030 2643 vobis,

315 2665 549 2737 expedit
578 2665 727 2721 vobis
754 2674 816 2722 ut
843 2681 940 2736 ego
971 2666 1183 2724 vadum.
1207 2667 1267 2721 Si
1296 2667 1447 2723 enim
1477 2683 1588 2724 non
1617 2669 1825 2738 abiero,
1850 2669 2032 2724 Para-

317 2757 499 2811 ctetus
528 2772 641 2812 non
670 2758 850 2812 veniet
877 2756 950 2814 ad
979 2771 1068 2813 vos
1099 2774 1117 2813 :
1146 2759 1196 2812 si
1223 2763 1404 2815 autem
1433 2759 1642 2826 abiero,
1673 2761 1892 2816 mittam
1917 2775 2034 2815 eum

317 2845 392 2900 ad
422 2861 514 2902 vos
540 2862 553 2902 :
581 2855 857 2918 tanquam
882 2846 1118 2916 diceret,
1145 2847 1386 2920 Expedit
1407 2847 1568 2905 vobis
1601 2855 1666 2905 ut
1697 2849 1818 2905 haec
1849 2851 2034 2905 forma

318 2935 480 2992 servi
511 2937 816 2993 auferatur
834 2954 869 2993 a
887 2937 1049 2994 vobis
1075 2954 1243 2994 :earo
1265 2939 1503 3009 quidem
1537 2938 1750 2995 factum
1773 2939 2031 2996 Verbum

317 3025 522 3084 habito
545 3027 604 3083 in
628 3028 822 3094 vobis;
848 3029 947 3084 sed
981 3027 1113 3086 nolo
1148 3045 1238 3085 me
1267 3030 1578 3086 carnaliter
1607 3029 1795 3086 adhuc
1827 3028 2035 3100 diliga-

318 3117 421 3186 tis,
443 3122 501 3174 et
530 3117 648 3173 isto
678 3116 826 3174 lacte
857 3117 1115 3174 contenti
1145 3133 1374 3189 semper
1403 3119 1656 3176 infantes
1687 3135 1811 3175 esse
1839 3120 2036 3190 cupia-

320 3208 420 3263 tis.
455 3208 694 3278 Expedit
721 3207 870 3264 vobis
900 3213 962 3263 ut
990 3224 1088 3277 ego
1119 3208 1333 3264 vadam.
1367 3208 1429 3264 Si
1476 3212 1619 3265 enim
1672 3225 1780 3265 non
1827 3209 2031 3277 abiero,

319 3297 654 3354 Paracletus
675 3313 780 3353 non
804 3300 984 3354 veniet
1005 3298 1073 3353 ad
1097 3313 1203 3355 vos.
1226 3298 1282 3352 Si
1305 3298 1580 3354 alimenta
1601 3304 1798 3355 tenera
1821 3300 2036 3371 quibus

320 3403 424 3445 vos
456 3387 602 3455 alui,
627 3405 742 3444 non
773 3389 1137 3449 subtraxero,
1167 3388 1416 3444 solidum
1451 3389 1643 3445 cibum
1676 3407 1789 3446 non
1820 3390 2040 3446 esurie-

320 3479 433 3546 tis;
460 3479 510 3535 si
535 3479 700 3534 carni
725 3477 1036 3534 carnaliter
1056 3477 1365 3549 haeseritis,
1384 3493 1626 3550 capaces
1644 3477 1898 3550 Spiritus
1921 3494 2034 3534 non

319 3568 504 3625 eritis.
543 3567 692 3626 Nam
734 3568 872 3641 quid
903 3573 1013 3637 est,
1047 3569 1107 3624 Si
1153 3584 1258 3624 non
1311 3569 1514 3636 abiero,
1567 3569 1882 3625 Paracletus
1929 3583 2036 3624 non

323 3660 503 3714 veniet
554 3657 626 3713 ad
673 3673 764 3714 vos
795 3675 816 3715 :
844 3660 894 3714 si
939 3664 1128 3715 autem
1168 3659 1376 3728 abiero,
1401 3658 1620 3714 mittam
1649 3673 1775 3713 eum
1805 3660 1876 3712 ad
1904 3661 2041 3714 vos?

323 3747 629 3820 Numquid
655 3748 748 3804 hic
770 3748 1018 3821 positus,
1045 3765 1176 3805 eum
1208 3765 1322 3805 non
1356 3751 1579 3820 poterat
1609 3748 1877 3804 mittere?
1897 3747 2038 3812 Quis

327 3839 437 3894 hoc
459 3837 712 3896 dixerit?
731 3839 929 3912 Neque
952 3840 1108 3896 enim
1133 3839 1233 3895 ubi
1263 3839 1359 3896 ille
1381 3843 1525 3906 erat,
1550 3840 1660 3896 iste
1692 3839 1826 3896 inde
1857 3855 2040 3896 reces-

325 3934 517 3998 serat;
569 3933 628 3984 et
670 3928 756 3986 sic
802 3935 1038 3986 venerat
1084 3948 1115 3985 a
1164 3931 1347 4000 Patre,
1398 3933 1460 3985 ut
1507 3946 1620 3986 non
1671 3933 1932 3986 maneret
1978 3929 2037 3984 in

326 4019 515 4076 Patre.
548 4019 872 4088 Postremo,
898 4021 1184 4092 quomodo
1207 4035 1340 4075 eum
1364 4020 1538 4076 etiam
1571 4018 1664 4074 hic
1690 4019 2042 4074 constitutus

327 4126 446 4166 non
479 4113 711 4184 poterat
742 4112 990 4182 mittere,
1025 4127 1200 4184 quem
1233 4112 1453 4168 scimus
1484 4127 1663 4182 super
1689 4127 1822 4166 eum
1857 4109 2044 4182 bapti-

325 4207 516 4254 zatum
551 4199 784 4256 venisse
811 4208 981 4272 atque
1013 4201 1299 4257 mansisse
1329 4200 1508 4270 (Joan.
1543 4216 1583 4270 ฮน,
1608 4199 1733 4270 3'2);
1763 4199 1879 4254 imo
1909 4214 2042 4254 vero

329 4305 366 4344 a
387 4305 502 4360 quo
525 4289 748 4351 scimus
771 4305 902 4345 eum
925 4305 1223 4361 nunquam
1249 4288 1635 4361 separabilem
1660 4287 1874 4344 fuisse?
1895 4286 2042 4351 Quid

327 4389 416 4434 est
445 4378 689 4451 ergo,Si
715 4395 824 4434 non
869 4380 1079 4447 abiero,
1113 4379 1429 4434 Paracletus
1457 4394 1565 4434 non
1616 4379 1794 4432 veniet
1824 4375 1894 4431 ad
1927 4391 2046 4437 vos:

330 4468 467 4538 nisi,
485 4482 601 4524 non
619 4469 864 4539 potestis
880 4483 1080 4540 capere
1094 4468 1396 4539 Spiritum,
1413 4467 1695 4540 quamdiu
1723 4466 2046 4522 secundum

332 4575 574 4616 carnem
607 4559 919 4632 persistitis
951 4574 1123 4616 nosse
1147 4557 1480 4615 Christum?
1501 4557 1665 4613 Unde
1687 4555 1782 4612 ille
1805 4555 2046 4627 quijam

328 4655 639 4723 acceperat
660 4650 942 4722 Spiritum
967 4668 980 4707 ฮต
1009 4651 1122 4706 Esti
1138 4664 1486 4717 noveramus,
1512 4647 1724 4718 inquit,
1747 4647 2048 4703 secundum

327 4755 558 4797 carnem
592 4739 892 4807 Christum,
927 4739 1018 4795 sed
1057 4754 1205 4795 nunc
1240 4739 1364 4810 jam
1393 4755 1504 4794 non
1534 4739 1786 4794 novimus
1818 4736 1891 4807 (ฮฮ
1923 4738 2047 4794 Cor.

328 4846 386 4900 ฮฝ,
421 4831 531 4901 16).
568 4831 756 4886 Etiam
805 4829 992 4901 ipsum
1043 4828 1258 4900 quippe
1308 4843 1542 4884 carnem
1574 4825 1790 4884 Christi
1823 4842 1936 4882 non
1969 4841 2050 4882 se-

329 4922 596 4977 cundum
648 4935 880 4976 carnem
925 4918 1103 4988 novit,
1137 4917 1238 4988 qui
1269 4917 1523 4974 Verbum
1566 4932 1796 4973 carnem
1832 4916 2048 4971 factum

330 5009 726 5083 spiritualiter
747 5009 922 5066 novit.
939 5008 1056 5065 Hoc
1079 5007 1362 5064 nimirum
1382 5007 1713 5080 signi๏ฌcare
1728 5006 1907 5064 voluit
1927 5022 2050 5062 ma-

332 5103 515 5173 gister
546 5099 734 5156 bonus
764 5099 1030 5168 dicendo,
1062 5098 1120 5154 Si
1164 5100 1310 5155 enim
1347 5114 1457 5155 non
1487 5098 1694 5164 abiero,
1730 5098 2051 5153 Paracletus

329 5205 440 5247 non
465 5192 647 5247 veniet
667 5189 739 5246 ad
759 5206 852 5246 vos
874 5206 891 5245 :
912 5191 962 5245 si
993 5197 1178 5245 autem
1207 5188 1422 5257 abiero,
1446 5191 1664 5244 mittam
1693 5204 1821 5244 eum
1842 5187 1914 5243 ad
1934 5200 2046 5243 vos.

402 5281 456 5335 5.
493 5280 728 5336 Christo
774 5283 968 5336 autem
1001 5278 1337 5335 discedente
1366 5277 1766 5350 corporaliter,
1799 5293 1913 5332 non
1955 5291 2050 5332 so-

335 5371 458 5427 lum
484 5371 742 5444 Spiritus
764 5375 1026 5440 sanctus,
1050 5371 1151 5426 sed
1172 5377 1226 5426 et
1247 5369 1416 5426 Pater
1436 5373 1494 5426 et
1516 5368 1692 5425 Filius
1724 5367 1838 5424 illis
1862 5367 2049 5424 adfuit

335 5461 746 5533 spiritualiter.
777 5461 914 5517 Nam
947 5459 996 5517 si
1027 5460 1099 5518 ab
1130 5461 1214 5517 eis
1245 5458 1331 5516 ie
1361 5460 1641 5518 abscessit
1671 5458 1957 5528 Christus,
1985 5459 2050 5513 ut

336 5567 435 5622 pro
467 5551 595 5625 illo,
627 5566 746 5609 non
777 5566 908 5608 cum
937 5548 1037 5607 illo
1069 5549 1129 5607 in
1160 5549 1244 5607 eis
1275 5557 1424 5607 esset
1471 5549 1720 5623 Spiritus
1771 5553 2046 5622 sanctus;

400 5679 704 5734 'Undecim
734 5677 881 5733 ฮฮตฮต.ยป
906 5676 999 5730 illo
1026 5693 1144 5729 vera
1175 5678 1537 5731 denuntiante.

1545 285 2009 349 TRACTATUS
2053 283 2228 346 XCV.
2276 283 2534 344 CAPUT
2578 281 2733 342 XVI.

3682 275 3836 338 1870

2138 420 2236 476 ubi
2268 424 2357 476 est
2387 419 2514 490 ejus
2543 413 2856 490 promissio
2876 412 3139 472 dicentis,
3166 413 3294 468 Ecce
3314 427 3409 481 ego
3425 414 3698 470 vobiscum
3717 432 3840 471 sum

2137 524 2302 581 usque
2328 512 2382 563 in
2412 508 2940 563 consummationem
2962 503 3149 558 saeculi
3169 501 3380 573 (Matth.
3405 502 3734 573 xxv1u,20);
3762 510 3837 570 et,

2143 602 2422 657 Veniemus
2446 600 2668 655 adeum
2692 612 2796 668 ego
2830 599 2886 651 et
2919 600 3103 660 Pater,
3120 600 3170 648 et
3192 594 3533 650 mansionem
3556 593 3701 663 apud
3717 609 3844 648 eum

2134 691 2402 760 faciemus
2429 691 2611 759 (Joan.
2646 702 2759 745 xxv,
2791 685 2884 756 23)
2917 701 2930 740 :
2965 699 3100 740 cum
3145 691 3199 738 et
3245 681 3527 754 Spiritum
3577 685 3842 737 sanctum

2135 778 2219 836 ita
2248 797 2310 836 se
2341 778 2668 853 promiserit
2699 793 2828 833 esse
2861 776 3206 843 missurum,
3231 777 3295 829 ut
3325 789 3456 828 cum
3490 774 3572 829 eis
3602 777 3757 829 esset
3785 772 3842 825 in

2137 869 2458 926 aeternum?
2475 871 2552 924 Ac
2584 885 2687 941 per
2720 869 2824 924 hoc
2857 882 2986 922 cum
3021 881 3089 921 ex
3120 862 3448 920 carnalibus
3469 863 3556 918 vel
3577 861 3847 918 animali-

2137 959 2250 1016 bus
2302 964 2500 1017 essent
2539 957 2876 1032 spirituales
2919 955 3122 1023 futuri,
3158 954 3409 1026 profecto
3440 957 3496 1008 et
3532 954 3760 1007 Patrem
3793 958 3849 1006 et

2139 1049 2353 1107 Filium
2371 1055 2426 1108 et
2447 1049 2730 1123 Spiritum
2753 1052 3017 1104 sanctum
3033 1044 3308 1117 capacius
3325 1044 3554 1099 fuerant
3571 1041 3843 1096 habituri.

2137 1145 2203 1198 In
2237 1142 2396 1198 nullo
2427 1146 2620 1198 autem
2655 1137 2979 1196 credendus
3003 1140 3093 1192 est
3119 1150 3248 1192 esse
3277 1134 3444 1190 Pater
3470 1133 3596 1189 sine
3630 1131 3772 1187 Filio
3795 1139 3850 1187 et

2138 1231 2607 1306 Spiritu'saneto,
2633 1233 2735 1287 aut
2755 1230 2924 1284 Pater
2943 1232 3000 1282 et
3021 1226 3200 1281 Filius
3222 1223 3347 1281 sine
3376 1221 3593 1295 Spiritu
3621 1224 3845 1287 sancto,

2139 1324 2243 1378 aut
2274 1320 2456 1376 Filius
2488 1320 2614 1376 sine
2645 1322 2813 1375 Patre
2835 1324 2886 1373 et
2908 1316 3125 1387 Spiritu
3159 1317 3386 1380 saneto,
3412 1314 3514 1368 aut
3533 1311 3660 1367 sino
3680 1313 3848 1365 Patre

2138 1414 2196 1467 et
2217 1409 2360 1466 Filio
2383 1409 2634 1482 Spiritus
2659 1411 2917 1470 sanctus,
2943 1412 3041 1460 aut
3063 1404 3227 1460 Pater
3247 1405 3305 1457 et
3325 1401 3582 1473 Spiritus
3613 1406 3851 1456 sanctus

2141 1499 2268 1556 sine
2299 1499 2444 1555 Filio
2481 1516 2495 1555 :
2531 1500 2631 1555 sed
2663 1498 2764 1554 ubi
2795 1510 2995 1552 eorum
3030 1491 3272 1564 quilibet
3300 1507 3476 1559 unus,
3498 1488 3851 1544 ibiTrinitas

2140 1587 2291 1646 Deus
2315 1606 2492 1646 unus.
2517 1587 2831 1661 Oportebat
2854 1588 3044 1642 autem
3068 1583 3150 1638 ita
3171 1580 3457 1637 insinuari
3479 1578 3848 1645 Trinitatem,

2142 1684 2203 1737 ut
2224 1679 2491 1752 quamvis
2523 1678 2687 1735 nulla
2712 1680 2863 1734 esset
2886 1673 3190 1732 diversitas
3220 1671 3708 1735 substantiarum,
3734 1667 3854 1723 sin-

2142 1769 2389 1843 gillatim
2433 1774 2626 1826 tamen
2676 1767 3191 1824 commendaretur
3237 1760 3530 1817 distinctio
3578 1772 3853 1831 persona-

2143 1877 2310 1930 rum;
2345 1860 2445 1916 ubi
2475 1860 2558 1916 eis
2587 1858 2687 1930 qui
2739 1860 2890 1914 recte
2939 1853 3299 1924 intelligunt,
3334 1865 3638 1923 nunquam
3671 1849 3853 1906 videri

2141 1953 2329 2021 potest
2361 1948 2646 2021 separatio
2677 1954 3039 2002 naturarum.

2211 2039 2266 2094 6.
2301 2038 2459 2104 Quod
2491 2040 2684 2094 autem
2707 2034 2992 2107 sequitur,
3022 2033 3084 2086 Et
3111 2047 3236 2086 cum
3264 2027 3475 2086 venerit
3506 2028 3618 2099 ille,
3650 2035 3850 2102 arguet

2139 2127 2406 2183 mundum
2434 2126 2500 2182 de
2545 2132 2781 2195 peccato,
2812 2128 2863 2179 et
2908 2121 2974 2177 de
3010 2121 3255 2190 iustitia,
3303 2123 3354 2174 et
3396 2119 3462 2174 de
3498 2117 3708 2189 judicio
3741 2136 3756 2170 :
3787 2117 3852 2172 de

2132 2225 2356 2289 peccato
2383 2216 2622 2288 quidem,
2653 2215 2785 2285 quia
2829 2228 2941 2268 non
2992 2210 3220 2266 credunt
3267 2208 3329 2263 in
3357 2223 3442 2262 me
3464 2226 3487 2273 ;
3515 2207 3580 2262 de
3621 2207 3848 2278 justitia

2140 2323 2285 2378 vero,
2308 2311 2439 2381 quia
2464 2305 2535 2362 ad
2557 2309 2783 2362 Patrem
2811 2303 2968 2369 vado,
2990 2308 3043 2358 et
3064 2302 3188 2371 jam
3218 2315 3328 2356 non
3350 2297 3599 2354 videbitis
3627 2313 3754 2358 me;
3784 2298 3850 2351 de

2139 2398 2342 2469 iudicio
2371 2406 2574 2463 autem,
2597 2396 2729 2468 quia
2756 2392 3013 2465 princeps
3042 2391 3207 2459 huius
3237 2387 3436 2445 mundi
3444 2386 3733 2458 judicatus
3763 2393 3846 2442 est

2141 2487 2243 2558 (Id.
2289 2504 2403 2557 XVI,
2443 2486 2599 2556 8-11)
2641 2501 2655 2540 :
2696 2487 2981 2556 tanquam
3029 2479 3218 2536 solum
3265 2478 3340 2534 sit
3387 2481 3683 2549 peccatum
3731 2492 3847 2532 non

2142 2581 2374 2639 credere
2395 2580 2455 2634 in
2478 2576 2796 2643 Christum,
2821 2579 2878 2630 et
2899 2577 3177 2642 tanquam
3207 2571 3338 2641 ipsa
3367 2569 3444 2624 sit
3469 2567 3702 2638 justitia
3732 2583 3848 2622 non

2141 2675 2332 2730 videre
2349 2669 2744 2735 Christum,et
2765 2673 3042 2736 tanquam
3070 2662 3260 2733 ipsum
3285 2658 3669 2728 sitjudicium
3692 2660 3848 2730 quod

2143 2764 2412 2835 princeps
2434 2760 2615 2832 hujus
2641 2756 2863 2822 mundi,
2891 2755 2995 2811 hoc
3014 2756 3102 2809 est
3120 2749 3703 2821 diabolusjudicatus
3720 2753 3809 2804 est
3831 2763 3846 2802 :

2143 2852 2312 2909 valde
2344 2851 2696 2907 latebrosum
2729 2851 2838 2913 est,
2864 2861 2970 2900 nec
2992 2844 3100 2898 isto
3123 2854 3389 2897 sermone
3409 2839 3849 2906 coarctandum,

2144 2958 2216 2998 ne
2246 2942 2347 2996 tiat
2377 2937 2682 2995 obscurius
2709 2934 3026 2999 brevitate;
3061 2932 3162 2988 sed
3196 2929 3309 2986 alio
3340 2928 3537 3001 potius
3568 2935 3849 2998 quantum

2142 3028 2424 3086 Dominus
2453 3023 2741 3095 adjuverit
2769 3020 3198 3094 explicandum.

2678 3153 3104 3214 THACTATUS
3149 3154 3314 3211 XCV.

2144 3279 2210 3332 In
2237 3276 2353 3333 time
2383 3272 2549 3330 verba
2569 3269 2870 3341 superioris
2902 3265 3172 3330 lectionis,
3202 3266 3344 3316 Cum
3377 3261 3593 3316 venerit
3615 3261 3732 3330 ille,
3757 3279 3821 3317 ar

2216 3369 2350 3437 guet
2400 3361 2689 3418 mundum
2720 3357 2792 3414 de
2825 3358 3080 3428 peccato,
3113 3356 3170 3408 et
3200 3352 3270 3406 de
3309 3349 3558 3420 justitia,
3589 3359 3685 3405 etc.
3722 3351 3849 3419 Cap.

2217 3472 2335 3523 xvx,
2370 3455 2422 3522 แพ.
2453 3452 2609 3508 8-11.

2222 3597 2274 3654 1.
2299 3593 2651 3649 Promittens
2679 3586 2961 3645 Dominus
2984 3582 3308 3639 missurum
3332 3595 3392 3636 se
3415 3577 3696 3651 Spiritum
3721 3593 3854 3633 sun-

2149 3690 2326 3755 etum,
2353 3683 2487 3737 Cum
2518 3681 2744 3748 venerit,
2779 3676 2986 3748 inquit,
3012 3675 3104 3729 ille
3134 3681 3327 3740 arguet
3359 3666 3622 3725 mundum
3651 3668 3716 3722 de
3738 3683 3856 3734 pec-

2149 3781 2293 3840 cato,
2315 3753 2379 3826 iet
2409 3768 2473 3822 de
2493 3765 2751 3838 justitia,
2775 3769 2824 3819 et
2849 3762 2915 3817 de
2935 3759 3167 3832 judicio.
3202 3757 3347 3823 Quid
3378 3759 3467 3811 est
3496 3753 3650 3810 hoc?
3673 3753 3854 3808 Num-

2151 3861 2432 3934 quidnam
2487 3854 2766 3912 Dominus
2798 3851 3060 3907 Christus
3092 3865 3206 3903 non
3241 3846 3435 3916 arguit
3470 3843 3754 3898 mundum
3789 3843 3858 3896 de

2152 3931 2409 4023 peccato,
2444 3962 2577 4002 cum
2610 3943 2690 3999 ait
2723 3960 2735 3997 :
2768 3941 2832 3999 Si
2857 3957 2964 3997 non
2983 3940 3270 4004 venissem,
3294 3941 3347 3990 et
3370 3935 3576 3990 locutus
3609 3931 3686 3988 eis
3707 3933 3856 4002 [uis-

2151 4059 2285 4110 sem,
2308 4045 2590 4113 peccatum
2620 4050 2730 4091 non
2751 4034 3010 4089 haberent
3032 4047 3052 4092 ;
3078 4046 3222 4086 nunc
3241 4034 3426 4082 autem
3455 4023 3860 4081 excusationem

2153 4149 2262 4190 non
2293 4131 2490 4186 habent
2513 4129 2576 4184 de
2595 4132 2817 4198 peccato
2836 4140 2930 4180 suo
2947 4127 2974 4176 ?
2999 4121 3110 4178 Sed
3145 4136 3214 4175 ne
3237 4117 3367 4189 quis
3399 4117 3541 4172 forte
3577 4113 3730 4167 dicat
3751 4113 3860 4166 hoc

2155 4222 2228 4278 ad
2247 4221 2476 4278 Judzeos
2497 4215 2727 4290 proprie
2750 4213 3058 4286 pertinere,
3084 4227 3198 4266 non
3222 4209 3293 4264 ad
3321 4205 3640 4268 mundum;
3667 4217 3859 4256 nonne

2155 4314 2234 4369 ait
2273 4311 2385 4367 alio
2418 4309 2540 4364 loco
2574 4325 2586 4362 :
2625 4305 2682 4361 Si
2711 4307 2775 4359 tte
2806 4302 3006 4357 mundo
3039 4301 3244 4368 essetis,
3268 4294 3503 4351 mundus
3534 4290 3674 4363 quod
3701 4306 3861 4344 suum

2154 4407 2290 4460 esset
2328 4399 2584 4468 diligeret
2619 4395 2715 4467 (td.
2752 4409 2846 4458 xv,
2873 4392 2965 4458 22,
3001 4388 3128 4456 19)?
3161 4383 3460 4454 Numquid
3511 4397 3621 4435 non
3672 4378 3862 4449 arguit

2159 4494 2227 4548 de
2249 4489 2499 4563 justitia,
2533 4485 2632 4541 ubi
2664 4483 2779 4538 ait:
2816 4484 2979 4536 Pater
3003 4480 3166 4544 iuste,
3190 4473 3427 4563 mundus
3451 4477 3500 4526 te
3530 4485 3637 4563 non
3667 4483 3860 4563 cogno:

2156 4585 2234 4638 vit
2247 4557 2726 4652 (Joan.xvu,25)?
2746 4568 3041 4640 Numquid
3069 4583 3182 4621 non
3206 4562 3398 4635 arguit
3420 4559 3746 4631 dejudicio,
3763 4557 3862 4612 ubi

2157 4688 2219 4728 se
2249 4671 2329 4726 ait
2358 4667 2611 4725 sinistris
2642 4679 2767 4719 esse
2800 4661 3093 4717 dicturum
3124 4673 3135 4710 :
3164 4657 3245 4711 Ite
3274 4656 3332 4709 in
3365 4655 3549 4723 ignem
3569 4655 3861 4717 mter-num,

2157 4761 2254 4835 qui
2273 4766 2498 4832 paratus
2521 4761 2597 4811 est
2622 4752 2834 4809 diabolo
2856 4757 2908 4807 et
2941 4747 3155 4821 angelis
3185 4747 3301 4817 ejus
3328 4743 3542 4816 (Matth.
3567 4758 3696 4808 xxv,
3718 4738 3864 4835 tri)โ:

2158 4827 2228 4907 lit
2258 4827 2442 4906 multa
2473 4847 2587 4904 alia
2620 4839 3066 4916 reperiunturin
3089 4841 3291 4896 sancto
3323 4832 3647 4904 Evangelia,
3673 4828 3770 4883 ubi
3794 4827 3864 4882 de

2159 4943 2251 4999 bis
2273 4940 2530 4998 Christus
2561 4935 2754 5009 arguit
2784 4932 3094 4990 mundum.
3121 4928 3266 4994 Quid
3290 4929 3376 4982 est
3407 4939 3542 5009 ergo
3566 4919 3720 5009 quod
3739 4922 3865 4972 tan-

2160 5049 2332 5106 quam
2364 5026 2593 5104 proprie
2621 5007 2822 5080 tโribuit
2865 5021 2972 5078 hoc
3022 5016 3268 5090 Spiritui
3300 5008 3548 5106 saneto-'2
3578 5010 3665 5106 An
3698 5007 3864 5106 forte,

2160 5099 2297 5196 quia
2318 5099 2580 5176 Christus
2604 5115 2661 5169 in
2683 5113 3022 5169 Judceorum
3049 5109 3472 5196 tantumgente
3501 5099 3731 5196 loeutus
3754 5099 3864 5161 est,

2159 5187 2448 5269 mundum
2482 5223 2598 5263 non
2629 5204 2857 5261 videtur
2888 5199 3170 5271 arguisse,
3196 5199 3258 5250 ut
3280 5191 3374 5247 ille
3394 5187 3757 5258 intelligatur
3775 5200 3867 5240 ar-

2159 5303 2258 5374 gui
2289 5298 2389 5372 qui
2420 5296 2586 5353 audit
2624 5288 3002 5364 arguentem?
3030 5285 3282 5357 Spiritus
3312 5283 3506 5336 autem
3538 5279 3777 5374 sanctus
3807 5273 3865 5329 in

2159 5368 2462 5460 discipulis
2494 5389 2618 5456 ejus
2650 5388 2767 5438 toto
2798 5379 2934 5436 orbe
2967 5375 3221 5444 ditlโusis,
3255 5388 3368 5428 non
3421 5384 3600 5460 unam
3633 5368 3867 5460 gentem

2158 5453 2817 5549 intell-igitur'arguisse,
2851 5469 2950 5525 sed
2986 5465 3294 5522 mundum.
3326 5460 3470 5519 Nam
3503 5457 3613 5514 hoc
3644 5453 3762 5510 illis
3787 5453 3870 5511 ait

2160 5581 2509 5629 ascensurus
2538 5563 2600 5619 in
2632 5559 2840 5617 cmlum
2871 5572 2886 5614 :
2920 5557 3037 5614 Non
3061 5563 3141 5612 est
3180 5556 3419 5610 vestrum
3449 5549 3590 5606 scire
3619 5550 3869 5617 tempora

2159 5661 2243 5720 vel
2272 5661 2568 5728 momenta,
2601 5668 2717 5726 qua:
2749 5654 2919 5707 Pater
2961 5647 3146 5720 posuit
3179 5645 3235 5702 in
3283 5658 3386 5700 sua
3430 5641 3698 5712 potestate
3727 5650 3744 5691 :
3775 5631 3870 5689 sed
