4148 6190
326 260 477 323 1871

319 397 601 467 accipietis
632 396 891 451 virtutem
911 392 1150 462 Spiritus
1170 394 1354 448 sancti
1372 393 1807 465 supervenientis
1830 392 1887 447 in
1911 406 2021 456 vos,

317 492 369 542 et
398 485 550 542 eritis
580 481 723 539 mihi
753 489 912 538 testes
941 482 1001 538 in
1021 482 1345 546 Jerusalem,
1369 485 1419 538 et
1442 481 1499 536 in
1527 490 1634 538 tota
1654 482 1861 550 Iudaea,
1884 480 2021 535 etin

317 574 661 643 Samaria,et
688 589 859 645 usque
886 574 944 627 in
972 574 1107 643 ﬁnes
1138 580 1303 628 terrm
1331 570 1466 642 (Act.
1501 589 1538 638 ι,
1561 573 1594 624 ‘7
1617 578 1669 627 et
1689 571 1765 643 8).
1792 571 1907 626 Hoc
1935 573 2023 626 est

314 678 558 736 arguere
599 662 902 718 mundum.
944 661 1049 717 Sed
1086 660 1217 733 quis
1266 661 1478 716 audeat
1508 660 1699 716 dicere
1732 660 1882 731 quod
1919 675 2022 731 per

317 753 638 827 discipulos
657 752 868 809 Christi
892 751 1085 823 arguit
1103 751 1384 806 mundum
1417 750 1672 821 Spiritus
1697 753 2023 817 sanctus,et

314 860 433 900 non
465 844 813 916 arguatipse
848 842 1141 910 Christus;
1172 857 1303 896 cum
1338 841 1542 896 clamet
1581 840 1909 911 Apostolus,
1941 840 2023 895 An

314 933 481 989 vultis
527 935 960 1003 experimentum
1009 932 1254 1003 accipere
1300 931 1414 1002 ejus
1444 933 1537 1001 qui
1570 930 1625 984 in
1658 947 1743 986 me
1783 931 2024 1003 loquitur

318 1021 560 1079 Christus
589 1021 660 1093 (II
686 1020 803 1076 Cor.
828 1037 950 1088 xm,
972 1021 1026 1082 3i
1048 1021 1077 1074 Ῥ
1114 1020 1268 1084 Quos
1297 1021 1493 1091 itaque
1538 1019 1728 1090 arguit
1768 1018 2020 1091 Spiritus

315 1115 570 1179 sanctus,
596 1111 786 1183 arguit
807 1111 1006 1182 utique
1028 1116 1087 1166 et
1118 1110 1405 1166 Christus.
1431 1110 1539 1166 Sed
1566 1116 1851 1181 quantum
1875 1107 2020 1164 mihi

313 1202 557 1269 videtur,
584 1201 722 1272 quia
754 1217 855 1272 per
876 1200 1160 1272 Spiritum
1195 1204 1461 1256 sanctum
1488 1199 1867 1255 diﬁ‘undenda
1900 1205 2021 1255 erat

313 1291 566 1347 charitas
617 1291 676 1345 in
727 1290 1001 1346 cordibus
1052 1306 1246 1347 eorum
1292 1291 1465 1362 (Rom.
1500 1306 1553 1354 v,
1584 1288 1663 1361 5),
1698 1304 1817 1359 quae
1869 1288 2020 1344 foras

315 1380 495 1437 mittit
524 1380 790 1436 timorem
827 1380 868 1451 (Ι
899 1381 1055 1436 Joan.
1089 1396 1164 1448 iv,
1195 1379 1306 1450 18),
1340 1396 1454 1449 quo
1486 1378 1757 1450 impediri
1788 1380 2021 1449 possent

314 1485 386 1523 ne
414 1484 653 1541 arguere
686 1467 971 1523 mundum
1015 1468 1115 1539 qui
1165 1468 1667 1539 persecutionibus
1720 1466 2017 1533 fremebat,

314 1559 637 1626 auderent;
671 1564 975 1630 propterea
1006 1557 1167 1627 dixit,
1199 1559 1306 1615 Ille
1338 1562 1529 1630 arguet
1561 1557 1829 1613 mundum
1857 1576 1874 1612 :
1898 1560 2020 1612 tan-

315 1663 490 1719 quam
509 1647 742 1715 diceret,
771 1645 871 1703 Ille
894 1646 1180 1703 diﬁ'undet
1202 1647 1260 1703 in
1285 1648 1560 1703 cordibus
1591 1646 1796 1703 vestris
1828 1643 2018 1701 chari-

315 1741 530 1803 tatem;
564 1736 645 1792 sic
674 1737 831 1792 enim
877 1737 1079 1792 timore
1106 1737 1371 1809 depulso,
1405 1738 1688 1809 arguendi
1728 1734 2018 1792 habebitis

314 1826 663 1882 libertatem.
696 1830 855 1897 Saepe
888 1830 1080 1881 autem
1115 1826 1369 1883 diximus
1402 1825 1816 1898 inseparabilis
1846 1840 2020 1897 opera

315 1933 443 1973 esse
489 1917 792 1973 Trinitatis
844 1916 1066 1988 (Supra,
1117 1919 1288 1975 Tract.
1337 1918 1463 1986 20);
1516 1919 1616 1973 sed
1675 1917 2015 1989 singillatim

317 2006 810 2063 commendandae
858 2006 1034 2063 fuisse
1080 2023 1381 2077 personas,
1416 2013 1479 2063 ut
1510 2023 1622 2063 non
1657 2007 1847 2062 solum
1892 2005 2017 2063 sine

317 2098 702 2169 separatione,
734 2113 935 2154 verum
968 2097 1144 2154 etiam
1191 2098 1316 2155 sine
1364 2098 1703 2155 confusione
1734 2101 1791 2154 et
1823 2097 2017 2153 unitas

311 2193 679 2266 intelligatur
705 2200 759 2249 et
788 2193 1068 2252 Trinitas.

381 2284 435 2339 2.
472 2283 722 2356 Exponit
750 2283 960 2340 deinde
990 2284 1127 2355 quid
1161 2284 1366 2342 dixerit
1397 2285 1462 2341 de
1498 2293 1734 2357 peccato,
1765 2292 1815 2342 et
1837 2284 1901 2341 de
1926 2287 2013 2354 iu-

310 2375 461 2429 stitia
490 2378 539 2429 et
570 2372 635 2429 de
660 2373 883 2442 iudicio.
909 2374 984 2428 De
1011 2378 1225 2444 peccato
1245 2376 1483 2446 quidem,
1513 2376 1725 2446 inquit,
1748 2378 1877 2448 quia
1907 2389 2016 2430 non

310 2464 661 2520 crediderunt
706 2468 766 2519 in
808 2480 917 2519 me.
952 2464 1066 2519 Hoc
1098 2465 1254 2520 enim
1290 2470 1590 2536 peccatum
1623 2465 1791 2535 quasi
1822 2463 2012 2519 solum

312 2552 404 2621 sit,
428 2568 544 2624 prae
577 2553 797 2609 ceteris
827 2552 1050 2624 posuit;
1085 2552 1221 2622 quia
1250 2552 1360 2607 hoc
1392 2557 1663 2608 manente
1693 2560 1897 2607 caetera
1926 2553 2016 2606 de-

317 2640 598 2710 tinentur,
622 2645 679 2697 et
730 2640 838 2697 hoc
888 2641 1220 2697 discedente
1261 2649 1464 2697 caetera
1512 2642 1910 2697 remittuntur.
1942 2643 2015 2697 De

305 2730 529 2801 justitia
563 2746 704 2800 vero,
737 2729 949 2801 inquit,
976 2731 1102 2803 quia
1135 2731 1213 2785 ad
1243 2731 1461 2786 Patrem
1492 2732 1654 2795 vado,
1686 2736 1736 2787 et
1756 2732 1878 2802 jam
1906 2745 2013 2787 non

314 2820 563 2875 videbitis
588 2834 692 2876 me.
717 2818 817 2874 Hic
848 2817 1035 2889 primo
1059 2819 1370 2875 videndum
1394 2828 1499 2887 est,
1523 2817 1570 2875 si
1595 2824 1745 2876 recte
1766 2820 2015 2894 quisque

315 2910 578 2981 arguitur
616 2910 686 2964 de
725 2916 979 2981 peccato,
1013 2910 1304 2981 quomodo
1353 2916 1505 2966 recte
1553 2916 1829 2983 arguatur
1860 2914 2016 2969 etde

310 2997 876 3070 justltia.Numquid
897 3001 1053 3053 enim
1078 2999 1125 3054 si
1148 2998 1480 3071 arguendos
1493 3006 1580 3056 est
1604 3006 1868 3072 peccator
1890 3019 2017 3074 pro-

316 3092 511 3159 pterea
524 3088 655 3160 quia
678 3092 947 3160 peccator
959 3092 1066 3158 est,
1082 3090 1445 3159 arguendum
1462 3089 1689 3159 putabit
1702 3090 2016 3162 quisquam

316 3183 371 3237 et
408 3179 636 3250 justum
688 3182 991 3249 propterea
1021 3179 1159 3250 quia
1181 3178 1381 3248 justus
1410 3179 1538 3234 est?
1569 3180 1751 3235 Absit.
1788 3180 1931 3237 Nam
1963 3185 2020 3237 et

317 3269 365 3324 si
392 3267 705 3340 aliquando
723 3267 920 3337 justus
940 3269 1223 3338 arguitur,
1242 3269 1370 3325 ideo
1393 3274 1545 3325 recte
1568 3270 2016 3341 arguitur,quia,

317 3359 469 3414 sicut
495 3358 779 3429 scriptum
809 3366 915 3424 est,
940 3357 1053 3414 Non
1075 3366 1152 3413 est
1170 3358 1355 3428 justus
1378 3359 1434 3413 in
1457 3368 1605 3414 terra
1625 3362 1721 3429 qui
1737 3360 1901 3427 faciet
1936 3360 2021 3416 bo-

316 3464 470 3514 num,
501 3452 552 3503 et
582 3462 692 3502 non
730 3446 985 3517 peccabit.
1019 3447 1298 3511 Quocirca
1328 3447 1502 3503 etiam
1537 3464 1664 3503 cum
1700 3450 1896 3519 justus
1925 3465 2019 3504 ar-

314 3539 533 3610 guitur,
556 3538 627 3592 de
659 3540 888 3606 peccato
919 3538 1205 3609 arguitur,
1230 3554 1343 3593 non
1369 3538 1439 3593 de
1461 3537 1709 3608 justitia.
1735 3539 2015 3605 Quoniam

314 3630 369 3683 et
418 3626 476 3681 in
530 3625 629 3680 illo
660 3625 812 3696 quod
864 3623 1112 3696 legimus
1145 3625 1422 3682 divinitus
1454 3626 1697 3691 dictum,
1719 3627 1843 3683 Noli
1868 3627 2020 3699 effici

310 3716 486 3779 iustus
538 3714 775 3769 multum
819 3715 1018 3783 (Eccle.
1067 3732 1164 3781 vn,
1208 3717 1297 3782 21,
1350 3716 1470 3787 17);
1523 3733 1637 3773 non
1685 3726 1769 3773 est
1820 3722 2019 3774 notata

304 3802 539 3872 justitia
561 3804 864 3873 sapientis,
888 3805 982 3859 sed
1008 3806 1280 3874 superbia
1306 3807 1731 3878 praesumentis.
1748 3810 1853 3874 Qui
1880 3825 2015 3880 ergo

313 3892 376 3944 ﬁt
394 3891 630 3945 multum
643 3892 851 3960 justus,
868 3893 993 3963 ipso
1018 3894 1199 3949 nimio
1216 3895 1573 3964 ﬁtinjustus.
1592 3898 1843 3955 Multum
1858 3900 2012 3955 enim

310 3995 370 4035 se
423 3978 558 4036 facit
601 3980 853 4049 justum,
888 3982 987 4052 qui
1018 3983 1157 4039 dicit
1188 4000 1248 4039 se
1282 4002 1396 4040 non
1430 3985 1640 4043 habere
1671 3994 2011 4059 peccatum;

308 4074 408 4125 aut
456 4069 556 4141 qui
605 4086 666 4126 se
717 4077 882 4141 putat
924 4088 1037 4127 non
1071 4073 1262 4145 gratia
1292 4074 1415 4143 Dei,
1447 4076 1547 4131 sed
1581 4094 1685 4132 sua
1716 4079 2015 4137 voluntate

308 4160 637 4218 sulliciente
660 4159 808 4215 efﬁci
828 4161 1054 4231 justum
1080 4178 1092 4217 :
1120 4178 1222 4218 nec
1246 4169 1398 4220 recte
1420 4164 1883 4237 videndojustus
1904 4178 2013 4236 est,

306 4250 405 4307 sed
434 4249 627 4322 potius
651 4250 907 4317 inﬂatus,
934 4252 1191 4322 putando
1212 4268 1274 4309 se
1294 4269 1419 4309 esse
1442 4256 1597 4325 quod
1625 4272 1737 4311 non
1759 4264 1863 4312 est.
1890 4259 2013 4323 Quo

306 4344 472 4410 pacto
495 4338 676 4411 igitur
701 4339 956 4395 mundus
978 4343 1313 4409 arguendos
1336 4349 1425 4398 est
1446 4343 1782 4414 dejustitia,
1806 4347 1918 4401 nisi
1941 4347 2013 4402 de

297 4428 531 4499 justitia
552 4428 957 4504 credentium?
986 4431 1263 4502 Arguitur
1286 4433 1480 4503 itaque
1502 4435 1568 4489 de
1597 4442 1849 4505 peccato.
1876 4436 2013 4508 quia

305 4514 363 4568 in
396 4514 689 4570 Christum
726 4532 837 4570 non
875 4516 1087 4583 credit;
1113 4523 1169 4572 et
1190 4520 1450 4589 arguitur
1471 4520 1540 4575 de
1560 4520 1787 4590 justitia
1808 4539 2011 4578 eorum

304 4603 399 4672 qui
434 4618 526 4659 cre
551 4605 700 4657 funt.
727 4602 856 4674 Ipsa
880 4605 1092 4675 quippe
1126 4605 1383 4662 ﬁdelium
1410 4608 1787 4680 comparatio,
1812 4609 2015 4667 inﬁde-

302 4690 445 4744 lium
482 4696 568 4745 est
602 4690 967 4761 vituperatio,
1006 4692 1124 4747 Hoc
1155 4699 1213 4749 et
1262 4695 1385 4765 ipsa
1434 4697 1718 4768 expositio
1749 4699 1891 4755 satis
1921 4699 2009 4754 in-

303 4782 477 4836 dicat.
516 4779 721 4835 Volens
768 4782 922 4836 enim
972 4783 1193 4851 aperire
1236 4786 1379 4855 quid
1429 4788 1657 4857 dixerit,
1691 4790 1762 4844 De
1785 4791 2011 4861 justitia

306 4886 449 4935 vero,
482 4868 701 4941 inquit,
733 4872 867 4940 quia
897 4871 965 4925 ad
995 4872 1217 4928 Patrem
1248 4874 1403 4941 vado,
1438 4880 1491 4930 et
1516 4877 1641 4946 jam
1671 4895 1777 4933 non
1810 4880 2013 4936 videbi-

302 4963 371 5016 tis
403 4975 510 5016 me.
543 4960 667 5015 Non
700 4960 798 5025 ait,
825 4960 892 5014 Et
916 4963 1040 5030 jam
1077 4980 1193 5018 non
1226 4964 1504 5020 videbunt
1535 4983 1658 5034 me;
1694 4966 1761 5022 de
1794 4969 2009 5039 quibus

303 5051 690 5121 dixerat,quia
713 5066 817 5105 non
838 5050 1187 5106 crediderunt
1206 5055 1261 5107 in
1286 5069 1390 5108 me.
1416 5054 1526 5109 Sed
1552 5060 1851 5126 peccatum
1867 5059 2006 5131 quid

303 5145 527 5194 vocaret
550 5156 864 5211 exponens,
892 5142 961 5197 de
994 5140 1110 5197 illis
1142 5141 1367 5197 loculus
1389 5147 1473 5198 cst
1495 5143 1717 5215 dicens,
1742 5150 1870 5217 quia
1900 5163 2008 5204 non

302 5228 642 5285 crediderunt
674 5234 730 5285 in
763 5248 846 5287 me
876 5250 893 5286 :
922 5249 1214 5303 exponens
1247 5238 1438 5288 autem
1474 5251 1647 5305 quam
1681 5236 1894 5294 diceret
1919 5239 2007 5308 ju-

304 5316 545 5382 stitiam,
575 5320 644 5372 de
665 5337 778 5389 qua
813 5323 1067 5377 mundus
1099 5322 1384 5394 arguitur,
1409 5323 1478 5377 ad
1506 5324 1667 5395 ipsos
1689 5326 1905 5396 quibus
1925 5327 2006 5382 lo-

304 5401 605 5473 quebatur,
647 5420 707 5460 se
752 5410 1053 5477 convertit,
1100 5416 1273 5483 atque
1321 5412 1422 5477 ait,
1476 5413 1623 5481 Quia
1673 5414 1742 5469 ad
1788 5416 2003 5473 Patrem

304 5490 458 5557 ratio,
492 5496 539 5545 et
562 5493 685 5561 jam
714 5512 820 5551 non
857 5499 1098 5556 vitiabilis
1131 5519 1227 5556 me.
1265 5501 1629 5575 Quapropter
1662 5507 1911 5562 mundus
1937 5505 2006 5561 dc

308 5582 540 5655 peccato
570 5582 806 5652 quidem
840 5604 965 5661 suo,
991 5590 1309 5661 dejustitia
1332 5608 1464 5649 vero
1504 5594 1763 5665 arguitur
1797 5596 2003 5667 aliena,

1276 257 1357 317 IN
1401 254 1725 318 JOANNIS
1770 253 2296 325 EVANGELIUM,
2345 256 2409 316 S.
2456 255 2884 320 AUGUSTINI

3685 261 3837 324 1872

2134 390 2287 448 sicut
2309 396 2631 463 arguuntur
2651 392 2722 449 de
2742 392 2967 448 lumine
2987 392 3241 449 tenebrm
3265 410 3277 450 :
3306 392 3504 450 Omnia
3535 396 3685 450 enim
3722 411 3842 467 qua

2134 481 2550 553 arquuntur,ait
2572 482 3838 556 Apostolus,aluminemanifestantur(Ephes.

2133 588 2186 640 v,
2213 573 2320 645 13).
2346 572 2639 637 Quantum
2670 573 2826 629 enim
2853 573 3073 630 malum
3107 573 3180 630 sit
3209 591 3412 631 eorum
3440 577 3539 648 qui
3579 593 3693 632 non
3718 593 3839 633 cre-

2136 663 2306 728 dunt,
2340 679 2456 718 non
2489 661 2667 719 solum
2699 679 2802 735 per
2840 663 3122 736 seipsum,
3157 680 3359 720 verum
3390 665 3561 722 etiam
3594 682 3663 722 ex
3693 667 3843 722 bono

2136 755 2328 823 potest
2350 769 2549 809 eorum
2594 768 2873 823 apparere
2900 753 3000 824 qui
3033 754 3299 810 credunt.
3335 755 3392 809 Et
3429 756 3699 826 quoniam
3733 756 3843 811 ista

2137 858 2240 897 vox
2272 842 2596 898 infidelium
2647 858 2777 899 esse
2826 843 3145 911 consuevit,
3197 843 3499 907 Quomodo
3549 845 3843 903 credimus

2135 932 2287 1002 quod
2320 948 2435 987 non
2485 932 2796 988 videmus?
2842 931 2971 989 ideo
3016 933 3379 989 credentium
3418 935 3709 1006 justitiam
3759 938 3845 992 sic

2134 1021 2392 1091 oportuit
2413 1020 2665 1091 deﬁniri,
2689 1022 2829 1089 Quia
2849 1020 2919 1076 ad
2940 1022 3162 1079 Patrem
3198 1022 3355 1091 vado,
3378 1032 3429 1079 et
3441 1025 3572 1094 jam
3618 1040 3727 1080 non
3758 1027 3843 1080 vi-

2134 1110 2328 1166 debitis
2350 1111 2615 1166 me.Beali
2641 1111 2796 1167 enim
2821 1112 2915 1182 qui
2940 1128 3056 1168 non
3083 1112 3297 1181 vident,
3314 1118 3371 1169 et
3392 1115 3639 1169 credunt
3659 1116 3839 1183 (Joan.

2132 1217 2226 1267 xx,
2249 1200 2361 1272 29).
2387 1200 2529 1256 Nam
2563 1208 2617 1257 et
2636 1201 2737 1273 qui
2767 1203 3030 1258 viderunt
3050 1202 3369 1270 Christum,
3395 1220 3511 1259 non
3542 1204 3599 1259 in
3624 1221 3689 1261 eo
3721 1205 3841 1261 lau-

2132 1290 2265 1345 data
2291 1294 2382 1344 est
2412 1289 2559 1346 ﬁdes
2592 1306 2809 1359 eorum,
2844 1291 2982 1361 quia
3013 1292 3330 1348 credebant
3359 1293 3511 1362 quod
3543 1294 3840 1362 videbant,

2134 1378 2188 1434 id
2210 1384 2296 1434 est
2327 1378 2539 1435 Filium
2571 1379 2858 1449 hominis;
2889 1381 2991 1436 sed
3017 1380 3154 1451 quia
3181 1383 3513 1449 credebant,
3538 1384 3691 1454 quod
3723 1400 3841 1440 non

2131 1467 2422 1536 videbant,
2453 1469 2508 1524 id
2542 1474 2631 1524 est
2661 1468 2873 1525 Filium
2912 1469 3033 1526 Dei.
3068 1471 3212 1526 Cum
3245 1487 3377 1527 vero
3408 1476 3465 1527 et
3493 1472 3623 1543 ipsa
3653 1475 3842 1529 t’orma

2131 1557 2280 1615 servi
2311 1558 2611 1615 subtracta
2638 1575 2839 1616 eorum
2873 1569 3023 1616 esset
3062 1560 3418 1632 aspectibus,
3449 1566 3575 1618 tum
3610 1579 3741 1619 vero
3770 1580 3841 1619 ex

2131 1648 2288 1704 omni
2316 1654 2480 1721 parte
2511 1648 2817 1720 impletum
2851 1658 2956 1715 est,
2987 1650 3174 1706 Justus
3203 1667 3275 1706 ea:
3303 1650 3410 1720 ﬁde
3438 1654 3570 1707 vivit
3591 1652 3770 1723 (Rom.
3798 1670 3839 1723 ι,

2134 1740 2231 1806 17;
2266 1738 2462 1793 Habac.
2500 1755 2562 1806 Il,
2594 1738 2648 1806 4,
2678 1742 2729 1793 et
2768 1739 2928 1794 Hebr.
2958 1755 3035 1807 xx,
3071 1740 3144 1810 1).
3176 1740 3269 1796 Est
3304 1739 3459 1796 enim
3501 1740 3657 1811 ﬁdes,
3690 1743 3842 1798 sicut

2131 1828 2187 1883 in
2224 1828 2478 1900 Epistola
2506 1845 2630 1899 quae
2662 1830 2731 1885 ad
2766 1828 3037 1885 Hebraeos
3058 1835 3148 1885 est
3169 1830 3468 1900 deﬁnitur,
3490 1836 3839 1904 sperantium

2127 1918 2450 1986 substantia,
2484 1920 2746 1974 convictio
2776 1933 2962 1974 rerum
2992 1935 3108 1989 qua
3138 1936 3248 1975 non
3278 1921 3556 1977 videntur.

2199 2007 2251 2063 3.
2286 2006 2395 2062 Sed
2429 2006 2566 2078 quid
2600 2012 2703 2074 cst,
2730 2008 2853 2063 lam
2896 2024 3005 2064 non
3039 2008 3283 2064 videbitis
3323 2010 3455 2065 me?
3501 2009 3627 2066 Non
3676 2011 3838 2068 enim

2129 2098 2229 2164 ait,
2253 2097 2335 2152 Ad
2370 2097 2594 2154 Patrem
2626 2096 2793 2165 vado,
2817 2101 2874 2152 et
2905 2114 3019 2153 non
3050 2097 3322 2155 videbitis
3354 2114 3479 2168 me;
3516 2103 3577 2155 ut
3605 2104 3836 2172 tempo-

2129 2188 2208 2242 ris
2231 2186 2600 2242 intervallum
2624 2202 2737 2257 quo
2761 2202 2875 2242 non
2898 2185 3211 2256 videbitur,
3235 2188 3595 2259 signiﬁcasse
3620 2190 3838 2246 intelli-

2126 2280 2380 2348 geretur,
2413 2276 2532 2332 sive
2563 2276 2755 2343 breve,
2787 2277 2909 2333 sive
2943 2278 3203 2348 longum,
3238 2285 3429 2335 tamen
3473 2280 3676 2351 utique
3715 2285 3840 2337 ter—

2127 2369 2413 2423 minatum
2451 2385 2463 2422 :
2497 2368 2597 2424 sed
2631 2368 2896 2437 dicendo,
2926 2369 3048 2424 lam
3090 2384 3200 2424 non
3240 2370 3496 2427 videbitis
3533 2387 3641 2436 me,
3674 2372 3840 2428 velut

2126 2474 2426 2529 nunquam
2477 2474 2573 2514 eos
2618 2458 2689 2513 de
2739 2462 2944 2514 caetero
2990 2459 3221 2515 visuros
3268 2459 3588 2525 Christum,
3618 2462 3839 2517 veritas

2128 2546 2554 2617 praenuntiavit.
2583 2547 2840 2602 Haeccine
2855 2547 3093 2618 justitia
3108 2553 3199 2604 est
3221 2564 3523 2619 nunquam
3543 2549 3841 2607 Christum

2125 2637 2340 2704 videre,
2383 2640 2439 2690 et
2487 2636 2546 2691 in
2596 2652 2727 2691 eum
2779 2641 2975 2692 tamen
3025 2636 3292 2704 credere;
3343 2653 3477 2692 cum
3531 2642 3844 2710 propterea

2127 2725 2396 2780 laudetur
2441 2724 2579 2780 ﬁdes
2628 2740 2696 2780 ex
2744 2741 2857 2795 qua
2887 2726 3089 2795 justus
3120 2725 3280 2792 vivit,
3312 2725 3591 2797 quoniam
3633 2728 3840 2795 credit,

2129 2831 2299 2887 quem
2350 2815 2520 2870 modo
2568 2832 2682 2871 non
2714 2814 2871 2870 videt
2898 2814 3214 2879 Christum,
3248 2831 3310 2871 se
3359 2814 3676 2887 aliquando
3706 2833 3846 2873 esse

2128 2904 2431 2960 visurum?
2463 2904 2762 2960 Postremo
2794 2905 3119 2959 secundum
3157 2904 3300 2959 hanc
3323 2905 3643 2975 justitiam,
3670 2922 3849 2963 num-

2128 2996 2266 3066 quid
2298 2994 2505 3051 dicturi
2540 3010 2745 3051 sumus
2776 2994 3019 3050 Paulum
3051 2993 3381 3065 apostolum
3408 3011 3523 3052 non
3548 2996 3849 3067 fuisseju-

2129 3089 2307 3146 stum.
2332 3084 2703 3141 conﬁtentem
2727 3100 2786 3139 se
2807 3082 3101 3139 Christum
3128 3084 3342 3141 vidisse
3374 3088 3503 3154 post
3532 3086 3841 3143 ascensio-

2132 3191 2261 3230 nem
2295 3175 2417 3245 ejus
2448 3175 2505 3229 in
2537 3175 2746 3230 caelum
2782 3173 2824 3241 (Ι
2858 3174 2977 3229 Cor.
3011 3190 3104 3241 xv,
3135 3175 3214 3245 8),
3240 3175 3308 3230 de
3339 3190 3455 3245 quo
3488 3176 3689 3247 utique
3721 3177 3848 3246 iam

2132 3271 2387 3335 tempore
2420 3264 2661 3333 dixerat,
2692 3266 2816 3319 lam
2846 3280 2950 3319 non
2983 3263 3242 3319 videbitis
3269 3270 3393 3320 me?
3425 3264 3724 3337 Numquid
3760 3283 3852 3323 se-

2129 3356 2386 3411 cundum
2406 3354 2861 3425 hancjustitiam
2878 3355 3079 3423 justus
3100 3371 3212 3411 non
3231 3363 3352 3411 erat
3370 3355 3851 3425 gloriosissimus

2130 3446 2480 3518 Stephanus,
2514 3444 2610 3514 qui
2644 3459 2775 3501 cum
2814 3443 3188 3513 lapidaretur,
3223 3446 3304 3500 ait
3338 3462 3351 3500 :
3385 3445 3517 3500 Ecce
3546 3445 3701 3502 video
3731 3463 3853 3503 cae-

2131 3537 2244 3589 lum
2273 3544 2550 3606 apertum,
2582 3541 2633 3588 et
2663 3532 2873 3590 Filium
2906 3532 3146 3590 hominis
3183 3539 3417 3591 stantem
3449 3537 3521 3591 ad
3548 3537 3851 3593 dexteram

2128 3625 2228 3679 Dei
2257 3625 2390 3694 (Act.
2422 3640 2520 3688 vn,
2551 3622 2682 3694 55)?
2711 3622 2861 3689 Quid
2901 3640 3039 3694 ergo
3079 3632 3182 3692 est,
3218 3624 3295 3679 Ad
3332 3626 3553 3681 Patrem
3593 3626 3754 3694 vado,
3791 3631 3849 3683 et

2118 3716 2238 3788 jam
2262 3729 2374 3769 non
2401 3713 2660 3769 videbitis
2691 3730 2774 3768 me
2792 3729 2813 3775 ;
2838 3713 2973 3773 nisi.
2999 3715 3288 3784 quomodo
3312 3731 3469 3781 sum,
3492 3732 3627 3771 cum
3652 3716 3845 3772 vobis-

2128 3820 2258 3859 cum
2292 3804 2470 3859 sum?
2499 3807 2657 3858 Tunc
2687 3804 2843 3857 enim
2872 3803 3062 3858 adhuc
3095 3808 3221 3858 erat
3254 3803 3517 3860 mortalis
3540 3804 3597 3859 in
3619 3805 3839 3860 simili-

2127 3894 2325 3949 tudine
2357 3893 2546 3948 carnis
2590 3892 2807 3962 peccati
2839 3892 3013 3963 (Rom.
3046 3909 3171 3961 vui,
3202 3892 3280 3963 3),
3322 3893 3421 3964 qui
3464 3893 3680 3949 esurire
3725 3910 3838 3964 po—

2126 3988 2271 4037 terat
2319 3998 2383 4037 ac
2431 3981 2609 4048 sitire,
2662 3982 2887 4051 fatigari
2938 3985 3113 4052 atque
3162 3981 3462 4038 dormire:
3500 3983 3653 4038 hunc
3691 3999 3838 4055 ergo

2124 4070 2442 4138 Christum,
2477 4070 2531 4125 id
2568 4074 2658 4125 est
2687 4070 2860 4125 talem
2893 4070 3209 4137 Christum,
3242 4085 3377 4126 cum
3418 4072 3727 4129 transisset
3762 4074 3839 4127 de

2126 4162 2231 4216 hoc
2264 4161 2475 4217 mundo
2507 4160 2579 4214 ad
2613 4159 2858 4225 Patrem,
2886 4176 2995 4215 non
3028 4162 3196 4215 erant
3217 4159 3344 4229 jam
3375 4160 3589 4229 visuri;
3612 4166 3673 4217 et
3704 4162 3839 4235 ipsa

2121 4255 2207 4305 est
2244 4250 2475 4319 justitia
2526 4247 2680 4312 ﬁdei,
2714 4247 2785 4302 de
2825 4263 2934 4317 qua
2974 4247 3114 4302 dicit
3142 4247 3473 4319 Apostolus,
3511 4250 3626 4304 Etsi
3665 4265 3842 4307 nove-

2122 4355 2308 4394 ramus
2340 4336 2619 4393 Christum
2662 4336 2955 4392 secundum
2983 4352 3227 4403 carnem,
3258 4336 3349 4392 sed
3386 4354 3535 4393 nunc
3565 4337 3688 4408 jam
3716 4355 3835 4396 non

2122 4429 2366 4482 novimus
2406 4426 2478 4497 (ll
2524 4426 2645 4482 Cor.
2686 4442 2741 4495 ν,
2794 4425 2896 4495 16).
2941 4423 3060 4481 Erit
3108 4425 3324 4496 itaque,
3374 4426 3585 4497 inquit,
3636 4437 3836 4487 vestra

2114 4516 2365 4587 justitia,
2382 4533 2498 4586 qua
2524 4517 2783 4571 mundus
2804 4514 3249 4586 arguetur,quia
3274 4514 3404 4569 vado
3420 4516 3493 4570 ad
3518 4520 3764 4584 Patrem,
3784 4523 3839 4573 et

2113 4608 2226 4676 jam
2250 4621 2358 4661 non
2379 4604 2635 4660 videbitis
2658 4621 2740 4660 me
2760 4622 2778 4659 :
2796 4604 3073 4675 quoniam
3098 4604 3152 4658 in
3178 4619 3310 4659 eum
3337 4620 3508 4675 quem
3534 4622 3645 4660 non
3672 4605 3844 4662 vide-

2123 4696 2259 4752 bitis
2280 4695 2526 4750 credetis
2544 4696 2600 4749 in
2622 4710 2712 4750 me
2730 4703 2807 4749 :et
2826 4694 3056 4765 quando
3080 4709 3172 4749 me
3190 4693 3482 4761 videbitis,
3506 4694 3664 4767 quod
3690 4700 3839 4755 tunc

2121 4802 2240 4855 ero,
2267 4802 2379 4840 non
2402 4783 2673 4839 videbitis
2698 4800 2789 4839 me
2811 4782 2962 4854 quod
2986 4799 3117 4838 sum
3140 4782 3441 4838 vobiscum
3469 4782 3680 4851 modo;
3714 4801 3837 4842 non

2118 4876 2385 4933 videbitis
2417 4874 2724 4940 humilem,
2750 4875 2849 4930 sed
2881 4873 3204 4941 excelsum;
3236 4889 3347 4929 non
3380 4873 3652 4930 videbitis
3686 4891 3841 4931 mor-

2119 4966 2314 5031 talem,
2338 4965 2438 5020 sed
2470 4964 2933 5035 sempiternum;
2971 4980 3084 5019 non
3116 4962 3386 5018 videbitis
3408 4963 3838 5033 judicandum,

2118 5057 2218 5112 sed
2235 5054 2631 5126 judicaturum
2660 5053 2674 5087 ¹
2698 5070 2710 5107 :
2736 5062 2788 5109 et
2809 5054 2880 5109 de
2904 5053 3010 5109 hac
3032 5052 3146 5108 ﬁde
3170 5057 3382 5119 vestra,
3407 5052 3462 5107 id
3489 5051 3839 5123 eetjustitia

2118 5152 2325 5213 vestra,
2348 5149 2553 5218 arguet
2572 5143 2825 5215 Spiritus
2856 5148 3095 5199 sanctus
3129 5144 3496 5199 incredulum
3528 5143 3834 5198 nundum.

2186 5238 2240 5292 4.
2289 5238 2507 5307 Arguet
2552 5236 2725 5291 etiam
2774 5235 2840 5290 de
2874 5234 3110 5306 judicio,
3161 5236 3297 5304 quia
3352 5234 3605 5305 princeps
3656 5233 3838 5305 hujus

2113 5325 2306 5381 mundi
2323 5323 2608 5395 judicatus
2638 5331 2736 5379 est.
2760 5323 2902 5388 Quis
2931 5326 3022 5378 est
3053 5324 3179 5389 iste,
3207 5323 3316 5377 nisi
3350 5321 3419 5375 de
3451 5336 3565 5391 quo
3598 5318 3677 5375 ait
3706 5320 3836 5377 alio

2115 5417 2262 5484 loco,
2288 5416 2418 5472 Ecce
2438 5416 2585 5471 venit
2604 5416 2851 5486 princeps
2880 5412 3099 5475 mundi,
3119 5415 3169 5466 et
3196 5413 3255 5467 in
3280 5426 3363 5466 me
3388 5409 3539 5465 nihil
3577 5411 3832 5465 inveniet

2117 5508 2294 5574 (toan.
2324 5522 2437 5570 xw,
2471 5503 2590 5575 30);
2626 5504 2679 5557 id
2713 5507 2820 5569 est,
2856 5501 2997 5557 nihil
3034 5500 3186 5571 juris
3232 5500 3342 5567 sui,
3380 5498 3521 5556 nihil
3561 5498 3711 5571 quod
3746 5500 3831 5557 ad

2182 5608 2196 5640 ¹
2226 5605 2343 5653 Mss.
2354 5642 2367 5667 ,
2388 5600 2763 5667 judicatorem.
